1070 1739
198 125 34 18 136

166 193 141 20 förhållandet
322 182 106 41 omvändt,
444 193 40 20 och
499 193 28 19 då
541 193 64 26 ingen
622 193 23 19 af
658 193 26 20 de
699 192 47 26 fyra
757 192 76 25 städer,
845 190 71 21 hvilka

167 227 44 19 häri
227 227 112 20 anvisades
354 227 22 20 åt
394 227 46 20 dem
462 227 30 20 till
517 227 140 26 bosättnings-
681 226 39 20 och
745 225 172 27 uppehållsorter,

168 267 35 13 var
219 260 88 27 belägen
323 261 57 20 inom
396 261 96 26 Finland,
509 261 70 20 blefvo
599 261 93 20 Judarne
709 260 132 26 följaktligen
859 261 57 18 rätts-

168 294 38 27 ligt
220 295 124 26 utestängde
360 295 44 20 från
426 296 43 19 vårt
488 295 159 20 fäderneslands
663 297 94 24 gränser.
787 294 129 26 Visserligen

168 328 59 20 torde
250 329 106 26 åtskilliga
376 329 23 20 af
415 329 25 20 de
462 329 52 26 skäl,
533 335 43 14 som
597 329 51 20 talat
666 329 31 20 för
713 335 26 13 en
755 328 22 20 så
793 330 71 24 sträng
879 328 39 19 och

170 365 42 17 mot
226 363 156 20 humanitetens
406 363 119 26 fordringar
547 363 107 20 stridande
671 363 130 26 författning,
817 365 55 16 ännu
888 362 31 19 för

169 397 131 20 närvarande
322 397 38 20 hos
382 403 34 14 oss
440 397 71 20 kunna
532 397 110 26 åberopas,
666 397 39 19 och
730 396 69 27 billigt
821 396 97 20 afseende

169 430 83 20 derföre
272 431 62 19 äfven
355 431 50 19 böra
423 431 64 19 fästas
507 431 34 19 vid
562 431 45 19 vårt
622 431 55 19 folks
694 430 158 26 bildningsgrad
868 432 52 18 samt

169 464 61 26 ringa
247 464 125 20 utvecklade
388 465 76 19 handel
485 465 38 19 och
540 465 100 25 industri;
656 471 48 13 men
721 471 25 13 en
763 464 35 26 lag
814 464 22 20 af
851 464 67 20 berör-

170 498 26 20 da
213 498 146 20 beskaffenhet
374 499 42 19 kan
432 499 55 20 dock
508 505 87 13 numera
614 505 61 13 anses
697 505 76 19 genom
797 498 36 20 sitt
856 498 64 20 blotta

170 532 93 20 innehåll
288 533 60 26 bryta
372 533 82 20 stafven
477 533 58 19 öfver
559 533 32 26 sig
614 533 51 26 sjelf
682 532 40 20 och
739 533 54 19 visar
809 533 32 26 sig
856 533 62 19 redan

171 566 123 26 härigenom
310 566 101 20 ohållbar.
442 567 8 19 1
466 567 74 24 sjelfva
560 567 74 19 verket
653 567 37 19 har
710 566 40 20 den
766 566 71 26 också,
853 566 66 20 såsom

170 600 62 20 äfven
248 601 24 19 af
286 601 139 26 petitionären
447 601 130 25 framhållits,
593 601 127 19 åtminstone
737 600 26 26 på
777 607 75 13 senare
868 600 53 20 tider

170 634 48 20 icke
233 634 68 20 blifvit
313 635 115 26 tillämpad.
451 635 34 21 Uti
499 635 100 20 städerna
610 635 139 26 Helsingfors,
762 628 47 27 Åbo
825 634 38 20 och
877 634 42 20 Wi-

172 668 51 26 borg
237 669 60 19 fanns
311 669 65 27 enligt
395 670 39 19 den
451 670 6 19 i
471 670 54 19 Mars
538 669 23 19 år
576 669 52 19 1870
640 668 104 20 anställda
759 668 161 26 folkräkningen

172 709 26 13 en
211 703 72 26 judisk
300 703 124 27 befolkning
440 704 23 19 af
476 703 137 19 tillsammans
630 703 40 19 460
685 708 107 20 persomer,
808 702 44 23 deri
863 702 57 20 inbe-

172 736 94 21 räknade
282 740 31 17 ett
328 737 81 20 mindre
430 737 55 20 antal
505 737 197 26 militärspersoner,
722 736 82 20 hvilkas
825 736 97 26 religiösa

172 771 180 26 angelägenheter
368 770 103 20 värdades
483 771 22 19 af
519 772 12 18 4
547 770 105 25 rabbiner,
668 770 62 20 deraf
739 772 76 18 tvenne
827 776 49 14 voro
887 770 33 20 bo-

172 805 75 19 satte
243 800 13 35 i
267 805 131 26 Helsingfors
422 805 39 19 och
484 808 76 16 tvenne
580 806 5 18 i
605 804 96 26 Wiborg.
732 804 31 20 De
787 804 34 20 vid
845 810 87 14 samma:

173 838 82 20 tillfälle
271 839 95 19 erhållna
384 839 181 26 upplysningarna
584 838 132 27 ädagalägga
732 840 29 18 att
776 838 35 20 det
827 838 95 26 ojemför-

173 872 38 25 ligt
227 875 76 17 största
321 873 80 19 antalet
416 873 23 19 af
452 873 69 20 denna
539 872 87 27 judiska
647 872 125 26 befolkning
792 872 70 20 tillhör
883 872 38 20 den

174 906 68 26 lägsta
262 907 185 19 samhällsklassen
469 907 38 20 och
527 909 84 24 utgöres
627 906 41 20 af
659 902 13 35 i
685 906 65 26 tjenst
766 906 91 20 varande
873 906 51 20 eller

174 940 146 25 permitteradt
341 941 101 26 manskap
463 941 34 19 vid
517 941 41 19 den
580 941 36 19 här
632 940 94 26 förlagde
743 940 63 25 ryska
821 940 101 19 militären

172 973 66 26 jemte
254 974 97 26 familjer,
367 981 44 13 som
429 975 84 19 lifnärer
529 975 32 26 sig
577 975 24 19 af
614 974 76 20 handel
708 973 47 20 med
772 974 94 25 nyttjade
881 973 42 20 klä-

175 1007 103 27 desplagg
294 1011 54 17 samt
358 1008 104 27 ätskilligt
472 1011 63 17 annat
545 1009 53 26 gods
609 1009 38 19 och
660 1007 105 20 smäkram
777 1008 22 19 af
808 1008 45 19 dels
864 1014 60 20 egen,

176 1042 44 20 dels
243 1042 77 20 andras
343 1042 143 26 tillverkning,
503 1042 26 26 pä
544 1044 41 17 sätt
604 1043 1 18 i
621 1042 84 26 Nädiga
728 1041 139 27 kungörelsen
884 1042 39 19 den

176 1076 26 19 30
227 1076 50 20 Juni
304 1077 50 19 1869
379 1076 67 20 finnes
469 1077 45 18 dem
539 1076 121 27 medgifvet.
690 1075 33 20 Dä
742 1075 61 20 dessa
817 1076 72 26 Judar,
905 1077 23 18 af

176 1110 73 19 hvilka
267 1110 77 27 många
363 1111 37 19 här
416 1111 5 18 i
439 1110 70 20 landet
528 1111 105 26 varaktigt
654 1109 104 26 nedslagit
777 1110 46 19 sina
840 1110 85 26 bopäiar

176 1144 40 19 och
232 1143 48 20 icke
296 1143 22 20 sä
334 1143 21 20 få
371 1144 30 19 till
417 1144 40 19 och
473 1144 46 20 med
536 1147 35 16 äro
592 1143 108 20 härstädes
720 1143 69 26 födde,
807 1144 117 20 emellertid

176 1177 23 20 af
212 1177 64 27 lagen
292 1177 47 20 icke
355 1177 118 20 vidkännas
489 1181 52 16 samt
557 1178 27 25 på
598 1178 67 26 grund
681 1177 67 26 häraf,
759 1178 64 19 ehuru
840 1178 86 20 faktiskt

176 1211 124 26 åtnjutande
316 1212 56 19 vissa
388 1211 119 27 borgerliga
522 1212 130 25 rättigheter,
667 1211 65 20 likväl
749 1211 48 20 icke
814 1212 46 19 med
877 1213 49 19 hän-

176 1251 40 20 syn
232 1245 31 20 till
284 1245 35 20 det
338 1245 108 20 allmänna
468 1246 26 19 ha
516 1246 32 26 sig
571 1245 76 27 ålagda
670 1245 66 26 några
759 1245 169 27 medborgerliga

177 1279 147 27 skyldigheter
340 1280 40 19 och
396 1286 72 19 onera,
480 1280 116 26 veterligen
612 1279 138 27 ingenstädes
765 1282 36 17 äro
817 1280 109 25 inskrifne,

177 1313 39 20 och
232 1313 83 20 derföre
331 1313 129 21 fortfarande
480 1315 31 19 för
529 1314 72 20 landet
624 1313 99 21 förblifva
746 1315 30 18 ett
798 1313 129 27 fremmande

177 1348 40 19 och
233 1347 125 27 heterogent
378 1348 99 27 element,
494 1349 23 19 så
536 1349 86 19 framstå
641 1348 210 25 inkonsegvenserna
866 1348 23 20 af
902 1355 26 12 nu

177 1382 101 26 gällande
293 1382 148 27 förordningar
456 1383 89 20 rörande
561 1383 92 19 Judarne
666 1383 6 18 i
684 1382 60 20 desto
761 1382 105 26 tydligare
881 1383 46 26 dag.

246 1415 30 20 På
298 1416 66 26 grund
388 1416 24 19 af
432 1416 62 20 ofvan
517 1416 88 20 anförda
628 1417 90 19 motiver
740 1415 39 20 och
798 1415 27 20 då
845 1416 35 19 det
898 1417 30 19 för

177 1449 77 26 sjelfva
274 1449 73 26 lagens
363 1450 118 20 anseendes
496 1450 53 19 skull
565 1453 23 16 är
603 1451 22 18 af
638 1451 78 18 största
732 1449 43 26 vigt
790 1451 30 18 att
835 1450 92 26 antiqve-
