1070 1739
205 148 34 18 406

174 212 66 20 derna
255 213 35 20 vid
308 213 52 20 1867
376 213 33 20 års
425 213 101 28 landtdag
541 216 93 25 antagna
647 213 218 28 Landtdagsordning,
876 213 43 21 haf-

174 253 26 14 ve
215 247 26 20 Vi
257 247 101 28 enhälligt
381 247 51 20 känt
454 247 39 21 Oss
517 248 89 20 manade
625 251 36 24 att,
677 249 63 20 innan
759 249 24 19 Vi
800 248 118 27 påbegynte

173 280 57 21 Våra
246 282 47 19 värf
306 282 32 20 vid
356 281 69 21 denna
440 282 107 27 landtdag,
563 283 29 19 uti
609 289 25 13 en
650 282 131 27 underdånig
802 283 71 20 adress
888 282 30 20 till

175 315 57 20 Hans
254 316 118 27 Kejserliga
395 317 96 26 Majestät
513 317 98 26 uttrycka
629 317 40 20 den
688 317 64 26 djupa
766 317 39 20 och
822 317 98 26 hängifna

176 350 136 27 tacksamhet,
328 351 100 20 hvarmed
450 351 47 20 hela
513 351 35 20 det
563 351 79 20 Finska
657 351 66 20 folket
738 352 110 26 emottagit
863 351 56 20 detta

176 385 124 27 ytterligare
316 385 128 21 vittnesbörd
460 393 33 13 om
510 386 35 20 det
560 386 55 27 hägn
632 386 56 20 Hans
703 385 96 26 Majestät
815 386 46 21 med
873 385 46 20 ädel

176 419 121 27 högsinthet
311 419 120 27 oaflätligen
447 424 64 23 egnat
526 421 99 20 Finlands
641 421 109 19 intressen.

527 491 10 22 s
553 489 19 20 2.

243 533 59 21 Efter
317 534 35 20 det
367 534 69 27 Nädig
452 534 128 27 proposition
592 540 33 15 om
641 534 144 21 förbättrande
795 534 24 20 af
827 534 93 20 farleden

176 568 90 20 emellan
283 568 30 20 S:t
327 568 87 20 Mickels
430 569 45 19 stad
491 569 38 20 och
546 571 70 25 öppna
631 569 84 21 Saimen
727 568 69 20 blifvit
812 568 38 21 Oss
866 569 55 20 före-

176 602 55 27 lagd,
252 602 61 20 hafve
333 603 27 19 Vi
380 602 26 27 pä
424 603 52 25 skäl,
497 603 72 20 hvilka
588 603 67 21 finnas
674 603 86 27 angifna
779 603 28 19 uti
823 603 43 20 Vär
881 603 38 20 den

180 637 22 19 12
218 637 95 19 sistlidne
328 638 55 19 Mars
398 637 78 20 aflätna
491 638 145 26 underdäniga
651 637 117 26 skrifvelse,
779 637 49 21 icke
844 638 78 19 kunnat

176 671 70 19 lemna
263 671 50 20 Värt
329 671 58 20 bifall
404 672 30 20 till
450 672 69 20 denna
535 672 83 27 Nädiga
632 672 136 27 proposition.

527 740 46 25 53.

245 785 57 20 Hans
317 786 117 27 Kejserliga
449 786 106 26 Majestäts
571 786 39 20 Oss
625 786 109 27 förelagda
748 786 84 27 Nädiga
847 793 74 20 propo-

177 819 61 20 sition
255 820 110 26 angäende
381 820 146 27 upphäfvande
543 821 23 19 af
580 821 11 19 3
608 823 10 22 $
634 822 12 18 2
661 820 53 27 Kap.
730 820 25 21 G.
771 821 22 19 B.
806 821 37 20 har
852 821 23 20 af
884 821 38 20 Oss

178 854 68 20 blifvit
261 856 97 25 antagen,
374 854 81 21 hvilket
470 855 24 20 Vi
505 855 28 19 uti
546 855 129 27 underdänig
688 855 111 20 skrifvelse
811 855 24 20 af
844 855 39 21 den
898 856 23 19 16

176 888 95 20 sistlidne
288 888 52 20 Mars
356 889 30 19 till
403 889 56 20 Hans
475 890 106 25 Majestäts
597 890 53 26 höga
670 889 119 21 kännedom
811 890 110 20 meddelat.

524 959 10 23 s
550 959 19 18 4.

245 1001 8 20 I
270 1008 25 13 en
311 1002 31 19 till
358 1003 39 19 Oss
412 1003 142 20 öfverlemnad
578 1003 69 27 Nädig
662 1003 130 27 proposition
808 1004 37 20 har
867 1004 55 20 Hans

177 1035 118 27 Kejserliga
309 1037 96 26 Majestät
420 1037 108 27 föreslagit
543 1038 127 27 antagandet
684 1038 24 20 af
716 1044 26 13 en
753 1037 64 21 sädan
833 1039 89 26 ändring

177 1070 45 19 utaf
239 1071 23 18 16
279 1073 10 22 $
308 1071 22 20 10
346 1071 52 27 Kap.
419 1072 23 19 R.
457 1072 30 25 B.,
503 1075 30 17 att
553 1073 114 26 egotvister
686 1072 91 21 emellan
797 1072 125 21 kronohem-

178 1110 46 13 man.
241 1105 112 20 framdeles
368 1105 60 20 skola
444 1107 22 19 af
479 1107 107 19 allmänna
601 1107 114 20 domstolar
730 1109 103 24 upptagas
843 1107 39 20 och
893 1107 29 20 af-

177 1140 72 24 göras;
272 1139 40 20 och
332 1139 63 20 hafva
413 1140 27 19 Vi
456 1141 61 25 gifvit
534 1141 51 19 Värt
601 1141 57 20 bifall
674 1141 31 20 till
722 1141 40 20 den
778 1141 83 26 Nädiga
877 1148 45 19 pro-

178 1173 126 26 positionen,
326 1173 55 21 dock
405 1175 47 19 med
475 1175 39 20 den
538 1175 89 27 ändring
642 1176 29 19 uti
687 1175 41 20 den
744 1175 120 26 föreslagna
879 1170 44 32 lag-

177 1209 79 23 texten,
279 1205 43 22 som
345 1208 43 20 Vär
404 1209 144 26 underdäniga
562 1209 110 21 skrifvelse
692 1209 25 20 af
733 1209 40 20 den
794 1209 11 20 3
822 1210 100 20 sistvikne

177 1241 61 26 April
253 1242 124 21 innehåller.

527 1303 10 22 S
555 1302 33 23 5..

245 1343 57 21 Hans
325 1344 119 28 Kejserliga
465 1346 106 27 Majestäts
587 1346 81 27 Nädiga
688 1347 130 26 proposition
834 1353 33 14 om
884 1347 39 20 för-

176 1378 79 20 ändrad
277 1378 81 27 lydelse
374 1380 23 19 af
412 1381 9 18 1
438 1382 10 22 $
466 1381 24 20 15
506 1381 51 26 Kap.
576 1381 23 19 R.
614 1381 23 20 B.
654 1381 36 20 har
706 1381 24 19 af
747 1380 38 20 Oss
805 1381 68 20 blifvit
888 1389 34 12 an-

177 1415 62 24 tagen
257 1413 47 20 med
319 1413 26 20 de
361 1413 153 28 förändringar,
530 1421 43 14 som
590 1415 67 20 finnas
672 1415 88 26 angifna
775 1415 28 20 uti
820 1415 51 20 Värt
888 1423 34 13 un-

176 1446 117 27 derdäniga
307 1453 48 14 svar
370 1448 24 19 af
407 1448 40 20 den
464 1450 11 19 6
491 1449 102 20 sistvikne
610 1449 64 26 April.
