1070 1739
217 150 34 19 368

185 213 63 20 hafva
262 213 82 21 derföre
359 214 48 21 icke
423 215 73 20 tvekat
510 217 31 18 att
557 215 68 20 vända
640 215 32 26 sig
688 215 31 20 till
734 215 81 20 Eders
830 214 102 26 Kejser-

184 247 53 28 liga
251 248 117 27 Majestät
383 249 48 20 med
447 249 132 26 underdånig
594 249 88 27 petition
694 250 6 19 i
712 249 57 21 detta
785 252 69 22 ämne,
869 249 64 20 ehuru

186 282 123 27 Ständerna,
328 283 57 20 såväl
407 284 47 20 med
473 284 116 27 anledning
604 284 23 20 af
640 284 41 20 den
698 284 78 27 utgång
797 283 88 20 ärendet
899 283 34 19 vid

185 317 127 27 föregående
323 318 99 27 landtdag
436 318 45 27 fått,
492 325 43 14 som
550 319 123 26 isynnerhet
684 319 24 20 af
716 319 26 20 de
755 318 58 20 olika
821 318 38 20 och
868 318 7 19 i
883 317 51 20 flere

185 352 113 21 afseenden
315 356 42 17 mot
372 353 118 21 hvarandra
505 353 89 27 stridiga
607 353 85 27 åsigter,
707 359 43 14 som
762 353 6 19 i
779 351 155 22 ofvanberörda

186 387 207 26 petitionsmemorial
416 388 81 26 uttalas,
520 387 49 21 icke
592 394 50 14 anse
664 388 32 27 sig
718 387 51 20 böra
791 387 86 26 angifva
900 385 33 20 det

186 421 62 27 syfte,
269 421 57 20 hvari
346 421 100 27 förslaget
466 423 29 19 till
517 423 105 26 reglering
638 422 23 20 af
674 421 179 27 prestaflöningen
870 420 64 20 borde

186 456 112 20 utarbetas.
328 456 118 20 Ständerna
463 457 21 20 få
504 457 83 20 derföre
603 456 75 20 endast
693 457 6 19 i
716 455 168 27 underdänighet
898 461 35 13 an-

186 490 67 20 hålla:

326 527 33 19 att
384 525 85 21 Eders
493 524 154 29 Kejserliga
673 525 130 27 Majestät
828 525 8 19 i
860 524 75 20 Nåder

252 560 70 27 måtte,
327 559 121 29 förelägga
459 560 84 21 landets
553 560 91 21 härnäst
655 559 206 22 sammanträdande
873 558 62 21 Stän-

253 594 39 20 der
303 595 137 27 proposition
456 602 32 14 om
503 595 125 27 grunderna
635 594 43 28 för
687 594 110 28 reglering
808 593 30 27 af
841 595 92 25 prester-

252 628 85 28 skapets
352 629 99 28 aflöning
461 630 9 20 i
481 629 85 21 landets
581 627 247 30 evangelisk-lutherska
838 627 97 27 försam-

254 663 78 27 lingar,
348 666 57 18 samt
420 666 32 18 att
467 664 8 20 i
490 664 67 27 sagde
569 664 137 27 proposition
721 662 83 28 jemväl
823 662 65 20 måtte
904 662 32 20 in-

252 698 29 26 gå
300 697 162 29 bestämningar
483 698 95 20 rörande
601 698 122 27 byggnads-
742 696 38 22 och
799 696 136 21 underhålls-

252 732 150 28 skyldigheten
417 732 30 27 af
455 732 132 28 prestabohl.

289 778 100 21 Finlands
405 778 89 21 Ständer
509 779 120 20 framhärda
645 781 39 18 etc.

290 819 138 27 Helsingfors,
445 820 39 20 den
501 820 12 20 5
529 820 48 19 Juni
595 820 60 19 1872.
