1070 1739
369 413 120 21 Allmänna
497 414 228 20 Besvärsutskottets
738 414 147 20 betänkande
895 415 31 19 Nie

312 447 28 25 18,
356 448 6 19 i
378 447 102 26 anledning
495 448 21 20 af
533 448 50 20 inom
599 448 141 26 Ridderskapet
754 448 35 20 och
805 448 58 20 Adeln
878 450 48 18 samt

312 482 160 25 Borgareständet
492 482 67 20 väckta
577 482 164 26 petitionsförslag
760 488 30 14 om
809 482 117 20 inrättandet

312 516 20 20 af
346 522 24 14 en
385 516 37 20 fast
437 516 80 21 lärostol
532 517 31 20 för
578 516 80 21 svenska
668 516 36 21 och
718 516 137 21 fornnordiska
871 516 54 27 sprä-

313 551 37 20 ken
364 551 32 20 vid
410 551 106 26 Kejserliga
531 551 113 21 Alexanders
659 551 131 21 Universitetet
806 551 5 20 i
829 551 82 20 Finland.

245 614 89 20 Medelst
350 613 192 27 protokollsutdrag
561 614 52 20 ifrån
630 614 155 26 Ridderskapet
800 614 39 20 och
856 614 68 19 Adeln

176 649 23 19 af
212 648 40 20 den
270 648 25 20 23
312 650 54 17 samt
381 648 53 19 ifrän
451 648 176 26 Borgareständet
642 648 23 20 af
678 648 40 20 den
735 648 26 20 20
777 648 95 20 sistlidne
887 648 37 19 Fe-

177 683 69 19 bruari
266 682 37 20 har
321 682 114 20 Allmänna
453 682 191 20 Besvärsutskottet
660 683 5 19 i
682 682 100 20 afseende
801 682 13 20 &
833 682 91 20 förbere-

176 716 69 20 dande
268 716 160 27 handläggning
451 716 36 20 fått
507 719 107 48 emottaga
636 717 158 20 nedanstående
818 716 107 27 petitions-

177 751 120 20 memorial:

196 808 212 20 Petitionsmemorial
425 808 30 20 till
472 808 120 26 Höglofliga
609 808 154 26 Ridderskapet
778 808 39 20 och
834 806 76 20 Adeln.

246 853 42 20 Det
306 853 59 20 torde
386 860 50 13 vara
456 860 24 13 en
500 853 124 27 obestridlig
644 854 90 26 sanning
753 855 30 18 att
803 852 30 20 till
855 854 69 18 vetan-

177 888 45 20 dets
242 888 115 20 elementer
376 888 62 20 hörer
457 887 147 21 kännedomen
625 894 33 14 om
674 888 36 20 det
725 887 70 27 språk,
811 894 43 13 som
872 887 52 19 före-

176 922 104 19 trädesvis
300 924 22 17 är
341 928 37 14 ens
398 924 47 24 eget
466 922 38 19 och
520 922 6 19 i
542 922 161 20 samhällslifvet
726 921 62 20 oftast
812 921 114 26 begagnas,

176 955 90 20 likasom
286 955 39 20 ock
345 955 108 27 förmågan
475 957 30 18 att
524 955 65 27 ledigt
609 956 37 19 och
666 955 74 20 felfritt
760 955 106 20 behandla
885 955 41 20 det.

177 989 35 20 Ett
234 989 76 20 sådant
332 989 64 26 språk
419 992 23 17 är
464 989 37 20 hos
525 996 33 13 oss
581 990 61 20 äfven
663 990 37 19 det
717 989 98 26 svenska,
836 995 47 14 men
900 995 26 13 en

177 1023 94 27 opartisk
296 1023 120 20 betraktare
443 1023 64 20 måste
535 1023 64 20 likväl
626 1023 113 27 medgifva,
762 1025 27 18 att
814 1023 111 20 skilnaden

177 1057 91 20 emellan
284 1058 40 19 den
340 1057 136 26 ståndpunkt,
495 1057 80 27 hvarpå
594 1057 148 21 kännedomen
762 1064 33 13 om
815 1057 36 20 det
866 1063 59 14 sven-

177 1091 38 20 ska
231 1091 87 27 språket
333 1092 37 20 hos
386 1098 34 14 oss
436 1092 73 19 hittills
525 1092 95 20 befunnit
635 1093 38 26 sig,
690 1092 39 21 och
746 1092 36 19 det
795 1091 132 20 förhållande

178 1132 45 13 som
240 1126 73 19 härvid
330 1126 66 20 borde
412 1132 49 13 vara
477 1125 99 26 rådande,
596 1129 22 16 är
636 1125 83 28 ganska
734 1127 49 18 stor.
813 1125 43 20 Vår
871 1125 55 20 skol-

178 1159 151 27 undervisning
345 1162 23 17 är
384 1160 6 19 i
406 1160 64 26 sagda
485 1160 121 20 hänseende
624 1160 116 27 onekligen
760 1159 112 26 bristfällig
887 1159 39 20 och

177 1193 58 20 detta
250 1193 109 20 äfvensom
372 1193 39 20 den
423 1194 88 19 allmänt
526 1194 112 20 förefunna
653 1193 167 27 knapphändiga
836 1193 90 26 insigten

176 1228 5 18 i
198 1227 98 26 språkets
315 1227 92 27 grunder
427 1228 36 19 har
484 1228 37 19 hos
540 1234 33 13 oss
593 1228 95 27 tydligen
704 1228 32 19 sin
753 1227 60 20 orsak
830 1227 53 25 deri,
899 1229 28 17 att

177 1261 34 20 vid
229 1261 82 20 landets
327 1261 103 27 högskola
450 1261 46 21 icke
517 1261 66 20 finnes
599 1261 69 27 någon
690 1261 100 20 målsman
808 1261 31 20 för
855 1264 71 17 nämn-

176 1296 28 19 da
218 1295 72 27 språk.
321 1296 31 26 Ty
373 1295 75 21 funnes
468 1303 24 13 en
513 1295 65 20 sådan
597 1296 23 19 så
638 1295 70 20 skulle
726 1295 52 20 hans
794 1295 134 20 verksamhet

177 1331 75 25 utgöra
268 1332 30 17 ett
315 1329 109 20 korrektiv
444 1332 56 18 emot
522 1330 138 20 omförmälda
684 1329 181 20 missförhållande
889 1329 38 20 och

176 1363 84 20 tillfälle
277 1363 88 20 beredas
381 1364 30 19 till
430 1366 30 17 ett
478 1363 107 27 grundligt
602 1364 39 19 och
662 1363 157 26 vetenskapligt
837 1363 90 20 studium

177 1397 23 19 af
214 1397 59 20 detta
288 1398 56 19 inom
362 1397 49 20 våra
427 1397 82 21 bildade
527 1398 81 19 klasser
623 1398 63 19 oftast
703 1397 124 27 begagnade
843 1397 70 26 språk.

246 1431 103 20 Behofvet
365 1432 23 19 af
401 1438 25 13 en
444 1432 115 26 profession
575 1432 51 19 eller
642 1431 127 20 åtminstone
780 1438 25 13 en
822 1431 106 20 ordinarie

177 1465 125 26 lärareplats
318 1465 34 19 vid
369 1466 81 20 landets
466 1466 127 20 Universitet
609 1466 29 18 nii
654 1465 107 20 svenskan
777 1468 53 17 samt
845 1465 26 19 de
883 1465 44 19 der-
