1070 1739
818 139 34 18 133

135 209 81 26 kofran,
237 208 132 21 tvifvelsutan
389 208 68 20 skulle
473 209 6 18 i
499 209 46 19 sina
567 208 147 20 bemödanden
732 210 31 18 att
781 210 105 18 motsvara

136 243 127 20 monarkens
278 243 39 19 och
332 243 83 20 landets
431 243 120 20 förtroende
567 245 52 17 röna
635 242 128 27 mångsidigt
779 248 55 20 gagn
847 241 37 20 och

136 277 88 26 kraftigt
238 277 46 20 stöd
300 277 23 19 af
336 277 35 19 det
386 279 71 24 öppna
473 277 181 26 meningsutbytet
664 277 6 18 i
682 276 39 20 den
738 276 39 19 fria
792 282 93 20 pressen,

133 312 66 25 jemte
224 311 35 20 det
282 311 76 26 många
378 311 45 19 frön
443 311 31 19 till
489 311 120 26 ogrundadt
625 310 138 20 misstroende
779 310 31 20 till
827 317 58 19 myn-

137 345 136 27 digheternas
288 345 148 26 tillgöranden,
448 345 123 26 derigenom
583 345 82 19 säkrast
676 344 70 21 blefve
757 343 128 28 aflägsnade.

137 419 207 25 Stormäktigste,
355 419 194 26 Allernådigste
561 419 105 25 Kejsare
682 419 38 19 och
736 418 150 20 Storfurste!

205 481 32 19 Då
256 481 82 19 landets
357 488 27 12 nu
402 481 127 19 församlade
549 482 169 25 representanter
734 480 153 26 samstämmigt

139 516 4 19 i
159 515 42 19 alla
220 515 61 20 stånd
301 515 67 19 funnit
388 515 32 26 sig
442 515 88 20 manade
551 517 30 17 att
600 515 30 19 till
646 515 78 19 Eders
742 514 145 27 Kejserliga

138 550 131 26 Majestäts
296 549 48 20 ädla
368 549 137 26 behjertande
531 549 105 20 frambära
659 549 35 19 det
717 549 68 19 finska
810 548 77 20 folkets

138 584 129 26 önskningar
284 583 129 20 beträffande
432 583 226 27 presslagstiftningen,
675 584 37 19 har
728 583 47 20 med
792 582 44 20 lika
851 589 36 13 en-

139 618 101 26 hälligbet
256 618 36 20 det
306 618 68 19 beslut
390 617 114 25 omfattats,
523 618 66 25 enligt
608 617 82 21 hvilket
704 617 118 20 Ständerna
838 624 27 12 nu
881 617 7 19 i

140 652 168 26 underdånighet
323 652 91 24 anhålla,
430 652 35 20 det
480 652 82 20 täcktes
580 652 78 20 Eders
678 651 146 27 Kejserliga
839 651 48 19 Ma-

135 687 80 25 jestät
231 686 46 19 med
298 686 34 19 det
349 686 131 26 högsinnade
497 686 189 26 tillmötesgående,
702 692 43 13 som
762 685 66 20 under
843 685 44 25 lop-

139 722 36 24 pet
190 720 23 20 af
226 720 76 26 sjutton
318 720 22 19 år
356 720 22 20 så
394 720 43 20 ofta
452 720 121 20 framkallat
588 720 39 20 den
644 720 96 26 djupaste
756 718 133 20 tacksamhet

140 754 62 26 kring
221 754 100 20 Finlands
341 754 88 26 bygder,
449 754 64 20 redan
534 754 31 20 för
582 760 27 13 nu
624 754 126 19 församlade
764 752 102 26 landtdag
882 752 6 19 i

139 788 71 20 Nåder
225 788 42 20 låta
282 788 31 20 till
331 788 132 26 granskning
481 788 41 20 och
542 788 119 26 antagande
676 788 119 26 framlägga
811 786 78 27 förslag

140 823 30 19 till
186 829 25 13 en
228 822 182 27 tryckfrihetslag;
434 822 91 20 hvarhos
547 822 124 25 Ständerna,
690 822 48 20 med
756 821 101 20 afseende
877 820 12 20 å

140 857 40 20 den
207 856 125 26 tidsutdrägt
356 856 147 20 utarbetandet
525 856 24 20 af
569 858 30 18 ett
621 858 46 24 nytt
692 855 115 27 lagförslag
830 855 7 19 i
860 856 30 18 ett

139 891 79 20 ärende
233 890 23 20 af
269 890 24 20 så
308 890 129 20 omfattande
453 893 32 17 art
501 896 45 14 som
557 890 58 20 detta
626 890 68 19 skulle
708 889 101 25 medföra,
821 888 68 20 tillåta

140 926 32 26 sig
189 925 151 26 underdånigst
355 925 111 19 hemställa
481 931 34 13 om
531 924 48 20 icke
594 924 78 20 Eders
683 924 146 26 Kejserliga
839 923 49 19 Ma-

137 960 80 25 jestät
231 959 7 19 i
253 959 70 20 Nåder
338 959 50 19 ville
404 959 74 26 pröfva
493 959 98 26 lämpligt
605 960 30 18 att
650 958 42 20 låta
707 958 73 20 affatta
795 957 40 20 den
853 959 35 17 ön-

141 993 64 20 skade
222 993 82 26 Nådiga
327 993 156 26 propositionen
499 993 7 19 i
523 994 72 18 ämnet
609 993 29 19 uti
654 991 149 25 hufvudsaklig
819 991 69 19 öfver-

141 1027 159 20 ensstämmelse
316 1027 46 20 med
373 1027 79 19 Eders
463 1027 145 25 Kejserliga
618 1026 130 25 Majestäts
765 1024 123 26 förordning

141 1061 21 20 af
176 1061 41 20 den
234 1061 25 20 18
274 1061 43 20 Juli
335 1061 51 20 1865
402 1061 111 26 angående
530 1061 125 26 tryckfrihet
670 1061 6 18 i
692 1059 89 20 Finland
798 1059 40 19 och
852 1058 37 19 vil-

141 1095 66 20 koren
223 1095 31 20 för
270 1095 47 20 dess
332 1095 147 26 begagnande.

209 1135 100 20 Finlands
324 1134 89 20 Ständer
428 1134 122 20 framhärda
565 1136 40 18 ete.
