1070 1739
834 125 33 18 151

138 195 103 19 uteslutne
260 193 58 20 äldre
336 193 135 26 persedlarne
491 193 40 20 och
549 193 23 20 af
588 193 70 20 denna
672 193 62 20 orsak
750 193 31 19 till
797 194 89 18 motsva-

136 229 64 19 rande
224 227 77 26 belopp
325 227 68 20 blifvit
412 227 102 26 förhöjde,
532 227 65 20 måste
613 227 85 20 komma
713 228 30 18 att
758 226 128 23 fortfarande

136 269 49 13 vara
194 261 154 20 underkastade
358 263 66 18 större
434 261 144 26 prisstegring,
591 263 26 17 än
630 261 128 20 sistberörde
772 260 113 27 persedlar.

192 295 30 20 På
232 295 64 20 sådan
305 295 67 26 grund
382 295 39 20 och
430 297 50 17 enär
489 295 26 19 de
525 295 68 26 öfriga
604 294 104 26 förslagen
722 295 30 19 till
763 294 122 26 förändring

136 329 22 20 af
174 329 98 26 gällande
295 328 266 27 persedle-undervisning,
580 328 73 20 hvilka
672 328 44 20 dels
734 328 23 20 af
777 328 52 20 1864
853 328 32 19 års

138 364 85 24 komité,
240 363 65 26 enligt
320 362 175 20 Läneombudens
510 365 93 24 antagna
617 362 208 27 prisbestämningar,
841 362 46 20 dels

137 398 22 19 af
178 398 152 19 Kamrerarene
346 397 6 19 i
371 397 84 20 Militie-
474 397 40 19 och
533 397 297 26 Kammar-Expeditionerne,
846 397 39 20 och

137 432 44 20 dels
196 432 24 20 af
232 431 156 26 Ridderskapet
403 431 39 19 och
458 430 70 20 Adeln
544 432 54 18 samt
616 431 157 19 Bondeståndet
789 431 33 19 vid
839 431 46 19 sed-

137 468 58 18 naste
211 466 102 26 landtdag
328 465 127 25 framställts,
471 465 42 19 alla
533 471 50 13 vore
602 465 112 20 behäftade
730 465 47 19 med
793 464 41 20 den
850 470 35 21 ge-

138 506 128 14 mensamma
289 499 57 25 brist,
366 500 29 18 att
414 498 49 20 icke
485 498 72 20 kunna
579 498 32 20 för
634 499 112 19 framtiden
769 498 118 27 förebygga

137 534 154 27 grundräntans
306 533 116 26 obehöriga
438 533 100 26 stegring,
550 539 44 13 som
611 535 88 17 tvertom
716 533 22 19 af
753 534 132 20 densammas

137 568 119 27 antagande
275 567 69 20 blefve
364 574 25 12 en
408 566 63 20 säker
489 566 59 27 följd,
568 566 62 20 hafva
648 566 137 26 komiterade,
805 566 27 20 då
851 566 35 20 det

136 602 143 20 förstnämnda
298 601 101 25 förslaget
414 601 104 20 dessutom
538 600 71 20 stöder
624 601 32 26 sig
671 600 27 27 på
713 601 172 26 prisbestämnin-

137 644 43 19 gar,
202 636 61 20 deraf
283 636 51 19 flere
357 638 36 16 äro
415 635 48 19 vida
483 635 66 27 lägre,
574 638 26 16 än
624 635 26 20 de
676 636 51 19 1864
750 635 33 28 års
806 635 80 20 komité

137 671 31 20 för
187 677 51 19 egen
262 670 33 20 del
318 670 86 26 antagit,
428 670 69 19 ansett
520 669 32 27 sig
575 669 47 20 icke
646 669 51 20 böra
718 670 84 20 förorda
825 669 62 21 dessa

137 704 84 27 förslag.

210 738 74 26 Enligt
308 737 142 20 komiterades
475 737 55 26 åsigt
555 737 64 20 borde
644 738 82 20 således
748 738 137 26 jemförelsen

137 772 90 21 emellan
248 771 92 20 värdena
355 771 13 20 å
382 772 135 28 persedlarne
536 772 6 18 i
559 772 26 19 de
603 772 71 26 gamla
692 772 39 20 och
750 772 25 20 de
796 779 26 12 nu
841 772 44 26 gäl-

137 806 61 20 lande
215 805 203 26 undervisningarne
437 805 60 20 stöda
512 806 32 26 sig
559 805 75 20 endast
649 805 12 20 å
677 806 116 20 fastställda
804 806 81 19 marke-

137 840 117 27 gångspris,
270 839 95 20 hvarföre
382 840 39 19 och
438 839 26 20 då
478 838 152 28 prisuppgifter
645 840 32 19 för
695 840 41 20 alla
758 840 25 20 de
805 840 81 20 mindre

137 875 114 26 persedlar,
274 873 72 20 hvilka
368 873 34 20 vid
427 874 154 25 omsättningen
605 874 100 20 uteslötos
724 874 46 20 från
787 874 40 20 den
845 880 42 20 nya

137 908 185 26 undervisningen,
343 907 47 20 icke
409 907 72 20 vidare
503 908 106 26 upptagits
629 908 6 19 i
655 908 231 27 markegängstaxorna

137 943 44 20 från
198 942 38 20 och
254 942 46 19 med
316 942 22 19 år
355 942 60 24 1849,
432 941 131 20 komiterade
579 942 87 25 nödgats
682 942 115 19 inskränka
811 942 74 20 beräk-

138 977 102 26 ningarne
257 975 30 20 till
304 975 40 20 den
360 975 36 25 tid,
413 981 43 14 som
473 977 92 18 närmast
580 975 96 26 föregick
688 976 90 19 nämnde
794 975 22 20 år
832 978 54 17 samt

136 1011 5 19 i
159 1011 75 20 sådant
252 1009 98 20 afseende
369 1009 82 26 antagit
469 1007 232 28 markegångstaxorna
722 1010 32 19 för
773 1009 25 20 de
818 1010 67 26 tjugu-

136 1045 47 26 fyra
198 1044 48 20 åren
267 1043 143 20 1825—1848.

205 1078 69 20 Sedan
290 1079 25 18 de
330 1077 23 19 af
368 1077 53 20 1864
440 1076 32 20 års
491 1077 80 20 komité
589 1077 125 26 begagnade
730 1077 106 27 uppgifter
851 1084 35 13 om

137 1113 99 26 beloppet
254 1111 21 20 af
295 1111 133 26 persedlarne
443 1107 72 30 enligt
533 1111 70 26 gamla
621 1111 202 27 undervisningarne
840 1111 46 20 blif-

137 1147 31 19 vit
182 1145 88 26 rättade,
288 1145 62 20 hafva
370 1145 132 20 komiterade
521 1145 97 20 uträknat
637 1145 48 20 icke
703 1145 88 20 allenast
807 1146 78 19 medel-

137 1180 74 20 värdet
226 1179 22 20 af
262 1179 70 25 hvarje
349 1179 107 25 persedels
471 1178 66 27 årliga
555 1179 138 26 prisstegring
708 1180 5 19 i
730 1179 26 20 de
772 1179 70 20 skilda
857 1179 29 20 lä-

138 1221 47 18 nen,
202 1216 48 17 utan
266 1213 39 20 ock
326 1213 27 26 på
375 1213 68 26 grund
467 1212 65 26 deraf,
555 1213 154 20 skatterubelns
733 1213 154 20 medeltillvext

138 1249 66 20 under
220 1249 29 18 ett
264 1247 23 20 år
302 1247 67 26 enligt
384 1247 26 19 de
430 1247 71 26 gamla
518 1247 209 26 undervisningarne,
748 1247 39 20 och
806 1247 32 20 för
857 1249 30 18 att

139 1283 73 20 utreda
226 1282 7 19 i
249 1281 55 20 hvad
320 1281 46 19 mån
384 1281 91 20 nämnde
491 1281 84 20 tillvext
590 1281 179 20 öfverensstämde
785 1281 46 20 med
844 1288 42 13 me-

139 1317 144 20 deltillvexten
299 1315 22 19 af
334 1314 143 21 skatterubeln
494 1315 67 26 enligt
576 1321 27 13 nu
618 1315 98 26 gällande
728 1315 159 26 undervisning,

138 1351 63 19 hafva
218 1348 130 21 komiterade
367 1349 85 19 anställt
470 1349 111 19 enahanda
601 1348 117 27 beräkning
733 1349 90 20 rörande
839 1349 26 20 de
881 1350 7 19 i

138 1385 40 19 den
196 1382 128 21 sistnämnde
345 1382 105 26 ingående
469 1383 143 25 persedlarne,
635 1382 107 20 äfvensom
763 1383 32 19 för
812 1383 76 25 jemfö-

138 1418 64 20 relses
222 1417 55 20 skull
296 1416 155 20 skatterubelns
470 1416 68 27 årliga
558 1417 82 19 tillvext
660 1415 85 27 jemlikt
765 1416 26 19 de
810 1418 78 19 tvenne

137 1451 181 26 undervisningar,
337 1457 44 13 som
402 1450 69 20 blifvit
491 1451 118 26 föreslagne
633 1450 23 20 af
678 1451 52 19 1864
754 1449 33 20 års
809 1450 81 21 komité
