1070 1739
184 209 32 19 na,
239 205 49 19 utan
311 203 119 22 läroverket
453 205 130 20 fortfarande
607 205 73 20 endast
698 204 85 21 komme
801 205 31 19 att
846 203 86 20 inlocka

184 238 40 19 den
240 238 114 21 arbetande
370 238 94 21 klassens
479 239 39 20 och
534 239 117 27 allmogens
667 239 52 20 barn
735 239 28 26 på
777 239 70 25 banor,
859 237 73 21 hvilka

184 272 26 20 de
228 273 19 26 ej
263 272 71 21 kunna
349 273 95 26 fullfölja.
475 273 136 28 Fyrklassiga
626 274 71 27 lyceer
714 273 64 21 borde
794 273 83 20 derföre
893 272 37 20 fin-

185 313 37 14 nas
244 307 73 20 endast
332 308 7 19 i
354 307 137 28 Björneborg,
514 308 172 27 Kamlakarleby,
706 308 69 27 Borgå
795 308 40 20 och
855 307 75 27 Jyväs-

185 341 57 27 kylä,
257 342 7 19 i
280 341 72 21 hvilka
367 343 130 20 sistnämnda
512 343 35 20 två
562 343 70 20 städer
648 343 26 20 de
689 344 32 19 tre
737 343 74 26 högsta
822 342 109 20 klasserna

186 376 65 20 borde
272 377 104 26 indragas.
408 377 77 20 Likaså
507 377 84 20 komme
611 377 182 27 civilgymnasium
809 377 7 20 i
832 377 98 20 Tavaste-

186 410 38 21 hus
246 412 30 19 att
298 411 104 27 indragas,
424 411 134 20 alldenstund
579 411 52 20 flera
650 411 31 20 för
700 411 51 20 civil
767 412 164 25 tjenstemanna-

187 444 95 27 bildning
298 445 80 20 mindre
394 445 106 27 behöfliga
515 448 75 18 ämnen
605 446 85 26 intagits
701 445 7 19 i
719 445 130 26 lärokursen,
864 446 67 20 hvari-

186 485 76 21 genom
278 479 178 27 undervisningen
467 480 6 19 i
485 480 103 26 vigtigare
603 482 75 18 ämnen
695 479 69 20 blifvit
779 479 151 21 otillfredsstäl-

186 513 70 21 lande.
279 514 100 20 Deremot
394 520 49 14 vore
458 514 90 26 Wiborg
563 514 24 20 af
599 514 42 20 alla
656 513 83 21 landets
754 514 71 20 städer
836 516 53 18 mest
896 521 34 21 eg-

187 548 41 20 nad
244 548 32 20 till
290 550 44 18 säte
348 548 32 20 för
396 555 25 14 en
432 548 33 28 på
479 548 104 21 moderna
597 548 68 28 språk
679 548 103 28 grundad
794 548 136 22 läroanstalt.

187 582 68 21 Sedan
275 582 65 28 högre
360 583 254 21 elementarläroverket
611 578 16 37 i
632 583 88 27 Wiborg
739 583 110 27 indragits,
864 584 67 20 skulle

187 619 31 19 ett
239 617 96 21 modernt
354 617 128 27 sexklassigt
501 617 97 21 läroverk
618 617 109 21 derstädes
742 618 94 26 inrättas,
852 618 80 20 hvilket

188 651 70 21 blefve
280 652 40 20 den
344 652 58 20 bästa
423 652 77 20 anstalt
520 659 47 13 man
588 652 41 20 kan
650 652 87 20 uttänka
751 652 31 20 för
798 652 99 20 bildande
911 653 23 20 af

188 686 86 26 dugliga
296 686 130 26 spräklärare
448 687 33 20 för
499 686 100 21 skolorna
613 687 7 19 i
635 686 79 26 landet,
734 686 27 20 dä
775 686 86 27 ryskan,
877 687 54 20 fran-

188 720 52 20 skan
256 720 40 21 och
311 721 83 26 tyskan,
410 721 6 19 i
432 721 73 27 utbyte
521 722 43 19 mot
579 721 26 20 de
621 721 54 20 döda
690 720 98 27 spräken,
804 722 83 20 komme
903 724 30 18 att

188 755 72 27 intaga
280 762 25 13 en
320 755 140 21 framstående
476 755 53 27 plats
545 755 35 20 vid
596 756 185 26 undervisningen.
811 750 29 26 Åt
854 756 78 26 ryskan

188 789 68 21 skulle
279 790 105 26 nämligen
408 796 64 20 egnas
487 790 12 20 6
515 790 103 20 timmar
610 785 12 36 i
635 790 81 20 veckan
739 790 27 26 pä
785 790 42 20 alla
846 790 87 27 klasser,

189 824 21 20 åt
225 824 98 20 franskan
340 825 11 19 5
367 825 13 19 &
395 824 19 26 6,
429 826 53 18 samt
497 824 21 20 ät
533 824 76 27 tyskan
620 825 12 19 3
644 825 83 19 timmar
742 824 27 26 pä
784 824 25 20 de
825 825 47 27 fyra
883 825 49 27 hög-

189 860 32 18 sta
235 858 115 20 klasserna.
379 858 67 27 Ingen
462 858 150 27 undervisning
627 858 67 20 skulle
706 858 107 21 meddelas
824 860 6 19 i
842 860 90 20 moders-

190 892 64 20 målet
268 893 52 20 eller
330 893 6 19 i
347 893 36 19 det
397 893 66 20 andra
477 893 111 20 inhemska
603 893 91 27 språket.
717 893 91 21 Lärarne
822 894 32 20 för
865 894 70 21 denna

190 927 78 20 anstalt
287 927 71 26 borde,
378 927 66 27 enligt
461 927 114 20 friherrens
589 927 61 27 äsigt,
666 927 62 20 sökas
744 927 57 21 säväl
817 928 57 20 inom
889 935 44 14 som

190 963 57 18 utom
263 961 99 26 Finland;
378 961 119 20 direktorns
511 961 94 27 aflöning
620 961 69 20 blefve
705 962 154 27 sammanlagdt
873 963 61 26 8,000

190 995 66 20 mark.

257 1030 41 20 För
313 1030 98 21 eleverna
426 1030 45 20 från
487 1030 25 20 de
527 1030 103 27 indragna
646 1030 125 21 läroverken
787 1037 50 14 vore
853 1032 81 20 tilifälle

190 1065 32 20 till
237 1065 96 20 fortsatta
347 1065 59 20 lärda
420 1065 79 20 studier
515 1065 34 20 vid
565 1065 124 20 läroverken
704 1065 7 19 i
723 1064 31 21 8:t
767 1065 84 26 Michel,
867 1066 69 27 Borgå

191 1099 51 20 eller
263 1099 139 26 Helsingfors,
426 1099 83 20 hvarest
528 1099 53 20 efter
599 1098 120 21 införandet
734 1099 23 20 af
770 1106 43 19 nya
827 1101 105 24 organisa-

192 1133 160 27 tionsprinciper
367 1133 122 27 tillräckligt
503 1133 71 27 lediga
588 1133 78 26 platser
681 1133 60 20 alltid
756 1133 59 20 torde
831 1134 72 21 finnas.

259 1167 73 21 ”Hvad
348 1168 26 20 de
389 1168 120 20 nuvarande
524 1168 58 27 lägre
595 1167 216 21 elementarskolorna
819 1168 116 27 beträffar”,

192 1201 58 21 heter
272 1201 35 21 det
326 1202 79 26 vidare,
424 1202 37 20 ”sä
479 1202 105 20 företräda
598 1202 26 21 de
640 1204 74 18 nästan
730 1202 96 20 öfverallt
841 1203 94 20 folksko-

191 1235 45 21 lans
259 1236 61 20 ställe
342 1236 40 20 och
404 1238 75 25 utgöra
498 1237 101 26 derjemte
618 1237 32 19 för
666 1236 51 21 barn
732 1236 24 20 af
769 1236 166 27 ständspersons-

191 1270 87 21 klassen
297 1277 25 14 en
338 1270 153 21 förberedande
506 1271 183 26 bildningsanstalt
704 1271 32 19 för
751 1271 82 20 inträde
848 1271 7 20 i
870 1271 66 28 högre

192 1305 197 20 elementarskolan.
418 1301 69 24 Äfven
503 1306 38 19 här
554 1305 67 20 måste
636 1305 84 20 således
736 1305 26 20 de
777 1305 57 20 olika
848 1305 88 21 fordrin-

191 1346 45 19 gar,
258 1346 45 14 som
326 1339 69 20 blifvit
414 1340 75 20 ställda
506 1340 27 26 pä
548 1346 80 14 samma
643 1339 129 26 läroanstalt,
787 1339 24 20 sä
826 1340 45 20 vidt
886 1341 50 26 möj-

191 1373 40 26 ligt
245 1376 31 24 är,
291 1374 107 26 särskiljas
412 1375 40 20 och
467 1374 98 21 skolorna
579 1374 24 20 sä
616 1375 89 19 inrättas
716 1376 37 24 att,
763 1374 5 19 i
776 1373 160 22 öfverensstäm-

192 1407 66 21 melse
281 1408 46 20 med
346 1408 143 21 förhällandet
503 1409 7 20 i
525 1409 66 20 andra
609 1408 134 21 oiviliserade
758 1408 79 26 länder,
854 1409 25 20 de
895 1413 41 17 sär-

192 1441 70 20 skildä
276 1443 7 19 i
298 1442 60 21 seder
380 1443 41 20 och
443 1443 94 27 bildning
561 1443 59 20 alltid
643 1443 120 20 olikartade
782 1443 155 22 samhällsklas-

192 1482 62 14 serna
269 1476 64 20 måtte
348 1476 72 21 kunna
433 1477 21 20 få
469 1484 26 13 en
510 1477 53 20 efter
578 1477 61 20 deras
654 1477 98 27 verkliga
767 1476 65 22 behof
842 1478 96 26 afpassad
