1070 1739
817 143 34 18 169

247 199 27 23 År
381 205 43 17 hela
436 205 112 22 uppbörden
607 205 119 23 postverkets
738 205 88 17 inkomst.

238 240 52 19 1866
398 241 87 24 158,570
502 236 36 23 mk
645 241 73 24 18,417
736 240 41 20 mk.

239 273 51 20 1867
397 274 88 25 135,820
511 289 12 12 ,,
646 274 74 26 14,580
745 289 12 12 ,

239 307 53 20 1868
398 308 87 25 124,760
646 308 73 25 12,689
744 323 12 12 »

240 341 52 20 1869
399 342 88 25 136,462
513 357 12 12 ,,
648 341 73 26 14,695
746 357 12 12 ,,

239 375 53 20 1870
398 376 88 25 143,584
512 391 12 11 »,
647 375 73 26 15,491
745 390 12 13 »

204 442 66 20 Häraf
283 443 97 26 framgår,
396 445 30 18 att
437 443 26 20 dä
477 444 114 19 decenniet
608 444 145 25 1850—1860,
769 443 66 27 enligt
851 443 34 20 be-

137 476 89 27 räkning
249 477 60 26 gjord
332 478 53 19 efter
408 477 226 20 sannolikhetsteorins
657 477 124 27 fordringar,
802 477 37 20 har
857 479 30 17 att

138 511 88 26 uppvisa
249 518 26 13 en
295 512 52 25 årlig
367 512 112 26 förökning
495 512 6 18 i
519 511 99 20 medeltal
636 511 23 20 af
675 512 60 25 9,527
756 511 34 20 mk
809 511 24 20 af
846 511 40 19 den

137 552 81 13 summa
234 545 81 20 landets
330 546 129 20 innevänare
475 546 98 20 använde
584 546 26 26 pä
622 545 264 27 tidningsprenumeration

137 586 76 20 genom
229 580 128 26 postverket,
373 580 23 19 sä
412 580 85 26 sjunker
513 580 71 20 denna
594 580 31 19 för
640 582 30 18 ett
681 580 76 26 vigtigt
773 580 113 25 bildnings-

139 614 65 19 behof
217 614 81 26 utgifna
313 616 46 24 post
375 614 67 19 under
457 614 93 24 följande
561 614 133 23 decennium,
710 614 27 20 dä
752 613 135 27 postarvodet

139 654 35 13 var
197 648 84 25 infördt,
305 648 46 20 med
374 648 62 26 2,218
459 648 36 20 mk
511 648 7 20 i
534 648 63 26 årligt
616 648 107 20 medeltal.
753 646 134 22 Postverkets

138 688 52 20 egen
206 682 92 20 inkomst
313 682 22 20 af
349 682 141 26 tidningarne,
507 688 44 14 som
568 682 27 26 pä
610 682 58 20 tiden
687 681 137 21 1850—1860
835 680 52 20 lika-

139 716 57 20 ledes
212 716 54 20 hade
281 716 58 26 stigit
358 716 46 20 med
426 716 60 26 1,223
507 716 36 19 mk
558 716 7 19 i
581 716 63 26 ärligt
667 716 106 24 medeltal,
796 714 92 27 nedgick

139 750 65 20 under
219 750 93 26 följande
328 750 125 20 decennium
471 749 47 20 med
543 750 39 20 606
606 750 35 19 mk
665 756 32 14 om
720 750 56 25 året;
799 749 88 21 hvarvid

139 784 54 20 dock
210 784 37 20 bör
263 784 118 25 anmärkas,
401 786 30 17 att
451 784 53 19 efter
523 783 53 20 1867
598 784 64 26 ingen
678 783 211 27 försändningsafgift

139 818 89 19 kommit
243 818 121 26 postverket
379 818 31 19 till
427 818 55 26 godo
499 818 32 19 för
546 817 65 27 ryska
631 818 107 26 tidningar
753 818 31 19 till
799 816 90 21 Finland

140 852 86 24 (liksom
242 852 48 20 icke
306 852 64 20 heller
385 852 65 26 ryska
465 852 123 26 postverket
603 852 31 20 för
650 852 67 20 finska
736 852 107 26 tidningar
858 851 31 19 till

141 886 120 27 Ryssland).
292 886 108 26 Tillägger
420 892 55 18 man,
496 886 33 20 för
552 888 30 18 att
604 889 51 24 göra
675 886 135 26 jemförelsen
833 891 58 14 mera

141 926 116 20 noggrann,
273 920 31 20 till
320 920 24 20 de
364 926 74 14 senare
457 920 62 20 ärens
537 920 93 20 inkomst
653 919 237 27 försändningsafgiften

141 954 31 19 för
192 954 106 26 tidningar
320 954 55 19 från:
390 954 113 26 Ryssland,
527 954 22 19 sä
570 954 39 20 blir
631 954 65 19 likväl
719 954 171 25 minskningen
874 950 19 35 i

143 987 97 21 medeltal
264 988 40 19 369
328 988 42 19 mk.
403 988 102 20 Deremot
528 988 90 27 uppgick
641 987 250 27 postförvaltarearvodet

141 1021 32 20 för
196 1022 111 19 inhemska
328 1021 106 27 tidningar
457 1022 23 19 år
506 1023 51 19 1861
578 1022 31 20 till
628 1029 26 13 en
672 1028 82 14 summa
767 1021 24 20 af
803 1021 88 26 ungefär

144 1056 74 25 14,500
234 1056 68 25 mark,
316 1062 46 13 men
381 1056 53 19 1870
455 1056 30 28 till
505 1056 76 20 endast
601 1056 75 26 11,000
692 1056 41 19 mk.
763 1055 72 20 Skulle
851 1055 40 19 tid-

143 1090 259 26 ningsprenumerationen
427 1090 53 20 efter
505 1091 53 19 1860
582 1090 62 19 hafva
659 1091 58 25 stigit
736 1090 2 19 i
754 1095 81 14 samma
849 1089 40 19 för-

143 1124 97 19 hållande
260 1131 44 12 som
324 1124 104 20 årtiondet
449 1124 62 25 förut,
527 1124 22 19 sä
565 1124 53 20 hade
634 1124 23 19 är
672 1123 54 21 1870
743 1129 76 21 genom
835 1124 56 24 post-

143 1158 75 19 verket
236 1159 126 25 regvirerats
382 1158 107 27 tidningar
505 1159 32 19 för
567 1159 75 25 240,740
663 1158 66 26 mark,
745 1157 76 20 hvaraf
834 1158 56 25 post-

143 1191 73 20 verket
231 1192 68 20 skulle
315 1192 31 19 för
360 1193 32 19 sin
408 1192 35 20 del
458 1193 63 20 hafva
541 1193 99 26 uppburit
662 1193 77 25 33,314
762 1191 67 20 mark.
859 1191 33 20 Dä

143 1226 265 26 försändningskostnaden
425 1227 48 20 icke
489 1227 42 20 kan
547 1227 52 20 ökas
614 1227 7 20 i
637 1233 80 14 samma
732 1226 51 27 grad
799 1231 46 14 som
856 1231 35 14 an-

143 1259 51 20 talet
210 1260 210 27 tidningsexemplar,
435 1261 69 20 skulle
519 1261 62 20 alltså
596 1260 122 27 postverket
733 1259 62 20 hafva
805 1259 88 20 skördat

143 1300 26 13 en
185 1293 48 20 icke
249 1294 109 26 obetydlig
378 1295 56 19 vinst
453 1301 77 20 genom
547 1295 40 19 den
603 1295 69 19 ökade
687 1293 206 28 prenumerationen,

143 1328 62 19 äfven
222 1334 33 14 om
272 1328 68 20 denna
356 1329 32 18 till
403 1329 51 26 följe
469 1329 24 19 af
507 1329 102 19 missvext
623 1329 39 19 och
678 1328 66 20 andra
763 1327 130 26 omständig-

144 1362 58 20 heter
217 1362 106 30 tilltagit
318 1358 12 38 i
339 1362 154 27 långsammare
509 1363 141 26 progression.

211 1396 46 19 Den
281 1397 93 26 stegring
394 1397 7 18 i
420 1396 133 26 postverkets
576 1397 116 20 inkomster
714 1396 23 20 af
757 1395 135 27 tidningsför-

143 1430 139 25 sändningen,
305 1436 44 13 som
371 1430 130 27 föregående
524 1431 54 19 tider
599 1431 68 19 utvisa
682 1431 39 19 och
738 1436 44 14 som
798 1429 94 20 tvifvels-

143 1467 49 16 utan
208 1464 62 19 äfven
287 1471 26 12 nu
328 1464 68 20 skulle
412 1464 64 20 blifva
493 1464 79 26 följden
588 1465 23 19 af
624 1471 26 13 en
667 1464 97 27 billigare
781 1470 110 19 prenume-
