1070 1739
812 144 33 18 219

133 210 79 19 mentet
227 209 40 20 och
282 208 64 21 andra
362 209 148 27 författningar
525 211 23 18 är
564 209 151 21 tillförsäkradt
728 209 55 20 visse
794 209 83 26 tjenste-

134 246 46 17 män
197 243 67 20 under
279 243 145 20 embetsresor.

201 278 80 26 Frågan
304 284 33 13 om
360 277 118 21 ordnandet
500 278 23 19 af
543 277 191 28 skjutshållningen
754 278 7 19 i
779 278 54 26 syfte
849 279 30 19 att

132 312 69 20 lindra
216 312 39 20 och
271 311 109 21 efterhand
400 312 47 20 från
464 312 126 27 jordbruket
604 312 44 20 helt
668 313 40 20 och
726 312 65 20 hållet
806 312 73 27 aflyfta

133 347 57 19 detta
206 346 116 27 tryckande
338 347 76 20 besvär
432 347 38 19 har
489 347 121 20 förmedelst
629 346 57 21 Hans
705 347 117 26 Kejserliga
836 347 43 20 Ma-

130 381 76 25 jestäts
221 381 30 20 till
271 380 115 21 Ständerna
406 381 78 20 aflåtna
504 381 83 27 Nådiga
606 381 154 26 propositioner
775 381 23 20 af
811 381 40 20 den
867 381 12 20 2

132 415 42 19 Juli
192 415 52 20 1863
260 415 39 19 och
317 416 24 19 14
356 415 100 21 Februari
473 416 54 20 1867
543 416 65 20 redan
624 415 100 20 förevarit
738 415 34 20 vid
783 415 26 19 de
820 417 58 18 tven-

133 456 26 13 ne
182 449 127 27 föregående
333 450 163 26 landtdagarna;
523 456 53 20 men,
600 450 88 20 emedan
712 450 115 20 Ständerna
849 450 28 20 uti

133 484 56 20 vissa
204 484 6 19 i
226 484 26 20 de
268 484 118 26 föreslagna
402 484 177 27 författningarna
598 484 88 20 berörda
704 484 175 27 privilegiifrågor

133 518 48 20 icke
197 517 80 21 kunnat
292 518 6 20 i
314 518 94 27 enlighet
423 519 48 19 med
486 521 10 22 $
513 519 13 20 3
542 519 29 19 uti
586 519 189 27 riksdagsbeslutet
794 519 40 20 den
853 519 26 20 23

133 552 49 20 Juni
201 553 51 19 1786
272 553 72 20 förena
360 553 32 27 sig
408 559 32 14 om
456 552 65 28 nägot
536 556 132 24 gemensamt
685 553 73 27 beslut,
777 554 38 19 har
829 553 50 21 den-

135 594 85 20 samma,
236 588 67 19 säsom
319 588 23 20 af
355 588 39 19 den
411 588 31 19 till
458 588 143 20 innevarande
625 588 99 27 landtdag
747 588 79 27 afgifna
845 588 33 20 be-

134 622 84 20 rättelse
244 629 33 13 om
303 622 113 26 styrelsens
443 622 140 27 tillgöranden
609 622 97 27 framgär,
729 622 38 20 fätt
791 622 89 20 förfalla.

136 657 56 19 Hans
207 656 117 27 Kejserliga
339 657 98 25 Majestät
452 656 37 20 har
505 656 54 20 dock
579 656 120 20 sedermera
718 657 41 20 den
774 657 26 19 30
815 656 64 20 Janu-

135 692 29 19 ari
180 690 142 21 innevarande
337 691 23 19 är
374 691 47 19 lätit
436 690 82 21 utfärda
538 698 26 13 en
585 691 132 26 kungörelse,
736 691 144 20 innefattande

135 726 55 20 vissa
206 726 78 20 sädana
304 725 140 27 förklaringar
464 725 39 20 och
524 725 73 27 tillägg
618 726 35 19 vid
669 732 26 13 nu
711 726 98 26 gällande
824 726 55 19 stad-

135 760 83 27 ganden
235 766 33 14 om
284 759 226 27 gästgifveriskjutsen,
529 766 44 13 som
594 760 72 20 kunna
686 762 49 18 utan
754 760 126 20 Ständernas

137 794 92 20 hörande
245 794 27 27 pä
287 794 153 20 administrativ
455 797 41 23 väg
517 794 107 20 meddelas
646 794 40 20 och
708 794 44 20 afse
775 796 30 18 att
826 794 54 20 före-

136 829 84 20 komma
229 829 65 27 nägra
304 829 22 19 af
336 828 26 20 de
371 828 123 26 skjutsande
504 835 57 13 mera
570 829 86 19 allmänt
664 828 150 28 öfverklagade
823 829 58 19 miss-

137 863 51 20 bruk
205 863 44 20 frän
266 864 26 19 de
307 863 99 20 resandes
421 863 52 25 sida,
489 865 54 18 samt
565 865 30 18 att
616 863 144 20 ästadkomma
782 870 25 13 en
827 864 53 25 jem-

137 904 49 13 nare
201 898 119 26 fördelning
340 897 22 20 af
379 897 98 20 besväret
496 898 91 20 emellan
604 898 26 20 de
645 897 236 28 skjutsningsskyldige.

136 932 35 20 Ett
185 932 72 20 ibland
274 932 25 20 de
315 932 152 25 förhållanden,
490 939 45 13 som
559 932 118 20 emellertid
697 933 84 26 qvarstå
799 932 82 20 oförän-

137 966 71 27 drade,
228 967 82 26 tillföljd
330 966 23 20 af
370 967 41 19 den
430 966 79 27 utgång
529 966 74 27 frågan
625 973 33 14 om
681 967 200 26 skjutshällningens

137 1001 124 27 reglerande
276 1001 87 20 sålunda
378 1001 90 26 erhållit,
484 1003 23 17 är
523 1001 40 20 den
579 1001 98 26 gällande
693 1001 135 27 skjutslegan.

204 1036 40 20 Det
259 1035 58 20 torde
333 1035 53 20 efter
402 1035 40 20 den
458 1036 113 26 grundliga
586 1036 134 27 behandling,
738 1042 44 13 som
797 1037 83 18 senaste

137 1070 100 27 landtdag
260 1072 63 25 egnat
345 1072 77 24 ämnet,
439 1076 50 13 vara
511 1070 134 27 öfverflödigt
668 1073 30 17 att
717 1071 37 19 här
773 1070 110 20 framhålla

138 1105 50 19 huru
204 1107 42 18 stor
262 1105 40 19 den
318 1107 63 24 tunga
397 1107 29 22 är,
442 1111 45 14 som
507 1111 75 20 genom
603 1104 278 27 skjutsningsskyldigheten

139 1139 67 19 hvilar
220 1139 27 26 på
260 1139 131 26 jordbruket,
412 1141 53 18 samt
480 1139 6 20 i
504 1139 52 20 huru
575 1139 59 27 ringa
652 1139 52 27 grad
727 1139 69 20 denna
818 1141 65 24 tunga

137 1179 76 21 genom
234 1180 27 13 nu
278 1173 97 26 gällande
394 1173 117 27 skjutslega
531 1174 40 19 kan
591 1180 61 14 anses
668 1174 64 20 blifva
747 1175 69 18 ersatt.
846 1173 36 20 Ut-

139 1208 78 19 skottet
232 1208 38 19 har
285 1208 73 19 endast
374 1210 49 18 trott
438 1208 32 26 sig
486 1208 52 20 böra
553 1209 69 19 erinra
637 1215 33 13 om
682 1210 29 18 att
726 1207 156 27 skjutshållnin-

137 1249 48 20 gen,
202 1241 109 21 betraktad
326 1242 69 20 såsom
406 1244 30 18 ett
444 1243 77 26 jorden
532 1243 112 26 åliggande
656 1243 80 26 besvär,
748 1243 52 19 eller
815 1241 67 21 såsom

138 1283 26 13 en
180 1277 67 26 afgift,
263 1277 65 19 under
344 1277 92 20 tidernas
451 1277 50 26 lopp
519 1277 53 20 varit
582 1277 7 19 i
597 1277 68 26 jemnt
680 1277 102 26 stigande,
798 1276 84 27 tillföljd

139 1311 23 20 af
174 1311 41 20 den
232 1311 68 20 ökade
322 1311 137 20 samfärdseln
481 1311 58 20 inom
562 1311 78 26 landet,
659 1311 73 20 medan
749 1311 12 20 å
775 1311 66 20 andra
856 1311 26 19 si-

139 1345 41 20 dan
196 1345 44 20 åter
256 1345 128 27 skjutslegan
404 1345 48 20 icke
473 1345 38 20 har
530 1345 61 20 hållit
603 1346 73 25 jemna
690 1347 46 25 steg
752 1345 48 20 med
815 1345 68 26 öfriga

139 1380 124 27 varupriser,
278 1382 48 18 utan
341 1381 7 18 i
363 1380 132 20 förhållande
516 1380 30 19 till
567 1380 47 20 dem
630 1380 39 20 och
684 1380 31 20 till
730 1379 153 28 penningevär-

139 1415 35 19 det
189 1414 81 27 ganska
285 1414 105 27 betydligt
409 1414 85 26 sjunkit.
525 1414 72 27 Enligt
620 1415 53 19 1734
696 1414 32 20 års
750 1414 132 26 gästgifveri-

139 1449 90 26 ordning
245 1449 94 26 utgjorde
355 1449 108 26 nemligen
479 1449 130 26 skjutslegan
622 1449 12 19 å
644 1449 72 19 landet
726 1448 43 20 åtta
779 1450 36 18 öre
831 1451 53 17 samt

139 1482 45 20 från
207 1483 45 19 stad
275 1485 73 18 sexton
372 1485 36 18 öre
430 1482 32 20 för
484 1483 74 26 hvarje
580 1483 42 20 mil.
652 1482 39 20 Om
712 1488 47 14 man
777 1482 107 20 använder
