1070 1739
841 152 33 19 197

120 216 44 27 just
182 217 83 20 derföre
284 218 30 19 ett
331 216 70 27 skydd
419 216 31 21 för
464 217 54 20 hans
534 216 73 21 arbete
623 223 50 14 vore
689 216 60 21 desto
765 222 58 14 mera
837 216 35 21 be-

125 251 79 27 höfligt,
228 257 50 14 voro
297 251 20 19 vi
336 250 65 20 redan
420 257 25 13 en
465 250 86 21 kortare
569 251 30 20 tid
614 251 7 19 i
637 250 116 27 besittning
767 250 23 20 af
803 249 71 28 några,

126 286 66 19 fastän
208 285 114 26 ingalunda
337 285 143 20 uttömmande
495 285 132 27 stadganden
642 285 7 20 i
664 287 78 24 ämnet,
758 284 71 21 hvilka
844 285 30 20 fö-

125 319 108 21 rekommo
255 319 7 20 i
285 318 298 27 Tryckfrihetsförordningen
605 319 24 20 af
648 319 41 20 den
709 319 27 20 18
754 319 43 20 Juli
814 319 60 21 1865.

127 355 46 19 Men
190 354 27 20 då
232 353 60 21 dessa
307 353 136 27 stadganden,
459 353 69 21 såsom
544 353 115 21 välbekant
672 356 30 23 är,
713 354 63 20 hafva
786 354 89 26 upphört

125 391 30 18 att
174 388 62 27 gälla,
260 390 52 17 samt
331 394 26 13 en
377 389 93 26 presslag
489 388 50 20 icke
558 388 67 20 heller
644 390 24 17 är
687 390 55 18 rätta
760 388 69 21 stället
843 389 32 20 för

126 422 129 20 omfattande
274 422 130 20 töreskrifter
423 422 111 26 angående
549 422 41 20 den
606 422 107 20 artistiska
728 422 90 26 egande-
834 423 40 19 och

127 457 155 27 förlagsrätten,
297 456 87 20 emedan
402 456 75 26 denna,
492 456 70 20 såsom
579 456 78 20 bekant
671 459 29 23 är,
716 456 75 20 hänför
803 457 32 27 sig
845 457 30 20 äf-

127 498 39 14 ven
182 491 31 20 till
233 490 82 27 sådant,
336 497 45 14 som
402 491 40 20 kan
460 490 153 27 reproduceras
628 490 65 21 också
708 491 27 26 på
749 493 64 18 annat
827 493 48 24 sätt,

127 529 27 17 än
169 532 76 21 genom
261 524 67 28 tryck,
345 527 13 17 t.
374 532 34 13 ex.
424 532 26 13 en
466 525 102 27 målning,
584 532 26 13 en
626 527 62 25 staty,
704 531 26 14 en
745 525 130 27 bygnadsrit-

127 561 57 26 ning,
206 567 26 13 en
256 559 123 21 musikalisk
402 559 119 21 handskrift
539 566 20 14 o.
575 566 26 13 m.
616 559 27 26 d.,
664 559 24 20 så
706 559 32 21 får
750 560 44 27 jag,
809 560 67 26 enligt

127 595 105 21 anmodan
247 594 23 20 af
282 594 111 20 inhemska
408 594 109 20 författare
532 594 41 20 och
588 593 132 27 konstnärer,
730 594 39 20 hos
779 594 35 20 det
824 594 50 27 hög-

129 630 87 26 vördiga
230 628 155 21 Prestaståndet
402 628 123 26 härigenom
541 628 153 20 vördsammast
709 628 117 27 hemställa,
841 634 34 14 om

126 664 48 20 icke
189 664 89 20 Ståndet
291 662 49 20 ville
356 662 91 27 benäget
462 662 31 20 till
509 662 58 20 Hans
583 662 118 27 Kejserliga
715 663 96 26 Majestät
825 663 51 27 ingå

128 698 47 20 med
190 705 27 14 en
232 697 131 27 underdånig
378 698 88 26 petition
481 697 85 20 derom:

194 734 31 19 att
239 732 57 20 Hans
311 732 97 26 Majestät
423 731 81 21 täcktes
521 732 7 19 i
543 731 66 21 nåder
623 731 43 20 låta
681 732 95 20 utarbeta
790 732 40 20 och
841 732 35 20 vid

126 767 101 27 landtdag
240 766 109 27 förelägga
363 766 81 20 landets
464 766 91 20 Ständer
573 766 136 26 proposition,
732 766 144 20 innefattande

128 802 78 26 förslag
225 801 32 20 till
276 807 26 13 en
320 800 122 27 fullständig
457 800 35 27 lag
507 800 112 27 angående
634 800 80 20 litterär
729 801 39 20 och
783 800 93 21 artistisk

128 836 91 27 egande-
235 836 40 20 och
290 835 126 27 förlagsrätt.

195 869 138 27 Helsingfors,
349 869 41 20 den
406 868 26 21 17
448 869 102 21 Februari
567 869 59 20 1872.

665 903 25 20 G.
704 903 115 21 Ehrström.

194 1007 33 21 Då
242 1007 100 20 utskottet.
357 1007 32 20 till
406 1007 130 27 behandling
551 1007 96 26 upptagit
660 1006 141 21 ofvannämda
812 1007 65 26 fråga,

129 1043 35 20 har
180 1042 36 20 det
230 1042 74 20 främst
317 1043 62 18 fästat
394 1042 32 19 sin
440 1041 189 27 uppmärksamhet
644 1041 80 26 dervid,
744 1043 31 18 att
790 1041 40 20 den
846 1041 31 20 in-

128 1076 132 21 tellektuella
270 1076 51 20 eller
332 1076 86 27 andliga
432 1075 153 28 eganderätten
596 1075 138 21 öfverhufvud
744 1076 7 19 i
762 1075 46 20 vårt
818 1075 60 21 lands

128 1111 134 27 lagstiftning
277 1110 73 20 hittills
365 1110 83 27 lyckats
465 1110 100 20 tillvinna
580 1110 32 27 sig
628 1110 52 20 blott
694 1117 26 13 en
736 1110 143 27 öfvergående

129 1145 190 27 uppmärksamhet,
340 1145 107 26 nämligen
465 1145 7 20 i
487 1144 298 27 Tryckfrihetsförordningen
801 1144 24 20 af
837 1144 41 20 den

128 1180 27 20 18
169 1179 44 21 Juli
231 1179 60 26 1865,
306 1179 86 20 hvilken
408 1179 126 27 författning
553 1179 55 27 egde
624 1179 86 20 bestånd
725 1179 66 20 under
806 1185 26 13 en
848 1178 30 21 tid

128 1215 23 20 af
165 1213 75 21 endast
259 1215 30 18 ett
307 1213 39 20 och
369 1215 31 18 ett
416 1213 53 20 halft
487 1213 30 20 år.
549 1213 44 20 Och
609 1213 55 20 dock
680 1213 37 20 bör
732 1213 71 20 denna
815 1215 43 18 rätt
871 1213 8 19 i

130 1249 72 26 hvarje
219 1254 54 14 mera
288 1247 123 21 utveckladt
433 1248 103 20 samhälle
556 1254 51 14 vara
623 1247 45 20 lika
687 1247 136 27 respekterad
839 1247 39 20 .och

130 1283 31 20 till
176 1283 47 20 sina
237 1282 76 20 former
328 1282 102 26 bestämd,
448 1288 44 14 som
509 1282 74 27 hvarje
597 1288 70 14 annan
682 1282 130 27 eganderätt.
841 1281 37 20 8ä-

130 1323 44 14 som
194 1316 79 21 bekant
290 1316 68 27 ligger
376 1316 108 27 nämligen
505 1318 126 25 ursprunget
648 1316 32 20 till
694 1316 42 21 alla
750 1315 129 21 rätteförhäl-

130 1351 84 26 landen,
237 1350 73 21 hvilka
328 1353 48 18 röra
396 1351 112 26 egendom,
530 1351 7 19 i
552 1351 179 26 mensklighetens
746 1350 134 20 verksamhet

129 1385 51 20 eller
198 1385 80 26 arbete,
300 1385 82 20 hvilket
401 1385 165 26 nödvändigtvis
583 1385 32 20 till
629 1385 51 26 följe
695 1385 23 20 af
730 1385 32 19 sin
778 1384 101 27 mängfal-

130 1419 50 27 diga
195 1421 33 18 art
242 1419 90 20 fördelar
347 1419 33 26 sig
394 1419 28 26 pä
436 1419 141 20 individerne.
608 1419 30 20 De
649 1419 109 20 bestämda
767 1418 112 21 förhällan-

130 1453 49 25 den,
194 1453 73 20 hvilka
286 1453 124 26 härigenom
430 1453 131 26 uppkomma
575 1453 40 20 och
630 1456 95 17 närmare
740 1453 68 20 ordna
821 1453 58 20 arbe-

130 1488 40 19 tets
186 1486 126 27 fördelning,
327 1486 58 21 finna
400 1486 35 21 sitt
450 1493 68 14 sanna
534 1486 82 28 uttryck
631 1487 8 20 i
650 1486 231 28 egendomsbegreppet
