1070 1739
223 137 23 17 80

189 201 38 26 ligt
250 201 40 20 den
314 203 71 18 senast
404 201 75 26 gjorda
497 201 152 26 repartitionen
669 201 47 20 med
737 201 35 20 101
796 200 81 27 lispund
895 199 44 20 från

190 235 72 26 hvarje
278 235 85 26 mantal,
379 235 82 20 hvilket
480 235 84 26 belopp,
584 235 27 20 då
631 235 131 20 förbemälde
782 234 157 27 proviantkom-

190 269 85 20 mission
299 269 47 20 icke
370 269 71 20 vidare
465 269 54 27 ägde
542 269 95 26 uppbära
660 269 170 26 räntepersedlar
852 269 6 19 i
877 268 63 24 länet,

189 303 68 20 skulle
272 304 100 26 antingen
389 304 55 20 lösas
459 304 54 20 efter
529 303 193 27 markegångspris,
738 303 47 20 med
805 301 135 28 godtgörelse

189 338 23 19 af
226 339 11 18 5
253 338 70 26 kopek
347 338 70 20 banko
441 338 32 20 för
495 339 71 26 pudet,
586 338 51 20 eller
657 338 35 20 vid
713 337 64 21 behof
795 337 104 20 levereras
919 336 20 19 in

190 375 80 17 natura.
296 371 51 21 Men
364 373 274 26 donationslägenheternas
658 373 66 20 åboer
739 372 57 27 fingo
812 371 128 20 fortfarande

190 407 52 19 efter
265 406 131 20 förbemälda
419 407 119 26 personella
558 403 67 30 grund
642 409 74 24 utgöra
732 406 117 26 gärdehöet
865 405 45 20 med
927 405 12 19 2

189 440 83 26 lispund
289 441 11 19 7
317 440 110 26 skålpund,
447 440 147 20 motsvarande
615 440 37 27 1!/,
674 440 48 27 pud,
742 440 31 20 för
793 440 71 25 hvarje
883 439 10 25 å
910 438 28 20 lä-

189 474 131 27 genheterna
336 475 67 19 bosatt
420 481 143 20 mansperson,
579 481 43 14 som
639 475 69 27 enligt
724 474 57 20 äldre
793 474 148 26 författningar

190 509 61 19 bordt
268 509 88 27 erlägga
373 509 129 26 poduschnie
521 509 68 27 afgift,
609 509 39 20 och
664 510 56 19 löses
736 508 69 20 denna
820 508 51 26 gärd
887 507 53 20 efter

190 544 184 26 markegängspris
398 544 46 20 med
468 544 73 26 afdrag
557 544 22 19 af
593 544 12 20 5
627 544 70 26 kopek
722 543 70 20 banko
816 542 31 20 för
869 542 71 26 pudet,

189 578 116 26 hvarjemte
320 578 138 20 förenämnde
477 578 149 27 repartitioner
642 578 67 20 mäste
725 576 92 28 gvarstä,
833 578 50 18 enär
899 576 39 19 den

188 612 113 20 obesuttna
323 612 152 26 befolkningen
491 612 12 20 &
519 612 269 27 donationslägenheterna
807 613 23 17 är
850 610 88 26 fritagen

189 646 44 20 frän
250 646 69 20 denna
334 646 62 26 skatt,
412 646 68 20 säsom
496 646 62 20 äfven
575 646 83 20 rättvist
674 649 29 23 är,
713 646 27 20 dä
756 646 39 19 den
812 644 126 26 ursprungli-

188 687 41 20 gen
246 680 54 20 varit
315 687 26 13 en
354 680 113 26 jordskatt.

258 714 62 21 Såväl
336 715 46 20 med
399 715 100 20 afseende
515 714 11 20 å
542 715 129 20 sistberörda
694 714 162 26 omständighet,
872 713 66 20 hvari-

188 754 77 21 genom
289 756 25 12 en
338 748 131 28 fullkomligt
492 749 105 26 personell
618 750 51 26 gärd
686 749 89 20 kommit
790 750 31 18 att
836 747 104 27 påbördas

188 782 93 20 åboerne
304 782 11 20 å
338 783 263 27 donationslägenheterna
624 784 62 19 äfven
710 783 31 19 till
764 783 40 19 den
831 782 40 24 del,
894 788 44 13 som

189 816 64 21 borde
269 819 83 24 utgöras
373 818 23 19 af
411 817 160 27 inhysingarne,
591 824 45 14 som
659 817 40 21 ock
722 816 89 21 emedan
836 816 102 26 ifrägava-

188 851 66 20 rande
270 851 120 26 personella
400 852 68 26 afgift,
480 852 66 26 enligt
557 852 152 26 petitionärens
725 850 144 25 förmenande,
886 850 52 20 hade

188 884 62 20 bordt
265 885 128 21 bortlemnas
408 886 127 20 åtminstone
551 886 45 20 från
612 886 41 20 den
670 886 30 20 tid
713 885 152 26 befolkningen
876 884 6 19 i
894 884 45 20 Wi-

188 918 63 27 borgs
267 919 42 26 län,
324 920 6 19 i
346 920 68 20 likhet
429 920 47 20 med
493 920 39 20 den
549 920 6 20 i
572 920 35 20 det
622 920 69 27 öfriga
706 920 78 24 landet,
801 918 65 21 betalt
881 925 57 13 man-

188 953 165 27 talspenningar,
374 954 73 20 hvilka
470 955 54 19 trädt
543 955 6 18 i
565 954 69 20 stället
657 955 32 19 för
713 953 226 27 poduschnieafgiftev,

188 986 108 21 äfvensom
316 987 27 20 då
365 988 187 27 gärdehöskatten,
575 988 66 27 enligt
663 988 99 25 gällande
786 987 152 26 författningar.

187 1021 53 19 skall
257 1021 105 26 uppbäras
376 1022 8 19 i
401 1022 57 20 länet
473 1023 74 20 endast
562 1023 104 20 intilldess
677 1029 29 20 ny
718 1021 159 27 skattläggning
893 1021 44 20 der-

187 1055 71 20 städes
275 1055 73 20 hunnit
366 1056 130 27 fullständigt
516 1057 130 26 verkställas,
664 1056 82 20 hvilket
761 1056 5 19 i
779 1055 40 20 det
835 1057 103 18 närmaste

188 1096 88 13 numera
291 1093 22 16 är
329 1090 65 26 fallet,
410 1091 95 20 anhåller
527 1091 149 26 petitionären,
699 1092 31 18 att
752 1090 36 19 det
808 1089 130 20 hedervärda

188 1123 157 21 Bondeståndet
366 1125 50 20 ville
439 1125 31 20 till
493 1125 57 20 Hans
573 1125 119 26 Kejserliga
712 1124 98 26 Majestät
824 1123 50 27 ingå
889 1123 47 20 med

187 1164 25 13 en
226 1158 132 27 underdånig
373 1159 87 26 petition
477 1159 79 26 derom,
572 1161 30 18 att
621 1158 165 48 gardehömedel
803 1157 46 20 icke
866 1157 71 20 vidare

188 1191 64 20 måtte
267 1193 7 18 i
290 1192 100 27 Wiborgs
405 1193 35 20 län
457 1175 110 45 uppbäras.

254 1226 32 20 Af
299 1227 35 20 det
348 1233 44 14 som
409 1227 63 20 ofvan
493 1228 79 19 anförts
593 1227 59 20 torde
673 1227 89 26 framgå,
778 1228 30 19 att
823 1226 115 27 gärdehöet

187 1259 45 20 från
256 1260 78 21 skatte-
350 1261 40 20 och
413 1262 220 27 kronolägenheterna
648 1263 6 18 i
673 1261 101 26 Wiborgs
800 1261 33 19 län
857 1260 80 27 utgår
926 1255 15 38 i

187 1294 71 20 stället
277 1295 32 20 för
324 1295 40 20 den
380 1296 173 27 afradsspanmål,
569 1303 44 13 som
632 1296 24 20 af
672 1295 108 20 ordinarie
802 1297 73 17 räntan
899 1294 38 19 och

186 1329 86 20 tionden
290 1329 53 20 varit
357 1329 82 21 kronan
456 1330 104 20 behållen.
590 1330 32 20 Då
640 1329 145 28 nyssnämnde
805 1328 133 25 skattetitlar,

182 1363 87 25 jemlikt
291 1364 284 27 Landtmäterireglementet
597 1364 40 20 den
664 1365 24 19 15
713 1363 41 26 Maj
777 1363 60 25 1848,
854 1362 84 20 komma

185 1400 30 17 att
232 1397 50 27 utgå
298 1398 52 20 efter
366 1398 40 20 den
424 1398 150 27 undervisning
590 1398 38 20 och
645 1398 25 20 de
687 1397 69 26 öfriga
775 1396 163 26 bestämningar,

186 1438 44 14 som
246 1432 56 26 lagts
317 1432 30 19 till
366 1432 68 27 grund
458 1432 31 20 för
512 1432 39 20 den
576 1439 42 19 nya
640 1431 196 26 skattläggningen,
852 1430 84 19 hvilken

185 1466 51 26 åter,
256 1466 66 26 enligt
338 1466 90 26 .Nädiga
450 1467 85 19 Brefvet
557 1466 30 20 till
612 1466 139 20 Guvernören
767 1465 6 19 i
791 1464 97 26 Wiborgs
903 1464 34 20 län
