1070 1739
228 147 35 17 290

195 212 53 20 talet
267 213 23 20 af
303 214 97 26 gratister
414 214 28 26 på
457 214 72 27 hvarje
545 214 58 20 klass
618 214 6 19 i
640 214 114 20 allmänhet
769 214 125 21 inskränkas
909 214 32 19 till

196 247 38 26 sju,
250 247 69 21 derest
333 248 47 21 icke
395 248 48 27 laga
458 248 69 21 förfall
543 249 83 20 hindrat
642 249 64 20 sådan
722 249 57 20 elevs
791 249 148 27 uppflyttning.

196 281 46 21 Med
266 282 93 21 sökande
382 283 30 20 till
435 283 71 27 lediga
524 283 104 27 friplatser
648 283 52 20 skall
716 283 28 27 på
759 285 62 18 utsatt
837 283 40 27 dag
893 283 47 20 kort

194 316 45 20 före
262 317 158 20 läseterminens
444 317 73 27 början
537 318 99 20 anställas
656 317 98 21 särskildt
770 317 80 27 förhör,
866 317 72 20 dervid

194 351 26 20 de
243 351 57 20 efter
318 351 181 28 lärarekollegiets
518 352 98 27 pröfning
636 354 52 18 mest
708 352 118 27 begåfvade
841 352 97 20 eleverne

195 385 63 21 hafva
280 385 156 21 företrädesrätt
457 387 31 20 till
511 387 121 26 åtnjutande
655 387 23 20 af
694 386 65 27 sagde
779 387 88 19 förmon.
897 386 42 19 Har

194 420 74 26 gratist
291 420 66 20 under
380 421 146 20 läseterminen
546 421 48 20 icke
610 421 114 27 ådagalagt
740 421 111 25 berömligt
865 421 73 25 uppfö-

193 454 73 26 rande,
281 461 49 13 vare
346 455 128 26 rättigheten
490 455 30 20 till
537 455 81 27 friplats
633 454 119 21 förverkad.
782 455 25 26 Ej
823 454 66 21 heller
906 455 32 19 mä

193 488 55 27 elev,
266 495 43 13 som
325 488 48 21 icke
388 489 81 21 kunnat
482 490 57 20 inom
555 490 138 20 föreskrifven
710 490 28 19 tid
756 489 31 20 till
802 490 64 26 högre
882 489 56 20 klass

192 522 121 28 uppflyttas,
329 523 80 27 åtnjuta
424 524 82 20 fortsatt
521 524 98 29 befrielse
630 524 45 20 från
687 524 155 26 terminsafgift,
853 523 85 20 såframt

193 558 19 26 ej
228 557 92 21 särdeles
335 558 124 25 bevekande
474 559 46 20 skäl
536 559 32 20 till
584 559 106 27 undantag
706 558 138 20 förekomma.

260 592 80 20 Rektor
355 592 35 21 vid
405 593 130 26 fullständigt
549 594 83 26 lyceum
644 595 115 18 -utnämnes
774 593 23 20 af
808 592 91 21 Senaten
910 592 27 27 pä

191 626 42 20 fem
250 626 22 20 år
287 626 62 21 bland
365 629 31 18 tre
411 628 23 19 af
448 628 129 20 läroverkets
593 628 105 20 ordinarie
713 628 74 25 lärare,
803 633 45 14 som
859 627 23 20 af
890 626 44 21 kol-

191 662 77 26 legium
292 660 67 21 blifvit
382 662 68 20 dertill
472 668 76 21 genom
568 662 33 20 val
621 662 126 26 föreslagne,
762 662 81 20 hvilket
858 661 78 27 förslag

191 696 162 26 öfverstyrelsen
376 702 51 21 eger
444 697 65 26 jemte
529 698 49 25 eget
593 696 107 21 utlåtande
715 696 31 20 till
762 696 102 20 Senatens
880 696 54 20 Eko-

192 730 230 26 nomie-Departement
442 731 95 20 insända.
569 731 41 20 Vid
633 731 65 20 andra
722 730 213 21 elementarläroverk

191 767 111 18 utnämnes
317 764 70 21 rektor
402 765 23 19 af
438 765 168 27 öfverstyrelsen.

258 800 10 19 I
283 799 59 27 fråga
362 806 33 13 om
415 799 101 27 behöfligt
533 800 56 20 antal
604 800 23 20 af
640 800 57 20 olika
712 800 54 26 slags
781 800 77 26 skolor,
874 800 60 20 deras

190 834 108 26 pläcering
317 834 37 20 och
376 834 85 20 dermed
477 834 100 20 förenade
592 834 114 20 kostnader
720 836 66 24 yttrar
801 834 132 26 öfverstyrel-

190 875 44 19 sen,
257 870 30 18 att
309 868 25 20 de
357 868 34 20 två
411 868 143 20 förstnämnda
573 868 206 27 omständigheterna
795 868 50 20 böra
861 868 30 20 till
908 875 24 13 en

190 903 42 19 viss
252 903 52 26 grad
324 902 80 20 lemnas
424 902 104 21 beroende
543 903 24 19 af
580 903 97 20 framtida
692 902 127 26 erfarenhet,
835 910 47 13 men
898 903 35 20 vill

190 936 62 27 dock,
272 937 31 19 för
322 939 30 18 att
367 938 19 25 ej
402 938 71 19 lemna
487 938 40 19 den
544 938 80 26 vigtiga
639 938 119 19 finansiella
773 938 59 19 sidan
848 938 21 19 åt
884 938 48 20 obe-

188 971 106 20 stämbara
309 971 132 26 möjligheter
456 971 108 28 förelägga
579 979 26 13 en
622 972 63 26 tablå,
701 972 109 20 utvisande
826 972 12 19 å
853 979 39 13 ena
906 973 26 19 si-

188 1005 41 20 dan
250 1005 136 20 läroverkens
401 1006 7 19 i
424 1006 87 20 Finland
532 1007 136 25 närvarande,
685 1006 12 20 &
712 1006 65 20 andra
795 1006 61 20 sidan
873 1006 59 20 deras

188 1046 43 19 nya
252 1039 108 28 placering
380 1040 64 20 sådan
464 1041 40 19 den
523 1041 105 20 sannolikt
643 1041 84 20 komme
743 1043 30 18 att
789 1040 65 20 blifva
869 1041 63 20 refor-

188 1080 59 13 mens
268 1074 133 26 slutresultat,
414 1075 65 26 jemte
495 1081 24 14 en
537 1075 153 26 approximativ
707 1075 118 26 beräkning
840 1075 23 20 af
876 1075 56 20 kost-

187 1108 100 27 naderna,
307 1115 23 13 ur
349 1109 86 21 hvilken
452 1109 63 20 borde
531 1109 81 27 framgå
626 1111 30 18 att
672 1109 142 20 kostnaderna
829 1109 31 20 för
875 1109 56 20 skol-

187 1142 74 20 verket
276 1142 112 21 framdeles
403 1143 39 20 och
458 1143 126 21 åtminstone
599 1144 65 20 under
679 1150 26 13 en
717 1143 72 27 längre
801 1143 29 20 tid
842 1144 19 26 ej
871 1143 60 24 kom-

187 1183 33 13 me
242 1178 31 18 att
292 1177 114 27 öfverstiga
426 1178 24 20 de
470 1179 128 20 närvarande
614 1178 106 27 anslagen,
736 1177 86 20 såframt
837 1177 44 21 deri
897 1179 35 19 det

184 1211 32 20 till
232 1211 97 27 omkring
345 1212 76 25 50,000
437 1213 57 20 mark
510 1213 124 26 uppgående
650 1212 165 27 hyresbeloppet
830 1212 31 20 för
877 1213 53 20 läro-

185 1245 90 20 verkens
290 1245 80 20 lokaler
385 1246 48 20 icke
448 1247 160 20 inberäknades.
632 1247 72 26 Enligt
721 1247 52 19 1871
791 1246 32 20 års
839 1249 40 18 stat
895 1253 35 14 var

184 1280 107 27 nemligen
307 1279 31 20 för
353 1280 99 21 skolorna
467 1281 95 27 anslaget
577 1281 88 26 798,099
683 1281 59 20 mark
758 1281 25 20 29
800 1281 63 26 penni
877 1283 53 18 samt

183 1315 7 18 i
206 1314 64 27 hyror.
293 1314 76 26 46,200
392 1315 52 20 eller
467 1316 136 20 tillsammans
625 1315 89 26 844,299
736 1315 59 20 mark
815 1315 26 20 29
858 1316 70 25 penni.

181 1349 73 26 Enligt
277 1349 173 26 öfverstyrelsens
473 1350 76 27 förslag
572 1350 69 19 blefve
662 1351 67 18 stäten
751 1349 90 26 840,500
862 1350 66 25 mark,

181 1383 94 26 hyrörna
299 1383 141 20 oberäknade.
478 1383 66 20 Dessa
569 1384 71 24 borde,
666 1384 66 26 enligt
754 1383 174 27 öfverstyrelsens

180 1417 72 26 tanke,
272 1417 102 20 bestridas
390 1424 23 13 ur
428 1418 40 21 den
484 1423 76 22 genom
576 1418 109 20 elevernes
700 1416 173 29 terminsafgifter
889 1418 36 20 bil-

180 1451 53 20 dade
254 1451 104 26 skolfond,
378 1451 61 20 hvars
455 1452 67 26 årliga
536 1452 122 25 inkomster,
673 1453 7 19 i
697 1452 51 26 följd
765 1452 22 19 af
801 1452 124 20 bestämnin-

178 1492 65 20 garne
259 1486 7 18 i
283 1485 99 27 förslaget
397 1486 90 26 ansägos
503 1486 84 20 komma
601 1488 30 18 att
646 1486 125 20 åtminstone
788 1486 127 21 fördubblas.
