1070 1739
194 141 34 18 408

164 211 27 20 ny
206 204 70 27 Nådig
291 206 128 26 proposition
435 207 6 19 i
457 208 77 23 ämnet,
550 211 43 15 som
610 205 68 21 skulle
692 205 23 20 af
725 205 57 20 Hans
792 204 119 27 Kejserliga

164 239 96 27 Majestät
275 239 117 22 Ständerna
413 241 34 20 vid
464 240 174 21 nästkommande
660 240 102 27 landtdag
784 239 126 27 föreläggas,

164 274 37 20 allt
216 274 26 27 på
257 277 41 18 sätt
313 275 52 20 Vårt
380 275 144 27 underdåniga
539 281 48 14 svar
602 275 23 20 af
638 275 39 20 den
696 275 24 20 16
732 274 101 21 sistvikne
850 273 59 27 April

165 312 95 17 närmare
276 309 84 20 utvisar.

510 352 11 23 s
538 351 32 18 11.

234 395 56 20 Hans
306 395 117 28 Kejserliga
438 397 107 25 Majestäts
561 395 83 28 Nädiga
658 396 129 27 proposition
799 394 111 28 angäende

166 429 114 20 anvisande
295 430 23 19 af
332 430 90 20 kreditiv
438 430 12 20 ä
465 430 99 20 Finlands
580 430 59 20 Bank
650 431 32 19 till
696 429 213 30 undsättningsätgär-

166 464 37 20 der
219 464 66 20 under
301 464 123 20 missvexter
442 464 51 20 eller
511 464 66 20 andra
601 464 176 26 utomordentliga
796 464 65 20 behof
874 464 37 19 har

166 498 23 20 af
202 498 39 20 Oss
258 498 85 20 bifallits
359 499 46 19 med
422 499 26 20 de
464 498 109 26 förbehäll,
583 505 43 13 som
643 498 67 20 finnes
726 498 29 20 uti
771 498 50 20 Värt
837 498 74 20 under-

167 532 77 27 däniga
259 539 48 13 svar
322 533 23 19 af
358 533 40 20 den
415 533 26 20 25
458 532 104 20 nästlidne
578 533 59 26 April
652 532 94 27 angifna.

513 593 10 21 s
541 591 30 19 12.

236 635 68 21 Sedan
327 636 57 20 Hans
407 636 117 27 Kejserliga
544 636 96 26 Majestät
655 636 28 20 uti
699 635 68 27 Nädig
784 635 128 27 proposition

168 670 109 26 angående
301 670 61 20 väckt
385 670 58 27 fråga
465 677 33 13 om
521 670 122 27 försäljning
662 671 24 19 af
701 670 212 26 statsjernvägarne
901 666 16 35 i

169 704 71 20 landet
256 704 55 20 velat
326 704 94 20 inhemta
435 704 42 21 Vår
493 705 64 20 tanke
571 705 109 27 angående
704 704 41 20 den
768 704 145 26 ifrägakomna

169 738 157 27 försäljningen,
343 739 61 20 hafva
427 739 48 20 Vii
491 739 168 27 underdänighet
680 738 90 27 afstyrkt
793 738 121 20 densamma

170 772 26 26 pä
211 775 40 17 sätt
266 772 52 20 Värt
333 774 144 26 underdäniga
491 780 48 14 svar
554 774 23 20 af
588 774 39 20 den
640 774 12 20 2
663 773 102 20 sistvikne
777 773 40 25 Maj
830 772 83 20 utvisar.

516 834 10 20 S
543 832 32 18 13.

236 876 10 19 I
262 876 114 27 anledning
392 877 22 19 af
428 877 56 19 Hans
500 876 117 27 Kejserliga
632 876 108 26 Majestäts
756 876 29 19 till
802 876 39 20 Oss
857 875 57 20 aflåt-

171 916 26 13 na
212 910 84 26 Nådiga
317 911 129 26 proposition
470 911 109 27 angående
601 911 72 27 tillägg
694 910 31 20 till
744 910 125 26 stadgandet
884 912 30 17 rö-

171 944 64 19 rande
257 945 95 26 grunden
376 945 31 19 för
430 945 98 20 Finlands
551 945 69 20 Banks
643 944 225 27 sedelutgifningsrätt,
888 944 28 19 uti

171 978 85 20 hvilken
272 979 82 26 Nådiga
370 980 128 26 proposition
522 979 57 20 Hans
602 979 117 26 Kejserliga
739 979 96 26 Majestät
850 979 65 19 öfver-

171 1013 78 19 lemnat
271 1013 57 20 detta
351 1014 78 19 ärende
452 1013 31 20 till
505 1014 40 19 den
561 1013 27 27 på
608 1013 38 20 Oss
665 1013 155 20 ankommande
835 1013 81 26 åtgärd,

171 1047 61 19 hafve
251 1047 27 20 Vi
298 1047 127 20 beträffande
449 1048 68 19 denna
539 1048 59 27 fråga
617 1050 85 17 stannat
717 1048 6 18 i
740 1047 35 20 det
791 1047 67 20 beslut
873 1047 42 20 Vår

171 1081 144 26 underdåniga
330 1081 110 20 skrifvelse
456 1083 23 18 af
492 1082 39 19 den
549 1083 11 18 6
577 1082 103 20 nästlidne
697 1081 41 26 Maj
754 1081 22 20 af
790 1081 32 26 sig
838 1081 60 20 visar.

519 1142 10 21 s
547 1140 30 19 14.

240 1184 69 20 Sedan
325 1184 57 20 Hans
398 1185 117 26 Kejserliga
530 1185 95 26 Majestät
640 1185 46 19 lätit
702 1184 109 26 förelägga
826 1184 40 19 Oss
876 1183 40 20 Nä-

172 1219 35 25 dig
223 1219 128 26 proposition
368 1225 34 14 om
421 1219 124 20 förändrade
568 1219 130 26 stadganden
722 1217 89 20 rörande
830 1217 40 20 den
887 1218 30 19 är-

172 1253 44 26 liga
231 1253 119 20 revisionen
366 1253 23 20 af
401 1253 100 20 Finlands
523 1253 70 20 Banks
615 1252 94 20 tillständ
732 1252 39 19 och
791 1251 127 28 förvaltning

172 1289 53 18 samt
241 1287 139 20 öfverlemnat
396 1287 57 20 detta
472 1287 77 20 ärende
564 1287 31 20 till
611 1287 40 20 den
667 1287 27 26 pä
710 1286 39 19 Oss
764 1286 154 20 ankommande

172 1321 81 26 åtgärd,
270 1321 62 20 hafva
347 1322 26 19 Vi
390 1321 129 21 beträffande
542 1321 69 20 denna
630 1321 59 27 fråga
705 1321 59 19 fattat
787 1320 74 20 sådant
885 1320 32 20 be-

172 1355 48 26 slut,
235 1362 45 13 som
296 1356 117 20 innehålles
428 1356 29 20 uti
474 1356 50 19 Vårt
540 1355 143 27 underdåniga
694 1361 48 14 svar
753 1355 22 20 af
784 1355 39 19 den
837 1355 11 19 6
861 1361 56 20 nyss-

173 1389 64 21 vikne
253 1390 49 26 Maj.

520 1433 10 21 s
548 1431 30 19 15.

240 1475 44 20 Hos
307 1476 56 20 Hans
387 1475 114 27 Kejserligo
525 1476 95 26 Majestät
643 1476 62 19 hafve
724 1475 27 19 Vi
766 1475 6 18 i
790 1474 130 27 underdänig
