1070 1739
220 138 23 17 66

188 201 23 20 af
227 201 84 20 skatten
327 201 11 20 &
354 202 26 20 de
398 201 115 21 bestående
538 202 156 26 tullgvarnarna
717 202 70 20 blefve
810 201 128 28 medgifven.

187 235 33 19 Då
238 235 107 20 dessutom
369 236 89 27 mången
482 243 63 20 egare
569 236 31 20 till
623 237 180 26 husbehofsqvarn
830 236 46 20 icke
903 235 34 19 vill

187 271 108 25 emottaga
317 270 75 20 andras
412 271 37 19 säd
471 271 30 19 till
517 271 135 26 förmalning,
672 271 68 20 skulle
763 271 52 20 hans
837 276 100 21 qvarnars

188 303 161 28 skattläggande
374 305 45 20 med
443 305 36 26 thy
503 305 115 26 åtföljande
642 305 123 27 skyldighet
783 305 30 20 till
835 305 102 23 tullmäld,

188 340 74 24 utgöra
277 341 30 18 ett
322 339 32 20 för
373 339 81 20 landets
475 340 58 26 lagar
555 340 130 20 fremmande
706 340 88 26 ingrepp
810 340 6 19 i
833 340 52 19 hans
901 346 34 13 en-

186 372 70 21 skilda
272 373 140 27 hushållning.
767 383 6 4 ä

256 407 40 20 Det
312 407 40 20 kan
369 409 117 20 emellertid
503 409 47 20 icke
567 409 109 20 förnekas:

256 444 30 17 att
301 442 6 19 i
323 448 25 14 en
365 442 33 20 del
414 442 80 20 trakter
509 443 23 19 af
546 442 72 20 landet
633 442 180 27 tullmjölgvarnar
828 442 65 20 finnas
905 442 30 19 till

186 475 23 19 så
224 476 62 26 ringa
301 476 55 20 antal
373 476 51 20 eller
439 477 23 19 så
478 476 59 26 långt
552 477 44 19 från
613 476 125 26 hvarandra,
754 479 30 17 att
800 476 99 20 behofvet
914 476 23 19 af

186 510 55 20 mäld
258 510 48 20 icke
322 511 40 19 kan
380 511 161 20 tillfredsställas
557 512 131 19 annorlunda
698 514 26 16 än
736 517 75 19 genom
825 510 62 26 långa
895 510 39 20 och

186 545 118 26 besvärliga
319 552 58 13 resor
392 545 52 20 eller
459 552 75 19 genom
552 545 120 27 lagstridigt
686 545 109 19 anlitande
806 544 23 20 af
839 547 95 17 närmare

186 579 90 27 belägna
292 579 204 27 husbehofsqvarnar
512 580 71 20 derest
597 580 78 19 sådane
692 579 75 25 finnas;

253 615 31 18 att
303 614 137 19 nästnämnde
456 620 101 20 qvarnars
569 614 151 19 förvandlande
736 614 29 19 till
783 613 149 26 tullmjölqvar-

185 654 37 13 nar
238 650 67 18 möter
320 648 74 20 hinder
410 648 45 20 dels
470 648 6 20 i
493 648 25 20 de
534 648 86 20 dermed
637 648 99 20 förenade
751 648 127 20 kostsamma
889 654 43 12 om-
942 668 6 2 .

184 681 87 27 gångar,
288 682 44 20 dels
348 682 6 19 i
370 682 133 20 föreskriften
518 689 33 13 om
567 690 25 12 en
605 685 74 17 tunnas
691 682 144 26 minimiskatt,
847 682 84 19 hvilken

184 716 26 19 de
226 719 78 17 smärre
320 716 64 20 blaud
399 716 62 20 dessa
476 716 47 20 icke
540 716 66 20 förmå
622 716 59 26 bära;

252 752 30 18 att
298 750 125 27 stadgandet
439 752 5 18 i
461 751 26 19 32
507 753 10 22 $
538 751 22 19 af
579 750 184 26 ofvanåberopade
785 750 84 26 Nådiga
892 750 39 19 för-

183 785 91 26 ordning
290 785 23 19 af
326 785 40 19 den
383 785 26 20 23
426 786 54 18 Mars
502 786 51 19 1868
574 785 100 27 möjligen
698 785 52 19 skall
774 784 111 20 framkalla
907 791 24 13 en

184 820 76 26 mängd
278 826 42 19 nya
335 820 100 26 tullmjöls
452 821 169 25 vattenqvarnar,
638 826 75 20 genom
730 819 73 19 hvilka
822 819 26 19 de
868 818 63 20 mäld-

183 853 145 20 behöfvandes
344 854 88 20 intresse
448 854 124 26 visserligen
590 854 120 26 befrämjas,
725 860 46 13 men
783 853 83 20 hvilkas
881 853 50 19 kon-

183 887 88 20 kurrens
288 888 45 19 med
351 888 26 19 de
393 888 5 19 i
414 888 129 26 granskapet
559 888 92 20 varande
670 888 58 19 äldre
744 888 129 25 tullqvarnar
889 887 41 19 må-

182 924 30 18 ste
236 928 62 14 anses
320 922 68 20 såsom
412 929 26 13 en
462 923 101 19 orättvisa
585 924 57 18 emot
665 922 67 25 dessa,
749 922 70 19 derest
835 922 18 25 ej
870 922 60 19 deras

181 955 63 25 skatt,
266 962 44 13 som
331 956 160 26 ursprungligen
514 956 69 19 blifvit
598 956 54 19 åsatt
667 956 47 19 med
732 955 117 26 beräkning
865 955 23 20 af
901 957 29 18 ett

181 989 51 20 visst
248 990 150 25 mäldområde,
415 990 39 19 blir
470 991 5 18 i
491 990 121 26 proportion
632 990 113 19 reducerad
767 992 48 17 utan
837 989 26 20 de
878 989 52 26 dyra

180 1023 118 27 omgångar
313 1024 31 19 för
360 1031 152 20 qvarnegaren,
528 1031 43 13 som
593 1024 195 26 skatteförmedling
805 1023 66 27 enligt
886 1025 42 24 gäl-

180 1057 62 20 lande
259 1058 147 26 författningar
422 1059 37 20 och
477 1059 71 26 praxis
563 1058 103 25 medföra;

250 1094 54 17 samt
311 1094 31 18 att
354 1092 35 20 det
400 1093 29 19 uti
437 1092 104 27 skogrika
553 1093 85 25 trakter,
650 1093 36 19 der
699 1092 50 27 berg
765 1092 38 20 och
821 1092 107 19 vattenfall

179 1125 49 20 icke
244 1125 74 27 finnas,
336 1129 47 17 utan
400 1127 73 20 tvifvel
492 1133 49 14 vore
557 1127 23 20 af
593 1134 55 19 gagn
665 1129 30 18 att
710 1127 133 26 ångqvarnar
859 1126 69 20 blefve

180 1160 114 26 inrättade;
310 1167 46 14 men
374 1168 32 13 om
424 1161 71 20 dessas
517 1161 123 26 rättigheter
662 1161 39 20 och
726 1161 152 26 skyldigheter,
894 1160 33 19 vid

179 1195 135 26 upptagande
330 1195 22 20 af
366 1195 130 20 fremmande
511 1195 63 26 mäld,
590 1195 77 20 saknas
682 1195 42 20 alla
737 1195 191 26 lagbestämningar

178 1228 77 20 liksom
281 1229 39 20 ock
344 1229 110 26 angående
480 1236 97 20 gvarnar,
600 1236 43 14 som
668 1229 105 20 bedrifvas
799 1229 47 20 med
873 1229 54 19 häst-

178 1262 61 20 kraft.

246 1297 72 19 Ehuru
335 1298 101 19 utskottet
452 1298 47 20 icke
517 1301 70 17 ansett
608 1298 160 26 qvarnskattens
791 1297 135 26 fullständiga

177 1330 117 26 aflyftande
317 1338 50 13 vara
382 1332 23 19 så
422 1332 193 27 maktpåliggande,
632 1334 29 18 att
683 1332 36 20 det
742 1332 30 20 för
796 1331 130 20 närvarande

177 1364 65 20 borde
269 1365 65 19 blifva
356 1365 87 20 föremål
467 1365 31 20 för
521 1373 25 13 en
571 1366 131 26 underdånig
724 1365 95 26 petition,
840 1365 85 20 hvilken

176 1398 107 20 dessutom
299 1399 106 20 sannolikt
422 1400 53 19 hade
490 1401 61 25 ringa
566 1401 65 26 utsigt
645 1402 30 17 att
691 1400 63 19 vinna
773 1399 79 26 Nådigt
869 1399 55 20 bifall

174 1432 63 20 äfven
254 1439 34 13 om
308 1433 117 27 bevillning
441 1434 97 26 erbjödes
554 1435 6 18 i
577 1434 69 20 stället
661 1435 32 19 för
708 1435 40 19 den
765 1434 66 19 under
847 1434 77 27 Styrel-

175 1473 49 13 sens
246 1467 124 26 disposition
395 1469 92 19 varande
510 1469 157 25 qvarnskatten,
692 1468 73 20 liksom
790 1468 101 20 utskottet
905 1470 19 25 ej
