<?xml version="1.0" encoding="UTF-8"?>
<alto xmlns="http://www.loc.gov/standards/alto/ns-v3#" xmlns:xlink="http://www.w3.org/1999/xlink" xmlns:xsi="http://www.w3.org/2001/XMLSchema-instance" xsi:schemaLocation="http://www.loc.gov/standards/alto/ns-v3# http://www.loc.gov/alto/v3/alto-3-0.xsd">
	<Description>
		<MeasurementUnit>pixel</MeasurementUnit>
		<sourceImageInformation>
			<fileName>/tmp/tess_jkty2cqi_input.PNG</fileName>
		</sourceImageInformation>
		<OCRProcessing ID="OCR_0">
			<ocrProcessingStep>
				<processingSoftware>
					<softwareName>tesseract 5.3.4</softwareName>
				</processingSoftware>
			</ocrProcessingStep>
		</OCRProcessing>
	</Description>
	<Layout>
		<Page WIDTH="1070" HEIGHT="1739" PHYSICAL_IMG_NR="0" ID="page_0">
			<PrintSpace HPOS="0" VPOS="0" WIDTH="1070" HEIGHT="1739">
				<ComposedBlock ID="cblock_0" HPOS="238" VPOS="149" WIDTH="34" HEIGHT="19">
					<TextBlock ID="block_0" HPOS="238" VPOS="149" WIDTH="34" HEIGHT="19">
						<TextLine ID="line_0" HPOS="238" VPOS="149" WIDTH="34" HEIGHT="19">
							<String ID="string_0" HPOS="238" VPOS="149" WIDTH="34" HEIGHT="19" WC="0.95" CONTENT="238"/>
						</TextLine>
					</TextBlock>
				</ComposedBlock>
				<ComposedBlock ID="cblock_1" HPOS="201" VPOS="213" WIDTH="747" HEIGHT="1267">
					<TextBlock ID="block_1" HPOS="204" VPOS="213" WIDTH="744" HEIGHT="200">
						<TextLine ID="line_1" HPOS="204" VPOS="213" WIDTH="742" HEIGHT="28">
							<String ID="string_1" HPOS="204" VPOS="214" WIDTH="58" HEIGHT="20" WC="0.96" CONTENT="detta"/><SP WIDTH="22" VPOS="214" HPOS="262"/>
							<String ID="string_2" HPOS="284" VPOS="214" WIDTH="64" HEIGHT="27" WC="0.96" CONTENT="vågar"/><SP WIDTH="22" VPOS="214" HPOS="348"/>
							<String ID="string_3" HPOS="370" VPOS="213" WIDTH="100" HEIGHT="21" WC="0.96" CONTENT="utskottet"/><SP WIDTH="23" VPOS="213" HPOS="470"/>
							<String ID="string_4" HPOS="493" VPOS="214" WIDTH="64" HEIGHT="21" WC="0.96" CONTENT="uttala"/><SP WIDTH="20" VPOS="214" HPOS="557"/>
							<String ID="string_5" HPOS="577" VPOS="214" WIDTH="40" HEIGHT="21" WC="0.97" CONTENT="den"/><SP WIDTH="20" VPOS="214" HPOS="617"/>
							<String ID="string_6" HPOS="637" VPOS="214" WIDTH="141" HEIGHT="27" WC="0.96" CONTENT="förhoppning"/><SP WIDTH="17" VPOS="214" HPOS="778"/>
							<String ID="string_7" HPOS="795" VPOS="216" WIDTH="31" HEIGHT="18" WC="0.96" CONTENT="att"/><SP WIDTH="15" VPOS="216" HPOS="826"/>
							<String ID="string_8" HPOS="841" VPOS="215" WIDTH="26" HEIGHT="20" WC="0.92" CONTENT="de"/><SP WIDTH="15" VPOS="215" HPOS="867"/>
							<String ID="string_9" HPOS="882" VPOS="213" WIDTH="64" HEIGHT="20" WC="0.90" CONTENT="finan-"/>
						</TextLine>
						<TextLine ID="line_2" HPOS="204" VPOS="248" WIDTH="743" HEIGHT="27">
							<String ID="string_10" HPOS="204" VPOS="249" WIDTH="52" HEIGHT="20" WC="0.92" CONTENT="siela"/><SP WIDTH="22" VPOS="249" HPOS="256"/>
							<String ID="string_11" HPOS="278" VPOS="249" WIDTH="158" HEIGHT="20" WC="0.96" CONTENT="förhållandena"/><SP WIDTH="21" VPOS="249" HPOS="436"/>
							<String ID="string_12" HPOS="457" VPOS="248" WIDTH="48" HEIGHT="21" WC="0.96" CONTENT="icke"/><SP WIDTH="20" VPOS="248" HPOS="505"/>
							<String ID="string_13" HPOS="525" VPOS="249" WIDTH="60" HEIGHT="20" WC="0.96" CONTENT="skola"/><SP WIDTH="20" VPOS="249" HPOS="585"/>
							<String ID="string_14" HPOS="605" VPOS="249" WIDTH="61" HEIGHT="20" WC="0.96" CONTENT="ställa"/><SP WIDTH="19" VPOS="249" HPOS="666"/>
							<String ID="string_15" HPOS="685" VPOS="251" WIDTH="65" HEIGHT="18" WC="0.96" CONTENT="större"/><SP WIDTH="20" VPOS="251" HPOS="750"/>
							<String ID="string_16" HPOS="770" VPOS="249" WIDTH="73" HEIGHT="20" WC="0.96" CONTENT="hinder"/><SP WIDTH="15" VPOS="249" HPOS="843"/>
							<String ID="string_17" HPOS="858" VPOS="249" WIDTH="7" HEIGHT="20" WC="0.96" CONTENT="i"/><SP WIDTH="15" VPOS="249" HPOS="865"/>
							<String ID="string_18" HPOS="880" VPOS="251" WIDTH="67" HEIGHT="24" WC="0.96" CONTENT="vägen"/>
						</TextLine>
						<TextLine ID="line_3" HPOS="204" VPOS="283" WIDTH="742" HEIGHT="27">
							<String ID="string_19" HPOS="204" VPOS="283" WIDTH="32" HEIGHT="20" WC="0.96" CONTENT="för"/><SP WIDTH="14" VPOS="283" HPOS="236"/>
							<String ID="string_20" HPOS="250" VPOS="283" WIDTH="131" HEIGHT="20" WC="0.96" CONTENT="underhållet"/><SP WIDTH="15" VPOS="283" HPOS="381"/>
							<String ID="string_21" HPOS="396" VPOS="283" WIDTH="23" HEIGHT="20" WC="0.96" CONTENT="af"/><SP WIDTH="13" VPOS="283" HPOS="419"/>
							<String ID="string_22" HPOS="432" VPOS="283" WIDTH="40" HEIGHT="20" WC="0.96" CONTENT="den"/><SP WIDTH="16" VPOS="283" HPOS="472"/>
							<String ID="string_23" HPOS="488" VPOS="283" WIDTH="69" HEIGHT="20" WC="0.96" CONTENT="finska"/><SP WIDTH="15" VPOS="283" HPOS="557"/>
							<String ID="string_24" HPOS="572" VPOS="283" WIDTH="136" HEIGHT="27" WC="0.96" CONTENT="afdelningen"/><SP WIDTH="17" VPOS="283" HPOS="708"/>
							<String ID="string_25" HPOS="725" VPOS="283" WIDTH="35" HEIGHT="20" WC="0.92" CONTENT="vid"/><SP WIDTH="15" VPOS="283" HPOS="760"/>
							<String ID="string_26" HPOS="775" VPOS="283" WIDTH="171" HEIGHT="20" WC="0.91" CONTENT="normalskolan"/><SP WIDTH="-9" VPOS="283" HPOS="946"/>
							<String ID="string_27" HPOS="937" VPOS="279" WIDTH="14" HEIGHT="35" WC="0.96" CONTENT="i"/>
						</TextLine>
						<TextLine ID="line_4" HPOS="204" VPOS="317" WIDTH="743" HEIGHT="27">
							<String ID="string_28" HPOS="204" VPOS="317" WIDTH="136" HEIGHT="27" WC="0.96" CONTENT="Helsingfors,"/><SP WIDTH="23" VPOS="317" HPOS="340"/>
							<String ID="string_29" HPOS="363" VPOS="320" WIDTH="25" HEIGHT="17" WC="0.96" CONTENT="än"/><SP WIDTH="24" VPOS="320" HPOS="388"/>
							<String ID="string_30" HPOS="412" VPOS="317" WIDTH="31" HEIGHT="20" WC="0.96" CONTENT="för"/><SP WIDTH="23" VPOS="317" HPOS="443"/>
							<String ID="string_31" HPOS="466" VPOS="317" WIDTH="129" HEIGHT="21" WC="0.95" CONTENT="inrättandet"/><SP WIDTH="21" VPOS="317" HPOS="595"/>
							<String ID="string_32" HPOS="616" VPOS="317" WIDTH="24" HEIGHT="20" WC="0.96" CONTENT="af"/><SP WIDTH="16" VPOS="317" HPOS="640"/>
							<String ID="string_33" HPOS="656" VPOS="317" WIDTH="108" HEIGHT="27" WC="0.96" CONTENT="åtskilliga"/><SP WIDTH="19" VPOS="317" HPOS="764"/>
							<String ID="string_34" HPOS="783" VPOS="325" WIDTH="43" HEIGHT="19" WC="0.95" CONTENT="nya"/><SP WIDTH="18" VPOS="325" HPOS="826"/>
							<String ID="string_35" HPOS="844" VPOS="317" WIDTH="103" HEIGHT="25" WC="0.96" CONTENT="läroverk,"/>
						</TextLine>
						<TextLine ID="line_5" HPOS="204" VPOS="351" WIDTH="743" HEIGHT="28">
							<String ID="string_36" HPOS="204" VPOS="351" WIDTH="82" HEIGHT="20" WC="0.93" CONTENT="hvilkas"/><SP WIDTH="20" VPOS="351" HPOS="286"/>
							<String ID="string_37" HPOS="306" VPOS="351" WIDTH="129" HEIGHT="27" WC="0.90" CONTENT="behöflighet"/><SP WIDTH="18" VPOS="351" HPOS="435"/>
							<String ID="string_38" HPOS="453" VPOS="352" WIDTH="39" HEIGHT="20" WC="0.96" CONTENT="och"/><SP WIDTH="17" VPOS="352" HPOS="492"/>
							<String ID="string_39" HPOS="509" VPOS="354" WIDTH="59" HEIGHT="25" WC="0.92" CONTENT="nytta"/><SP WIDTH="16" VPOS="354" HPOS="568"/>
							<String ID="string_40" HPOS="584" VPOS="352" WIDTH="93" HEIGHT="21" WC="0.91" CONTENT="hvarken"/><SP WIDTH="16" VPOS="352" HPOS="677"/>
							<String ID="string_41" HPOS="693" VPOS="352" WIDTH="24" HEIGHT="20" WC="0.96" CONTENT="af"/><SP WIDTH="13" VPOS="352" HPOS="717"/>
							<String ID="string_42" HPOS="730" VPOS="352" WIDTH="81" HEIGHT="20" WC="0.96" CONTENT="landets"/><SP WIDTH="16" VPOS="352" HPOS="811"/>
							<String ID="string_43" HPOS="827" VPOS="352" WIDTH="120" HEIGHT="27" WC="0.95" CONTENT="pedagoger"/>
						</TextLine>
						<TextLine ID="line_6" HPOS="204" VPOS="385" WIDTH="744" HEIGHT="28">
							<String ID="string_44" HPOS="204" VPOS="385" WIDTH="51" HEIGHT="21" WC="0.96" CONTENT="eller"/><SP WIDTH="15" VPOS="385" HPOS="255"/>
							<String ID="string_45" HPOS="270" VPOS="385" WIDTH="24" HEIGHT="21" WC="0.96" CONTENT="af"/><SP WIDTH="12" VPOS="385" HPOS="294"/>
							<String ID="string_46" HPOS="306" VPOS="386" WIDTH="40" HEIGHT="20" WC="0.96" CONTENT="den"/><SP WIDTH="16" VPOS="386" HPOS="346"/>
							<String ID="string_47" HPOS="362" VPOS="386" WIDTH="111" HEIGHT="27" WC="0.96" CONTENT="offentliga"/><SP WIDTH="14" VPOS="386" HPOS="473"/>
							<String ID="string_48" HPOS="487" VPOS="387" WIDTH="113" HEIGHT="26" WC="0.96" CONTENT="meningen"/><SP WIDTH="16" VPOS="387" HPOS="600"/>
							<String ID="string_49" HPOS="616" VPOS="387" WIDTH="120" HEIGHT="26" WC="0.96" CONTENT="veterligen"/><SP WIDTH="16" VPOS="387" HPOS="736"/>
							<String ID="string_50" HPOS="752" VPOS="387" WIDTH="69" HEIGHT="20" WC="0.96" CONTENT="blifvit"/><SP WIDTH="10" VPOS="387" HPOS="821"/>
							<String ID="string_51" HPOS="831" VPOS="386" WIDTH="117" HEIGHT="21" WC="0.96" CONTENT="förordade."/>
						</TextLine>
					</TextBlock>
					<TextBlock ID="block_2" HPOS="201" VPOS="420" WIDTH="746" HEIGHT="1025">
						<TextLine ID="line_7" HPOS="271" VPOS="420" WIDTH="676" HEIGHT="28">
							<String ID="string_52" HPOS="271" VPOS="421" WIDTH="46" HEIGHT="19" WC="0.96" CONTENT="Den"/><SP WIDTH="22" VPOS="421" HPOS="317"/>
							<String ID="string_53" HPOS="339" VPOS="420" WIDTH="68" HEIGHT="20" WC="0.93" CONTENT="finska"/><SP WIDTH="19" VPOS="420" HPOS="407"/>
							<String ID="string_54" HPOS="426" VPOS="421" WIDTH="169" HEIGHT="20" WC="0.91" CONTENT="normalskolans"/><SP WIDTH="19" VPOS="421" HPOS="595"/>
							<String ID="string_55" HPOS="614" VPOS="421" WIDTH="138" HEIGHT="27" WC="0.93" CONTENT="förläggande"/><SP WIDTH="20" VPOS="421" HPOS="752"/>
							<String ID="string_56" HPOS="772" VPOS="421" WIDTH="30" HEIGHT="19" WC="0.96" CONTENT="till"/><SP WIDTH="17" VPOS="421" HPOS="802"/>
							<String ID="string_57" HPOS="819" VPOS="421" WIDTH="128" HEIGHT="20" WC="0.95" CONTENT="Tavastehus"/>
						</TextLine>
						<TextLine ID="line_8" HPOS="204" VPOS="454" WIDTH="743" HEIGHT="28">
							<String ID="string_58" HPOS="204" VPOS="454" WIDTH="52" HEIGHT="21" WC="0.96" CONTENT="eller"/><SP WIDTH="14" VPOS="454" HPOS="256"/>
							<String ID="string_59" HPOS="270" VPOS="454" WIDTH="32" HEIGHT="20" WC="0.96" CONTENT="till"/><SP WIDTH="14" VPOS="454" HPOS="302"/>
							<String ID="string_60" HPOS="316" VPOS="454" WIDTH="70" HEIGHT="28" WC="0.96" CONTENT="någon"/><SP WIDTH="16" VPOS="454" HPOS="386"/>
							<String ID="string_61" HPOS="402" VPOS="462" WIDTH="69" HEIGHT="13" WC="0.96" CONTENT="annan"/><SP WIDTH="14" VPOS="462" HPOS="471"/>
							<String ID="string_62" HPOS="485" VPOS="457" WIDTH="33" HEIGHT="18" WC="0.96" CONTENT="ort"/><SP WIDTH="15" VPOS="457" HPOS="518"/>
							<String ID="string_63" HPOS="533" VPOS="458" WIDTH="26" HEIGHT="17" WC="0.93" CONTENT="än"/><SP WIDTH="12" VPOS="458" HPOS="559"/>
							<String ID="string_64" HPOS="571" VPOS="455" WIDTH="216" HEIGHT="27" WC="0.91" CONTENT="universitetsstaden,"/><SP WIDTH="11" VPOS="455" HPOS="787"/>
							<String ID="string_65" HPOS="798" VPOS="462" WIDTH="63" HEIGHT="20" WC="0.93" CONTENT="synes"/><SP WIDTH="8" VPOS="462" HPOS="861"/>
							<String ID="string_66" HPOS="869" VPOS="454" WIDTH="78" HEIGHT="21" WC="0.91" CONTENT="utskot-"/>
						</TextLine>
						<TextLine ID="line_9" HPOS="204" VPOS="489" WIDTH="743" HEIGHT="27">
							<String ID="string_67" HPOS="204" VPOS="491" WIDTH="36" HEIGHT="24" WC="0.96" CONTENT="tet,"/><SP WIDTH="16" VPOS="491" HPOS="240"/>
							<String ID="string_68" HPOS="256" VPOS="489" WIDTH="67" HEIGHT="21" WC="0.96" CONTENT="såsom"/><SP WIDTH="16" VPOS="489" HPOS="323"/>
							<String ID="string_69" HPOS="339" VPOS="489" WIDTH="65" HEIGHT="21" WC="0.93" CONTENT="redan"/><SP WIDTH="16" VPOS="489" HPOS="404"/>
							<String ID="string_70" HPOS="420" VPOS="490" WIDTH="109" HEIGHT="20" WC="0.91" CONTENT="ofvanföre"/><SP WIDTH="15" VPOS="490" HPOS="529"/>
							<String ID="string_71" HPOS="544" VPOS="490" WIDTH="111" HEIGHT="26" WC="0.91" CONTENT="antyddes,"/><SP WIDTH="15" VPOS="490" HPOS="655"/>
							<String ID="string_72" HPOS="670" VPOS="490" WIDTH="49" HEIGHT="20" WC="0.96" CONTENT="icke"/><SP WIDTH="16" VPOS="490" HPOS="719"/>
							<String ID="string_73" HPOS="735" VPOS="496" WIDTH="49" HEIGHT="14" WC="0.96" CONTENT="vara"/><SP WIDTH="11" VPOS="496" HPOS="784"/>
							<String ID="string_74" HPOS="795" VPOS="489" WIDTH="103" HEIGHT="27" WC="0.96" CONTENT="praktiskt"/><SP WIDTH="11" VPOS="489" HPOS="898"/>
							<String ID="string_75" HPOS="909" VPOS="489" WIDTH="38" HEIGHT="20" WC="0.95" CONTENT="och"/>
						</TextLine>
						<TextLine ID="line_10" HPOS="203" VPOS="524" WIDTH="744" HEIGHT="27">
							<String ID="string_76" HPOS="203" VPOS="524" WIDTH="114" HEIGHT="27" WC="0.91" CONTENT="gagneligt."/><SP WIDTH="29" VPOS="524" HPOS="317"/>
							<String ID="string_77" HPOS="346" VPOS="524" WIDTH="42" HEIGHT="20" WC="0.96" CONTENT="För"/><SP WIDTH="15" VPOS="524" HPOS="388"/>
							<String ID="string_78" HPOS="403" VPOS="524" WIDTH="26" HEIGHT="20" WC="0.96" CONTENT="de"/><SP WIDTH="19" VPOS="524" HPOS="429"/>
							<String ID="string_79" HPOS="448" VPOS="531" WIDTH="55" HEIGHT="20" WC="0.93" CONTENT="unga"/><SP WIDTH="15" VPOS="531" HPOS="503"/>
							<String ID="string_80" HPOS="518" VPOS="524" WIDTH="222" HEIGHT="20" WC="0.91" CONTENT="lärarekandidaterna"/><SP WIDTH="14" VPOS="524" HPOS="740"/>
							<String ID="string_81" HPOS="754" VPOS="524" WIDTH="133" HEIGHT="20" WC="0.93" CONTENT="försvårades"/><SP WIDTH="14" VPOS="524" HPOS="887"/>
							<String ID="string_82" HPOS="901" VPOS="524" WIDTH="46" HEIGHT="20" WC="0.92" CONTENT="här-"/>
						</TextLine>
						<TextLine ID="line_11" HPOS="203" VPOS="558" WIDTH="744" HEIGHT="28">
							<String ID="string_83" HPOS="203" VPOS="559" WIDTH="85" HEIGHT="27" WC="0.96" CONTENT="igenom"/><SP WIDTH="16" VPOS="559" HPOS="288"/>
							<String ID="string_84" HPOS="304" VPOS="558" WIDTH="136" HEIGHT="27" WC="0.96" CONTENT="möjligheten"/><SP WIDTH="16" VPOS="558" HPOS="440"/>
							<String ID="string_85" HPOS="456" VPOS="561" WIDTH="30" HEIGHT="18" WC="0.96" CONTENT="att"/><SP WIDTH="15" VPOS="561" HPOS="486"/>
							<String ID="string_86" HPOS="501" VPOS="559" WIDTH="66" HEIGHT="20" WC="0.93" CONTENT="under"/><SP WIDTH="10" VPOS="559" HPOS="567"/>
							<String ID="string_87" HPOS="577" VPOS="559" WIDTH="151" HEIGHT="20" WC="0.90" CONTENT="intervallerna"/><SP WIDTH="13" VPOS="559" HPOS="728"/>
							<String ID="string_88" HPOS="741" VPOS="558" WIDTH="91" HEIGHT="21" WC="0.96" CONTENT="emellan"/><SP WIDTH="15" VPOS="558" HPOS="832"/>
							<String ID="string_89" HPOS="847" VPOS="559" WIDTH="25" HEIGHT="19" WC="0.93" CONTENT="de"/><SP WIDTH="14" VPOS="559" HPOS="872"/>
							<String ID="string_90" HPOS="886" VPOS="558" WIDTH="61" HEIGHT="26" WC="0.93" CONTENT="prak-"/>
						</TextLine>
						<TextLine ID="line_12" HPOS="203" VPOS="592" WIDTH="743" HEIGHT="28">
							<String ID="string_91" HPOS="203" VPOS="593" WIDTH="55" HEIGHT="20" WC="0.93" CONTENT="tiska"/><SP WIDTH="16" VPOS="593" HPOS="258"/>
							<String ID="string_92" HPOS="274" VPOS="593" WIDTH="124" HEIGHT="27" WC="0.92" CONTENT="öfningarne"/><SP WIDTH="15" VPOS="593" HPOS="398"/>
							<String ID="string_93" HPOS="413" VPOS="593" WIDTH="96" HEIGHT="21" WC="0.95" CONTENT="fortsätta"/><SP WIDTH="15" VPOS="593" HPOS="509"/>
							<String ID="string_94" HPOS="524" VPOS="594" WIDTH="46" HEIGHT="19" WC="0.93" CONTENT="sina"/><SP WIDTH="14" VPOS="594" HPOS="570"/>
							<String ID="string_95" HPOS="584" VPOS="593" WIDTH="130" HEIGHT="21" WC="0.91" CONTENT="theoretiska"/><SP WIDTH="14" VPOS="593" HPOS="714"/>
							<String ID="string_96" HPOS="728" VPOS="593" WIDTH="85" HEIGHT="20" WC="0.96" CONTENT="studier."/><SP WIDTH="30" VPOS="593" HPOS="813"/>
							<String ID="string_97" HPOS="843" VPOS="593" WIDTH="53" HEIGHT="20" WC="0.91" CONTENT="Dem"/><SP WIDTH="16" VPOS="593" HPOS="896"/>
							<String ID="string_98" HPOS="912" VPOS="592" WIDTH="34" HEIGHT="20" WC="0.89" CONTENT="be-"/>
						</TextLine>
						<TextLine ID="line_13" HPOS="202" VPOS="627" WIDTH="744" HEIGHT="28">
							<String ID="string_99" HPOS="202" VPOS="627" WIDTH="98" HEIGHT="20" WC="0.90" CONTENT="röfvades"/><SP WIDTH="23" VPOS="627" HPOS="300"/>
							<String ID="string_100" HPOS="323" VPOS="627" WIDTH="90" HEIGHT="27" WC="0.96" CONTENT="tidigare"/><SP WIDTH="19" VPOS="627" HPOS="413"/>
							<String ID="string_101" HPOS="432" VPOS="630" WIDTH="26" HEIGHT="17" WC="0.96" CONTENT="än"/><SP WIDTH="19" VPOS="630" HPOS="458"/>
							<String ID="string_102" HPOS="477" VPOS="634" WIDTH="75" HEIGHT="14" WC="0.96" CONTENT="annars"/><SP WIDTH="15" VPOS="634" HPOS="552"/>
							<String ID="string_103" HPOS="567" VPOS="628" WIDTH="115" HEIGHT="27" WC="0.96" CONTENT="tillgången"/><SP WIDTH="17" VPOS="628" HPOS="682"/>
							<String ID="string_104" HPOS="699" VPOS="628" WIDTH="31" HEIGHT="20" WC="0.95" CONTENT="till"/><SP WIDTH="18" VPOS="628" HPOS="730"/>
							<String ID="string_105" HPOS="748" VPOS="628" WIDTH="153" HEIGHT="20" WC="0.92" CONTENT="universitetets"/><SP WIDTH="16" VPOS="628" HPOS="901"/>
							<String ID="string_106" HPOS="917" VPOS="628" WIDTH="29" HEIGHT="20" WC="0.92" CONTENT="bi-"/>
						</TextLine>
						<TextLine ID="line_14" HPOS="204" VPOS="662" WIDTH="742" HEIGHT="27">
							<String ID="string_107" HPOS="204" VPOS="662" WIDTH="94" HEIGHT="20" WC="0.92" CONTENT="bliothek"/><SP WIDTH="15" VPOS="662" HPOS="298"/>
							<String ID="string_108" HPOS="313" VPOS="662" WIDTH="37" HEIGHT="20" WC="0.96" CONTENT="och"/><SP WIDTH="18" VPOS="662" HPOS="350"/>
							<String ID="string_109" HPOS="368" VPOS="662" WIDTH="67" HEIGHT="26" WC="0.96" CONTENT="öfriga"/><SP WIDTH="14" VPOS="662" HPOS="435"/>
							<String ID="string_110" HPOS="449" VPOS="662" WIDTH="47" HEIGHT="20" WC="0.96" CONTENT="rika"/><SP WIDTH="15" VPOS="662" HPOS="496"/>
							<String ID="string_111" HPOS="511" VPOS="662" WIDTH="160" HEIGHT="27" WC="0.96" CONTENT="vetenskapliga"/><SP WIDTH="15" VPOS="662" HPOS="671"/>
							<String ID="string_112" HPOS="686" VPOS="662" WIDTH="121" HEIGHT="27" WC="0.96" CONTENT="samlingar,"/><SP WIDTH="11" VPOS="662" HPOS="807"/>
							<String ID="string_113" HPOS="818" VPOS="662" WIDTH="89" HEIGHT="20" WC="0.93" CONTENT="likasom"/><SP WIDTH="11" VPOS="662" HPOS="907"/>
							<String ID="string_114" HPOS="918" VPOS="662" WIDTH="28" HEIGHT="20" WC="0.93" CONTENT="äf-"/>
						</TextLine>
						<TextLine ID="line_15" HPOS="203" VPOS="696" WIDTH="743" HEIGHT="27">
							<String ID="string_115" HPOS="203" VPOS="702" WIDTH="39" HEIGHT="14" WC="0.93" CONTENT="ven"/><SP WIDTH="22" VPOS="702" HPOS="242"/>
							<String ID="string_116" HPOS="264" VPOS="696" WIDTH="130" HEIGHT="26" WC="0.89" CONTENT="åtnjutandet"/><SP WIDTH="15" VPOS="696" HPOS="394"/>
							<String ID="string_117" HPOS="409" VPOS="696" WIDTH="22" HEIGHT="20" WC="0.96" CONTENT="af"/><SP WIDTH="13" VPOS="696" HPOS="431"/>
							<String ID="string_118" HPOS="444" VPOS="696" WIDTH="47" HEIGHT="20" WC="0.96" CONTENT="dess"/><SP WIDTH="16" VPOS="696" HPOS="491"/>
							<String ID="string_119" HPOS="507" VPOS="697" WIDTH="115" HEIGHT="26" WC="0.96" CONTENT="stipendier"/><SP WIDTH="14" VPOS="697" HPOS="622"/>
							<String ID="string_120" HPOS="636" VPOS="697" WIDTH="39" HEIGHT="20" WC="0.96" CONTENT="och"/><SP WIDTH="17" VPOS="697" HPOS="675"/>
							<String ID="string_121" HPOS="692" VPOS="697" WIDTH="93" HEIGHT="20" WC="0.96" CONTENT="litterära"/><SP WIDTH="15" VPOS="697" HPOS="785"/>
							<String ID="string_122" HPOS="800" VPOS="696" WIDTH="79" HEIGHT="27" WC="0.96" CONTENT="anslag."/><SP WIDTH="29" VPOS="696" HPOS="879"/>
							<String ID="string_123" HPOS="908" VPOS="696" WIDTH="38" HEIGHT="25" WC="0.92" CONTENT="De,"/>
						</TextLine>
						<TextLine ID="line_16" HPOS="202" VPOS="730" WIDTH="744" HEIGHT="28">
							<String ID="string_124" HPOS="202" VPOS="730" WIDTH="90" HEIGHT="21" WC="0.96" CONTENT="likasom"/><SP WIDTH="23" VPOS="730" HPOS="292"/>
							<String ID="string_125" HPOS="315" VPOS="730" WIDTH="62" HEIGHT="20" WC="0.96" CONTENT="äfven"/><SP WIDTH="20" VPOS="730" HPOS="377"/>
							<String ID="string_126" HPOS="397" VPOS="730" WIDTH="74" HEIGHT="27" WC="0.93" CONTENT="sjelfva"/><SP WIDTH="18" VPOS="730" HPOS="471"/>
							<String ID="string_127" HPOS="489" VPOS="731" WIDTH="163" HEIGHT="26" WC="0.92" CONTENT="normalskolan,"/><SP WIDTH="16" VPOS="731" HPOS="652"/>
							<String ID="string_128" HPOS="668" VPOS="731" WIDTH="68" HEIGHT="21" WC="0.96" CONTENT="skulle"/><SP WIDTH="16" VPOS="731" HPOS="736"/>
							<String ID="string_129" HPOS="752" VPOS="732" WIDTH="96" HEIGHT="26" WC="0.93" CONTENT="slutligen"/><SP WIDTH="17" VPOS="732" HPOS="848"/>
							<String ID="string_130" HPOS="865" VPOS="731" WIDTH="81" HEIGHT="27" WC="0.91" CONTENT="härige-"/>
						</TextLine>
						<TextLine ID="line_17" HPOS="203" VPOS="765" WIDTH="743" HEIGHT="27">
							<String ID="string_131" HPOS="203" VPOS="771" WIDTH="48" HEIGHT="14" WC="0.92" CONTENT="nom"/><SP WIDTH="24" VPOS="771" HPOS="251"/>
							<String ID="string_132" HPOS="275" VPOS="765" WIDTH="147" HEIGHT="27" WC="0.92" CONTENT="undandragas"/><SP WIDTH="23" VPOS="765" HPOS="422"/>
							<String ID="string_133" HPOS="445" VPOS="766" WIDTH="116" HEIGHT="26" WC="0.91" CONTENT="pedagogie"/><SP WIDTH="21" VPOS="766" HPOS="561"/>
							<String ID="string_134" HPOS="582" VPOS="766" WIDTH="128" HEIGHT="26" WC="0.92" CONTENT="professorns"/><SP WIDTH="20" VPOS="766" HPOS="710"/>
							<String ID="string_135" HPOS="730" VPOS="766" WIDTH="83" HEIGHT="26" WC="0.91" CONTENT="uppsigt"/><SP WIDTH="14" VPOS="766" HPOS="813"/>
							<String ID="string_136" HPOS="827" VPOS="766" WIDTH="40" HEIGHT="20" WC="0.93" CONTENT="och"/><SP WIDTH="15" VPOS="766" HPOS="867"/>
							<String ID="string_137" HPOS="882" VPOS="765" WIDTH="64" HEIGHT="20" WC="0.93" CONTENT="hand-"/>
						</TextLine>
						<TextLine ID="line_18" HPOS="202" VPOS="799" WIDTH="745" HEIGHT="27">
							<String ID="string_138" HPOS="202" VPOS="799" WIDTH="94" HEIGHT="27" WC="0.95" CONTENT="ledning,"/><SP WIDTH="22" VPOS="799" HPOS="296"/>
							<String ID="string_139" HPOS="318" VPOS="800" WIDTH="39" HEIGHT="20" WC="0.96" CONTENT="och"/><SP WIDTH="23" VPOS="800" HPOS="357"/>
							<String ID="string_140" HPOS="380" VPOS="800" WIDTH="48" HEIGHT="20" WC="0.96" CONTENT="hela"/><SP WIDTH="19" VPOS="800" HPOS="428"/>
							<String ID="string_141" HPOS="447" VPOS="800" WIDTH="118" HEIGHT="20" WC="0.96" CONTENT="ändamålet"/><SP WIDTH="18" VPOS="800" HPOS="565"/>
							<String ID="string_142" HPOS="583" VPOS="800" WIDTH="58" HEIGHT="20" WC="0.96" CONTENT="såväl"/><SP WIDTH="16" VPOS="800" HPOS="641"/>
							<String ID="string_143" HPOS="657" VPOS="800" WIDTH="47" HEIGHT="20" WC="0.96" CONTENT="med"/><SP WIDTH="17" VPOS="800" HPOS="704"/>
							<String ID="string_144" HPOS="721" VPOS="800" WIDTH="89" HEIGHT="20" WC="0.96" CONTENT="nämnde"/><SP WIDTH="16" VPOS="800" HPOS="810"/>
							<String ID="string_145" HPOS="826" VPOS="800" WIDTH="121" HEIGHT="26" WC="0.96" CONTENT="inrättning,"/>
						</TextLine>
						<TextLine ID="line_19" HPOS="203" VPOS="834" WIDTH="743" HEIGHT="27">
							<String ID="string_146" HPOS="203" VPOS="840" WIDTH="44" HEIGHT="14" WC="0.96" CONTENT="som"/><SP WIDTH="21" VPOS="840" HPOS="247"/>
							<String ID="string_147" HPOS="268" VPOS="834" WIDTH="46" HEIGHT="20" WC="0.90" CONTENT="med"/><SP WIDTH="20" VPOS="834" HPOS="314"/>
							<String ID="string_148" HPOS="334" VPOS="834" WIDTH="118" HEIGHT="27" WC="0.90" CONTENT="pedagogie"/><SP WIDTH="19" VPOS="834" HPOS="452"/>
							<String ID="string_149" HPOS="471" VPOS="835" WIDTH="143" HEIGHT="26" WC="0.96" CONTENT="professionen"/><SP WIDTH="16" VPOS="835" HPOS="614"/>
							<String ID="string_150" HPOS="630" VPOS="835" WIDTH="35" HEIGHT="20" WC="0.96" CONTENT="vid"/><SP WIDTH="16" VPOS="835" HPOS="665"/>
							<String ID="string_151" HPOS="681" VPOS="835" WIDTH="151" HEIGHT="25" WC="0.93" CONTENT="universitetet,"/><SP WIDTH="16" VPOS="835" HPOS="832"/>
							<String ID="string_152" HPOS="848" VPOS="834" WIDTH="98" HEIGHT="26" WC="0.92" CONTENT="följaktli-"/>
						</TextLine>
						<TextLine ID="line_20" HPOS="202" VPOS="868" WIDTH="744" HEIGHT="27">
							<String ID="string_153" HPOS="202" VPOS="874" WIDTH="41" HEIGHT="21" WC="0.96" CONTENT="gen"/><SP WIDTH="16" VPOS="874" HPOS="243"/>
							<String ID="string_154" HPOS="259" VPOS="868" WIDTH="6" HEIGHT="20" WC="0.93" CONTENT="i"/><SP WIDTH="17" VPOS="868" HPOS="265"/>
							<String ID="string_155" HPOS="282" VPOS="868" WIDTH="118" HEIGHT="27" WC="0.91" CONTENT="väsendtlig"/><SP WIDTH="20" VPOS="868" HPOS="400"/>
							<String ID="string_156" HPOS="420" VPOS="868" WIDTH="46" HEIGHT="20" WC="0.93" CONTENT="mån"/><SP WIDTH="19" VPOS="868" HPOS="466"/>
							<String ID="string_157" HPOS="485" VPOS="869" WIDTH="93" HEIGHT="20" WC="0.90" CONTENT="förfelas."/><SP WIDTH="30" VPOS="869" HPOS="578"/>
							<String ID="string_158" HPOS="608" VPOS="869" WIDTH="39" HEIGHT="20" WC="0.96" CONTENT="Tid"/><SP WIDTH="19" VPOS="869" HPOS="647"/>
							<String ID="string_159" HPOS="666" VPOS="870" WIDTH="54" HEIGHT="20" WC="0.96" CONTENT="efter"/><SP WIDTH="15" VPOS="870" HPOS="720"/>
							<String ID="string_160" HPOS="735" VPOS="875" WIDTH="68" HEIGHT="14" WC="0.96" CONTENT="annan"/><SP WIDTH="16" VPOS="875" HPOS="803"/>
							<String ID="string_161" HPOS="819" VPOS="869" WIDTH="21" HEIGHT="19" WC="0.93" CONTENT="af"/><SP WIDTH="15" VPOS="869" HPOS="840"/>
							<String ID="string_162" HPOS="855" VPOS="869" WIDTH="91" HEIGHT="26" WC="0.92" CONTENT="pedago-"/>
						</TextLine>
						<TextLine ID="line_21" HPOS="202" VPOS="903" WIDTH="743" HEIGHT="27">
							<String ID="string_163" HPOS="202" VPOS="903" WIDTH="36" HEIGHT="26" WC="0.92" CONTENT="gie"/><SP WIDTH="18" VPOS="903" HPOS="238"/>
							<String ID="string_164" HPOS="256" VPOS="903" WIDTH="119" HEIGHT="26" WC="0.96" CONTENT="professorn"/><SP WIDTH="18" VPOS="903" HPOS="375"/>
							<String ID="string_165" HPOS="393" VPOS="903" WIDTH="128" HEIGHT="20" WC="0.93" CONTENT="verkställda"/><SP WIDTH="14" VPOS="903" HPOS="521"/>
							<String ID="string_166" HPOS="535" VPOS="903" WIDTH="191" HEIGHT="27" WC="0.89" CONTENT="inspektionsresor"/><SP WIDTH="16" VPOS="903" HPOS="726"/>
							<String ID="string_167" HPOS="742" VPOS="903" WIDTH="77" HEIGHT="26" WC="0.96" CONTENT="kunna,"/><SP WIDTH="16" VPOS="903" HPOS="819"/>
							<String ID="string_168" HPOS="835" VPOS="903" WIDTH="62" HEIGHT="20" WC="0.96" CONTENT="äfven"/><SP WIDTH="15" VPOS="903" HPOS="897"/>
							<String ID="string_169" HPOS="912" VPOS="909" WIDTH="33" HEIGHT="14" WC="0.96" CONTENT="om"/>
						</TextLine>
						<TextLine ID="line_22" HPOS="202" VPOS="937" WIDTH="744" HEIGHT="28">
							<String ID="string_170" HPOS="202" VPOS="937" WIDTH="61" HEIGHT="20" WC="0.95" CONTENT="dessa"/><SP WIDTH="16" VPOS="937" HPOS="263"/>
							<String ID="string_171" HPOS="279" VPOS="940" WIDTH="48" HEIGHT="17" WC="0.96" CONTENT="utan"/><SP WIDTH="16" VPOS="940" HPOS="327"/>
							<String ID="string_172" HPOS="343" VPOS="937" WIDTH="114" HEIGHT="27" WC="0.96" CONTENT="olägenhet"/><SP WIDTH="14" VPOS="937" HPOS="457"/>
							<String ID="string_173" HPOS="471" VPOS="938" WIDTH="31" HEIGHT="19" WC="0.96" CONTENT="för"/><SP WIDTH="16" VPOS="938" HPOS="502"/>
							<String ID="string_174" HPOS="518" VPOS="938" WIDTH="79" HEIGHT="19" WC="0.93" CONTENT="dennes"/><SP WIDTH="15" VPOS="938" HPOS="597"/>
							<String ID="string_175" HPOS="612" VPOS="938" WIDTH="66" HEIGHT="27" WC="0.92" CONTENT="öfrige"/><SP WIDTH="16" VPOS="938" HPOS="678"/>
							<String ID="string_176" HPOS="694" VPOS="937" WIDTH="205" HEIGHT="27" WC="0.90" CONTENT="tjensteåligganden"/><SP WIDTH="12" VPOS="937" HPOS="899"/>
							<String ID="string_177" HPOS="911" VPOS="940" WIDTH="35" HEIGHT="17" WC="0.96" CONTENT="äro"/>
						</TextLine>
						<TextLine ID="line_23" HPOS="203" VPOS="971" WIDTH="743" HEIGHT="27">
							<String ID="string_178" HPOS="203" VPOS="971" WIDTH="159" HEIGHT="26" WC="0.92" CONTENT="verkställbara,"/><SP WIDTH="22" VPOS="971" HPOS="362"/>
							<String ID="string_179" HPOS="384" VPOS="971" WIDTH="115" HEIGHT="27" WC="0.93" CONTENT="ingalunda"/><SP WIDTH="18" VPOS="971" HPOS="499"/>
							<String ID="string_180" HPOS="517" VPOS="971" WIDTH="113" HEIGHT="27" WC="0.92" CONTENT="upphjelpa"/><SP WIDTH="20" VPOS="971" HPOS="630"/>
							<String ID="string_181" HPOS="650" VPOS="972" WIDTH="36" HEIGHT="20" WC="0.96" CONTENT="det"/><SP WIDTH="17" VPOS="972" HPOS="686"/>
							<String ID="string_182" HPOS="703" VPOS="971" WIDTH="118" HEIGHT="27" WC="0.93" CONTENT="onaturliga"/><SP WIDTH="14" VPOS="971" HPOS="821"/>
							<String ID="string_183" HPOS="835" VPOS="971" WIDTH="111" HEIGHT="20" WC="0.92" CONTENT="förhållan-"/>
						</TextLine>
						<TextLine ID="line_24" HPOS="204" VPOS="1005" WIDTH="742" HEIGHT="26">
							<String ID="string_184" HPOS="204" VPOS="1005" WIDTH="42" HEIGHT="26" WC="0.96" CONTENT="det,"/><SP WIDTH="15" VPOS="1005" HPOS="246"/>
							<String ID="string_185" HPOS="261" VPOS="1007" WIDTH="31" HEIGHT="18" WC="0.96" CONTENT="att"/><SP WIDTH="14" VPOS="1007" HPOS="292"/>
							<String ID="string_186" HPOS="306" VPOS="1005" WIDTH="82" HEIGHT="20" WC="0.96" CONTENT="läraren"/><SP WIDTH="16" VPOS="1005" HPOS="388"/>
							<String ID="string_187" HPOS="404" VPOS="1008" WIDTH="23" HEIGHT="17" WC="0.96" CONTENT="är"/><SP WIDTH="15" VPOS="1008" HPOS="427"/>
							<String ID="string_188" HPOS="442" VPOS="1005" WIDTH="68" HEIGHT="20" WC="0.93" CONTENT="bosatt"/><SP WIDTH="15" VPOS="1005" HPOS="510"/>
							<String ID="string_189" HPOS="525" VPOS="1006" WIDTH="12" HEIGHT="19" WC="0.92" CONTENT="å"/><SP WIDTH="15" VPOS="1006" HPOS="537"/>
							<String ID="string_190" HPOS="552" VPOS="1013" WIDTH="26" HEIGHT="13" WC="0.96" CONTENT="en"/><SP WIDTH="16" VPOS="1013" HPOS="578"/>
							<String ID="string_191" HPOS="594" VPOS="1008" WIDTH="32" HEIGHT="18" WC="0.96" CONTENT="ort"/><SP WIDTH="15" VPOS="1008" HPOS="626"/>
							<String ID="string_192" HPOS="641" VPOS="1006" WIDTH="39" HEIGHT="20" WC="0.93" CONTENT="och"/><SP WIDTH="16" VPOS="1006" HPOS="680"/>
							<String ID="string_193" HPOS="696" VPOS="1006" WIDTH="99" HEIGHT="20" WC="0.92" CONTENT="eleverne"/><SP WIDTH="11" VPOS="1006" HPOS="795"/>
							<String ID="string_194" HPOS="806" VPOS="1005" WIDTH="13" HEIGHT="20" WC="0.85" CONTENT="å"/><SP WIDTH="10" VPOS="1005" HPOS="819"/>
							<String ID="string_195" HPOS="829" VPOS="1012" WIDTH="25" HEIGHT="13" WC="0.96" CONTENT="en"/><SP WIDTH="17" VPOS="1012" HPOS="854"/>
							<String ID="string_196" HPOS="871" VPOS="1011" WIDTH="75" HEIGHT="14" WC="0.96" CONTENT="annan."/>
						</TextLine>
						<TextLine ID="line_25" HPOS="203" VPOS="1039" WIDTH="743" HEIGHT="28">
							<String ID="string_197" HPOS="203" VPOS="1039" WIDTH="109" HEIGHT="21" WC="0.96" CONTENT="Dessutom"/><SP WIDTH="22" VPOS="1039" HPOS="312"/>
							<String ID="string_198" HPOS="334" VPOS="1039" WIDTH="34" HEIGHT="20" WC="0.96" CONTENT="må"/><SP WIDTH="16" VPOS="1039" HPOS="368"/>
							<String ID="string_199" HPOS="384" VPOS="1040" WIDTH="97" HEIGHT="27" WC="0.96" CONTENT="tilläggas"/><SP WIDTH="14" VPOS="1040" HPOS="481"/>
							<String ID="string_200" HPOS="495" VPOS="1042" WIDTH="30" HEIGHT="18" WC="0.96" CONTENT="att"/><SP WIDTH="15" VPOS="1042" HPOS="525"/>
							<String ID="string_201" HPOS="540" VPOS="1040" WIDTH="45" HEIGHT="20" WC="0.93" CONTENT="vårt"/><SP WIDTH="16" VPOS="1040" HPOS="585"/>
							<String ID="string_202" HPOS="601" VPOS="1040" WIDTH="141" HEIGHT="21" WC="0.92" CONTENT="skolväsende"/><SP WIDTH="15" VPOS="1040" HPOS="742"/>
							<String ID="string_203" HPOS="757" VPOS="1047" WIDTH="76" HEIGHT="20" WC="0.93" CONTENT="genom"/><SP WIDTH="15" VPOS="1047" HPOS="833"/>
							<String ID="string_204" HPOS="848" VPOS="1040" WIDTH="98" HEIGHT="20" WC="0.88" CONTENT="inrättan-"/>
						</TextLine>
						<TextLine ID="line_26" HPOS="202" VPOS="1074" WIDTH="744" HEIGHT="27">
							<String ID="string_205" HPOS="202" VPOS="1074" WIDTH="36" HEIGHT="20" WC="0.96" CONTENT="det"/><SP WIDTH="15" VPOS="1074" HPOS="238"/>
							<String ID="string_206" HPOS="253" VPOS="1074" WIDTH="23" HEIGHT="20" WC="0.96" CONTENT="af"/><SP WIDTH="14" VPOS="1074" HPOS="276"/>
							<String ID="string_207" HPOS="290" VPOS="1077" WIDTH="76" HEIGHT="17" WC="0.93" CONTENT="tvenne"/><SP WIDTH="15" VPOS="1077" HPOS="366"/>
							<String ID="string_208" HPOS="381" VPOS="1074" WIDTH="13" HEIGHT="20" WC="0.85" CONTENT="&amp;"/><SP WIDTH="15" VPOS="1074" HPOS="394"/>
							<String ID="string_209" HPOS="409" VPOS="1074" WIDTH="68" HEIGHT="21" WC="0.96" CONTENT="skilda"/><SP WIDTH="16" VPOS="1074" HPOS="477"/>
							<String ID="string_210" HPOS="493" VPOS="1077" WIDTH="54" HEIGHT="18" WC="0.96" CONTENT="orter"/><SP WIDTH="16" VPOS="1077" HPOS="547"/>
							<String ID="string_211" HPOS="563" VPOS="1075" WIDTH="109" HEIGHT="26" WC="0.93" CONTENT="befintliga"/><SP WIDTH="16" VPOS="1075" HPOS="672"/>
							<String ID="string_212" HPOS="688" VPOS="1074" WIDTH="153" HEIGHT="21" WC="0.92" CONTENT="normalskolor"/><SP WIDTH="10" VPOS="1074" HPOS="841"/>
							<String ID="string_213" HPOS="851" VPOS="1074" WIDTH="95" HEIGHT="21" WC="0.96" CONTENT="kommer"/>
						</TextLine>
						<TextLine ID="line_27" HPOS="202" VPOS="1109" WIDTH="744" HEIGHT="27">
							<String ID="string_214" HPOS="202" VPOS="1111" WIDTH="30" HEIGHT="18" WC="0.96" CONTENT="att"/><SP WIDTH="23" VPOS="1111" HPOS="232"/>
							<String ID="string_215" HPOS="255" VPOS="1109" WIDTH="77" HEIGHT="20" WC="0.96" CONTENT="förlora"/><SP WIDTH="19" VPOS="1109" HPOS="332"/>
							<String ID="string_216" HPOS="351" VPOS="1115" WIDTH="25" HEIGHT="14" WC="0.96" CONTENT="en"/><SP WIDTH="21" VPOS="1115" HPOS="376"/>
							<String ID="string_217" HPOS="397" VPOS="1109" WIDTH="23" HEIGHT="20" WC="0.96" CONTENT="af"/><SP WIDTH="14" VPOS="1109" HPOS="420"/>
							<String ID="string_218" HPOS="434" VPOS="1109" WIDTH="25" HEIGHT="20" WC="0.96" CONTENT="de"/><SP WIDTH="15" VPOS="1109" HPOS="459"/>
							<String ID="string_219" HPOS="474" VPOS="1109" WIDTH="95" HEIGHT="27" WC="0.96" CONTENT="verkliga"/><SP WIDTH="14" VPOS="1109" HPOS="569"/>
							<String ID="string_220" HPOS="583" VPOS="1109" WIDTH="97" HEIGHT="27" WC="0.96" CONTENT="fördelar,"/><SP WIDTH="16" VPOS="1109" HPOS="680"/>
							<String ID="string_221" HPOS="696" VPOS="1115" WIDTH="45" HEIGHT="14" WC="0.93" CONTENT="som"/><SP WIDTH="16" VPOS="1115" HPOS="741"/>
							<String ID="string_222" HPOS="757" VPOS="1109" WIDTH="92" HEIGHT="20" WC="0.92" CONTENT="härflutit"/><SP WIDTH="15" VPOS="1109" HPOS="849"/>
							<String ID="string_223" HPOS="864" VPOS="1109" WIDTH="23" HEIGHT="20" WC="0.96" CONTENT="af"/><SP WIDTH="13" VPOS="1109" HPOS="887"/>
							<String ID="string_224" HPOS="900" VPOS="1109" WIDTH="46" HEIGHT="20" WC="0.96" CONTENT="dess"/>
						</TextLine>
						<TextLine ID="line_28" HPOS="202" VPOS="1143" WIDTH="745" HEIGHT="27">
							<String ID="string_225" HPOS="202" VPOS="1143" WIDTH="139" HEIGHT="27" WC="0.96" CONTENT="särskiljande"/><SP WIDTH="18" VPOS="1143" HPOS="341"/>
							<String ID="string_226" HPOS="359" VPOS="1143" WIDTH="54" HEIGHT="20" WC="0.93" CONTENT="ifrån"/><SP WIDTH="16" VPOS="1143" HPOS="413"/>
							<String ID="string_227" HPOS="429" VPOS="1143" WIDTH="153" HEIGHT="27" WC="0.92" CONTENT="domkapitlens"/><SP WIDTH="15" VPOS="1143" HPOS="582"/>
							<String ID="string_228" HPOS="597" VPOS="1144" WIDTH="94" HEIGHT="26" WC="0.91" CONTENT="styrelse."/><SP WIDTH="32" VPOS="1144" HPOS="691"/>
							<String ID="string_229" HPOS="723" VPOS="1143" WIDTH="9" HEIGHT="20" WC="0.78" CONTENT="I"/><SP WIDTH="16" VPOS="1143" HPOS="732"/>
							<String ID="string_230" HPOS="748" VPOS="1143" WIDTH="69" HEIGHT="20" WC="0.95" CONTENT="stället"/><SP WIDTH="10" VPOS="1143" HPOS="817"/>
							<String ID="string_231" HPOS="827" VPOS="1143" WIDTH="32" HEIGHT="20" WC="0.93" CONTENT="för"/><SP WIDTH="15" VPOS="1143" HPOS="859"/>
							<String ID="string_232" HPOS="874" VPOS="1145" WIDTH="73" HEIGHT="18" WC="0.93" CONTENT="trenne"/>
						</TextLine>
						<TextLine ID="line_29" HPOS="201" VPOS="1177" WIDTH="746" HEIGHT="28">
							<String ID="string_233" HPOS="201" VPOS="1177" WIDTH="144" HEIGHT="26" WC="0.96" CONTENT="auktoriteter,"/><SP WIDTH="20" VPOS="1177" HPOS="345"/>
							<String ID="string_234" HPOS="365" VPOS="1177" WIDTH="56" HEIGHT="20" WC="0.96" CONTENT="inför"/><SP WIDTH="18" VPOS="1177" HPOS="421"/>
							<String ID="string_235" HPOS="439" VPOS="1177" WIDTH="72" HEIGHT="21" WC="0.93" CONTENT="hvilka"/><SP WIDTH="14" VPOS="1177" HPOS="511"/>
							<String ID="string_236" HPOS="525" VPOS="1178" WIDTH="155" HEIGHT="27" WC="0.92" CONTENT="lärareprofven"/><SP WIDTH="16" VPOS="1178" HPOS="680"/>
							<String ID="string_237" HPOS="696" VPOS="1178" WIDTH="56" HEIGHT="20" WC="0.96" CONTENT="förut"/><SP WIDTH="15" VPOS="1178" HPOS="752"/>
							<String ID="string_238" HPOS="767" VPOS="1177" WIDTH="65" HEIGHT="20" WC="0.93" CONTENT="måste"/><SP WIDTH="15" VPOS="1177" HPOS="832"/>
							<String ID="string_239" HPOS="847" VPOS="1177" WIDTH="100" HEIGHT="27" WC="0.90" CONTENT="afläggas,"/>
						</TextLine>
						<TextLine ID="line_30" HPOS="202" VPOS="1211" WIDTH="744" HEIGHT="28">
							<String ID="string_240" HPOS="202" VPOS="1211" WIDTH="78" HEIGHT="20" WC="0.96" CONTENT="erhölls"/><SP WIDTH="22" VPOS="1211" HPOS="280"/>
							<String ID="string_241" HPOS="302" VPOS="1218" WIDTH="75" HEIGHT="20" WC="0.93" CONTENT="genom"/><SP WIDTH="23" VPOS="1218" HPOS="377"/>
							<String ID="string_242" HPOS="400" VPOS="1212" WIDTH="63" HEIGHT="27" WC="0.90" CONTENT="sagde"/><SP WIDTH="20" VPOS="1212" HPOS="463"/>
							<String ID="string_243" HPOS="483" VPOS="1212" WIDTH="139" HEIGHT="27" WC="0.95" CONTENT="särskiljande"/><SP WIDTH="18" VPOS="1212" HPOS="622"/>
							<String ID="string_244" HPOS="640" VPOS="1219" WIDTH="26" HEIGHT="14" WC="0.96" CONTENT="en"/><SP WIDTH="16" VPOS="1219" HPOS="666"/>
							<String ID="string_245" HPOS="682" VPOS="1212" WIDTH="56" HEIGHT="21" WC="0.95" CONTENT="enda"/><SP WIDTH="15" VPOS="1212" HPOS="738"/>
							<String ID="string_246" HPOS="753" VPOS="1212" WIDTH="71" HEIGHT="26" WC="0.93" CONTENT="sådan,"/><SP WIDTH="16" VPOS="1212" HPOS="824"/>
							<String ID="string_247" HPOS="840" VPOS="1212" WIDTH="106" HEIGHT="27" WC="0.92" CONTENT="nemligen"/>
						</TextLine>
						<TextLine ID="line_31" HPOS="202" VPOS="1246" WIDTH="743" HEIGHT="27">
							<String ID="string_248" HPOS="202" VPOS="1246" WIDTH="155" HEIGHT="20" WC="0.90" CONTENT="normalskolan"/><SP WIDTH="16" VPOS="1246" HPOS="357"/>
							<String ID="string_249" HPOS="373" VPOS="1246" WIDTH="7" HEIGHT="19" WC="0.96" CONTENT="i"/><SP WIDTH="15" VPOS="1246" HPOS="380"/>
							<String ID="string_250" HPOS="395" VPOS="1246" WIDTH="136" HEIGHT="27" WC="0.95" CONTENT="Helsingfors,"/><SP WIDTH="23" VPOS="1246" HPOS="531"/>
							<String ID="string_251" HPOS="554" VPOS="1247" WIDTH="39" HEIGHT="20" WC="0.93" CONTENT="och"/><SP WIDTH="23" VPOS="1247" HPOS="593"/>
							<String ID="string_252" HPOS="616" VPOS="1247" WIDTH="131" HEIGHT="20" WC="0.92" CONTENT="skollärarne"/><SP WIDTH="23" VPOS="1247" HPOS="747"/>
							<String ID="string_253" HPOS="770" VPOS="1253" WIDTH="51" HEIGHT="13" WC="0.96" CONTENT="voro"/><SP WIDTH="23" VPOS="1253" HPOS="821"/>
							<String ID="string_254" HPOS="844" VPOS="1253" WIDTH="27" HEIGHT="13" WC="0.93" CONTENT="nu"/><SP WIDTH="19" VPOS="1253" HPOS="871"/>
							<String ID="string_255" HPOS="890" VPOS="1248" WIDTH="55" HEIGHT="25" WC="0.91" CONTENT="tryg-"/>
						</TextLine>
						<TextLine ID="line_32" HPOS="201" VPOS="1280" WIDTH="745" HEIGHT="28">
							<String ID="string_256" HPOS="201" VPOS="1280" WIDTH="55" HEIGHT="27" WC="0.92" CONTENT="gade"/><SP WIDTH="21" VPOS="1280" HPOS="256"/>
							<String ID="string_257" HPOS="277" VPOS="1280" WIDTH="32" HEIGHT="20" WC="0.93" CONTENT="för"/><SP WIDTH="19" VPOS="1280" HPOS="309"/>
							<String ID="string_258" HPOS="328" VPOS="1280" WIDTH="100" HEIGHT="27" WC="0.89" CONTENT="farhågan"/><SP WIDTH="20" VPOS="1280" HPOS="428"/>
							<String ID="string_259" HPOS="448" VPOS="1283" WIDTH="31" HEIGHT="18" WC="0.96" CONTENT="att"/><SP WIDTH="13" VPOS="1283" HPOS="479"/>
							<String ID="string_260" HPOS="492" VPOS="1281" WIDTH="7" HEIGHT="19" WC="0.96" CONTENT="i"/><SP WIDTH="15" VPOS="1281" HPOS="499"/>
							<String ID="string_261" HPOS="514" VPOS="1281" WIDTH="31" HEIGHT="20" WC="0.96" CONTENT="sin"/><SP WIDTH="17" VPOS="1281" HPOS="545"/>
							<String ID="string_262" HPOS="562" VPOS="1283" WIDTH="41" HEIGHT="18" WC="0.96" CONTENT="rätt"/><SP WIDTH="14" VPOS="1283" HPOS="603"/>
							<String ID="string_263" HPOS="617" VPOS="1281" WIDTH="101" HEIGHT="27" WC="0.96" CONTENT="möjligen"/><SP WIDTH="17" VPOS="1281" HPOS="718"/>
							<String ID="string_264" HPOS="735" VPOS="1281" WIDTH="65" HEIGHT="20" WC="0.96" CONTENT="blifva"/><SP WIDTH="15" VPOS="1281" HPOS="800"/>
							<String ID="string_265" HPOS="815" VPOS="1280" WIDTH="84" HEIGHT="20" WC="0.95" CONTENT="lidande"/><SP WIDTH="16" VPOS="1280" HPOS="899"/>
							<String ID="string_266" HPOS="915" VPOS="1281" WIDTH="31" HEIGHT="19" WC="0.95" CONTENT="till"/>
						</TextLine>
						<TextLine ID="line_33" HPOS="202" VPOS="1315" WIDTH="745" HEIGHT="27">
							<String ID="string_267" HPOS="202" VPOS="1315" WIDTH="52" HEIGHT="26" WC="0.96" CONTENT="följd"/><SP WIDTH="23" VPOS="1315" HPOS="254"/>
							<String ID="string_268" HPOS="277" VPOS="1315" WIDTH="22" HEIGHT="19" WC="0.96" CONTENT="af"/><SP WIDTH="18" VPOS="1315" HPOS="299"/>
							<String ID="string_269" HPOS="317" VPOS="1315" WIDTH="25" HEIGHT="20" WC="0.96" CONTENT="de"/><SP WIDTH="23" VPOS="1315" HPOS="342"/>
							<String ID="string_270" HPOS="365" VPOS="1315" WIDTH="37" HEIGHT="20" WC="0.95" CONTENT="hos"/><SP WIDTH="15" VPOS="1315" HPOS="402"/>
							<String ID="string_271" HPOS="417" VPOS="1315" WIDTH="68" HEIGHT="20" WC="0.96" CONTENT="skilda"/><SP WIDTH="16" VPOS="1315" HPOS="485"/>
							<String ID="string_272" HPOS="501" VPOS="1315" WIDTH="147" HEIGHT="27" WC="0.96" CONTENT="myndigheter"/><SP WIDTH="15" VPOS="1315" HPOS="648"/>
							<String ID="string_273" HPOS="663" VPOS="1315" WIDTH="23" HEIGHT="20" WC="0.94" CONTENT="så"/><SP WIDTH="16" VPOS="1315" HPOS="686"/>
							<String ID="string_274" HPOS="702" VPOS="1315" WIDTH="39" HEIGHT="20" WC="0.96" CONTENT="lätt"/><SP WIDTH="14" VPOS="1315" HPOS="741"/>
							<String ID="string_275" HPOS="755" VPOS="1315" WIDTH="121" HEIGHT="26" WC="0.96" CONTENT="uppkomna"/><SP WIDTH="15" VPOS="1315" HPOS="876"/>
							<String ID="string_276" HPOS="891" VPOS="1315" WIDTH="56" HEIGHT="20" WC="0.96" CONTENT="olika"/>
						</TextLine>
						<TextLine ID="line_34" HPOS="204" VPOS="1349" WIDTH="742" HEIGHT="27">
							<String ID="string_277" HPOS="204" VPOS="1349" WIDTH="221" HEIGHT="27" WC="0.91" CONTENT="beräkningsgrunder"/><SP WIDTH="15" VPOS="1349" HPOS="425"/>
							<String ID="string_278" HPOS="440" VPOS="1350" WIDTH="39" HEIGHT="19" WC="0.96" CONTENT="och"/><SP WIDTH="16" VPOS="1350" HPOS="479"/>
							<String ID="string_279" HPOS="495" VPOS="1350" WIDTH="129" HEIGHT="26" WC="0.96" CONTENT="synpunkter"/><SP WIDTH="16" VPOS="1350" HPOS="624"/>
							<String ID="string_280" HPOS="640" VPOS="1350" WIDTH="34" HEIGHT="20" WC="0.90" CONTENT="vid"/><SP WIDTH="16" VPOS="1350" HPOS="674"/>
							<String ID="string_281" HPOS="690" VPOS="1349" WIDTH="119" HEIGHT="20" WC="0.90" CONTENT="vitsordens"/><SP WIDTH="11" VPOS="1349" HPOS="809"/>
							<String ID="string_282" HPOS="820" VPOS="1349" WIDTH="126" HEIGHT="26" WC="0.91" CONTENT="afgifvande."/>
						</TextLine>
						<TextLine ID="line_35" HPOS="202" VPOS="1383" WIDTH="744" HEIGHT="28">
							<String ID="string_283" HPOS="202" VPOS="1384" WIDTH="89" HEIGHT="20" WC="0.92" CONTENT="Tvenne"/><SP WIDTH="15" VPOS="1384" HPOS="291"/>
							<String ID="string_284" HPOS="306" VPOS="1384" WIDTH="12" HEIGHT="19" WC="0.92" CONTENT="å"/><SP WIDTH="15" VPOS="1384" HPOS="318"/>
							<String ID="string_285" HPOS="333" VPOS="1384" WIDTH="58" HEIGHT="20" WC="0.96" CONTENT="olika"/><SP WIDTH="15" VPOS="1384" HPOS="391"/>
							<String ID="string_286" HPOS="406" VPOS="1384" WIDTH="74" HEIGHT="20" WC="0.96" CONTENT="ställen"/><SP WIDTH="17" VPOS="1384" HPOS="480"/>
							<String ID="string_287" HPOS="497" VPOS="1385" WIDTH="94" HEIGHT="26" WC="0.93" CONTENT="förlagda"/><SP WIDTH="16" VPOS="1385" HPOS="591"/>
							<String ID="string_288" HPOS="607" VPOS="1383" WIDTH="154" HEIGHT="21" WC="0.91" CONTENT="normalskolor"/><SP WIDTH="15" VPOS="1383" HPOS="761"/>
							<String ID="string_289" HPOS="776" VPOS="1383" WIDTH="60" HEIGHT="20" WC="0.93" CONTENT="skola"/><SP WIDTH="15" VPOS="1383" HPOS="836"/>
							<String ID="string_290" HPOS="851" VPOS="1383" WIDTH="95" HEIGHT="21" WC="0.92" CONTENT="emeller-"/>
						</TextLine>
						<TextLine ID="line_36" HPOS="201" VPOS="1417" WIDTH="668" HEIGHT="28">
							<String ID="string_291" HPOS="201" VPOS="1418" WIDTH="30" HEIGHT="20" WC="0.96" CONTENT="tid"/><SP WIDTH="17" VPOS="1418" HPOS="231"/>
							<String ID="string_292" HPOS="248" VPOS="1418" WIDTH="90" HEIGHT="20" WC="0.95" CONTENT="återföra"/><SP WIDTH="16" VPOS="1418" HPOS="338"/>
							<String ID="string_293" HPOS="354" VPOS="1418" WIDTH="58" HEIGHT="21" WC="0.96" CONTENT="detta"/><SP WIDTH="15" VPOS="1418" HPOS="412"/>
							<String ID="string_294" HPOS="427" VPOS="1419" WIDTH="130" HEIGHT="20" WC="0.96" CONTENT="förhållande"/><SP WIDTH="16" VPOS="1419" HPOS="557"/>
							<String ID="string_295" HPOS="573" VPOS="1421" WIDTH="50" HEIGHT="17" WC="0.96" CONTENT="nära"/><SP WIDTH="15" VPOS="1421" HPOS="623"/>
							<String ID="string_296" HPOS="638" VPOS="1425" WIDTH="42" HEIGHT="20" WC="0.96" CONTENT="nog"/><SP WIDTH="16" VPOS="1425" HPOS="680"/>
							<String ID="string_297" HPOS="696" VPOS="1417" WIDTH="31" HEIGHT="20" WC="0.95" CONTENT="till"/><SP WIDTH="16" VPOS="1417" HPOS="727"/>
							<String ID="string_298" HPOS="743" VPOS="1417" WIDTH="36" HEIGHT="20" WC="0.96" CONTENT="det"/><SP WIDTH="14" VPOS="1417" HPOS="779"/>
							<String ID="string_299" HPOS="793" VPOS="1417" WIDTH="76" HEIGHT="27" WC="0.96" CONTENT="gamla."/>
						</TextLine>
					</TextBlock>
					<TextBlock ID="block_3" HPOS="268" VPOS="1451" WIDTH="677" HEIGHT="29">
						<TextLine ID="line_37" HPOS="268" VPOS="1451" WIDTH="677" HEIGHT="29">
							<String ID="string_300" HPOS="268" VPOS="1453" WIDTH="29" HEIGHT="20" WC="0.96" CONTENT="På"/><SP WIDTH="20" VPOS="1453" HPOS="297"/>
							<String ID="string_301" HPOS="317" VPOS="1459" WIDTH="27" HEIGHT="13" WC="0.95" CONTENT="nu"/><SP WIDTH="22" VPOS="1459" HPOS="344"/>
							<String ID="string_302" HPOS="366" VPOS="1453" WIDTH="88" HEIGHT="20" WC="0.95" CONTENT="anförda"/><SP WIDTH="15" VPOS="1453" HPOS="454"/>
							<String ID="string_303" HPOS="469" VPOS="1453" WIDTH="89" HEIGHT="27" WC="0.96" CONTENT="grunder"/><SP WIDTH="16" VPOS="1453" HPOS="558"/>
							<String ID="string_304" HPOS="574" VPOS="1453" WIDTH="36" HEIGHT="20" WC="0.96" CONTENT="har"/><SP WIDTH="16" VPOS="1453" HPOS="610"/>
							<String ID="string_305" HPOS="626" VPOS="1453" WIDTH="115" HEIGHT="20" WC="0.93" CONTENT="Allmänna"/><SP WIDTH="15" VPOS="1453" HPOS="741"/>
							<String ID="string_306" HPOS="756" VPOS="1451" WIDTH="189" HEIGHT="22" WC="0.91" CONTENT="Besvärsutskottet"/>
						</TextLine>
					</TextBlock>
				</ComposedBlock>
			</PrintSpace>
		</Page>
	</Layout>
</alto>
