1070 1739
813 129 33 18 143

129 192 67 20 mälde
212 191 130 21 komiterade
358 191 49 20 sökt
422 191 146 21 åstadkomma
588 193 70 19 denna
674 193 112 26 utredning
802 198 77 21 genom

128 227 121 25 jemförelse
273 226 89 20 emellan
387 225 99 27 beloppet
501 226 22 20 af
535 226 191 26 jordeboksräntan
752 227 66 26 enligt
839 226 40 19 den

131 267 41 20 nya
186 261 40 20 och
242 261 26 19 de
276 260 71 26 gamla
362 260 209 27 undervisningarne,
588 261 102 20 uträknad
706 261 52 19 efter
775 261 51 19 visst
839 267 41 12 me-

131 294 243 27 delmarkegångsvärde
390 294 32 20 för
437 301 24 13 en
479 295 39 20 och
534 301 80 14 samma
635 295 105 26 tidpunkt,
759 294 83 21 hvartill
859 294 22 19 år

134 329 52 20 1862
202 331 82 24 antogs.
314 329 77 20 Dervid
413 329 53 20 hade
486 329 140 26 komiterade,
643 329 5 20 i
665 329 100 20 afseende
781 329 12 20 å
809 329 73 20 värdet

131 363 23 20 af
167 363 26 20 de
208 363 6 20 i
230 363 58 20 såväl
304 363 39 20 den
361 369 41 20 nya
418 369 44 14 som
479 363 26 20 de
521 363 70 27 gamla
607 363 205 27 undervisningarne
827 363 54 20 före-

133 397 127 20 kommande
280 397 134 26 persedlarne
434 397 102 26 spanmål,
556 398 65 25 hafre,
642 401 55 16 smör
717 398 39 20 och
777 397 50 26 talg,
847 397 35 20 be-

132 434 77 24 gagnat
225 431 65 26 sagde
305 431 33 19 års
355 431 210 27 markegångstaxor.
584 439 46 12 men
646 432 100 25 deremot,
763 434 51 17 enär
830 437 53 13 mar-

133 466 184 26 kegångstaxorna
332 466 32 19 för
380 466 57 20 tiden
454 466 53 20 efter
522 466 35 20 det
573 466 153 26 omsättningen
744 466 68 26 börjat
827 466 57 25 tjena

133 500 30 20 till
180 500 145 25 efterrättelse,
346 500 52 20 eller
418 500 52 20 ifrån
491 500 38 20 och
549 500 46 20 med
615 500 22 20 år
655 500 59 26 1849,
731 500 95 27 upptagit
842 500 42 25 pris

133 534 74 20 endast
222 534 12 20 å
249 534 129 20 sistnämnde
394 534 47 26 fyra
461 534 113 26 persedlar,
590 534 108 21 äfvensom
715 534 12 20 å
744 534 139 27 dagsverken,

135 568 65 20 under
216 568 36 20 det
266 568 43 20 alla
323 568 67 26 öfrige
407 568 6 19 i
430 568 26 20 de
471 569 69 26 gamla
560 568 203 27 undervisningarne
779 568 104 20 förekom-

135 603 74 20 mande
229 602 136 27 persedlarne
384 603 54 19 varit
453 595 110 37 uteslutne,
583 602 67 20 funnit
670 603 31 26 sig
717 602 123 20 nödsakade
855 603 30 18 att

135 637 109 27 angäende
264 637 61 20 dessa
344 643 75 13 senare
434 639 78 24 antaga
527 639 30 17 ett
573 637 141 25 medelvärde,
730 636 93 27 lämpadt
840 635 44 20 dels

135 671 53 20 efter
204 671 26 20 de
246 668 96 22 särskilta
358 671 74 19 länens
448 671 203 27 markegängstaxor
666 671 32 20 för
714 671 22 20 är
755 671 58 25 1848,
824 670 60 20 hvar-

137 706 29 20 uti
186 706 90 20 nämnde
300 705 107 26 persedlar
430 706 85 19 sednast
538 706 91 26 intagits,
650 706 44 19 dels
714 706 52 19 efter
783 705 54 20 1862
853 704 33 20 års

136 742 48 18 taxa
208 740 31 20 för
262 739 99 27 Wiborgs
384 740 42 25 län,
447 740 44 20 dels
512 740 38 20 ock
572 740 90 20 allenast
676 740 53 19 efter
745 740 60 19 deras
821 738 64 27 pris
875 734 13 37 i

135 775 41 19 den
192 774 106 20 allmänna
313 774 93 20 rörelsen
423 774 64 20 under
503 774 146 26 ifrägakomne
665 774 23 19 är
709 774 62 24 1862;
796 772 91 21 hvarhos

135 809 102 25 komiten,
257 808 55 20 hvad
330 808 85 20 särskilt
432 811 58 17 rörer
511 808 138 26 dagsverken,
670 808 72 20 hvilka
758 806 129 22 fortfarande

137 844 29 19 uti
182 842 230 27 markegångstaxorna
432 842 141 26 förekommit,
597 842 22 20 af
639 842 89 20 anförda
750 842 47 20 skäl
820 842 67 19 ansett

137 878 32 26 sig
184 878 51 19 böra
254 876 94 22 beräkna
366 877 61 20 deras
447 877 65 20 värde
528 877 31 19 till
576 876 105 27 betydligt
703 877 83 26 ringare
803 876 84 25 belopp,

137 914 26 17 än
179 911 55 20 hvad
250 912 36 19 det
301 912 77 26 utgjort
394 911 53 20 efter
463 911 228 26 medelmarkegången
703 910 31 20 för
746 910 22 20 år
781 910 54 20 1862
846 909 39 20 och

137 946 128 26 föregående
282 946 34 19 nio
332 946 29 20 år.

205 979 132 20 Förmedelst
358 979 40 20 den
415 979 22 20 af
451 979 91 20 nämnde
563 979 77 20 komité
656 979 88 20 sålunda
760 976 129 21 verkställda

139 1012 120 27 uträkning,
278 1013 91 20 erhöllos
394 1013 31 20 för
448 1020 25 13 en
495 1013 176 26 jordeboksrubel
695 1013 53 19 efter
770 1012 26 19 de
819 1011 70 26 gamla

140 1048 201 26 undervisningarne
358 1045 93 29 följande
467 1048 162 20 medelvärden:

245 1083 7 18 i
272 1082 94 27 Nylands
397 1097 4 4 .
432 1097 5 4 .
468 1098 4 3 .
503 1097 5 4 .
538 1082 33 20 län
588 1082 10 19 1
616 1081 52 20 Rub.
685 1081 53 26 23!/,
765 1080 34 26 kp.

242 1132 12 11 5
270 1110 47 26 Äbo
326 1116 39 20 och
374 1116 143 27 Björneborgs
547 1132 11 11 »
592 1117 6 18 1
631 1131 12 12 »
686 1115 65 26 13/16
775 1129 11 12 »

242 1167 12 11 »
270 1151 130 23 Tavastehus
441 1166 3 3 .
476 1166 3 3 .
512 1166 4 4 <
547 1165 11 12 »
593 1151 5 18 1
631 1163 11 13 »
683 1149 56 26 21,
775 1163 12 12 »

242 1200 12 12 »
271 1185 30 20 S:t
315 1185 89 20 Michels
439 1200 4 4 .
474 1199 5 4 .
511 1200 3 4 .
545 1199 12 12 »
590 1185 8 19 1
682 1183 56 27 21,
775 1197 11 13 »

242 1235 12 11 »
270 1219 99 26 Kuopio.
400 1234 4 4 <
438 1235 2 4 <
473 1234 2 3 «
542 1233 12 12 n
587 1219 8 18 1
627 1233 12 12 »
680 1217 66 27 PV
776 1232 11 11 »

243 1269 12 11 »
271 1253 65 20 Wasa
363 1269 5 4 <
400 1268 3 4 <
435 1267 4 4 <
507 1268 4 4 e
587 1253 7 18 1
626 1267 12 12 n
680 1251 66 27 19%:
776 1266 11 12 »

243 1303 11 11 »
272 1287 132 26 Uleäborgs.
436 1302 4 5 .
471 1301 4 5 .
587 1287 8 18 1
628 1300 11 12 »
681 1285 53 27 22%
776 1299 12 12 »

141 1322 39 20 och
196 1321 97 27 utgjorde
311 1321 89 20 sälunda
420 1321 40 20 den
477 1302 35 39 del
528 1301 26 40 N
564 1321 62 19 dessa
642 1319 77 20 värden
736 1325 43 14 som
797 1317 96 20 öfversti-

141 1363 37 19 ger
190 1357 54 25 jemt
265 1355 94 25 rubeltal,
382 1355 35 20 det
442 1355 83 26 belopp,
550 1354 101 20 hvarmed
672 1351 222 28 jordeboksräntan,
885 1347 13 39 i

141 1390 51 26 följd
208 1390 75 20 endast
297 1390 22 19 af
333 1389 225 26 markegängsprisens
581 1389 107 19 allmänna
710 1387 99 26 stegring,
826 1385 68 20 skulle

142 1425 31 18 till
195 1424 40 20 och
259 1423 46 20 med
328 1423 23 20 år
376 1423 54 20 1862
454 1423 69 20 blifvit
546 1423 89 25 förhöjd,
655 1422 62 19 äfven
733 1427 34 14 om
783 1421 27 19 de
825 1419 70 27 gamla

142 1458 202 26 undervisningarne
360 1457 131 20 fortfarande
508 1458 65 24 tjenat
589 1457 31 19 till
637 1455 145 21 efterrättelse.
804 1453 31 20 Då
851 1453 44 20 åter
