1070 1739
226 163 34 17 414

539 230 10 23 $
566 228 49 20 36.

262 273 45 20 Den
326 273 25 20 12
364 273 7 20 i
387 273 69 20 denna
472 273 75 20 månad
564 273 62 21 hafve
642 274 34 25 Vi,
692 274 54 20 efter
762 273 35 20 det
812 273 53 20 Vårt
879 275 57 18 stats-

192 307 86 26 utskott,
300 307 27 27 på
348 308 66 26 grund
438 308 23 20 af
481 308 125 27 stadgandet
624 309 6 19 i
648 310 10 23 $
678 309 26 19 36
721 308 29 20 uti
766 308 83 27 Nådiga
863 307 74 21 Landt-

193 341 166 28 dagsordningen
376 342 22 20 af
412 342 39 20 den
470 343 24 20 15
511 343 59 26 April
588 343 60 25 1869,
668 343 31 20 till
716 342 38 21 Oss
769 342 83 27 afgifvit
868 342 69 20 betän-

193 375 69 21 kande
278 376 51 20 huru
345 377 69 20 medel
430 377 30 19 till
476 377 94 26 fyllande
585 377 24 20 af
622 371 82 26 landets
720 377 69 25 behof,
801 376 68 21 såvidt
879 378 59 18 stats-

192 410 84 20 verkets
292 411 104 20 ordinarie
412 411 115 20 inkomster
543 411 68 20 dertill
628 411 47 20 icke
690 411 71 25 förslå,
777 411 60 20 skola
855 410 82 21 anskaf-

192 446 37 25 fas,
246 445 29 20 uti
292 445 129 27 underdånig
437 446 110 20 skrifvelse
563 446 38 20 hos
623 446 56 20 Hans
703 445 118 27 Kejserliga
844 446 94 25 Majestät

192 480 105 20 hemställt
311 486 33 14 om
360 480 119 20 inrättande
489 480 23 20 af
521 486 26 14 en
563 480 252 25 kommunikationsfond,
827 480 65 26 jemte
903 480 35 19 det

192 514 26 20 Vi
234 514 68 20 tillika
316 514 6 20 i
338 514 167 27 underdånighet
520 515 19 25 ej
555 514 81 20 mindre
652 514 78 20 anmält
744 516 31 18 att
785 514 26 20 Vi
823 514 65 27 åtagit
898 513 38 21 Oss

191 548 81 27 garanti
288 549 32 19 för
335 555 41 20 nya
390 546 88 22 statslån
494 548 30 20 till
541 549 108 27 uppgifvet
664 549 77 26 belopp
756 548 31 20 till
801 549 135 26 jernvägsnä-

191 585 39 18 tets
246 583 6 19 i
268 583 71 20 landet
354 582 154 27 utsträckande,
525 586 25 17 än
567 583 39 21 ock
623 584 88 20 anhållit
732 590 33 13 om
789 583 147 26 konvertering

190 617 23 20 af
227 618 52 19 1869
296 617 32 20 års
346 617 111 20 inhemska
475 618 143 26 jernvägslån,
642 618 91 20 hvarhos
753 618 26 20 Vi
795 618 68 20 tillika
877 618 6 19 i
900 624 36 13 un-

191 652 139 26 derdånighet
344 654 65 23 yttrat
424 651 40 21 Oss
480 658 32 14 om
529 652 26 20 de
571 652 89 20 sålunda
674 652 139 27 garanterade
827 653 108 25 jernvägs-

190 685 73 21 lånens
279 685 169 21 kontraherande
463 689 53 17 samt
535 692 34 14 om
587 687 160 20 subventioners
763 686 138 21 meddelande
916 686 20 20 åt

190 720 98 20 enskilda
303 720 124 20 kommuner
443 720 52 21 eller
511 720 63 28 bolag
589 721 31 20 till
633 721 263 27 jernvägsanläggningar.

535 792 10 22 $
558 790 37 20 37.

256 835 94 20 Emedan
373 836 83 26 Nådiga
480 836 156 26 förordningen,
659 835 111 27 angående
793 834 141 27 tillverkning,

188 869 130 27 färsäljning,
342 870 77 27 upplag
442 870 39 24 och
504 870 87 26 forsling
611 870 23 20 af
650 870 96 26 bränvin,
765 870 85 20 daterad
867 870 39 20 den
922 870 12 19 2

188 904 55 20 Mars
261 904 59 26 1865,
337 904 47 20 med
400 904 105 27 utgången
522 904 23 20 af
557 904 23 20 år
593 904 52 20 1875
656 904 84 26 upphör
750 906 31 18 att
791 904 72 20 vidare
873 904 61 27 gälla,

188 938 37 19 har
241 938 57 20 Hans
313 938 118 27 Kejserliga
446 939 95 25 Majestät
560 939 2 19 i
578 938 68 27 Nådig
662 938 129 27 proposition
808 938 30 20 till
856 938 37 20 Oss
905 938 29 20 öf-

189 972 116 20 verlemnat
320 973 78 26 förslag
413 972 31 20 till
460 973 107 20 ordnande
583 973 51 20 efter
653 973 93 20 nämnda
762 973 40 19 tids
817 972 82 27 förlopp
914 972 23 20 af

188 1007 69 20 denna
272 1007 137 26 tillverkning
424 1007 39 20 och
479 1007 26 20 de
526 1007 86 20 dermed
635 1007 208 26 sammanhängande
865 1006 69 27 frågor

187 1043 54 17 samt
256 1041 73 20 dervid
353 1041 67 20 tillika
443 1041 58 28 fogat
523 1041 99 20 särskildt
640 1041 78 26 förslag
734 1041 32 20 till
782 1041 41 20 den
838 1041 24 20 af
874 1041 59 20 brän-

187 1075 212 27 vinstillverkningen
419 1076 6 19 i
447 1075 71 20 landet
540 1075 116 27 inflytande
678 1075 95 20 skattens
796 1075 138 20 användande

187 1109 38 20 och
246 1109 130 28 fördelning;
399 1109 39 20 och
461 1110 62 20 hafve
545 1110 27 20 Vi
595 1111 38 19 den
652 1111 25 19 12
693 1110 144 20 innevarande
860 1109 74 20 månad

187 1143 31 20 för
233 1143 44 20 Vår
292 1144 33 20 del
346 1144 83 20 beslutit
447 1144 31 20 till
498 1144 40 20 den
558 1144 130 27 förordning,
709 1144 111 27 angående
842 1143 92 21 tillverk-

187 1178 57 27 ning,
260 1178 130 27 försäljning,
406 1179 78 26 upplag
499 1179 40 20 och
555 1179 86 26 forsling
657 1179 22 20 af
695 1178 97 26 bränvin;
805 1185 44 14 som
868 1178 66 20 finnes

186 1212 86 27 intagen
288 1213 28 19 uti
332 1213 52 19 Vårt
399 1213 102 26 sistsagde
517 1213 40 26 dag
577 1213 30 20 till
625 1213 57 20 Hans
703 1213 116 26 Kejserliga
839 1213 95 26 Majestät

186 1247 6 18 i
208 1249 71 18 ämnet
294 1246 77 21 aflåtne
387 1247 145 26 underdåniga
547 1247 111 26 svarsbref,
674 1248 109 19 äfvensom
800 1247 29 20 uti
845 1240 87 27 särskild

186 1281 132 26 underdånig
340 1281 112 20 skrifvelse
467 1281 23 20 af
503 1287 80 14 samma
605 1281 40 27 dag
667 1281 108 20 meddelat
796 1281 52 20 Vårt
867 1281 67 20 beslut

186 1321 33 14 om
230 1315 41 20 den
282 1315 117 26 inflytande
411 1315 192 21 bränvinsskattens
610 1315 141 21 användande
760 1315 38 20 och
808 1315 124 26 fördelning.

532 1387 10 22 $
558 1385 33 20 38.

253 1429 30 21 På
298 1432 40 18 sätt
352 1429 52 21 Vårt
420 1430 39 20 den
478 1431 25 20 12
521 1430 80 20 dennes
619 1430 79 20 aflåtna
721 1429 143 27 underdåniga
886 1436 46 13 svar

185 1463 12 21 &
211 1464 58 20 Hans
285 1464 117 26 Kejserliga
417 1465 106 25 Majestäts
538 1465 82 25 Nädiga
635 1463 132 27 proposition
783 1463 110 27 angående
903 1465 29 19 af-

184 1498 102 20 trädande
308 1498 22 20 af
352 1498 58 20 mark
434 1498 30 20 till
486 1498 128 27 anläggning
633 1498 23 20 af
677 1498 110 26 landsväg,
810 1497 122 27 innehåller,
