1070 1739
811 165 34 18 415

135 230 61 20 hafve
212 231 27 19 Vi
255 229 47 21 icke
319 229 80 20 kunnat
414 230 126 20 oförändrad
557 233 77 24 antaga
649 231 40 19 den
705 229 83 27 Nådiga
806 235 73 21 propo-

135 265 89 20 sitionen
240 267 54 18 samt
309 264 30 20 för
354 265 44 19 Vår
413 265 33 20 del
464 265 83 20 beslutit
567 265 31 19 till
616 265 41 20 den
677 264 124 26 författning
815 264 7 19 i
837 267 42 16 äm-

134 301 42 24 net,
192 304 43 15 som
252 299 52 19 Vårt
319 299 89 20 berörda
424 299 144 27 underdåniga
583 299 107 20 svarsbref
704 301 107 24 upptager.

481 375 10 22 S
507 373 32 20 39.

201 418 53 20 Vårt
268 418 146 26 underdåniga
429 425 53 19 svar,
498 419 7 19 i
520 419 115 26 anledning
650 419 23 19 af
687 419 57 19 Hans
763 418 117 26 Kejserliga

135 453 106 26 Majestäts
256 452 82 27 Nådiga
353 453 130 26 proposition
499 459 34 14 om
548 454 120 26 rigtningen
683 453 23 20 af
714 454 120 19 stambanor
845 453 34 19 vid

131 487 255 27 jernvägsanläggningar
409 488 6 18 i
438 487 96 27 Finland,
557 487 61 21 hafve
644 487 24 20 Vi
691 488 106 20 meddelat
823 487 57 20 Hans

134 521 117 27 Kejserliga
266 522 95 25 Majestät
371 521 7 20 i
390 521 109 20 skrifvelse
510 522 23 20 af
541 522 41 20 den
598 522 24 20 13
638 522 143 20 innevarande
798 521 81 21 månad.

480 598 10 22 s
507 596 33 20 40.
744 610 13 17 Ä

202 641 68 20 Sedan
287 641 99 20 Finlands
401 641 100 20 Ständers
516 642 200 26 Bankfullmäktige,
732 642 30 20 till
779 642 100 26 ätlydnad

134 675 22 20 af
170 676 46 19 dem
232 676 71 26 gifven
320 675 107 20 föreskrift
446 676 29 19 uti
495 676 84 27 Nädiga
598 676 140 27 kungörelsen
755 677 40 19 den
811 677 11 19 9
839 676 38 20 De-

134 710 84 20 cember
242 710 60 26 1867,
322 710 30 19 till
376 709 39 20 Oss
438 710 101 20 aflemnat
561 711 77 27 förslag
657 711 31 19 till
704 711 129 26 reglemente
849 710 31 20 för

133 744 99 20 Finlands
248 744 66 26 Bank,
330 744 62 20 hafve
407 744 27 20 Vi
450 744 40 20 den
508 745 25 20 13
549 745 78 20 dennes
651 745 47 21 med
721 745 103 20 särskilda
843 747 35 17 än-

133 778 85 27 dringar
233 778 39 20 och
288 778 72 27 tillägg
382 779 81 26 antagit
487 778 89 21 berörde
599 779 79 27 förslag
696 782 53 17 samt
762 780 65 26 jemte
843 785 34 13 un-

133 812 102 27 derdänig
254 812 109 20 skrifvelse
380 813 139 20 öfverlemnat
538 814 115 20 detsamma
672 814 30 20 till
722 814 58 19 Hans
796 813 82 26 Kejser-

133 847 43 27 liga
191 847 107 26 Majestäts
313 847 162 27 godkännande,
491 848 107 20 äfvensom
619 848 27 20 uti
668 848 89 20 särskild
776 846 102 21 underdä-

134 882 36 26 nig
186 881 109 20 skrifvelse
310 881 22 20 af
345 882 142 26 nyssnämnda
506 882 41 27 dag
566 882 68 20 tillika
656 882 106 20 hemställt
783 888 34 14 om
838 881 40 20 för-

133 916 92 20 ändrade
251 916 129 26 stadganden
406 916 89 20 rörande
524 916 98 20 Bankens
651 917 228 27 sedelutgifningsrätt;

133 950 108 20 hvarutom
257 950 26 19 Vi
303 950 37 19 hos
362 950 58 20 Hans
442 950 99 27 Majestät
562 951 118 20 ännämnde
703 951 41 26 dag
765 950 80 20 anmält
859 951 19 28 ej

133 985 80 20 mindre
236 991 33 14 om
294 984 63 27 nödig
379 985 79 20 ansedd
482 985 90 26 ändring
595 985 23 20 af
637 985 55 20 hvad
710 986 6 19 i
732 992 62 13 mom.
811 984 30 29 m)
857 984 24 21 af

132 1019 98 26 gällande
254 1018 129 21 Instruktion
399 1019 31 20 för
447 1019 193 27 Bankfullmäktige
663 1020 84 27 stadgas
769 1019 110 27 angående

132 1053 87 20 arvodet
234 1053 31 20 för
280 1053 138 27 Fullmäktigs
434 1053 118 27 suppleant,
571 1057 26 17 än
614 1054 39 20 ock
669 1061 33 13 om
721 1054 72 20 hvilka
808 1060 69 20 perso-

132 1095 36 13 ner
183 1088 28 20 Vi
226 1089 64 18 utsett
305 1087 30 20 till
350 1087 56 20 Våra
422 1087 193 28 Bankfullmäktige
638 1089 39 20 och
700 1089 104 20 revisorer
826 1090 53 18 samt

131 1123 31 19 till
184 1122 134 27 suppleanter
341 1122 31 19 för
395 1121 55 21 dem.
480 1122 108 27 Derjemte
610 1123 62 20 hafve
688 1123 26 20 Vi
730 1123 30 19 uti
776 1122 101 21 underdå-

131 1157 35 26 nig
182 1157 110 19 skrifvelse
305 1156 79 26 jemväl
400 1156 22 20 af
436 1156 39 20 den
495 1156 24 20 13
535 1157 143 20 innevarande
693 1157 82 25 månad,
789 1156 28 27 på
827 1163 50 20 upp-

130 1194 63 24 tagne
209 1191 51 26 skäl,
277 1191 37 19 hos
330 1191 57 19 Hans
403 1190 118 27 Kejserliga
536 1191 98 26 Majestät
649 1191 88 20 anhållit
750 1193 30 18 att
790 1191 41 20 den
843 1191 34 20 be-

130 1226 90 26 fattning
235 1225 137 20 Direktionen
389 1225 32 20 för
436 1225 101 20 Finlands
553 1225 58 20 Bank
628 1225 74 20 hittills
717 1225 45 20 haft
777 1225 46 20 med
837 1225 39 20 för-

129 1260 121 26 våltningen
266 1259 24 20 af
302 1261 59 18 stats-
378 1259 39 20 och
434 1259 165 20 militieverkens
615 1259 73 20 fonder
704 1259 62 21 måtte
783 1259 94 27 upphöra

129 1295 39 19 och
200 1294 70 19 denna
298 1293 118 27 befattning
445 1293 21 20 ät
497 1299 69 14 annan
597 1293 123 28 myndighet
751 1294 125 26 uppdragas.

129 1328 40 20 För
189 1328 63 27 öfrigt
272 1327 61 20 hafve
353 1327 34 26 Vi,
408 1328 53 19 efter
481 1327 36 21 det
536 1328 56 20 Våre
607 1328 34 23 vid
659 1329 50 19 1867
727 1328 33 20 års
775 1328 101 27 landtdag

129 1363 62 19 valde
208 1362 199 27 Bankfullmäktige,
423 1362 6 19 i
446 1362 95 27 enlighet
564 1363 46 20 med
633 1363 34 20 vid
690 1363 62 26 sagde
775 1363 100 26 landtdag

128 1397 47 19 dem
198 1396 72 26 gifven
293 1396 122 27 befallning,
436 1397 30 19 tili
485 1396 47 29 Oss
547 1397 99 20 aflemnat
668 1397 78 26 ritning
764 1397 39 20 och
819 1397 56 20 kost-

129 1431 129 26 nadsförslag
274 1430 30 20 till
319 1430 131 27 uppförande
465 1431 6 19 i
487 1431 131 27 Helsingfors
636 1431 23 20 af
675 1433 29 18 ett
720 1431 102 26 bankhus,
838 1438 36 13 un-

127 1465 37 19 der
179 1465 39 19 den
234 1465 11 19 7
263 1465 79 19 dennes
356 1465 94 19 anbefalt
469 1465 56 19 Väre
549 1472 27 12 nu
598 1465 61 20 valde
682 1465 193 26 Bankfullmäktige

127 1501 30 17 att
172 1499 86 26 vidtaga
273 1498 75 27 nödige
364 1498 97 27 åtgärder
477 1499 30 20 till
524 1500 130 26 uppförande
671 1500 107 20 härstädes
793 1499 24 21 af
830 1506 43 13 om-
