1070 1739
815 136 34 18 251

136 203 130 27 rättigheter,
282 201 88 20 hvilka
362 196 13 38 i
386 201 64 26 öfrigt
464 200 65 21 borde
545 201 119 20 tillkomma
678 201 62 20 dessa
754 201 129 20 fremmande

136 237 172 21 trosbekännare.
337 235 33 20 Då
392 235 35 20 det
449 235 68 20 tillika
538 238 23 17 är
581 235 111 27 påtagligt,
708 237 31 18 att
754 237 65 18 staten
835 235 48 20 icke

136 272 41 20 kan
201 271 47 20 med
271 269 129 28 likgiltighet
418 269 34 20 åse
473 269 140 27 uppkomsten
633 271 23 19 af
670 277 42 20 nya
727 269 155 27 religionssam-

136 307 57 25 fund,
214 308 49 17 utan
278 307 30 18 att
323 305 71 19 kunna
409 304 88 20 förvissa
512 305 31 26 sig
558 304 80 26 derom,
654 307 30 18 att
699 304 25 20 de
740 304 142 27 grundsatser,

137 341 72 20 hvilka
228 340 24 19 af
268 339 60 20 dessa
343 338 96 21 samfund
455 338 96 20 omfattas
568 339 39 20 och
623 339 61 26 läras,
700 339 48 20 icke
764 338 31 21 stå
810 339 7 19 i
833 338 51 20 strid

138 375 46 20 med
201 375 25 19 de
242 374 81 26 sedliga
338 373 112 26 principer,
465 379 45 13 som
526 373 57 26 ligga
599 373 30 19 till
641 373 67 26 grund
719 373 32 20 för
763 373 121 20 samhällets

138 409 48 20 hela
208 408 148 27 organisation,
380 407 58 20 torde
458 407 61 20 häraf
536 407 82 27 framgå
638 407 66 20 såsom
722 414 25 13 en
763 407 122 20 omedelbar

138 443 57 26 följd,
216 445 30 17 att
266 444 66 18 staten
353 442 65 20 måste
434 441 101 21 fastställa
550 443 26 19 de
593 442 67 20 vilkor
676 448 44 14 som
736 444 36 18 äro
787 443 30 19 att
832 441 52 20 iakt-

139 480 57 24 tagas
217 478 31 19 för
267 479 30 18 att
315 483 42 20 nya
372 476 197 27 religionssamfund
585 476 61 20 skola
661 476 64 20 vinna
741 476 144 26 berättigande

138 514 30 18 att
182 512 7 19 i
205 511 73 20 landet
300 511 73 25 finnas,
397 510 46 20 med
467 510 121 26 åtnjutande
609 511 23 19 af
649 513 41 17 rätt
706 510 30 20 till
753 510 96 27 utöfning
864 510 22 20 af

139 553 53 20 egen
208 546 45 19 kult
268 545 39 21 och
324 552 53 20 egen
393 545 45 19 inre
454 545 95 26 styrelse.

207 580 117 20 Ständerna
346 586 50 14 anse
419 579 33 27 sig
474 579 102 26 derjemte
601 579 51 20 böra
675 580 71 24 uttala,
765 581 36 24 att,
821 579 66 26 enligt

139 615 128 21 Ständernas
287 614 70 26 tanke,
378 613 120 21 ändamålet
515 614 47 20 med
579 614 40 20 den
635 614 121 26 föreslagna
770 614 62 26 lagen
855 613 30 20 in-

139 649 92 27 galunda
254 653 48 15 vore
322 648 132 26 fullständigt
473 651 85 23 vunnet,
574 648 7 20 i
597 648 101 20 händelse
718 648 122 20 densamma
855 648 31 20 in-

140 683 110 21 skränktes
274 683 72 20 endast
370 682 30 20 till
424 682 113 20 dissenters
561 682 50 20 eller
632 682 137 20 medlemmar
788 682 23 20 af
828 682 59 20 olika

141 718 79 20 kristna
240 716 189 26 trosbekännelser,
448 716 27 20 då
489 717 8 19 i
512 717 72 19 landet
599 716 65 20 redan
680 716 112 21 förefinnas
807 716 79 20 anhän-

141 759 49 19 gare
213 752 23 20 af
256 751 138 21 icke-kristna
414 751 191 27 trosbekännelser,
626 751 82 20 hvilkas
728 751 99 27 kyrkliga
847 750 40 21 och

141 786 168 27 medborgerliga
328 786 100 26 ställning
447 786 87 20 äfvenså
549 786 60 20 torde
624 786 52 20 böra
691 786 76 20 ordnas
783 786 39 20 och
837 786 49 20 fast-

141 821 71 19 ställas
234 827 75 19 genom
332 820 79 27 lagliga
434 820 168 27 bestämningar;
625 820 39 20 och
687 820 62 20 hafva
769 820 118 21 Ständerna

142 855 54 26 förty
212 857 68 18 ansett
295 857 29 18 att
339 862 25 12 en
381 854 88 20 särskild
487 855 33 26 lag
535 856 30 19 uti
580 855 161 27 ifrågavarande
756 856 54 26 syfte
821 856 66 20 borde

142 889 92 20 utfärdas
257 890 46 19 med
325 889 100 20 afseende
444 889 12 20 å
472 889 104 20 mosaiska
599 890 39 19 och
661 890 65 20 andra
748 890 139 20 icke-kristna

143 924 170 20 trosbekännare.

209 958 33 19 Då
264 958 39 19 den
324 957 113 27 utvidgade
455 957 171 27 religionsfrihet,
642 957 39 20 den
699 964 41 20 nya
756 958 130 27 kyrkolagen

143 993 63 20 redan
223 993 69 25 infört,
303 993 6 18 i
320 999 26 13 en
362 998 46 13 snar
424 991 83 20 framtid
523 992 59 20 torde
598 992 62 20 hafva
676 992 30 20 till
721 992 81 27 påföljd
818 995 29 17 att
862 999 24 14 en

144 1027 75 26 mängd
240 1026 57 21 olika
313 1026 140 21 bekännelser
469 1027 39 19 och
525 1033 41 20 nya
581 1026 70 21 sekter
666 1026 60 21 skola
741 1027 64 20 vinna
819 1027 70 28 insteg

144 1062 39 20 och
203 1061 126 26 utbredning
344 1061 6 19 i
367 1061 78 26 landet,
465 1061 63 20 hafva
547 1061 117 20 Ständerna
679 1061 96 27 slutligen
793 1063 49 18 trott
857 1062 32 27 sig

144 1097 51 20 böra
209 1097 7 19 i
232 1095 167 27 underdånighet
422 1095 110 20 framhålla
555 1095 157 28 behöfligheten
733 1096 23 20 af
773 1103 42 20 nya
833 1097 55 20 stad-

144 1131 82 28 ganden
250 1133 56 17 emot
328 1130 181 26 proselytmakeri,
531 1130 22 20 så
574 1130 84 27 mycket
674 1137 43 13 mer
732 1136 44 14 som
792 1130 26 20 de
834 1131 54 20 stad-

144 1165 83 28 ganden
243 1165 6 19 i
266 1165 56 20 detta
345 1164 106 27 afseende,
471 1164 73 20 hvilka
563 1164 117 21 innehållas
699 1165 27 19 uti
742 1164 75 27 Kongl.
834 1165 55 20 Kun-

144 1200 98 27 görelsen
264 1199 41 20 den
328 1199 26 20 24
374 1198 85 21 Januari
481 1199 51 19 1781
554 1199 59 20 torde
629 1199 51 20 böra
695 1205 61 14 anses
771 1199 119 21 föråldrade

145 1235 39 19 och
200 1233 132 27 otidsenliga.

213 1268 29 20 På
261 1267 67 28 grund
344 1267 22 20 af
380 1267 35 20 det
429 1267 89 20 anförda
533 1267 20 20 få
568 1267 116 21 Ständerna
699 1268 7 19 i
722 1268 169 28 underdånighet

146 1303 36 20 hos
202 1302 78 20 Eders
299 1302 142 27 Kejserliga
460 1302 121 26 Majestät
596 1302 84 20 anhålla
696 1302 34 20 det
746 1303 49 20 ville
811 1303 80 21 Eders

146 1337 144 26 Kejserliga
305 1337 118 25 Majestät
437 1336 42 20 låta
494 1336 109 27 förelägga
618 1336 118 21 Ständerna
750 1336 83 27 Nådiga
843 1344 47 20 pro-

146 1371 115 27 positioner
276 1371 120 26 angående:

282 1404 20 29 a)
315 1405 150 27 dissenterlag,
477 1404 232 27 öfverensstämmande
717 1405 48 20 med
772 1405 41 21 den
821 1412 71 15 sanna

214 1438 208 29 religionsfrihetens
436 1439 150 28 grundsatser,
602 1440 8 19 i
626 1439 85 21 hvilken
725 1439 70 22 skulle
809 1440 53 27 ingå
872 1441 21 28 ej

214 1473 82 21 mindre
318 1473 136 27 stadganden
476 1473 95 21 rörande
593 1473 95 21 vilkoren
703 1473 41 27 för
754 1473 138 27 fremmande
