1070 1739
219 150 22 17 62

186 213 54 20 skall
256 213 36 20 det
307 214 103 27 trångmål
426 215 95 25 upphöra
537 216 54 18 samt
607 214 81 20 mindre
707 220 89 21 qvarnar
812 214 31 20 för
859 215 77 23 vatten,

185 247 62 27 ånga,
263 249 110 19 varm-luft
396 249 51 20 eller
470 249 88 26 dragare
581 249 75 26 uppstå
671 249 98 20 öfverallt
784 249 6 18 i
806 251 84 17 orterna
905 248 29 20 till

184 282 154 21 allmänhetens
360 285 56 18 stora
440 285 60 24 nytta
523 283 38 20 och
578 283 166 26 beqvämlighet.
774 283 90 26 Mången
879 283 55 26 jord-

186 317 96 26 brukare,
300 317 85 20 hvilken
406 324 26 13 nu
453 317 37 20 har
506 317 31 20 för
553 318 59 26 ringa
628 324 54 20 egen
699 317 134 20 konsumtion
849 318 23 19 af
886 317 48 26 mjöl

184 351 32 20 för
232 353 30 18 att
278 351 87 20 bekosta
380 358 53 20 egen
450 357 75 20 qvarn,
541 351 54 20 skall
615 352 63 19 sedan
696 354 51 24 göra
762 351 41 25 det,
820 354 37 17 när
873 352 60 25 lagen

184 385 78 20 tillåter
284 385 76 20 honom
383 388 30 17 att
435 386 61 19 äfven
521 381 88 24 förmala
633 386 65 26 några
717 388 75 17 tunnor
812 386 37 19 säd
865 385 22 20 åt
902 386 30 19 sin

183 425 81 20 granne
281 421 42 18 mot
338 420 86 26 lämplig
440 420 124 26 ersättning,
581 426 44 13 som
642 419 41 20 kan
700 420 52 26 fylla
767 422 72 17 räntan
856 419 27 26 på
898 426 34 13 an-

184 452 223 28 läggningskapitalet.

252 488 47 20 Med
323 488 121 20 hänseende
467 488 30 19 till
515 488 55 20 hvad
589 488 37 26 jag
643 495 27 13 nu
686 488 44 20 haft
745 490 49 18 äran
811 488 121 25 framställa,

184 521 77 20 tillåter
274 522 37 26 jag
327 522 43 26 mig
385 522 154 20 vördsammast
554 522 138 26 öfverlemna,
704 522 102 20 huruvida
817 522 47 20 icke
876 522 54 26 Hög-

184 555 72 27 loflige
272 556 156 26 Ridderskapet
442 556 39 20 och
499 556 67 20 Adeln
583 556 63 20 äfven
662 556 32 20 för
710 556 31 20 sin
754 556 33 20 del
798 556 67 20 skulle
877 556 57 20 finna

184 589 45 20 skäl
246 593 30 17 att
293 590 37 20 hos
345 590 57 20 Hans
418 590 119 26 Kejserliga
557 590 97 26 Majestät
670 591 4 19 i
692 590 168 26 underdänighet:
875 590 57 20 hem-

182 624 61 20 ställa
264 626 37 24 att,
324 624 48 20 med
394 624 89 26 ändring
499 624 23 20 af
535 625 12 19 4
563 626 10 22 $
589 624 38 20 och
648 624 149 26 upphäfvande
817 624 22 20 af
853 625 11 19 5
880 626 10 22 $
906 624 26 20 20

183 657 48 27 kap.
248 658 23 20 B.
288 658 21 20 B.
323 659 67 25 jemte
405 658 68 27 öfriga
488 658 30 20 till
535 658 64 20 saken
613 658 93 20 hörande
722 658 154 27 författningar,
892 658 39 20 för-

183 692 95 27 malning
298 692 22 20 af
338 692 38 20 säd
392 694 40 18 och
448 692 193 27 gryntillverkning
657 692 55 26 finge
729 692 64 20 blifva
808 692 39 20 fria
863 692 68 20 närin-

182 733 38 19 gar
236 727 47 19 med
302 726 138 27 begagnande
456 727 23 19 af
493 733 49 13 vare
557 727 33 26 sig
607 728 76 24 vatten,
700 726 71 26 väder,
787 726 60 27 änga,
864 732 66 14 varm-

181 760 39 20 luft
236 760 52 20 eller
308 760 84 20 kreatur
411 761 68 20 säsom
501 761 128 26 drifkrafter,
646 761 45 19 med
708 760 134 26 iakttagande
859 760 73 20 endast

182 794 23 20 af
221 794 55 20 hvad
301 795 89 19 rörande
413 795 132 27 anläggande
568 795 22 20 af
611 794 124 21 vattenverk
754 794 6 20 i
781 794 114 20 allmänhet
909 798 23 16 är

182 828 140 26 föreskrifvet,
338 829 23 19 sä
378 829 85 26 mycket
479 830 73 26 hellre,
563 826 48 23 som
628 829 84 20 skatten
728 829 31 19 för
775 829 155 26 säggvarnarne

181 863 63 19 redan
262 864 90 25 upphört
367 863 39 20 och
422 863 41 20 den
480 863 44 20 från
538 863 140 26 mjölgvarnar
689 863 39 19 och
740 862 127 26 stampverk,
879 862 51 20 hvil-

183 896 41 20 ken
241 897 5 19 i
264 897 152 26 statsförslaget
439 897 32 19 för
493 897 96 20 sistlidne
615 897 23 19 år
663 896 114 21 beräknats
803 896 30 20 till
858 897 74 20 endast

182 930 76 25 70,000
283 930 65 25 mark,
369 931 154 26 jemförelsevis
544 934 43 17 mot
605 932 68 25 öfriga
690 930 79 21 skatter
785 930 60 20 äfven
862 934 23 16 är
901 931 30 19 till

182 964 101 26 beloppet
307 964 81 27 ganska
410 965 61 26 ringa
493 965 37 20 och
555 971 44 14 mer
618 968 26 17 än
665 965 33 19 väl
719 967 106 24 uppväges
849 964 23 20 af
890 965 56 19 den.

181 1000 57 18 stora
258 1000 59 25 nytta
336 999 141 20 allmänheten
501 999 68 20 skulle
593 999 63 20 hafva
676 999 23 20 af
712 1005 26 13 en
755 999 24 19 fri
796 998 134 26 mjölförmal-

182 1031 110 28 ningsrätt.

252 1067 86 26 Vinner,
355 1067 67 20 säsom
437 1067 38 26 jag
493 1067 64 26 vägar
576 1067 86 26 hoppas,
678 1068 42 19 min
737 1074 26 13 nu
779 1067 75 27 gjorda
869 1067 60 20 fram-

180 1101 103 26 ställning
302 1101 91 26 benäget
411 1101 107 26 afseende,
537 1101 58 20 torde
614 1101 67 26 öfrige
700 1101 121 26 respektive
837 1101 92 20 Ständen

180 1135 98 26 inbjudas
294 1136 30 18 att
338 1135 7 19 i
361 1135 41 20 den
419 1135 144 26 underdäniga
578 1135 116 26 petitionen
718 1135 32 27 sig
772 1135 79 20 förena.
882 1135 47 20 Hel-

179 1169 99 26 singfors,
290 1168 39 20 den
348 1169 24 19 12
389 1169 98 20 Februari
505 1169 74 20 1872.”

248 1236 212 27 Landtdagsmännen
477 1237 130 20 Niskakoski
622 1237 40 20 och
678 1237 129 26 Merenojas:

317 1271 55 20 ”Till
387 1271 136 20 Hedervärda
539 1271 166 20 Bondeständet!

247 1305 140 26 Indelningen
399 1305 22 20 af
430 1311 89 20 gvarnar
530 1305 6 20 i
548 1305 45 20 tull-
603 1305 39 20 och
654 1305 205 26 husbehofsgvarnar
872 1305 56 19 med-

180 1339 31 20 för
227 1339 32 20 för
280 1339 131 20 närvarande
432 1339 77 27 mänga
528 1339 144 27 olägenheter.
702 1339 31 20 De
751 1339 76 26 mänga
842 1339 86 26 omgän-

180 1379 36 20 gar
232 1379 46 14 som
296 1379 38 20 ega
349 1379 43 13 rum
410 1373 34 20 vid
463 1373 128 20 inrättandet
613 1374 23 19 af
657 1373 128 26 tullgvarnar
808 1375 35 17 äro
866 1373 62 19 orsak

180 1407 71 20 dertill
267 1409 31 17 att
313 1407 74 19 endast
402 1407 22 19 fä
438 1407 79 20 sädana
533 1413 90 20 gvarnar
635 1407 99 26 uppföras
745 1407 39 20 och
795 1406 62 21 äfven
869 1407 61 20 dessa

180 1441 58 26 långt
252 1441 54 19 ifrån
322 1441 126 20 hvarandra.
467 1459 2 2 .
479 1441 147 20 Allmänheten
644 1441 101 20 hehöfver
760 1441 65 19 likväl
836 1441 42 19 låta
889 1441 38 19 för-

180 1475 56 20 mala
251 1475 31 19 sin
299 1475 43 26 säd,
358 1475 98 19 hvarföre
472 1475 40 19 den
529 1475 31 24 för
575 1476 30 18 att
621 1475 93 19 undvika
730 1475 40 20 den
787 1475 62 26 långa
862 1477 66 23 vägen
