<?xml version="1.0" encoding="UTF-8"?>
<alto xmlns="http://www.loc.gov/standards/alto/ns-v3#" xmlns:xlink="http://www.w3.org/1999/xlink" xmlns:xsi="http://www.w3.org/2001/XMLSchema-instance" xsi:schemaLocation="http://www.loc.gov/standards/alto/ns-v3# http://www.loc.gov/alto/v3/alto-3-0.xsd">
	<Description>
		<MeasurementUnit>pixel</MeasurementUnit>
		<sourceImageInformation>
			<fileName>/tmp/tess_m6vbcnac_input.PNG</fileName>
		</sourceImageInformation>
		<OCRProcessing ID="OCR_0">
			<ocrProcessingStep>
				<processingSoftware>
					<softwareName>tesseract 5.3.4</softwareName>
				</processingSoftware>
			</ocrProcessingStep>
		</OCRProcessing>
	</Description>
	<Layout>
		<Page WIDTH="1070" HEIGHT="1739" PHYSICAL_IMG_NR="0" ID="page_0">
			<PrintSpace HPOS="0" VPOS="0" WIDTH="1070" HEIGHT="1739">
				<ComposedBlock ID="cblock_0" HPOS="195" VPOS="156" WIDTH="34" HEIGHT="18">
					<TextBlock ID="block_0" HPOS="195" VPOS="156" WIDTH="34" HEIGHT="18">
						<TextLine ID="line_0" HPOS="195" VPOS="156" WIDTH="34" HEIGHT="18">
							<String ID="string_0" HPOS="195" VPOS="156" WIDTH="34" HEIGHT="18" WC="0.96" CONTENT="418"/>
						</TextLine>
					</TextBlock>
				</ComposedBlock>
				<ComposedBlock ID="cblock_1" HPOS="160" VPOS="217" WIDTH="756" HEIGHT="1291">
					<TextBlock ID="block_1" HPOS="160" VPOS="217" WIDTH="756" HEIGHT="1291">
						<TextLine ID="line_1" HPOS="166" VPOS="217" WIDTH="748" HEIGHT="28">
							<String ID="string_1" HPOS="166" VPOS="219" WIDTH="120" HEIGHT="26" WC="0.90" CONTENT="stampverk"/><SP WIDTH="18" VPOS="219" HPOS="286"/>
							<String ID="string_2" HPOS="304" VPOS="219" WIDTH="68" HEIGHT="20" WC="0.92" CONTENT="blefve"/><SP WIDTH="16" VPOS="219" HPOS="372"/>
							<String ID="string_3" HPOS="388" VPOS="219" WIDTH="7" HEIGHT="20" WC="0.93" CONTENT="i"/><SP WIDTH="15" VPOS="219" HPOS="395"/>
							<String ID="string_4" HPOS="410" VPOS="219" WIDTH="93" HEIGHT="26" WC="0.90" CONTENT="angifvet"/><SP WIDTH="17" VPOS="219" HPOS="503"/>
							<String ID="string_5" HPOS="520" VPOS="219" WIDTH="55" HEIGHT="26" WC="0.93" CONTENT="syfte"/><SP WIDTH="16" VPOS="219" HPOS="575"/>
							<String ID="string_6" HPOS="591" VPOS="219" WIDTH="111" HEIGHT="26" WC="0.91" CONTENT="vidtagen;"/><SP WIDTH="20" VPOS="219" HPOS="702"/>
							<String ID="string_7" HPOS="722" VPOS="217" WIDTH="22" HEIGHT="27" WC="0.89" CONTENT="b)"/><SP WIDTH="20" VPOS="217" HPOS="744"/>
							<String ID="string_8" HPOS="764" VPOS="220" WIDTH="29" HEIGHT="17" WC="0.96" CONTENT="att"/><SP WIDTH="16" VPOS="220" HPOS="793"/>
							<String ID="string_9" HPOS="809" VPOS="217" WIDTH="34" HEIGHT="20" WC="0.93" CONTENT="vid"/><SP WIDTH="17" VPOS="217" HPOS="843"/>
							<String ID="string_10" HPOS="860" VPOS="218" WIDTH="54" HEIGHT="19" WC="0.90" CONTENT="näst-"/>
						</TextLine>
						<TextLine ID="line_2" HPOS="166" VPOS="251" WIDTH="747" HEIGHT="28">
							<String ID="string_11" HPOS="166" VPOS="253" WIDTH="128" HEIGHT="20" WC="0.91" CONTENT="kommande"/><SP WIDTH="15" VPOS="253" HPOS="294"/>
							<String ID="string_12" HPOS="309" VPOS="253" WIDTH="101" HEIGHT="26" WC="0.91" CONTENT="landtdag"/><SP WIDTH="15" VPOS="253" HPOS="410"/>
							<String ID="string_13" HPOS="425" VPOS="253" WIDTH="64" HEIGHT="20" WC="0.93" CONTENT="måtte"/><SP WIDTH="16" VPOS="253" HPOS="489"/>
							<String ID="string_14" HPOS="505" VPOS="253" WIDTH="118" HEIGHT="20" WC="0.92" CONTENT="Ständerna"/><SP WIDTH="16" VPOS="253" HPOS="623"/>
							<String ID="string_15" HPOS="639" VPOS="253" WIDTH="119" HEIGHT="26" WC="0.92" CONTENT="föreläggas"/><SP WIDTH="15" VPOS="253" HPOS="758"/>
							<String ID="string_16" HPOS="773" VPOS="253" WIDTH="29" HEIGHT="18" WC="0.93" CONTENT="ett"/><SP WIDTH="19" VPOS="253" HPOS="802"/>
							<String ID="string_17" HPOS="821" VPOS="251" WIDTH="92" HEIGHT="20" WC="0.92" CONTENT="fullstän-"/>
						</TextLine>
						<TextLine ID="line_3" HPOS="166" VPOS="285" WIDTH="749" HEIGHT="29">
							<String ID="string_18" HPOS="166" VPOS="287" WIDTH="46" HEIGHT="27" WC="0.96" CONTENT="digt"/><SP WIDTH="22" VPOS="287" HPOS="212"/>
							<String ID="string_19" HPOS="234" VPOS="287" WIDTH="117" HEIGHT="26" WC="0.96" CONTENT="lagförslag"/><SP WIDTH="20" VPOS="287" HPOS="351"/>
							<String ID="string_20" HPOS="371" VPOS="287" WIDTH="89" HEIGHT="20" WC="0.96" CONTENT="rörande"/><SP WIDTH="24" VPOS="287" HPOS="460"/>
							<String ID="string_21" HPOS="484" VPOS="287" WIDTH="80" HEIGHT="20" WC="0.91" CONTENT="litterär"/><SP WIDTH="20" VPOS="287" HPOS="564"/>
							<String ID="string_22" HPOS="584" VPOS="287" WIDTH="38" HEIGHT="20" WC="0.95" CONTENT="och"/><SP WIDTH="20" VPOS="287" HPOS="622"/>
							<String ID="string_23" HPOS="642" VPOS="285" WIDTH="92" HEIGHT="22" WC="0.93" CONTENT="artistisk"/><SP WIDTH="20" VPOS="285" HPOS="734"/>
							<String ID="string_24" HPOS="754" VPOS="285" WIDTH="83" HEIGHT="27" WC="0.91" CONTENT="egande"/><SP WIDTH="27" VPOS="285" HPOS="837"/>
							<String ID="string_25" HPOS="864" VPOS="287" WIDTH="51" HEIGHT="22" WC="0.90" CONTENT="rätt;"/>
						</TextLine>
						<TextLine ID="line_4" HPOS="166" VPOS="319" WIDTH="747" HEIGHT="28">
							<String ID="string_26" HPOS="166" VPOS="321" WIDTH="20" HEIGHT="26" WC="0.88" CONTENT="c)"/><SP WIDTH="16" VPOS="321" HPOS="186"/>
							<String ID="string_27" HPOS="202" VPOS="323" WIDTH="28" HEIGHT="18" WC="0.96" CONTENT="att"/><SP WIDTH="21" VPOS="323" HPOS="230"/>
							<String ID="string_28" HPOS="251" VPOS="321" WIDTH="58" HEIGHT="20" WC="0.96" CONTENT="Hans"/><SP WIDTH="17" VPOS="321" HPOS="309"/>
							<String ID="string_29" HPOS="326" VPOS="321" WIDTH="120" HEIGHT="26" WC="0.93" CONTENT="Kejserliga"/><SP WIDTH="18" VPOS="321" HPOS="446"/>
							<String ID="string_30" HPOS="464" VPOS="321" WIDTH="98" HEIGHT="26" WC="0.96" CONTENT="Majestät"/><SP WIDTH="15" VPOS="321" HPOS="562"/>
							<String ID="string_31" HPOS="577" VPOS="321" WIDTH="35" HEIGHT="19" WC="0.96" CONTENT="vid"/><SP WIDTH="17" VPOS="321" HPOS="612"/>
							<String ID="string_32" HPOS="629" VPOS="323" WIDTH="59" HEIGHT="18" WC="0.92" CONTENT="nästa"/><SP WIDTH="15" VPOS="323" HPOS="688"/>
							<String ID="string_33" HPOS="703" VPOS="319" WIDTH="102" HEIGHT="27" WC="0.91" CONTENT="landtdag"/><SP WIDTH="15" VPOS="319" HPOS="805"/>
							<String ID="string_34" HPOS="820" VPOS="319" WIDTH="49" HEIGHT="20" WC="0.93" CONTENT="ville"/><SP WIDTH="16" VPOS="319" HPOS="869"/>
							<String ID="string_35" HPOS="885" VPOS="319" WIDTH="28" HEIGHT="19" WC="0.92" CONTENT="af-"/>
						</TextLine>
						<TextLine ID="line_5" HPOS="165" VPOS="353" WIDTH="750" HEIGHT="29">
							<String ID="string_36" HPOS="165" VPOS="355" WIDTH="58" HEIGHT="26" WC="0.93" CONTENT="gifva"/><SP WIDTH="15" VPOS="355" HPOS="223"/>
							<String ID="string_37" HPOS="238" VPOS="355" WIDTH="69" HEIGHT="26" WC="0.92" CONTENT="Nådig"/><SP WIDTH="19" VPOS="355" HPOS="307"/>
							<String ID="string_38" HPOS="326" VPOS="355" WIDTH="130" HEIGHT="27" WC="0.96" CONTENT="proposition"/><SP WIDTH="21" VPOS="355" HPOS="456"/>
							<String ID="string_39" HPOS="477" VPOS="361" WIDTH="33" HEIGHT="14" WC="0.93" CONTENT="om"/><SP WIDTH="19" VPOS="361" HPOS="510"/>
							<String ID="string_40" HPOS="529" VPOS="355" WIDTH="141" HEIGHT="26" WC="0.91" CONTENT="skjutslegans"/><SP WIDTH="16" VPOS="355" HPOS="670"/>
							<String ID="string_41" HPOS="686" VPOS="354" WIDTH="91" HEIGHT="26" WC="0.93" CONTENT="höjande"/><SP WIDTH="18" VPOS="354" HPOS="777"/>
							<String ID="string_42" HPOS="795" VPOS="361" WIDTH="26" HEIGHT="12" WC="0.91" CONTENT="m."/><SP WIDTH="16" VPOS="361" HPOS="821"/>
							<String ID="string_43" HPOS="837" VPOS="361" WIDTH="38" HEIGHT="18" WC="0.92" CONTENT="m.;"/><SP WIDTH="14" VPOS="361" HPOS="875"/>
							<String ID="string_44" HPOS="889" VPOS="353" WIDTH="26" HEIGHT="26" WC="0.90" CONTENT="d)"/>
						</TextLine>
						<TextLine ID="line_6" HPOS="166" VPOS="388" WIDTH="747" HEIGHT="28">
							<String ID="string_45" HPOS="166" VPOS="391" WIDTH="30" HEIGHT="18" WC="0.96" CONTENT="att"/><SP WIDTH="14" VPOS="391" HPOS="196"/>
							<String ID="string_46" HPOS="210" VPOS="396" WIDTH="26" HEIGHT="13" WC="0.96" CONTENT="en"/><SP WIDTH="17" VPOS="396" HPOS="236"/>
							<String ID="string_47" HPOS="253" VPOS="389" WIDTH="121" HEIGHT="27" WC="0.93" CONTENT="fullständig"/><SP WIDTH="23" VPOS="389" HPOS="374"/>
							<String ID="string_48" HPOS="397" VPOS="389" WIDTH="109" HEIGHT="26" WC="0.91" CONTENT="afdelning"/><SP WIDTH="24" VPOS="389" HPOS="506"/>
							<String ID="string_49" HPOS="530" VPOS="389" WIDTH="46" HEIGHT="20" WC="0.96" CONTENT="med"/><SP WIDTH="20" VPOS="389" HPOS="576"/>
							<String ID="string_50" HPOS="596" VPOS="389" WIDTH="80" HEIGHT="20" WC="0.95" CONTENT="finskan"/><SP WIDTH="21" VPOS="389" HPOS="676"/>
							<String ID="string_51" HPOS="697" VPOS="388" WIDTH="31" HEIGHT="19" WC="0.93" CONTENT="till"/><SP WIDTH="16" VPOS="388" HPOS="728"/>
							<String ID="string_52" HPOS="744" VPOS="388" WIDTH="169" HEIGHT="25" WC="0.91" CONTENT="undervisnings-"/>
						</TextLine>
						<TextLine ID="line_7" HPOS="164" VPOS="421" WIDTH="749" HEIGHT="29">
							<String ID="string_53" HPOS="164" VPOS="423" WIDTH="63" HEIGHT="26" WC="0.96" CONTENT="språk"/><SP WIDTH="18" VPOS="423" HPOS="227"/>
							<String ID="string_54" HPOS="245" VPOS="423" WIDTH="64" HEIGHT="19" WC="0.96" CONTENT="måtte"/><SP WIDTH="16" VPOS="423" HPOS="309"/>
							<String ID="string_55" HPOS="325" VPOS="423" WIDTH="34" HEIGHT="19" WC="0.92" CONTENT="vid"/><SP WIDTH="16" VPOS="423" HPOS="359"/>
							<String ID="string_56" HPOS="375" VPOS="423" WIDTH="162" HEIGHT="20" WC="0.92" CONTENT="Normalskolan"/><SP WIDTH="17" VPOS="423" HPOS="537"/>
							<String ID="string_57" HPOS="554" VPOS="423" WIDTH="5" HEIGHT="19" WC="0.96" CONTENT="i"/><SP WIDTH="17" VPOS="423" HPOS="559"/>
							<String ID="string_58" HPOS="576" VPOS="423" WIDTH="131" HEIGHT="27" WC="0.96" CONTENT="Helsingfors"/><SP WIDTH="15" VPOS="423" HPOS="707"/>
							<String ID="string_59" HPOS="722" VPOS="423" WIDTH="87" HEIGHT="19" WC="0.96" CONTENT="inrättas"/><SP WIDTH="11" VPOS="423" HPOS="809"/>
							<String ID="string_60" HPOS="820" VPOS="422" WIDTH="38" HEIGHT="20" WC="0.93" CONTENT="och"/><SP WIDTH="13" VPOS="422" HPOS="858"/>
							<String ID="string_61" HPOS="871" VPOS="421" WIDTH="42" HEIGHT="20" WC="0.92" CONTENT="vid-"/>
						</TextLine>
						<TextLine ID="line_8" HPOS="166" VPOS="456" WIDTH="748" HEIGHT="28">
							<String ID="string_62" HPOS="166" VPOS="457" WIDTH="136" HEIGHT="25" WC="0.91" CONTENT="makthällas;"/><SP WIDTH="16" VPOS="457" HPOS="302"/>
							<String ID="string_63" HPOS="318" VPOS="457" WIDTH="20" HEIGHT="27" WC="0.92" CONTENT="e)"/><SP WIDTH="15" VPOS="457" HPOS="338"/>
							<String ID="string_64" HPOS="353" VPOS="460" WIDTH="29" HEIGHT="17" WC="0.96" CONTENT="att"/><SP WIDTH="17" VPOS="460" HPOS="382"/>
							<String ID="string_65" HPOS="399" VPOS="457" WIDTH="57" HEIGHT="20" WC="0.96" CONTENT="Hans"/><SP WIDTH="15" VPOS="457" HPOS="456"/>
							<String ID="string_66" HPOS="471" VPOS="457" WIDTH="120" HEIGHT="27" WC="0.96" CONTENT="Kejserliga"/><SP WIDTH="15" VPOS="457" HPOS="591"/>
							<String ID="string_67" HPOS="606" VPOS="458" WIDTH="96" HEIGHT="25" WC="0.96" CONTENT="Majestät"/><SP WIDTH="20" VPOS="458" HPOS="702"/>
							<String ID="string_68" HPOS="722" VPOS="456" WIDTH="63" HEIGHT="20" WC="0.96" CONTENT="måtte"/><SP WIDTH="21" VPOS="456" HPOS="785"/>
							<String ID="string_69" HPOS="806" VPOS="456" WIDTH="108" HEIGHT="26" WC="0.96" CONTENT="förelägga"/>
						</TextLine>
						<TextLine ID="line_9" HPOS="164" VPOS="490" WIDTH="750" HEIGHT="28">
							<String ID="string_70" HPOS="164" VPOS="491" WIDTH="119" HEIGHT="21" WC="0.91" CONTENT="Ständerna"/><SP WIDTH="21" VPOS="491" HPOS="283"/>
							<String ID="string_71" HPOS="304" VPOS="491" WIDTH="83" HEIGHT="27" WC="0.92" CONTENT="Nådiga"/><SP WIDTH="23" VPOS="491" HPOS="387"/>
							<String ID="string_72" HPOS="410" VPOS="492" WIDTH="159" HEIGHT="26" WC="0.96" CONTENT="propositioner,"/><SP WIDTH="17" VPOS="492" HPOS="569"/>
							<String ID="string_73" HPOS="586" VPOS="491" WIDTH="110" HEIGHT="27" WC="0.93" CONTENT="angående"/><SP WIDTH="23" VPOS="491" HPOS="696"/>
							<String ID="string_74" HPOS="719" VPOS="490" WIDTH="146" HEIGHT="27" WC="0.92" CONTENT="dissenterlag,"/><SP WIDTH="15" VPOS="490" HPOS="865"/>
							<String ID="string_75" HPOS="880" VPOS="490" WIDTH="34" HEIGHT="26" WC="0.95" CONTENT="lag"/>
						</TextLine>
						<TextLine ID="line_10" HPOS="165" VPOS="524" WIDTH="748" HEIGHT="22">
							<String ID="string_76" HPOS="165" VPOS="532" WIDTH="33" HEIGHT="13" WC="0.96" CONTENT="om"/><SP WIDTH="17" VPOS="532" HPOS="198"/>
							<String ID="string_77" HPOS="215" VPOS="525" WIDTH="105" HEIGHT="20" WC="0.95" CONTENT="mosaiska"/><SP WIDTH="18" VPOS="525" HPOS="320"/>
							<String ID="string_78" HPOS="338" VPOS="526" WIDTH="40" HEIGHT="19" WC="0.96" CONTENT="och"/><SP WIDTH="20" VPOS="526" HPOS="378"/>
							<String ID="string_79" HPOS="398" VPOS="526" WIDTH="66" HEIGHT="19" WC="0.95" CONTENT="andra"/><SP WIDTH="21" VPOS="526" HPOS="464"/>
							<String ID="string_80" HPOS="485" VPOS="526" WIDTH="49" HEIGHT="20" WC="0.96" CONTENT="icke"/><SP WIDTH="23" VPOS="526" HPOS="534"/>
							<String ID="string_81" HPOS="557" VPOS="526" WIDTH="80" HEIGHT="20" WC="0.93" CONTENT="kristne"/><SP WIDTH="24" VPOS="526" HPOS="637"/>
							<String ID="string_82" HPOS="661" VPOS="525" WIDTH="131" HEIGHT="21" WC="0.92" CONTENT="bekännares"/><SP WIDTH="16" VPOS="525" HPOS="792"/>
							<String ID="string_83" HPOS="808" VPOS="527" WIDTH="41" HEIGHT="17" WC="0.96" CONTENT="rätt"/><SP WIDTH="14" VPOS="527" HPOS="849"/>
							<String ID="string_84" HPOS="863" VPOS="524" WIDTH="50" HEIGHT="20" WC="0.96" CONTENT="att"/><SP WIDTH="-10" VPOS="524" HPOS="913"/>
							<String ID="string_85" HPOS="903" VPOS="520" WIDTH="14" HEIGHT="36" WC="0.96" CONTENT="i"/>
						</TextLine>
						<TextLine ID="line_11" HPOS="165" VPOS="559" WIDTH="747" HEIGHT="27">
							<String ID="string_86" HPOS="165" VPOS="560" WIDTH="71" HEIGHT="20" WC="0.95" CONTENT="landet"/><SP WIDTH="17" VPOS="560" HPOS="236"/>
							<String ID="string_87" HPOS="253" VPOS="560" WIDTH="57" HEIGHT="20" WC="0.96" CONTENT="bilda"/><SP WIDTH="19" VPOS="560" HPOS="310"/>
							<String ID="string_88" HPOS="329" VPOS="560" WIDTH="95" HEIGHT="26" WC="0.96" CONTENT="kyrkligt"/><SP WIDTH="18" VPOS="560" HPOS="424"/>
							<String ID="string_89" HPOS="442" VPOS="560" WIDTH="96" HEIGHT="20" WC="0.96" CONTENT="samfund"/><SP WIDTH="19" VPOS="560" HPOS="538"/>
							<String ID="string_90" HPOS="557" VPOS="562" WIDTH="53" HEIGHT="18" WC="0.96" CONTENT="samt"/><SP WIDTH="19" VPOS="562" HPOS="610"/>
							<String ID="string_91" HPOS="629" VPOS="560" WIDTH="35" HEIGHT="26" WC="0.96" CONTENT="lag"/><SP WIDTH="15" VPOS="560" HPOS="664"/>
							<String ID="string_92" HPOS="679" VPOS="566" WIDTH="34" HEIGHT="14" WC="0.96" CONTENT="om"/><SP WIDTH="17" VPOS="566" HPOS="713"/>
							<String ID="string_93" HPOS="730" VPOS="566" WIDTH="75" HEIGHT="13" WC="0.96" CONTENT="ansvar"/><SP WIDTH="16" VPOS="566" HPOS="805"/>
							<String ID="string_94" HPOS="821" VPOS="559" WIDTH="31" HEIGHT="20" WC="0.93" CONTENT="för"/><SP WIDTH="15" VPOS="559" HPOS="852"/>
							<String ID="string_95" HPOS="867" VPOS="565" WIDTH="45" HEIGHT="20" WC="0.92" CONTENT="pro-"/>
						</TextLine>
						<TextLine ID="line_12" HPOS="165" VPOS="593" WIDTH="748" HEIGHT="27">
							<String ID="string_96" HPOS="165" VPOS="593" WIDTH="183" HEIGHT="27" WC="0.92" CONTENT="selytmakeri;"/><SP WIDTH="-21" VPOS="593" HPOS="348"/>
							<String ID="string_97" HPOS="327" VPOS="589" WIDTH="23" HEIGHT="35" WC="0.52" CONTENT="£)"/><SP WIDTH="14" VPOS="589" HPOS="350"/>
							<String ID="string_98" HPOS="364" VPOS="596" WIDTH="30" HEIGHT="18" WC="0.96" CONTENT="att"/><SP WIDTH="17" VPOS="596" HPOS="394"/>
							<String ID="string_99" HPOS="411" VPOS="594" WIDTH="82" HEIGHT="20" WC="0.96" CONTENT="tillfälle"/><SP WIDTH="24" VPOS="594" HPOS="493"/>
							<String ID="string_100" HPOS="517" VPOS="594" WIDTH="33" HEIGHT="20" WC="0.96" CONTENT="må"/><SP WIDTH="21" VPOS="594" HPOS="550"/>
							<String ID="string_101" HPOS="571" VPOS="594" WIDTH="87" HEIGHT="20" WC="0.96" CONTENT="beredas"/><SP WIDTH="22" VPOS="594" HPOS="658"/>
							<String ID="string_102" HPOS="680" VPOS="594" WIDTH="83" HEIGHT="20" WC="0.96" CONTENT="landets"/><SP WIDTH="22" VPOS="594" HPOS="763"/>
							<String ID="string_103" HPOS="785" VPOS="593" WIDTH="128" HEIGHT="20" WC="0.95" CONTENT="innevånare"/>
						</TextLine>
						<TextLine ID="line_13" HPOS="164" VPOS="627" WIDTH="749" HEIGHT="28">
							<String ID="string_104" HPOS="164" VPOS="628" WIDTH="23" HEIGHT="19" WC="0.95" CONTENT="af"/><SP WIDTH="13" VPOS="628" HPOS="187"/>
							<String ID="string_105" HPOS="200" VPOS="628" WIDTH="102" HEIGHT="26" WC="0.96" CONTENT="grekiska"/><SP WIDTH="18" VPOS="628" HPOS="302"/>
							<String ID="string_106" HPOS="320" VPOS="628" WIDTH="187" HEIGHT="20" WC="0.96" CONTENT="trosbekännelsen"/><SP WIDTH="17" VPOS="628" HPOS="507"/>
							<String ID="string_107" HPOS="524" VPOS="631" WIDTH="30" HEIGHT="17" WC="0.96" CONTENT="att"/><SP WIDTH="22" VPOS="631" HPOS="554"/>
							<String ID="string_108" HPOS="576" VPOS="628" WIDTH="34" HEIGHT="20" WC="0.96" CONTENT="vid"/><SP WIDTH="17" VPOS="628" HPOS="610"/>
							<String ID="string_109" HPOS="627" VPOS="628" WIDTH="64" HEIGHT="27" WC="0.96" CONTENT="något"/><SP WIDTH="23" VPOS="628" HPOS="691"/>
							<String ID="string_110" HPOS="714" VPOS="628" WIDTH="63" HEIGHT="20" WC="0.92" CONTENT="finskt"/><SP WIDTH="23" VPOS="628" HPOS="777"/>
							<String ID="string_111" HPOS="800" VPOS="627" WIDTH="113" HEIGHT="21" WC="0.91" CONTENT="folkskole-"/>
						</TextLine>
						<TextLine ID="line_14" HPOS="164" VPOS="661" WIDTH="749" HEIGHT="28">
							<String ID="string_112" HPOS="164" VPOS="661" WIDTH="203" HEIGHT="21" WC="0.92" CONTENT="lärareseminarium"/><SP WIDTH="17" VPOS="661" HPOS="367"/>
							<String ID="string_113" HPOS="384" VPOS="663" WIDTH="6" HEIGHT="19" WC="0.96" CONTENT="i"/><SP WIDTH="17" VPOS="663" HPOS="390"/>
							<String ID="string_114" HPOS="407" VPOS="664" WIDTH="30" HEIGHT="18" WC="0.96" CONTENT="sin"/><SP WIDTH="19" VPOS="664" HPOS="437"/>
							<String ID="string_115" HPOS="456" VPOS="663" WIDTH="89" HEIGHT="26" WC="0.96" CONTENT="religion"/><SP WIDTH="20" VPOS="663" HPOS="545"/>
							<String ID="string_116" HPOS="565" VPOS="663" WIDTH="79" HEIGHT="26" WC="0.95" CONTENT="åtnjuta"/><SP WIDTH="21" VPOS="663" HPOS="644"/>
							<String ID="string_117" HPOS="665" VPOS="662" WIDTH="152" HEIGHT="26" WC="0.96" CONTENT="undervisning"/><SP WIDTH="15" VPOS="662" HPOS="817"/>
							<String ID="string_118" HPOS="832" VPOS="662" WIDTH="23" HEIGHT="20" WC="0.93" CONTENT="af"/><SP WIDTH="12" VPOS="662" HPOS="855"/>
							<String ID="string_119" HPOS="867" VPOS="668" WIDTH="46" HEIGHT="20" WC="0.92" CONTENT="gre-"/>
						</TextLine>
						<TextLine ID="line_15" HPOS="164" VPOS="695" WIDTH="748" HEIGHT="29">
							<String ID="string_120" HPOS="164" VPOS="695" WIDTH="110" HEIGHT="27" WC="0.92" CONTENT="kisk-rysk"/><SP WIDTH="22" VPOS="695" HPOS="274"/>
							<String ID="string_121" HPOS="296" VPOS="696" WIDTH="180" HEIGHT="27" WC="0.88" CONTENT="religionslärare;"/><SP WIDTH="21" VPOS="696" HPOS="476"/>
							<String ID="string_122" HPOS="497" VPOS="697" WIDTH="26" HEIGHT="27" WC="0.89" CONTENT="g)"/><SP WIDTH="22" VPOS="697" HPOS="523"/>
							<String ID="string_123" HPOS="545" VPOS="699" WIDTH="30" HEIGHT="18" WC="0.96" CONTENT="att"/><SP WIDTH="22" VPOS="699" HPOS="575"/>
							<String ID="string_124" HPOS="597" VPOS="697" WIDTH="35" HEIGHT="20" WC="0.93" CONTENT="det"/><SP WIDTH="22" VPOS="697" HPOS="632"/>
							<String ID="string_125" HPOS="654" VPOS="696" WIDTH="160" HEIGHT="28" WC="0.91" CONTENT="postförvaltare"/><SP WIDTH="23" VPOS="696" HPOS="814"/>
							<String ID="string_126" HPOS="837" VPOS="702" WIDTH="75" HEIGHT="21" WC="0.96" CONTENT="genom"/>
						</TextLine>
						<TextLine ID="line_16" HPOS="164" VPOS="730" WIDTH="748" HEIGHT="27">
							<String ID="string_127" HPOS="164" VPOS="730" WIDTH="120" HEIGHT="26" WC="0.93" CONTENT="Kejserliga"/><SP WIDTH="14" VPOS="730" HPOS="284"/>
							<String ID="string_128" HPOS="298" VPOS="730" WIDTH="86" HEIGHT="20" WC="0.91" CONTENT="Brefvet"/><SP WIDTH="15" VPOS="730" HPOS="384"/>
							<String ID="string_129" HPOS="399" VPOS="731" WIDTH="39" HEIGHT="20" WC="0.96" CONTENT="den"/><SP WIDTH="17" VPOS="731" HPOS="438"/>
							<String ID="string_130" HPOS="455" VPOS="732" WIDTH="27" HEIGHT="19" WC="0.96" CONTENT="24"/><SP WIDTH="15" VPOS="732" HPOS="482"/>
							<String ID="string_131" HPOS="497" VPOS="731" WIDTH="42" HEIGHT="19" WC="0.96" CONTENT="Juli"/><SP WIDTH="18" VPOS="731" HPOS="539"/>
							<String ID="string_132" HPOS="557" VPOS="732" WIDTH="53" HEIGHT="19" WC="0.96" CONTENT="1860"/><SP WIDTH="16" VPOS="732" HPOS="610"/>
							<String ID="string_133" HPOS="626" VPOS="730" WIDTH="88" HEIGHT="27" WC="0.96" CONTENT="tillagda"/><SP WIDTH="19" VPOS="730" HPOS="714"/>
							<String ID="string_134" HPOS="733" VPOS="730" WIDTH="88" HEIGHT="20" WC="0.96" CONTENT="arvodet"/><SP WIDTH="15" VPOS="730" HPOS="821"/>
							<String ID="string_135" HPOS="836" VPOS="730" WIDTH="31" HEIGHT="20" WC="0.93" CONTENT="för"/><SP WIDTH="15" VPOS="730" HPOS="867"/>
							<String ID="string_136" HPOS="882" VPOS="732" WIDTH="30" HEIGHT="18" WC="0.93" CONTENT="ut-"/>
						</TextLine>
						<TextLine ID="line_17" HPOS="164" VPOS="764" WIDTH="748" HEIGHT="28">
							<String ID="string_137" HPOS="164" VPOS="764" WIDTH="88" HEIGHT="27" WC="0.96" CONTENT="delning"/><SP WIDTH="16" VPOS="764" HPOS="252"/>
							<String ID="string_138" HPOS="268" VPOS="765" WIDTH="23" HEIGHT="19" WC="0.96" CONTENT="af"/><SP WIDTH="13" VPOS="765" HPOS="291"/>
							<String ID="string_139" HPOS="304" VPOS="764" WIDTH="106" HEIGHT="28" WC="0.96" CONTENT="tidningar"/><SP WIDTH="15" VPOS="764" HPOS="410"/>
							<String ID="string_140" HPOS="425" VPOS="766" WIDTH="39" HEIGHT="19" WC="0.96" CONTENT="och"/><SP WIDTH="18" VPOS="766" HPOS="464"/>
							<String ID="string_141" HPOS="482" VPOS="765" WIDTH="117" HEIGHT="20" WC="0.96" CONTENT="tidskrifter"/><SP WIDTH="21" VPOS="765" HPOS="599"/>
							<String ID="string_142" HPOS="620" VPOS="765" WIDTH="64" HEIGHT="20" WC="0.93" CONTENT="måtte"/><SP WIDTH="23" VPOS="765" HPOS="684"/>
							<String ID="string_143" HPOS="707" VPOS="764" WIDTH="110" HEIGHT="26" WC="0.92" CONTENT="afskaffas;"/><SP WIDTH="23" VPOS="764" HPOS="817"/>
							<String ID="string_144" HPOS="840" VPOS="764" WIDTH="24" HEIGHT="27" WC="0.37" CONTENT="Ah)"/><SP WIDTH="15" VPOS="764" HPOS="864"/>
							<String ID="string_145" HPOS="879" VPOS="771" WIDTH="33" HEIGHT="13" WC="0.96" CONTENT="om"/>
						</TextLine>
						<TextLine ID="line_18" HPOS="164" VPOS="796" WIDTH="750" HEIGHT="30">
							<String ID="string_146" HPOS="164" VPOS="799" WIDTH="165" HEIGHT="25" WC="0.96" CONTENT="reorganisation"/><SP WIDTH="24" VPOS="799" HPOS="329"/>
							<String ID="string_147" HPOS="353" VPOS="799" WIDTH="23" HEIGHT="20" WC="0.93" CONTENT="af"/><SP WIDTH="20" VPOS="799" HPOS="376"/>
							<String ID="string_148" HPOS="396" VPOS="796" WIDTH="169" HEIGHT="30" WC="0.92" CONTENT="Öfverstyrelsen"/><SP WIDTH="23" VPOS="796" HPOS="565"/>
							<String ID="string_149" HPOS="588" VPOS="800" WIDTH="32" HEIGHT="19" WC="0.96" CONTENT="för"/><SP WIDTH="21" VPOS="800" HPOS="620"/>
							<String ID="string_150" HPOS="641" VPOS="799" WIDTH="150" HEIGHT="20" WC="0.96" CONTENT="skolväsendet"/><SP WIDTH="22" VPOS="799" HPOS="791"/>
							<String ID="string_151" HPOS="813" VPOS="801" WIDTH="54" HEIGHT="18" WC="0.96" CONTENT="samt"/><SP WIDTH="17" VPOS="801" HPOS="867"/>
							<String ID="string_152" HPOS="884" VPOS="801" WIDTH="30" HEIGHT="17" WC="0.95" CONTENT="att"/>
						</TextLine>
						<TextLine ID="line_19" HPOS="164" VPOS="832" WIDTH="752" HEIGHT="28">
							<String ID="string_153" HPOS="164" VPOS="832" WIDTH="118" HEIGHT="20" WC="0.92" CONTENT="Ständerna"/><SP WIDTH="23" VPOS="832" HPOS="282"/>
							<String ID="string_154" HPOS="305" VPOS="832" WIDTH="63" HEIGHT="21" WC="0.93" CONTENT="måtte"/><SP WIDTH="24" VPOS="832" HPOS="368"/>
							<String ID="string_155" HPOS="392" VPOS="834" WIDTH="117" HEIGHT="26" WC="0.92" CONTENT="medgifvas"/><SP WIDTH="22" VPOS="834" HPOS="509"/>
							<String ID="string_156" HPOS="531" VPOS="836" WIDTH="41" HEIGHT="17" WC="0.96" CONTENT="rätt"/><SP WIDTH="22" VPOS="836" HPOS="572"/>
							<String ID="string_157" HPOS="594" VPOS="836" WIDTH="30" HEIGHT="17" WC="0.96" CONTENT="att"/><SP WIDTH="22" VPOS="836" HPOS="624"/>
							<String ID="string_158" HPOS="646" VPOS="833" WIDTH="84" HEIGHT="26" WC="0.96" CONTENT="deltaga"/><SP WIDTH="15" VPOS="833" HPOS="730"/>
							<String ID="string_159" HPOS="745" VPOS="834" WIDTH="6" HEIGHT="19" WC="0.96" CONTENT="i"/><SP WIDTH="16" VPOS="834" HPOS="751"/>
							<String ID="string_160" HPOS="767" VPOS="833" WIDTH="108" HEIGHT="20" WC="0.96" CONTENT="stiftandet"/><SP WIDTH="18" VPOS="833" HPOS="875"/>
							<String ID="string_161" HPOS="893" VPOS="833" WIDTH="23" HEIGHT="19" WC="0.96" CONTENT="af"/>
						</TextLine>
						<TextLine ID="line_20" HPOS="163" VPOS="866" WIDTH="750" HEIGHT="28">
							<String ID="string_162" HPOS="163" VPOS="866" WIDTH="77" HEIGHT="20" WC="0.93" CONTENT="allmän"/><SP WIDTH="17" VPOS="866" HPOS="240"/>
							<String ID="string_163" HPOS="257" VPOS="866" WIDTH="55" HEIGHT="21" WC="0.92" CONTENT="skol-"/><SP WIDTH="17" VPOS="866" HPOS="312"/>
							<String ID="string_164" HPOS="329" VPOS="867" WIDTH="39" HEIGHT="20" WC="0.93" CONTENT="och"/><SP WIDTH="17" VPOS="867" HPOS="368"/>
							<String ID="string_165" HPOS="385" VPOS="868" WIDTH="198" HEIGHT="26" WC="0.91" CONTENT="undervisningslag"/><SP WIDTH="17" VPOS="868" HPOS="583"/>
							<String ID="string_166" HPOS="600" VPOS="874" WIDTH="25" HEIGHT="14" WC="0.90" CONTENT="m."/><SP WIDTH="17" VPOS="874" HPOS="625"/>
							<String ID="string_167" HPOS="642" VPOS="874" WIDTH="38" HEIGHT="18" WC="0.91" CONTENT="m.;"/><SP WIDTH="24" VPOS="874" HPOS="680"/>
							<String ID="string_168" HPOS="704" VPOS="868" WIDTH="19" HEIGHT="26" WC="0.94" CONTENT="i)"/><SP WIDTH="20" VPOS="868" HPOS="723"/>
							<String ID="string_169" HPOS="743" VPOS="869" WIDTH="30" HEIGHT="18" WC="0.95" CONTENT="att"/><SP WIDTH="19" VPOS="869" HPOS="773"/>
							<String ID="string_170" HPOS="792" VPOS="867" WIDTH="57" HEIGHT="20" WC="0.93" CONTENT="Hans"/><SP WIDTH="16" VPOS="867" HPOS="849"/>
							<String ID="string_171" HPOS="865" VPOS="867" WIDTH="48" HEIGHT="26" WC="0.91" CONTENT="Kej-"/>
						</TextLine>
						<TextLine ID="line_21" HPOS="164" VPOS="900" WIDTH="749" HEIGHT="28">
							<String ID="string_172" HPOS="164" VPOS="900" WIDTH="78" HEIGHT="27" WC="0.92" CONTENT="serliga"/><SP WIDTH="14" VPOS="900" HPOS="242"/>
							<String ID="string_173" HPOS="256" VPOS="901" WIDTH="99" HEIGHT="26" WC="0.96" CONTENT="Majestät"/><SP WIDTH="14" VPOS="901" HPOS="355"/>
							<String ID="string_174" HPOS="369" VPOS="902" WIDTH="82" HEIGHT="20" WC="0.93" CONTENT="täcktes"/><SP WIDTH="16" VPOS="902" HPOS="451"/>
							<String ID="string_175" HPOS="467" VPOS="902" WIDTH="106" HEIGHT="20" WC="0.92" CONTENT="anbefalla"/><SP WIDTH="13" VPOS="902" HPOS="573"/>
							<String ID="string_176" HPOS="586" VPOS="901" WIDTH="139" HEIGHT="27" WC="0.96" CONTENT="uppförandet"/><SP WIDTH="15" VPOS="901" HPOS="725"/>
							<String ID="string_177" HPOS="740" VPOS="901" WIDTH="23" HEIGHT="20" WC="0.96" CONTENT="af"/><SP WIDTH="13" VPOS="901" HPOS="763"/>
							<String ID="string_178" HPOS="776" VPOS="904" WIDTH="30" HEIGHT="17" WC="0.97" CONTENT="ett"/><SP WIDTH="15" VPOS="904" HPOS="806"/>
							<String ID="string_179" HPOS="821" VPOS="903" WIDTH="48" HEIGHT="25" WC="0.93" CONTENT="eget"/><SP WIDTH="16" VPOS="903" HPOS="869"/>
							<String ID="string_180" HPOS="885" VPOS="901" WIDTH="28" HEIGHT="20" WC="0.91" CONTENT="lä-"/>
						</TextLine>
						<TextLine ID="line_22" HPOS="164" VPOS="934" WIDTH="749" HEIGHT="27">
							<String ID="string_181" HPOS="164" VPOS="934" WIDTH="128" HEIGHT="20" WC="0.92" CONTENT="roverkshus"/><SP WIDTH="19" VPOS="934" HPOS="292"/>
							<String ID="string_182" HPOS="311" VPOS="935" WIDTH="31" HEIGHT="20" WC="0.93" CONTENT="för"/><SP WIDTH="19" VPOS="935" HPOS="342"/>
							<String ID="string_183" HPOS="361" VPOS="936" WIDTH="161" HEIGHT="19" WC="0.92" CONTENT="Normalskolan"/><SP WIDTH="16" VPOS="936" HPOS="522"/>
							<String ID="string_184" HPOS="538" VPOS="936" WIDTH="7" HEIGHT="19" WC="0.96" CONTENT="i"/><SP WIDTH="15" VPOS="936" HPOS="545"/>
							<String ID="string_185" HPOS="560" VPOS="936" WIDTH="140" HEIGHT="25" WC="0.93" CONTENT="Helsingfors;"/><SP WIDTH="18" VPOS="936" HPOS="700"/>
							<String ID="string_186" HPOS="718" VPOS="935" WIDTH="25" HEIGHT="26" WC="0.84" CONTENT="j)"/><SP WIDTH="20" VPOS="935" HPOS="743"/>
							<String ID="string_187" HPOS="763" VPOS="937" WIDTH="30" HEIGHT="18" WC="0.96" CONTENT="att"/><SP WIDTH="15" VPOS="937" HPOS="793"/>
							<String ID="string_188" HPOS="808" VPOS="935" WIDTH="34" HEIGHT="20" WC="0.93" CONTENT="vid"/><SP WIDTH="17" VPOS="935" HPOS="842"/>
							<String ID="string_189" HPOS="859" VPOS="938" WIDTH="54" HEIGHT="17" WC="0.92" CONTENT="näst-"/>
						</TextLine>
						<TextLine ID="line_23" HPOS="164" VPOS="967" WIDTH="749" HEIGHT="29">
							<String ID="string_190" HPOS="164" VPOS="967" WIDTH="141" HEIGHT="22" WC="0.92" CONTENT="instundande"/><SP WIDTH="20" VPOS="967" HPOS="305"/>
							<String ID="string_191" HPOS="325" VPOS="969" WIDTH="101" HEIGHT="26" WC="0.91" CONTENT="landtdag"/><SP WIDTH="22" VPOS="969" HPOS="426"/>
							<String ID="string_192" HPOS="448" VPOS="969" WIDTH="81" HEIGHT="20" WC="0.91" CONTENT="landets"/><SP WIDTH="23" VPOS="969" HPOS="529"/>
							<String ID="string_193" HPOS="552" VPOS="969" WIDTH="90" HEIGHT="20" WC="0.92" CONTENT="Ständer"/><SP WIDTH="15" VPOS="969" HPOS="642"/>
							<String ID="string_194" HPOS="657" VPOS="969" WIDTH="64" HEIGHT="20" WC="0.92" CONTENT="mätte"/><SP WIDTH="16" VPOS="969" HPOS="721"/>
							<String ID="string_195" HPOS="737" VPOS="969" WIDTH="120" HEIGHT="27" WC="0.93" CONTENT="föreläggas"/><SP WIDTH="15" VPOS="969" HPOS="857"/>
							<String ID="string_196" HPOS="872" VPOS="969" WIDTH="41" HEIGHT="20" WC="0.93" CONTENT="Nä-"/>
						</TextLine>
						<TextLine ID="line_24" HPOS="164" VPOS="1002" WIDTH="749" HEIGHT="28">
							<String ID="string_197" HPOS="164" VPOS="1002" WIDTH="35" HEIGHT="26" WC="0.95" CONTENT="dig"/><SP WIDTH="16" VPOS="1002" HPOS="199"/>
							<String ID="string_198" HPOS="215" VPOS="1003" WIDTH="130" HEIGHT="26" WC="0.93" CONTENT="proposition"/><SP WIDTH="21" VPOS="1003" HPOS="345"/>
							<String ID="string_199" HPOS="366" VPOS="1003" WIDTH="109" HEIGHT="27" WC="0.91" CONTENT="angäende"/><SP WIDTH="16" VPOS="1003" HPOS="475"/>
							<String ID="string_200" HPOS="491" VPOS="1003" WIDTH="148" HEIGHT="27" WC="0.90" CONTENT="upphäfvande"/><SP WIDTH="22" VPOS="1003" HPOS="639"/>
							<String ID="string_201" HPOS="661" VPOS="1003" WIDTH="52" HEIGHT="20" WC="0.96" CONTENT="eller"/><SP WIDTH="23" VPOS="1003" HPOS="713"/>
							<String ID="string_202" HPOS="736" VPOS="1003" WIDTH="89" HEIGHT="26" WC="0.95" CONTENT="ändring"/><SP WIDTH="22" VPOS="1003" HPOS="825"/>
							<String ID="string_203" HPOS="847" VPOS="1003" WIDTH="22" HEIGHT="20" WC="0.95" CONTENT="af"/><SP WIDTH="18" VPOS="1003" HPOS="869"/>
							<String ID="string_204" HPOS="887" VPOS="1003" WIDTH="26" HEIGHT="20" WC="0.96" CONTENT="de"/>
						</TextLine>
						<TextLine ID="line_25" HPOS="162" VPOS="1037" WIDTH="751" HEIGHT="27">
							<String ID="string_205" HPOS="162" VPOS="1037" WIDTH="140" HEIGHT="26" WC="0.96" CONTENT="stadganden,"/><SP WIDTH="20" VPOS="1037" HPOS="302"/>
							<String ID="string_206" HPOS="322" VPOS="1044" WIDTH="43" HEIGHT="13" WC="0.96" CONTENT="som"/><SP WIDTH="21" VPOS="1044" HPOS="365"/>
							<String ID="string_207" HPOS="386" VPOS="1038" WIDTH="104" HEIGHT="26" WC="0.93" CONTENT="begränsa"/><SP WIDTH="17" VPOS="1038" HPOS="490"/>
							<String ID="string_208" HPOS="507" VPOS="1037" WIDTH="143" HEIGHT="20" WC="0.83" CONTENT="ränteaftalets"/><SP WIDTH="21" VPOS="1037" HPOS="650"/>
							<String ID="string_209" HPOS="671" VPOS="1037" WIDTH="75" HEIGHT="25" WC="0.93" CONTENT="frihet;"/><SP WIDTH="20" VPOS="1037" HPOS="746"/>
							<String ID="string_210" HPOS="766" VPOS="1037" WIDTH="24" HEIGHT="27" WC="0.52" CONTENT="&amp;)"/><SP WIDTH="18" VPOS="1037" HPOS="790"/>
							<String ID="string_211" HPOS="808" VPOS="1039" WIDTH="30" HEIGHT="18" WC="0.96" CONTENT="att"/><SP WIDTH="17" VPOS="1039" HPOS="838"/>
							<String ID="string_212" HPOS="855" VPOS="1038" WIDTH="58" HEIGHT="19" WC="0.96" CONTENT="Hans"/>
						</TextLine>
						<TextLine ID="line_26" HPOS="164" VPOS="1070" WIDTH="749" HEIGHT="28">
							<String ID="string_213" HPOS="164" VPOS="1070" WIDTH="120" HEIGHT="27" WC="0.95" CONTENT="Kejserliga"/><SP WIDTH="23" VPOS="1070" HPOS="284"/>
							<String ID="string_214" HPOS="307" VPOS="1071" WIDTH="98" HEIGHT="25" WC="0.89" CONTENT="Majestät"/><SP WIDTH="23" VPOS="1071" HPOS="405"/>
							<String ID="string_215" HPOS="428" VPOS="1072" WIDTH="49" HEIGHT="20" WC="0.96" CONTENT="ville"/><SP WIDTH="19" VPOS="1072" HPOS="477"/>
							<String ID="string_216" HPOS="496" VPOS="1073" WIDTH="3" HEIGHT="18" WC="0.93" CONTENT="i"/><SP WIDTH="16" VPOS="1073" HPOS="499"/>
							<String ID="string_217" HPOS="515" VPOS="1072" WIDTH="70" HEIGHT="20" WC="0.93" CONTENT="Näder"/><SP WIDTH="23" VPOS="1072" HPOS="585"/>
							<String ID="string_218" HPOS="608" VPOS="1074" WIDTH="48" HEIGHT="24" WC="0.91" CONTENT="taga"/><SP WIDTH="21" VPOS="1074" HPOS="656"/>
							<String ID="string_219" HPOS="677" VPOS="1071" WIDTH="90" HEIGHT="20" WC="0.96" CONTENT="initiativ"/><SP WIDTH="24" VPOS="1071" HPOS="767"/>
							<String ID="string_220" HPOS="791" VPOS="1071" WIDTH="31" HEIGHT="20" WC="0.93" CONTENT="till"/><SP WIDTH="22" VPOS="1071" HPOS="822"/>
							<String ID="string_221" HPOS="844" VPOS="1071" WIDTH="69" HEIGHT="26" WC="0.93" CONTENT="Nädig"/>
						</TextLine>
						<TextLine ID="line_27" HPOS="162" VPOS="1104" WIDTH="749" HEIGHT="27">
							<String ID="string_222" HPOS="162" VPOS="1104" WIDTH="155" HEIGHT="27" WC="0.96" CONTENT="framställning"/><SP WIDTH="19" VPOS="1104" HPOS="317"/>
							<String ID="string_223" HPOS="336" VPOS="1105" WIDTH="31" HEIGHT="20" WC="0.93" CONTENT="till"/><SP WIDTH="21" VPOS="1105" HPOS="367"/>
							<String ID="string_224" HPOS="388" VPOS="1105" WIDTH="118" HEIGHT="21" WC="0.92" CONTENT="Ständerna"/><SP WIDTH="17" VPOS="1105" HPOS="506"/>
							<String ID="string_225" HPOS="523" VPOS="1112" WIDTH="34" HEIGHT="14" WC="0.93" CONTENT="om"/><SP WIDTH="20" VPOS="1112" HPOS="557"/>
							<String ID="string_226" HPOS="577" VPOS="1105" WIDTH="120" HEIGHT="21" WC="0.95" CONTENT="inrättande"/><SP WIDTH="20" VPOS="1105" HPOS="697"/>
							<String ID="string_227" HPOS="717" VPOS="1105" WIDTH="23" HEIGHT="20" WC="0.93" CONTENT="af"/><SP WIDTH="14" VPOS="1105" HPOS="740"/>
							<String ID="string_228" HPOS="754" VPOS="1106" WIDTH="18" HEIGHT="25" WC="0.96" CONTENT="ej"/><SP WIDTH="18" VPOS="1106" HPOS="772"/>
							<String ID="string_229" HPOS="790" VPOS="1105" WIDTH="80" HEIGHT="20" WC="0.96" CONTENT="mindre"/><SP WIDTH="16" VPOS="1105" HPOS="870"/>
							<String ID="string_230" HPOS="886" VPOS="1112" WIDTH="25" HEIGHT="13" WC="0.97" CONTENT="en"/>
						</TextLine>
						<TextLine ID="line_28" HPOS="163" VPOS="1138" WIDTH="749" HEIGHT="28">
							<String ID="string_231" HPOS="163" VPOS="1138" WIDTH="74" HEIGHT="26" WC="0.91" CONTENT="högsta"/><SP WIDTH="15" VPOS="1138" HPOS="237"/>
							<String ID="string_232" HPOS="252" VPOS="1139" WIDTH="98" HEIGHT="25" WC="0.95" CONTENT="domstol,"/><SP WIDTH="15" VPOS="1139" HPOS="350"/>
							<String ID="string_233" HPOS="365" VPOS="1142" WIDTH="27" HEIGHT="17" WC="0.96" CONTENT="än"/><SP WIDTH="16" VPOS="1142" HPOS="392"/>
							<String ID="string_234" HPOS="408" VPOS="1142" WIDTH="30" HEIGHT="17" WC="0.91" CONTENT="ett"/><SP WIDTH="16" VPOS="1142" HPOS="438"/>
							<String ID="string_235" HPOS="454" VPOS="1142" WIDTH="45" HEIGHT="23" WC="0.93" CONTENT="nytt"/><SP WIDTH="15" VPOS="1142" HPOS="499"/>
							<String ID="string_236" HPOS="514" VPOS="1140" WIDTH="83" HEIGHT="20" WC="0.92" CONTENT="embete"/><SP WIDTH="15" VPOS="1140" HPOS="597"/>
							<String ID="string_237" HPOS="612" VPOS="1140" WIDTH="31" HEIGHT="19" WC="0.93" CONTENT="för"/><SP WIDTH="16" VPOS="1140" HPOS="643"/>
							<String ID="string_238" HPOS="659" VPOS="1139" WIDTH="119" HEIGHT="20" WC="0.92" CONTENT="kontrollen"/><SP WIDTH="17" VPOS="1139" HPOS="778"/>
							<String ID="string_239" HPOS="795" VPOS="1140" WIDTH="59" HEIGHT="19" WC="0.93" CONTENT="öfver"/><SP WIDTH="15" VPOS="1140" HPOS="854"/>
							<String ID="string_240" HPOS="869" VPOS="1140" WIDTH="43" HEIGHT="26" WC="0.92" CONTENT="lag-"/>
						</TextLine>
						<TextLine ID="line_29" HPOS="163" VPOS="1171" WIDTH="750" HEIGHT="28">
							<String ID="string_241" HPOS="163" VPOS="1171" WIDTH="128" HEIGHT="28" WC="0.91" CONTENT="skipningen"/><SP WIDTH="16" VPOS="1171" HPOS="291"/>
							<String ID="string_242" HPOS="307" VPOS="1173" WIDTH="6" HEIGHT="19" WC="0.96" CONTENT="i"/><SP WIDTH="17" VPOS="1173" HPOS="313"/>
							<String ID="string_243" HPOS="330" VPOS="1180" WIDTH="80" HEIGHT="13" WC="0.96" CONTENT="samma"/><SP WIDTH="15" VPOS="1180" HPOS="410"/>
							<String ID="string_244" HPOS="425" VPOS="1174" WIDTH="89" HEIGHT="20" WC="0.96" CONTENT="domstol"/><SP WIDTH="17" VPOS="1174" HPOS="514"/>
							<String ID="string_245" HPOS="531" VPOS="1174" WIDTH="39" HEIGHT="20" WC="0.96" CONTENT="och"/><SP WIDTH="20" VPOS="1174" HPOS="570"/>
							<String ID="string_246" HPOS="590" VPOS="1175" WIDTH="56" HEIGHT="19" WC="0.95" CONTENT="inom"/><SP WIDTH="25" VPOS="1175" HPOS="646"/>
							<String ID="string_247" HPOS="671" VPOS="1174" WIDTH="71" HEIGHT="19" WC="0.93" CONTENT="landet"/><SP WIDTH="22" VPOS="1174" HPOS="742"/>
							<String ID="string_248" HPOS="764" VPOS="1174" WIDTH="149" HEIGHT="25" WC="0.92" CONTENT="öfverhufvud;"/>
						</TextLine>
						<TextLine ID="line_30" HPOS="163" VPOS="1205" WIDTH="750" HEIGHT="30">
							<String ID="string_249" HPOS="163" VPOS="1205" WIDTH="18" HEIGHT="26" WC="0.76" CONTENT="1)"/><SP WIDTH="16" VPOS="1205" HPOS="181"/>
							<String ID="string_250" HPOS="197" VPOS="1208" WIDTH="29" HEIGHT="17" WC="0.96" CONTENT="att"/><SP WIDTH="15" VPOS="1208" HPOS="226"/>
							<String ID="string_251" HPOS="241" VPOS="1206" WIDTH="59" HEIGHT="20" WC="0.93" CONTENT="Hans"/><SP WIDTH="15" VPOS="1206" HPOS="300"/>
							<String ID="string_252" HPOS="315" VPOS="1207" WIDTH="119" HEIGHT="28" WC="0.96" CONTENT="Kejserliga"/><SP WIDTH="16" VPOS="1207" HPOS="434"/>
							<String ID="string_253" HPOS="450" VPOS="1209" WIDTH="97" HEIGHT="25" WC="0.96" CONTENT="Majestät"/><SP WIDTH="15" VPOS="1209" HPOS="547"/>
							<String ID="string_254" HPOS="562" VPOS="1209" WIDTH="6" HEIGHT="18" WC="0.92" CONTENT="i"/><SP WIDTH="16" VPOS="1209" HPOS="568"/>
							<String ID="string_255" HPOS="584" VPOS="1208" WIDTH="70" HEIGHT="20" WC="0.91" CONTENT="Näder"/><SP WIDTH="16" VPOS="1208" HPOS="654"/>
							<String ID="string_256" HPOS="670" VPOS="1207" WIDTH="64" HEIGHT="20" WC="0.96" CONTENT="måtte"/><SP WIDTH="16" VPOS="1207" HPOS="734"/>
							<String ID="string_257" HPOS="750" VPOS="1208" WIDTH="108" HEIGHT="27" WC="0.93" CONTENT="förelägga"/><SP WIDTH="11" VPOS="1208" HPOS="858"/>
							<String ID="string_258" HPOS="869" VPOS="1208" WIDTH="44" HEIGHT="19" WC="0.93" CONTENT="lan-"/>
						</TextLine>
						<TextLine ID="line_31" HPOS="163" VPOS="1240" WIDTH="748" HEIGHT="29">
							<String ID="string_259" HPOS="163" VPOS="1240" WIDTH="46" HEIGHT="20" WC="0.93" CONTENT="dets"/><SP WIDTH="17" VPOS="1240" HPOS="209"/>
							<String ID="string_260" HPOS="226" VPOS="1241" WIDTH="85" HEIGHT="20" WC="0.92" CONTENT="härnäst"/><SP WIDTH="15" VPOS="1241" HPOS="311"/>
							<String ID="string_261" HPOS="326" VPOS="1242" WIDTH="197" HEIGHT="20" WC="0.92" CONTENT="sammanträdande"/><SP WIDTH="21" VPOS="1242" HPOS="523"/>
							<String ID="string_262" HPOS="544" VPOS="1242" WIDTH="88" HEIGHT="20" WC="0.92" CONTENT="Ständer"/><SP WIDTH="19" VPOS="1242" HPOS="632"/>
							<String ID="string_263" HPOS="651" VPOS="1242" WIDTH="129" HEIGHT="26" WC="0.96" CONTENT="proposition"/><SP WIDTH="21" VPOS="1242" HPOS="780"/>
							<String ID="string_264" HPOS="801" VPOS="1248" WIDTH="32" HEIGHT="14" WC="0.93" CONTENT="om"/><SP WIDTH="17" VPOS="1248" HPOS="833"/>
							<String ID="string_265" HPOS="850" VPOS="1249" WIDTH="61" HEIGHT="20" WC="0.92" CONTENT="grun-"/>
						</TextLine>
						<TextLine ID="line_32" HPOS="163" VPOS="1274" WIDTH="748" HEIGHT="29">
							<String ID="string_266" HPOS="163" VPOS="1274" WIDTH="66" HEIGHT="20" WC="0.92" CONTENT="derna"/><SP WIDTH="16" VPOS="1274" HPOS="229"/>
							<String ID="string_267" HPOS="245" VPOS="1275" WIDTH="32" HEIGHT="20" WC="0.93" CONTENT="för"/><SP WIDTH="15" VPOS="1275" HPOS="277"/>
							<String ID="string_268" HPOS="292" VPOS="1275" WIDTH="107" HEIGHT="28" WC="0.93" CONTENT="reglering"/><SP WIDTH="16" VPOS="1275" HPOS="399"/>
							<String ID="string_269" HPOS="415" VPOS="1277" WIDTH="23" HEIGHT="19" WC="0.93" CONTENT="af"/><SP WIDTH="12" VPOS="1277" HPOS="438"/>
							<String ID="string_270" HPOS="450" VPOS="1276" WIDTH="166" HEIGHT="27" WC="0.93" CONTENT="presterskapets"/><SP WIDTH="15" VPOS="1276" HPOS="616"/>
							<String ID="string_271" HPOS="631" VPOS="1276" WIDTH="94" HEIGHT="26" WC="0.92" CONTENT="aflöning"/><SP WIDTH="13" VPOS="1276" HPOS="725"/>
							<String ID="string_272" HPOS="738" VPOS="1277" WIDTH="6" HEIGHT="18" WC="0.92" CONTENT="i"/><SP WIDTH="12" VPOS="1277" HPOS="744"/>
							<String ID="string_273" HPOS="756" VPOS="1276" WIDTH="81" HEIGHT="20" WC="0.92" CONTENT="landets"/><SP WIDTH="12" VPOS="1276" HPOS="837"/>
							<String ID="string_274" HPOS="849" VPOS="1283" WIDTH="62" HEIGHT="13" WC="0.93" CONTENT="evan-"/>
						</TextLine>
						<TextLine ID="line_33" HPOS="162" VPOS="1309" WIDTH="749" HEIGHT="28">
							<String ID="string_275" HPOS="162" VPOS="1309" WIDTH="190" HEIGHT="25" WC="0.93" CONTENT="gelisk-lutherska"/><SP WIDTH="15" VPOS="1309" HPOS="352"/>
							<String ID="string_276" HPOS="367" VPOS="1310" WIDTH="158" HEIGHT="27" WC="0.92" CONTENT="församlingar;"/><SP WIDTH="15" VPOS="1310" HPOS="525"/>
							<String ID="string_277" HPOS="540" VPOS="1311" WIDTH="31" HEIGHT="26" WC="0.78" CONTENT="m)"/><SP WIDTH="20" VPOS="1311" HPOS="571"/>
							<String ID="string_278" HPOS="591" VPOS="1313" WIDTH="29" HEIGHT="17" WC="0.95" CONTENT="att"/><SP WIDTH="18" VPOS="1313" HPOS="620"/>
							<String ID="string_279" HPOS="638" VPOS="1311" WIDTH="51" HEIGHT="26" WC="0.93" CONTENT="inga"/><SP WIDTH="17" VPOS="1311" HPOS="689"/>
							<String ID="string_280" HPOS="706" VPOS="1311" WIDTH="104" HEIGHT="26" WC="0.92" CONTENT="vigtigare"/><SP WIDTH="19" VPOS="1311" HPOS="810"/>
							<String ID="string_281" HPOS="829" VPOS="1311" WIDTH="82" HEIGHT="19" WC="0.92" CONTENT="föränd-"/>
						</TextLine>
						<TextLine ID="line_34" HPOS="162" VPOS="1343" WIDTH="749" HEIGHT="28">
							<String ID="string_282" HPOS="162" VPOS="1343" WIDTH="71" HEIGHT="26" WC="0.95" CONTENT="ringar"/><SP WIDTH="11" VPOS="1343" HPOS="233"/>
							<String ID="string_283" HPOS="244" VPOS="1344" WIDTH="5" HEIGHT="19" WC="0.93" CONTENT="i"/><SP WIDTH="13" VPOS="1344" HPOS="249"/>
							<String ID="string_284" HPOS="262" VPOS="1344" WIDTH="306" HEIGHT="21" WC="0.92" CONTENT="Alexanders-Universitetets"/><SP WIDTH="15" VPOS="1344" HPOS="568"/>
							<String ID="string_285" HPOS="583" VPOS="1345" WIDTH="124" HEIGHT="26" WC="0.96" CONTENT="författning"/><SP WIDTH="11" VPOS="1345" HPOS="707"/>
							<String ID="string_286" HPOS="718" VPOS="1345" WIDTH="38" HEIGHT="20" WC="0.93" CONTENT="och"/><SP WIDTH="12" VPOS="1345" HPOS="756"/>
							<String ID="string_287" HPOS="768" VPOS="1345" WIDTH="143" HEIGHT="26" WC="0.96" CONTENT="organisation"/>
						</TextLine>
						<TextLine ID="line_35" HPOS="162" VPOS="1377" WIDTH="749" HEIGHT="28">
							<String ID="string_288" HPOS="162" VPOS="1377" WIDTH="63" HEIGHT="20" WC="0.96" CONTENT="måtte"/><SP WIDTH="17" VPOS="1377" HPOS="225"/>
							<String ID="string_289" HPOS="242" VPOS="1377" WIDTH="104" HEIGHT="27" WC="0.96" CONTENT="vidtagas,"/><SP WIDTH="16" VPOS="1377" HPOS="346"/>
							<String ID="string_290" HPOS="362" VPOS="1381" WIDTH="48" HEIGHT="17" WC="0.96" CONTENT="utan"/><SP WIDTH="17" VPOS="1381" HPOS="410"/>
							<String ID="string_291" HPOS="427" VPOS="1383" WIDTH="30" HEIGHT="16" WC="0.93" CONTENT="att"/><SP WIDTH="18" VPOS="1383" HPOS="457"/>
							<String ID="string_292" HPOS="475" VPOS="1379" WIDTH="127" HEIGHT="20" WC="0.92" CONTENT="Ständernas"/><SP WIDTH="23" VPOS="1379" HPOS="602"/>
							<String ID="string_293" HPOS="625" VPOS="1378" WIDTH="145" HEIGHT="27" WC="0.88" CONTENT="underdäniga"/><SP WIDTH="21" VPOS="1378" HPOS="770"/>
							<String ID="string_294" HPOS="791" VPOS="1379" WIDTH="99" HEIGHT="26" WC="0.96" CONTENT="yttrande"/><SP WIDTH="16" VPOS="1379" HPOS="890"/>
							<String ID="string_295" HPOS="906" VPOS="1380" WIDTH="5" HEIGHT="18" WC="0.81" CONTENT="i"/>
						</TextLine>
						<TextLine ID="line_36" HPOS="160" VPOS="1411" WIDTH="754" HEIGHT="28">
							<String ID="string_296" HPOS="160" VPOS="1413" WIDTH="72" HEIGHT="17" WC="0.96" CONTENT="ämnet"/><SP WIDTH="16" VPOS="1413" HPOS="232"/>
							<String ID="string_297" HPOS="248" VPOS="1411" WIDTH="56" HEIGHT="20" WC="0.93" CONTENT="förut"/><SP WIDTH="13" VPOS="1411" HPOS="304"/>
							<String ID="string_298" HPOS="317" VPOS="1412" WIDTH="124" HEIGHT="26" WC="0.93" CONTENT="infordrats;"/><SP WIDTH="18" VPOS="1412" HPOS="441"/>
							<String ID="string_299" HPOS="459" VPOS="1413" WIDTH="24" HEIGHT="26" WC="0.91" CONTENT="n)"/><SP WIDTH="12" VPOS="1413" HPOS="483"/>
							<String ID="string_300" HPOS="495" VPOS="1420" WIDTH="32" HEIGHT="13" WC="0.93" CONTENT="om"/><SP WIDTH="13" VPOS="1420" HPOS="527"/>
							<String ID="string_301" HPOS="540" VPOS="1413" WIDTH="63" HEIGHT="26" WC="0.96" CONTENT="nödig"/><SP WIDTH="13" VPOS="1413" HPOS="603"/>
							<String ID="string_302" HPOS="616" VPOS="1412" WIDTH="80" HEIGHT="21" WC="0.96" CONTENT="ansedd"/><SP WIDTH="13" VPOS="1412" HPOS="696"/>
							<String ID="string_303" HPOS="709" VPOS="1413" WIDTH="166" HEIGHT="26" WC="0.96" CONTENT="reorganisation"/><SP WIDTH="17" VPOS="1413" HPOS="875"/>
							<String ID="string_304" HPOS="892" VPOS="1413" WIDTH="22" HEIGHT="19" WC="0.97" CONTENT="af"/>
						</TextLine>
						<TextLine ID="line_37" HPOS="161" VPOS="1444" WIDTH="750" HEIGHT="29">
							<String ID="string_305" HPOS="161" VPOS="1444" WIDTH="158" HEIGHT="21" WC="0.92" CONTENT="landtmäteriet"/><SP WIDTH="15" VPOS="1444" HPOS="319"/>
							<String ID="string_306" HPOS="334" VPOS="1447" WIDTH="38" HEIGHT="19" WC="0.93" CONTENT="och"/><SP WIDTH="17" VPOS="1447" HPOS="372"/>
							<String ID="string_307" HPOS="389" VPOS="1447" WIDTH="152" HEIGHT="20" WC="0.91" CONTENT="forstväsendet"/><SP WIDTH="15" VPOS="1447" HPOS="541"/>
							<String ID="string_308" HPOS="556" VPOS="1448" WIDTH="7" HEIGHT="19" WC="0.96" CONTENT="i"/><SP WIDTH="16" VPOS="1448" HPOS="563"/>
							<String ID="string_309" HPOS="579" VPOS="1447" WIDTH="80" HEIGHT="25" WC="0.96" CONTENT="landet;"/><SP WIDTH="17" VPOS="1447" HPOS="659"/>
							<String ID="string_310" HPOS="676" VPOS="1446" WIDTH="24" HEIGHT="27" WC="0.87" CONTENT="0)"/><SP WIDTH="15" VPOS="1446" HPOS="700"/>
							<String ID="string_311" HPOS="715" VPOS="1449" WIDTH="30" HEIGHT="17" WC="0.97" CONTENT="att"/><SP WIDTH="15" VPOS="1449" HPOS="745"/>
							<String ID="string_312" HPOS="760" VPOS="1447" WIDTH="56" HEIGHT="18" WC="0.93" CONTENT="Hans"/><SP WIDTH="14" VPOS="1447" HPOS="816"/>
							<String ID="string_313" HPOS="830" VPOS="1447" WIDTH="81" HEIGHT="26" WC="0.92" CONTENT="Kejser-"/>
						</TextLine>
						<TextLine ID="line_38" HPOS="162" VPOS="1478" WIDTH="749" HEIGHT="30">
							<String ID="string_314" HPOS="162" VPOS="1478" WIDTH="44" HEIGHT="29" WC="0.93" CONTENT="liga"/><SP WIDTH="14" VPOS="1478" HPOS="206"/>
							<String ID="string_315" HPOS="220" VPOS="1479" WIDTH="98" HEIGHT="28" WC="0.96" CONTENT="Majestät"/><SP WIDTH="16" VPOS="1479" HPOS="318"/>
							<String ID="string_316" HPOS="334" VPOS="1480" WIDTH="82" HEIGHT="20" WC="0.96" CONTENT="täcktes"/><SP WIDTH="16" VPOS="1480" HPOS="416"/>
							<String ID="string_317" HPOS="432" VPOS="1481" WIDTH="5" HEIGHT="19" WC="0.93" CONTENT="i"/><SP WIDTH="17" VPOS="1481" HPOS="437"/>
							<String ID="string_318" HPOS="454" VPOS="1481" WIDTH="69" HEIGHT="19" WC="0.91" CONTENT="Näder"/><SP WIDTH="20" VPOS="1481" HPOS="523"/>
							<String ID="string_319" HPOS="543" VPOS="1484" WIDTH="48" HEIGHT="24" WC="0.96" CONTENT="taga"/><SP WIDTH="18" VPOS="1484" HPOS="591"/>
							<String ID="string_320" HPOS="609" VPOS="1481" WIDTH="36" HEIGHT="20" WC="0.92" CONTENT="det"/><SP WIDTH="14" VPOS="1481" HPOS="645"/>
							<String ID="string_321" HPOS="659" VPOS="1480" WIDTH="13" HEIGHT="20" WC="0.88" CONTENT="&amp;"/><SP WIDTH="16" VPOS="1480" HPOS="672"/>
							<String ID="string_322" HPOS="688" VPOS="1480" WIDTH="57" HEIGHT="20" WC="0.93" CONTENT="Hans"/><SP WIDTH="19" VPOS="1480" HPOS="745"/>
							<String ID="string_323" HPOS="764" VPOS="1480" WIDTH="97" HEIGHT="25" WC="0.93" CONTENT="Majestät"/><SP WIDTH="15" VPOS="1480" HPOS="861"/>
							<String ID="string_324" HPOS="876" VPOS="1488" WIDTH="35" HEIGHT="12" WC="0.92" CONTENT="an-"/>
						</TextLine>
					</TextBlock>
				</ComposedBlock>
			</PrintSpace>
		</Page>
	</Layout>
</alto>
