1070 1739
788 136 33 19 217

111 202 35 21 vid
164 203 51 20 1727
232 202 33 20 års
283 201 85 28 riksdag
390 202 39 20 och
453 202 37 20 har
512 208 75 21 genom
611 208 74 15 senare
708 200 147 27 författningar

111 237 87 20 förlorat
217 236 98 27 gällande
335 236 61 21 kraft.
426 236 75 27 Kungl.
521 237 83 20 brefvet
621 237 23 20 af
662 236 20 20 d.
698 236 26 20 22
740 235 116 20 December

112 271 52 20 1743
188 271 85 26 stadgar
298 271 140 26 uttryckligen
461 273 31 18 att
515 271 217 26 häradshöfdingarne
748 270 6 19 i
770 270 86 19 motsats

111 305 32 21 till
158 305 151 27 lagmännerne
328 311 41 21 ega
388 307 30 18 att
436 305 108 26 ”uppbära
567 305 165 27 tingskapparne
747 304 22 20 in
785 305 72 19 natura

112 340 27 26 på
154 341 41 18 sätt
210 339 38 20 och
268 339 52 20 efter
340 339 40 20 den
400 339 127 28 fördelning,
542 346 44 14 som
602 340 35 20 vid
653 338 134 21 oftanämnde
804 339 51 19 1727

113 374 33 19 års
161 373 86 27 riksdag
263 373 88 20 faststält
366 374 39 20 och
421 374 37 19 här
473 373 95 21 ofvantill
584 373 84 21 förmält
683 373 87 20 blifvit.”
800 366 56 27 Åbe-

113 408 102 26 ropandet
229 408 23 20 af
270 408 51 20 1727
341 408 32 20 års
392 408 167 27 riksdagsbeslut
577 409 3 19 i
596 408 142 26 nyssnämnde
753 407 105 26 Kungliga

114 442 47 20 bref
174 442 72 27 gäller,
262 442 67 20 såsom
344 442 58 20 såväl
418 442 25 21 de
458 442 88 20 anförda
561 442 65 20 orden
650 449 45 13 som
718 442 61 20 äfven
803 441 54 20 bref-

114 480 44 16 vets
180 477 151 26 sammanhang
353 477 95 27 tydligen
473 477 136 27 ådagalägga,
628 478 75 19 endast
717 476 93 28 grunden
827 476 31 19 för

115 510 174 28 tingskapparnes
312 511 118 27 fördelning
453 512 90 20 emellan
566 512 127 26 lagmännen
714 512 40 20 och
773 510 84 20 härads-

114 546 150 26 höfdingarne;
281 552 46 14 men
343 546 41 20 kan
400 546 22 20 så
438 546 86 26 mycket
539 546 80 20 mindre
630 546 44 20 afse
690 546 35 20 det
740 546 22 20 af
775 545 82 27 petitio-

115 583 64 17 nären
196 580 87 20 anförda
298 580 130 26 stadgandet,
444 587 45 14 som
506 580 134 21 oftanämnde
656 580 48 20 bref
717 580 51 20 blott
782 580 76 20 beträf-

115 614 62 21 fande
199 615 269 27 lagmanstingskapparne,
492 622 47 13 men
562 615 48 21 icke
628 614 231 27 häradshöfdingarnes,

115 649 135 21 tillerkänner
272 649 104 27 allmogen
398 652 40 18 rätt
456 652 29 18 att
500 650 45 20 lösa
560 650 122 26 spanmålen
699 649 47 21 med
762 649 46 27 fyra
823 651 36 17 öre

115 684 133 27 silfvermynt
262 684 33 20 för
309 684 50 20 hvar
374 684 76 27 kappe.

183 718 30 20 På
232 718 67 27 grund
317 719 23 19 af
356 719 36 20 det
411 719 88 20 anförda
521 726 61 13 anser
605 719 112 20 Allmänna
739 718 120 20 Besvärsut-

115 753 79 20 skottet
212 753 35 21 det
266 754 24 20 af
305 754 138 26 petitionären
461 754 109 26 påpekade
587 753 180 21 missförhållande
782 752 77 20 rätteli-

116 794 41 20 gen
173 787 71 21 kunna
259 788 103 26 afhjelpas
378 788 75 20 endast
467 794 77 21 genom
561 795 24 13 en
604 788 107 26 reglering
725 788 23 20 af
760 786 99 28 grunder-

117 828 26 13 na
162 822 58 19 såväl
238 822 32 20 för
289 822 165 26 presterskapets
473 822 40 20 och
529 822 223 27 kyrkobetjeningens,
769 828 43 14 som
828 820 33 20 för

116 856 124 20 domarenes
262 856 40 20 och
323 856 65 21 andre
410 857 154 27 kappetagares
583 857 99 27 aflöning,
699 863 47 13 men
762 856 46 20 icke
823 862 36 20 ge-

118 897 46 13 nom
181 890 35 21 det
231 891 23 20 af
267 891 75 21 honom
362 891 119 27 föreslagna
501 892 75 20 medel.
606 891 107 21 Utskottet
732 891 31 20 får
778 890 83 20 derföre

117 927 37 19 hos
170 926 82 20 landets
266 926 120 27 Höglofliga
401 926 89 20 Ständer
506 927 106 19 vördsamt
627 926 113 27 tillstyrka:

253 973 33 19 att
300 971 41 21 den
356 971 172 28 ifrågavarande
540 972 120 27 petitionen
676 971 45 21 icke
730 971 36 21 må
777 970 35 21 till
822 970 41 21 nå-

185 1013 42 20 gon
242 1006 79 27 åtgärd
331 1005 126 28 föranleda.

220 1052 136 27 Helsingfors,
371 1052 39 20 den
426 1053 26 19 27
469 1053 55 19 Mars
542 1053 59 20 1872.
