1070 1739
220 143 23 17 92

186 206 30 19 till
240 206 151 21 Universitetet
414 206 47 21 med
485 207 26 19 85
531 207 65 26 penni
616 206 32 20 för
667 212 80 14 samma
762 207 106 24 gvantum,
884 205 51 20 eller

186 241 154 26 sammanlagdt
357 241 46 21 med
420 242 12 19 4
448 239 60 21 mark
523 241 26 19 25
566 241 64 25 penni
646 240 31 20 för
692 240 73 25 hvarje
779 240 100 20 standert.
902 239 31 20 En

186 273 63 21 sädan
266 275 137 26 specialskatt
418 275 27 26 pä
460 281 27 14 en
502 275 98 19 inhemsk
615 274 88 20 industri
721 274 69 19 kunde
806 274 75 20 endast
893 273 39 20 för-

186 314 72 14 svaras
280 308 43 20 ifall
346 309 40 20 den
409 309 88 20 träffade
520 315 25 13 en
566 308 172 25 öfverflödsvara,
758 308 67 19 säsom
846 308 85 20 bränvin

185 341 53 20 eller
261 343 99 25 spelkort,
384 343 72 19 hvilka
471 343 6 19 i
494 342 45 20 vårt
559 342 48 20 land
628 343 50 19 bära
697 341 74 27 dylika
786 342 144 26 produktions-

185 376 85 20 skatter.
294 376 193 27 Sågningsafgiften
504 377 88 20 innebär
608 377 102 25 derjemte
722 383 24 13 en
759 383 26 20 ny
799 375 134 28 beskattning

185 410 12 19 å
212 410 41 20 den
270 411 134 26 handsågade
420 411 118 25 trädvaran,
554 417 45 14 som
611 411 44 19 före
666 410 124 26 sågräntans
801 410 131 21 afskaffande

184 443 24 20 år
233 444 50 20 1861
309 446 18 25 ej
351 452 36 14 var
408 445 76 26 belagd
504 445 47 19 med
572 444 67 27 någon
656 444 65 20 sådan
738 444 38 20 och
793 444 81 20 kännes
890 452 41 19 nog

185 478 118 26 tryckande
319 480 31 18 för
366 479 25 20 de
407 481 63 24 orter,
486 481 13 17 t.
515 486 33 13 ex.
564 479 89 27 Nystad,
670 478 82 20 hvilkas
768 481 75 23 export
854 480 30 19 till
897 480 33 19 be-

185 512 68 26 tydlig
272 513 34 19 del
322 515 83 24 utgöres
421 513 23 20 af
457 513 121 26 handsågad
595 519 56 19 vara,
666 520 44 13 som
727 516 23 16 är
765 520 25 12 en
807 513 90 26 produkt
912 514 23 19 af

184 546 62 20 enkel
268 547 92 26 husslöjd
377 547 12 20 &
404 548 71 19 landet
490 547 39 20 och
545 547 83 20 derföre
645 547 65 20 borde
726 547 61 19 hafva
802 554 79 13 samma
896 554 35 13 an-

184 580 63 26 språk
263 583 31 18 att
309 588 49 13 vara
373 581 102 25 skattefri,
491 588 44 13 som
551 581 28 19 all
595 588 69 13 annan
680 581 60 26 dylik
756 582 59 25 slöjd.

252 614 75 21 Härtill
343 616 84 20 komma
441 616 65 20 andra
515 617 76 25 ytterst
602 616 80 26 vigtiga
692 615 176 27 betänkligheter,
880 616 49 20 hän-

184 648 88 20 förande
295 650 32 26 sig
350 650 181 26 hufvudsakligast
551 650 30 19 till
603 650 25 19 de
648 649 97 27 nordliga
760 650 172 26 gränstrakterna

183 685 58 18 emot
260 683 93 27 Sverige.
384 684 95 20 Svenska
498 684 39 20 och
553 684 82 20 Norska
650 683 112 21 affärsmän
779 684 62 20 hafva
858 684 71 20 nemli-

182 724 41 19 gen
247 718 62 20 fästat
331 719 184 26 uppmärksamhet
534 718 65 27 derpå
617 720 30 18 att
662 718 42 20 den
720 718 122 20 oförädlade
858 718 71 26 skogs-

184 752 117 26 produkten
313 753 6 19 i
331 753 88 20 Finland
436 753 145 26 besynnerligt
597 759 40 20 nog
653 755 22 17 är
688 752 104 26 skattefri,
804 752 73 20 medan
890 752 39 20 den

183 786 109 21 förädlade
311 787 114 20 beskattas.
456 787 43 20 Och
515 794 45 13 som
576 786 106 27 skogarne
697 787 7 19 i
721 786 35 20 det
771 786 95 27 nordliga
881 786 49 20 Sve-

184 821 44 26 rige
244 821 46 19 dels
305 828 42 20 nog
364 822 86 26 mycket
465 822 62 19 redan
543 821 95 25 sköflats,
654 820 45 20 dels
715 821 59 19 torde
790 821 63 20 hafva
863 822 67 20 ställts

183 854 66 20 under
264 862 26 13 en
307 858 109 24 strängare
433 856 96 25 kontroll,
541 855 62 20 hafva
615 855 97 20 bemälde
723 854 111 20 affärsmän
847 862 83 14 numera

183 888 81 27 begynt
279 889 56 26 köpa
349 889 60 20 stock
420 890 6 19 i
438 891 55 18 stora
509 889 77 26 partier
602 889 44 20 från
663 889 91 25 Torneå,
770 889 60 20 Kemi
846 890 39 20 och
899 890 30 20 till

182 923 40 19 och
247 923 47 21 med
314 924 30 25 Ijo
365 924 89 20 elfdalar
473 925 52 18 samt
541 923 66 20 forsla
621 923 40 19 den
678 923 5 19 i
701 922 70 21 flottor
787 924 30 19 till
833 924 46 20 sina
893 931 37 13 sex

182 959 63 24 stora,
269 957 61 20 hardt
352 957 34 20 vid
410 960 89 24 gränsen
520 957 26 26 på
566 956 91 21 svenska
676 956 61 20 sidan
756 957 92 26 anlagda
863 958 67 27 sågar,

182 991 106 20 hvarifrån
309 992 40 19 den
372 991 161 27 maskinsågade
551 991 110 20 trädvaran
678 993 49 17 utan
744 991 66 26 några
825 993 103 25 exportaf-

181 1026 63 25 gifter
260 1026 56 20 föres
332 1026 29 20 till
379 1026 100 20 utlandet.
509 1025 64 20 Detta
588 1028 22 21 är
626 1032 26 13 en
668 1027 64 24 utväg
748 1026 31 19 för
794 1026 134 27 utländingen

182 1059 44 20 dels
246 1062 31 17 att
293 1060 137 27 undandraga
447 1060 44 20 vårt
506 1060 48 20 land
571 1060 39 19 den
627 1059 122 27 påräknade
765 1059 109 27 sågnings-
891 1061 38 20 och

182 1094 291 27 universitetsfondsafgiften,
493 1094 44 20 dels
553 1096 31 17 att
600 1096 72 17 nästan
689 1093 141 27 omöjliggöra
846 1095 30 19 för
892 1095 36 20 fin-

180 1127 39 20 ska
240 1129 138 26 medborgare
393 1129 132 26 spekulation
542 1129 5 18 i
564 1129 70 19 denna
648 1128 123 26 affärsgren,
789 1129 44 19 dels
849 1131 30 18 att
895 1129 33 20 be-

181 1162 59 20 röfva
260 1163 51 20 flere
331 1163 81 20 hundra
432 1163 66 20 finska
513 1163 103 25 arbetare,
632 1169 44 14 som
693 1163 62 25 eljest
769 1163 68 20 sakna
852 1164 75 25 syssel-

180 1196 99 27 sättning,
296 1197 39 20 den
352 1197 96 26 förtjenst
464 1197 25 20 de
505 1197 70 20 kunde
591 1199 51 24 göra
653 1197 33 26 sig
698 1197 35 19 vid
744 1197 26 20 de
782 1197 147 26 mångahanda

180 1231 78 25 sysslor
276 1231 100 20 råvarans
392 1231 104 27 förädling
511 1231 39 20 och
567 1231 142 26 utskeppning
724 1231 100 20 erfordra.
856 1231 37 20 Att
907 1233 23 19 så

180 1265 100 20 förhåller
296 1265 30 26 sig
344 1265 58 20 torde
419 1265 81 26 framgå
514 1265 62 20 deraf
589 1267 30 18 att
634 1271 26 14 en
678 1265 26 19 12
720 1267 42 17 tum
779 1265 56 26 tjock
852 1266 39 20 och
902 1267 26 19 24

180 1299 30 18 fot
229 1299 51 26 lång
295 1299 59 20 stock
370 1299 117 20 innehåller
502 1300 5 19 i
524 1300 35 19 det
575 1301 104 18 närmaste
698 1299 24 19 19
740 1299 65 20 kubik
821 1299 32 20 fot
869 1301 57 20 virke

180 1333 38 19 och
242 1333 72 20 kostar
329 1334 6 18 i
351 1333 80 27 skogen
456 1334 51 19 efter
529 1334 12 19 8
561 1334 63 25 penni
645 1333 133 26 kubikfoten,
795 1340 44 13 som
855 1337 23 17 är
893 1335 35 20 det

180 1367 91 26 vanliga,
294 1367 64 20 ehuru
379 1368 62 19 äfven
463 1368 94 27 billigare
576 1368 42 26 pris
634 1367 59 20 torde
710 1367 62 20 hafva
789 1367 111 27 betingats,
919 1371 6 18 1

180 1400 59 20 mark
256 1401 27 19 52
299 1401 70 26 penni.
401 1401 31 20 En
447 1402 64 20 sådan
527 1401 60 20 stock
604 1402 80 20 lemnar
701 1401 83 26 vidpass
802 1402 25 19 12
841 1402 51 20 eller
906 1405 22 18 13

180 1434 99 20 kubikfot
298 1434 74 27 sågadt
388 1435 66 26 virke,
470 1442 43 13 som
530 1435 35 20 vid
581 1438 75 23 export
672 1435 107 20 beskattas
796 1435 30 20 till
843 1436 83 22 Kronan

178 1468 39 21 och
234 1468 158 26 Universitetet,
407 1469 54 21 efter
477 1470 6 19 i
499 1469 34 20 det
549 1472 104 20 närmaste
668 1469 43 27 2'/,
728 1469 63 27 penni
808 1469 32 20 för
854 1470 73 22 kubik-
