1070 1739
235 141 34 18 158

269 204 42 20 För
325 204 63 27 öfrigt
403 204 63 20 hafva
480 204 132 20 komiterade
630 206 70 18 ansett
715 204 32 27 sig
763 204 52 20 böra
829 204 24 20 så
869 204 85 26 mycket

201 238 68 20 hellre
285 238 105 27 tillstyrka
406 238 58 20 bifall
479 238 32 20 till
527 238 36 20 det
577 239 24 19 af
615 239 53 20 1864
684 238 34 20 års
733 238 80 21 komité
826 238 76 21 väckta
913 238 40 19 för-

201 273 53 26 slag,
270 275 30 17 att
315 272 155 27 benämningen
486 274 24 18 af
523 272 122 21 skattetalet
664 272 84 20 ”rubel”
767 273 68 19 skulle
857 272 97 26 ombytas

202 307 31 20 till
256 307 81 19 ”skatt?
362 307 48 19 med
433 306 120 27 fördelning
568 307 7 19 i
591 307 139 25 tiondedelar,
753 307 73 26 hvarje
844 307 108 20 tiondedel

203 341 146 20 motsvarande
366 341 28 19 tio
410 340 78 26 kopek,
504 347 45 13 som
565 343 87 18 namnet
666 340 86 20 ”rubel”
767 341 54 20 både
833 341 31 20 för
875 341 77 20 skatte-

202 375 28 20 tal
246 375 40 20 och
302 376 102 25 myntsort
419 374 39 20 hos
477 374 106 27 allmogen
606 375 62 26 gifvit
691 374 116 27 anledning
823 375 30 20 till
870 375 82 20 förvex-

202 409 45 26 ling
263 409 40 20 och
320 408 151 20 missförstånd.

270 443 60 19 Efter
349 442 36 20 det
404 442 135 20 oftanämnde
559 442 132 20 komiterade
706 442 89 20 sålunda
810 442 93 27 fullgjort
918 442 35 20 det

202 477 47 20 dem
266 476 136 20 anförtrodda
416 476 95 26 uppdrag
526 475 38 20 har
574 476 58 19 Hans
646 476 120 26 Kejserliga
777 476 97 26 Majestät
889 477 7 19 i
912 476 40 20 den

200 511 34 19 till
250 510 118 20 Ständerna
388 510 79 20 aflåtna
482 509 111 21 berättelse
609 516 33 14 om
659 510 115 26 styrelsens
790 510 139 27 tillgöranden
946 511 6 19 i

202 544 117 26 anledning
341 544 23 20 af
385 544 110 20 sisthållna
513 544 112 26 landtdags
650 544 68 20 beslut
736 544 40 20 och
795 544 158 27 förhandlingar

202 579 7 19 i
224 578 71 20 Nåder
314 578 102 20 förklarat
433 578 35 20 det
488 584 27 20 ny
535 578 131 26 proposition
681 578 7 20 i
704 578 59 20 detta
777 581 62 17 ämne
857 579 96 20 kommer

202 615 30 17 att
248 612 118 20 Ständerna
381 612 7 20 i
403 612 68 20 sinom
487 612 29 20 tid
532 612 126 26 föreläggas.

271 646 32 20 Då
317 646 58 20 Hans
391 646 118 26 Kejserliga
524 646 96 26 Majestät
636 646 88 20 sålunda
739 646 65 20 redan
821 647 87 19 utlofvat
923 650 29 16 att

202 680 70 27 Nådig
288 680 129 26 proposition
434 680 31 20 till
481 680 123 26 författning
619 681 90 19 rörande
725 681 120 26 grunderna
860 681 31 19 för
905 684 47 16 rän-

202 714 277 26 tepersedleomsättningen
500 714 95 20 kommer
614 717 30 17 att
661 714 82 20 landets
759 715 89 19 Ständer
863 715 88 26 föreläg-

202 755 45 20 gas,
259 752 23 16 är
293 748 35 20 det
340 748 46 20 med
396 748 115 26 petitionen
525 748 96 26 åsyftade
632 748 120 20 ändamålet
762 749 7 19 i
780 749 35 19 det
826 749 126 19 hufvudsak-

202 784 76 26 ligaste
294 784 85 18 vunnet.
409 782 9 19 I
435 782 138 20 betraktanda
589 782 22 20 af
624 782 86 27 frågans
730 785 57 17 stora
802 783 45 26 vigt
862 783 31 19 för
908 783 44 19 lan-

204 818 45 19 dets
266 816 149 26 modernäring
434 816 129 20 åkerbruket
582 818 54 18 samt
651 816 70 20 denna
736 817 85 25 närings
837 816 115 26 trängande

203 851 67 20 behof
282 850 23 20 af
319 850 79 20 lättnad
414 850 7 19 i
437 850 41 19 den
494 850 116 26 tryckande
626 850 149 26 skattetungan
799 850 37 20 har
857 850 95 20 Allmän-

203 891 27 13 na
245 884 193 20 Besvärsutskottet
462 884 61 25 dock,
546 884 73 20 såvida
642 884 68 26 någon
730 884 175 26 tidsbestämning
921 884 32 20 för

202 919 42 19 den
258 918 84 26 Nådiga
365 918 170 26 propositionens
557 918 152 26 föreläggande
734 919 19 25 ej
775 921 24 16 är
817 920 70 24 utsatt,
903 920 50 17 trott

202 953 34 25 sig
251 952 38 19 hos
305 951 81 20 landets
406 951 116 26 höglofliga
539 951 90 20 Ständer
650 952 51 19 böra
720 952 85 19 förorda
825 952 127 25 petitionens

202 985 142 27 upptagande.
351 981 9 35 .
375 985 108 20 Utskottet
497 985 38 20 har
551 985 70 20 härtill
636 985 67 20 kändt
718 985 32 26 sig
761 985 23 19 så
794 985 85 26 mycket
895 991 57 14 mera

202 1020 94 25 manadt,
311 1025 44 14 som
372 1019 36 20 det
423 1025 76 20 genom
512 1019 122 26 jemförelse
650 1019 22 20 af
686 1019 26 20 de
728 1021 83 18 senaste
827 1019 61 20 årens
899 1025 53 14 mar-

202 1053 160 27 kegångstaxor
384 1053 101 26 derjemte
508 1053 120 26 öfvertygat
643 1053 33 26 sig
691 1055 31 18 att
737 1053 36 20 det
787 1053 46 19 skäl
843 1053 32 20 till
888 1059 63 20 uppe-

202 1087 44 20 håll
262 1087 47 20 med
330 1086 86 27 frågans
436 1087 122 26 afgörande,
577 1093 44 14 som
638 1087 90 26 tidigare
744 1087 119 26 åberopats,
879 1087 73 20 nämli-

202 1128 42 20 gen
260 1121 108 20 förmodan
390 1122 30 18 att
440 1120 143 20 skatterubeln
603 1120 69 20 skulle
687 1120 50 20 falla
752 1121 6 18 i
775 1121 64 19 värde
855 1121 30 19 till
901 1121 51 26 följd

202 1155 24 20 af
240 1155 174 26 myntreformen,
433 1154 48 20 icke
501 1157 22 16 är
541 1154 105 26 gällande,
670 1154 88 19 emedan
781 1154 85 20 rubelns
888 1155 64 19 värde

202 1190 62 19 äfven
288 1188 92 21 derefter
404 1187 148 20 åtminstone
545 1183 17 35 i
573 1188 26 19 de
621 1194 62 13 norra
705 1188 62 19 länen
791 1188 54 19 varit
859 1187 8 21 i
881 1189 71 19 fortfa-

202 1223 66 20 rande
284 1222 103 26 stigande.

272 1256 29 19 På
318 1255 68 26 grund
406 1255 23 20 af
450 1256 35 19 det
507 1255 151 20 ofvananförda
681 1255 31 20 får
735 1255 82 20 derföre
840 1255 114 21 Allmänna

202 1289 194 21 Besvärsutskottet
412 1289 107 20 vördsamt
533 1289 85 20 förorda
642 1291 32 18 att
695 1288 124 21 Ständerna
835 1289 54 24 ville,
905 1289 49 21 med

203 1323 119 28 betygande
342 1323 30 26 af
386 1323 36 20 sin
441 1323 152 27 underdäniga
611 1322 102 21 erkänsla
728 1322 43 27 för
785 1322 65 21 Hans
865 1322 88 28 Kejser-

202 1358 46 27 liga
264 1357 114 27 Majestäts
394 1357 9 20 i
418 1357 59 20 detta
499 1357 80 20 ärende
601 1356 91 28 afgifna
712 1356 90 27 Nädiga
817 1356 58 27 löfte,
891 1357 9 20 i
914 1364 39 14 un-

202 1391 145 27 derdänighet
362 1390 94 21 anhålla
471 1393 32 18 att
514 1390 138 27 proposition
663 1397 33 14 om
706 1390 248 27 räntepersedleomsätt-

201 1426 89 26 ningen,
313 1424 93 21 baserad
425 1425 32 26 pä
480 1424 25 21 de
526 1424 98 27 grunder
642 1431 45 14 som
706 1424 26 20 de
747 1424 27 20 är
789 1425 59 20 1868
863 1425 91 20 tillsatte

201 1458 133 21 komiterade
358 1457 125 29 föreslagit,
503 1459 66 20 måtte
590 1457 126 22 Ständerna
736 1465 33 13 om
788 1458 85 27 möjligt
887 1459 68 21 redan
