1070 1739
391 428 118 20 Allmänna
527 428 243 20 Besvärs-utskottets
789 427 142 21 betänkande

324 462 31 20 N:o
374 462 27 25 12,
415 462 7 20 i
437 462 102 27 anledning
557 462 22 21 af
595 462 50 21 inom
665 462 87 26 samtliga
770 462 79 20 stånden
867 462 66 20 väckta

324 496 103 26 petitioner
440 497 84 21 rörande
539 497 181 20 vidmakthållandet
734 496 35 21 och
783 496 122 26 utvidgandet
914 496 21 20 af

324 531 36 21 den
378 531 60 21 finska
452 531 122 27 afdelningen
588 532 30 20 vid
633 531 142 21 normalskolan
790 531 6 20 i
811 531 121 26 Helsingfors.

258 595 68 20 Sedan
348 594 103 20 särskilda
473 594 215 26 petitionsmemorial,
708 594 110 26 åsyftande
839 596 90 24 upprätt-

190 629 106 20 hållandet
315 629 46 20 med
377 629 105 19 allmänna
497 629 68 19 medel
581 629 24 20 af
617 636 26 13 en
659 629 122 26 fullständig
797 628 52 20 finsk
865 629 64 19 afdel-

190 664 50 26 ning
262 664 34 20 vid
319 664 153 19 normalskolan
487 664 8 19 i
510 663 138 27 Helsingfors,
669 664 68 20 blifvit
756 663 128 26 inlemnade,
899 663 31 19 till

190 698 152 26 Ridderskapet
362 698 38 20 och
420 698 68 20 Adeln
503 698 22 20 af
539 698 48 20 herr
602 698 109 26 Järnefelt,
728 697 30 20 till
775 697 155 21 Prestaståndet

189 732 23 19 af
230 732 103 26 professor
348 732 106 26 Forsman,
470 732 30 20 till
516 732 177 27 Borgareständet
708 732 24 20 af
744 732 134 20 handlanden
893 731 36 20 So-

190 772 68 20 panen
281 766 38 20 och
342 766 30 20 till
395 766 156 21 Bondeständet
569 767 23 19 af
609 767 203 26 landtdagsmannen
830 766 99 26 Idänpää-

190 800 106 27 Heikkilä,
318 801 26 19 ha
364 801 60 20 dessa
442 801 118 26 petitioner,
575 801 67 27 enligt
656 801 26 20 de
697 800 120 26 respektive
833 800 97 20 ständens

190 835 71 20 derom
278 835 39 20 den
335 835 23 20 19
375 836 39 19 och
430 835 25 20 23
471 835 99 20 sistledne
585 835 99 20 Februari
700 834 79 20 fattade
796 834 73 26 beslut,
885 834 44 20 blif-

190 870 29 18 vit
233 870 7 18 i
256 870 98 19 afseende
370 869 11 20 &
396 876 120 20 gemensam
537 870 115 26 beredning
668 869 157 21 öfverlemnade
841 869 30 19 till
886 869 43 20 All-

190 907 76 17 männa
281 904 194 20 Besvärsutskottet.

256 939 41 19 För
315 938 183 27 handläggningen
514 938 23 19 af
550 938 57 19 detta
622 938 78 20 ärende
716 938 37 19 har
769 938 100 20 utskottet
883 939 47 19 sökt

189 972 67 20 skaffa
271 973 32 26 sig
318 972 41 20 alla
374 972 26 20 de
415 972 64 20 saken
495 973 88 19 rörande
600 973 157 26 upplysningar,
772 979 44 13 som
820 968 10 35 i
845 972 31 20 för
887 973 42 19 det-

188 1013 81 14 samma
290 1007 131 26 tillgängliga
442 1007 59 19 akter
520 1006 39 20 och
579 1007 126 26 handlingar
725 1006 48 20 stått
789 1008 30 18 att
834 1006 95 26 erhållas,

189 1041 116 26 hvarjemte
320 1041 100 20 utskottet
435 1041 45 19 från
496 1041 116 26 Kejserliga
626 1041 90 20 Senaten
729 1040 38 20 fått
778 1043 105 24 emottaga
895 1037 34 23 Öf-

189 1075 151 26 verstyrelsens
355 1075 32 20 för
401 1075 148 20 skolväsendet
565 1075 143 26 underdåniga
724 1075 123 20 hemställan
859 1075 22 19 af
889 1075 40 20 den

188 1109 12 20 9
216 1110 55 19 Mars
288 1110 51 19 1871
356 1109 109 26 angående
480 1109 193 26 reorganisationen
690 1109 22 19 af
724 1109 205 20 elementarlärover-

188 1143 41 20 ken
245 1144 7 19 i
268 1143 94 25 Finland,
382 1143 107 20 äfvensom
510 1143 94 20 bemälde
620 1143 160 26 öfverstyrelses
795 1143 46 20 med
858 1143 71 20 åbero-

187 1178 70 26 pande
279 1178 23 19 af
321 1177 65 27 sagde
405 1177 122 21 hemställan
547 1178 41 19 den
605 1179 23 18 17
645 1179 5 18 i
668 1184 80 13 samma
763 1177 75 20 månad
853 1178 77 19 aflåtna

187 1211 143 27 underdåniga
348 1212 77 26 förslag
443 1212 31 19 till
490 1212 40 19 den
546 1211 68 20 finska
629 1212 148 26 afdelningens
793 1212 34 19 vid
842 1212 89 20 normal-

188 1246 75 19 skolan
283 1246 118 19 successiva
418 1246 133 26 indragning.
582 1246 28 19 Ur
625 1246 61 20 dessa
701 1245 126 27 handlingar
841 1246 91 26 framgår

186 1282 31 18 att
232 1287 26 12 en
274 1280 108 27 afdelning
397 1280 47 20 med
460 1280 81 19 finskan
557 1280 31 19 till
604 1280 226 26 undervisningsspråk
846 1280 83 27 ingått
921 1276 12 35 i

187 1314 167 20 normalskolans
374 1314 145 27 ursprungliga
538 1314 55 26 plan.
623 1314 36 20 Uti
679 1314 36 19 det
730 1314 145 27 underdåniga
889 1315 39 19 för-

186 1349 46 26 slag
255 1349 32 19 till
308 1349 130 26 reglemente
458 1349 31 19 för
509 1349 64 26 sagde
593 1349 65 25 skola,
674 1348 82 20 hvilket
771 1349 41 19 den
829 1349 25 19 18
870 1349 59 26 April

188 1383 54 19 1864
259 1383 26 25 på
300 1383 175 26 högvederbörlig
491 1383 114 26 befallning
620 1383 68 26 afgafs
703 1383 23 19 af
740 1382 117 26 professorn
873 1383 6 19 i
894 1389 35 20 pe-

186 1417 94 26 dagogik
302 1417 70 25 Cleve,
396 1420 54 16 samt
471 1413 147 24 Öfverlärarne
638 1417 110 26 Bergroth,
769 1416 106 21 Melander
890 1418 39 19 och

186 1451 128 25 Lindeqvist,
333 1454 22 17 är
371 1451 105 26 nemligen
492 1452 65 19 andra
572 1452 125 26 paragrafen
713 1451 23 19 så
751 1451 100 25 lydande:
874 1451 56 20 Nor-

185 1484 122 22 malskolan
327 1484 71 21 består
416 1485 30 28 af
456 1488 72 18 tvenne
544 1485 45 21 lika
604 1484 156 28 organiserade
774 1484 39 21 och
824 1485 106 26 parallelt
