1070 1739
820 137 33 19 103

125 200 143 21 institutioner
290 200 80 20 erhålla
394 201 82 20 medlen
498 201 30 19 till
549 201 59 26 dylik
625 201 89 20 kostnad
731 201 82 20 direkte
829 201 45 19 från

125 235 136 19 statskassan.
292 234 140 21 Härförinnan
456 241 36 14 var
515 235 34 20 det
573 235 106 20 dessutom
703 235 74 20 lättare
797 235 31 20 för
849 235 25 20 de

125 269 167 26 skattdragande
311 271 31 17 att
358 269 116 20 vidkännas
490 269 71 20 denna
575 269 67 26 afgift,
658 272 22 23 ty
697 269 27 20 då
740 275 50 14 voro
807 271 67 18 träva-

126 309 33 14 ror
179 303 62 20 äfven
257 303 6 19 i
280 303 65 20 andra
365 303 73 20 länder
459 303 91 26 belagda
565 303 47 20 med
629 303 145 26 hvarjehanda
790 306 83 23 export-

127 337 90 25 afgifter.

194 371 93 20 Numera
302 374 22 17 är
340 371 141 26 förhållandet
495 371 131 20 annorlunda
642 372 39 19 och
697 372 70 20 denna
780 372 61 27 afgift
853 375 22 17 är

125 404 74 27 obillig
214 405 40 20 och
270 405 90 26 skadlig,
376 405 26 26 på
418 407 40 18 sätt
473 407 29 18 ett
518 408 64 17 annat
598 406 22 19 af
634 412 34 13 oss
683 406 5 19 i
700 406 42 26 dag
758 406 116 20 inlemnadt

126 438 178 27 petitionsförslag
319 445 33 13 om
369 439 201 27 sågningsafgiftens
586 440 131 19 afskaffande
734 442 95 18 närmare
843 440 31 20 in-

128 472 100 21 nehåller.

195 507 81 27 Klagan
300 508 58 19 öfver.
381 508 69 19 denna
469 508 265 26 Universitetsfondsafgift
755 509 37 19 har
813 509 62 19 fram-

127 541 75 20 kallats
218 542 75 19 endast
308 548 23 13 ur
347 541 220 27 beskattningssättets
583 542 108 26 synpunkt
706 542 39 20 och
760 542 114 27 ingalunda

127 576 23 19 af
167 575 64 27 något
250 575 137 21 förmenande
407 580 30 16 att
453 576 150 20 Universitetet
620 577 18 25 ej
657 576 90 20 behöfde
763 576 26 20 de
804 576 70 20 årsan-

127 610 51 26 slag,
194 616 45 13 som
256 616 26 13 nu
298 609 56 27 utgå.
385 609 24 27 Ej
426 610 65 20 heller
507 613 22 17 är
545 610 90 26 afsigten
653 610 85 20 härmed
754 613 30 17 att
799 610 77 20 föreslå

128 644 68 26 någon
220 644 89 26 ändring
333 644 28 19 uti
385 644 41 26 det,
446 650 44 14 som
512 644 107 20 allaredan
639 647 22 17 är
678 644 83 27 nådigst
776 644 97 27 slutligen

128 678 128 25 förordnadt,
274 680 47 18 utan
338 678 74 20 endast
426 680 28 18 att
471 678 38 20 hos
525 678 36 20 det
576 678 107 27 vällofliga
697 678 179 27 Borgareståndet

128 712 90 26 anhålla,
234 712 36 20 det
285 712 48 20 ville
349 712 84 20 ståndet
448 712 67 20 såsom
531 713 35 19 sitt
577 712 159 27 önskningsmål
748 713 65 20 uttala
825 712 50 20 nöd-

129 746 141 27 vändigheten
287 746 22 20 af
321 749 29 17 att
366 746 161 27 ifrågavarande
543 747 61 26 afgift
620 747 47 20 med
687 748 51 19 1878
753 747 32 19 års
797 743 79 30 utgåug

129 780 63 22 måtte
208 781 95 25 upphöra
318 780 39 20 och
374 781 69 26 någon
460 781 72 20 vidare
549 781 134 27 förlängning
698 782 19 25 ej
734 780 141 21 meddelades,

129 817 53 17 samt
196 815 7 19 i
219 814 51 26 följd
287 814 59 20 deraf
360 815 46 19 med
423 822 25 12 en
465 815 134 26 underdånig
614 815 88 26 petition
714 816 6 18 i
732 815 75 20 sådant
821 815 55 26 syfte

129 850 31 19 till
180 850 56 19 Hans
252 849 118 27 Kejserliga
385 850 96 26 Majestät
496 850 57 26 ingå.
584 850 138 26 Helsingfors,
738 849 40 21 den
797 849 24 20 19
837 849 37 19 Fe-

129 884 69 20 bruari
217 884 59 19 1872.

156 922 21 21 J.
194 922 25 21 F.
236 922 134 22 Gummerus.
432 922 59 22 Karl
508 923 80 27 Sjöros.
647 922 28 22 K.
691 923 22 21 J.
728 922 121 22 Boström.”

199 1019 33 20 Uti
256 1021 27 18 ett
309 1019 127 26 föregående
458 1020 133 19 betänkande
614 1020 46 19 med
682 1019 115 26 anledning
814 1019 22 20 af
850 1021 29 18 ett

130 1054 54 19 inom
209 1053 107 26 vällofliga
335 1053 177 26 Borgareständet
533 1053 63 21 väckt
612 1053 38 20 och
668 1053 28 20 till
715 1053 112 20 utskottets
844 1053 33 19 be-

131 1087 100 26 handling
247 1087 121 26 hänskjutet
379 1087 180 27 petitionsförslag
571 1094 32 13 om
615 1087 201 27 säyningsafgiftens
828 1093 49 20 upp-

131 1121 111 26 häfvande,
262 1121 36 20 har
314 1121 101 20 utskottet
431 1121 71 20 uttalat
520 1122 32 26 sig
568 1121 110 26 angäende
694 1121 39 20 den
751 1122 5 19 i
773 1121 42 20 viss
831 1120 47 20 män

131 1155 123 20 hämmande
270 1155 101 20 inverkan
388 1155 69 20 denna
472 1155 62 26 afgift
551 1155 64 20 mäste
632 1162 61 13 anses
711 1155 70 20 utöfva
797 1154 27 27 pä
836 1155 42 19 lan-

130 1189 45 20 dets
191 1189 132 26 sägindustri.
347 1189 71 20 Ehuru
434 1189 111 20 utskottets
558 1189 108 26 pluralitet
678 1189 82 20 derföre
772 1189 6 20 i
791 1189 88 19 berörde

131 1223 140 25 betänkande,
287 1223 26 26 pä
329 1223 88 20 anförda
433 1223 51 23 skäl,
502 1223 101 26 tillstyrkt
620 1223 88 20 nämnda
720 1223 71 26 afgifts
802 1222 78 20 afskaf-

131 1258 61 19 fande
209 1257 52 20 eller
276 1257 82 26 skäliga
374 1258 145 25 nedsättande,
531 1258 5 19 i
549 1257 50 26 följd
616 1257 75 20 hvaraf
704 1257 60 20 äfven
781 1257 40 19 den
834 1257 45 18 der-

131 1291 45 20 med
201 1291 103 20 likartade
324 1291 88 26 afgiften
433 1291 32 20 till
486 1291 218 20 Universitetsfonden
722 1298 22 13 ur
760 1290 119 27 principiell

130 1325 107 26 synpunkt
261 1325 63 20 borde
347 1325 103 20 förklaras
473 1331 50 14 vara
543 1325 108 26 olämplig,
672 1325 36 20 har
729 1325 101 20 utskottet
846 1324 33 19 vid

99 1367 2 3 *
115 1371 2 2 +
131 1359 185 26 handläggningen
332 1359 23 20 af
369 1359 138 20 förevarande
524 1359 209 26 petitionsmemoria!
750 1359 65 20 likväl
832 1358 49 20 icke

131 1395 67 18 ansett
218 1393 32 26 sig
272 1393 69 20 kunua
357 1393 85 20 förorda
457 1394 127 20 detsammas
600 1393 126 26 antagande,
743 1392 90 21 emedan
851 1395 28 16 ut-

131 1427 77 20 skottet
229 1427 68 19 funnit
312 1427 157 26 hufvudsakligt
484 1428 100 19 afseende
602 1428 50 19 böra
668 1427 64 20 fästas
748 1427 45 19 dels
810 1425 72 26 derpä,

129 1464 28 16 att
174 1461 40 19 den
231 1461 62 25 skatt,
310 1461 86 19 hvilken
414 1461 80 19 landets
511 1461 129 26 skogsegare
658 1461 38 19 och
707 1463 126 23 exportörer
845 1462 36 16 äro
