1070 1739
810 139 34 23 295

130 211 65 14 verna
217 205 19 26 ej
260 203 62 20 måtte
346 203 66 20 blifva
427 203 36 20 för
485 203 84 26 mycket
585 203 130 21 främmande
731 203 32 20 för
777 203 98 26 hemmet,

131 239 62 20 hafva
208 239 28 20 tid
253 238 31 20 för
300 237 108 26 hemlexor
420 236 57 21 samt
492 237 30 20 till
537 238 60 20 lekar
612 239 7 19 i
635 239 40 19 fria
690 238 72 20 luften.

200 272 97 22 Rörande
312 272 134 20 läroverkens
461 272 116 27 inrättning
593 273 38 19 och
648 273 108 26 placering
770 279 60 13 anser
841 272 33 20 fri-

131 301 75 27 herren
228 309 30 17 att
281 313 46 13 man
348 307 73 19 hittills
439 306 70 20 alltför
526 306 84 27 mycket
624 306 88 20 behållit
728 307 147 20 företrädesvis

132 343 39 19 den
187 341 59 20 lärda
260 341 73 20 skolan
348 341 7 19 i
371 341 61 26 sigte,
448 341 137 26 hvarigenom
601 341 69 20 denna
686 341 88 20 sålunda
787 341 90 20 kommit

132 378 30 18 att
176 376 6 19 i
198 376 32 26 sig
245 376 72 19 förena
332 375 26 20 de
374 378 53 17 mest
442 375 129 27 heterogena
585 375 98 20 ändamål
699 375 38 21 och
754 375 31 20 till
801 383 26 13 en
841 376 34 21 del

133 411 60 19 äfven
217 410 38 19 fått
276 409 126 20 karakteren
424 410 24 19 af
465 409 52 20 folk-
538 410 38 19 och
592 409 111 21 realskola.
733 410 142 23 Landets:all-

133 450 60 20 moge
216 444 38 20 och
277 444 26 20 de
325 444 58 26 lägre
404 444 109 23 klasserna
533 444 70 20 kunde
622 444 54 20 dock
692 444 136 20 öfverhufvud
844 444 32 20 för

133 478 59 20 deras
215 478 49 20 barn
286 478 56 20 finna
362 485 25 13 en
408 478 122 27 lämpligare
546 478 96 27 bildning
658 478 44 20 dels
718 479 6 19 i
740 478 52 20 folk-
809 478 44 21 dels
868 479 7 19 i

132 512 125 26 realskolan,
273 513 134 26 hvarigenom
425 512 50 20 flera
486 512 129 27 fullkomligt
627 512 139 28 öfverflödiga
775 513 100 20 lärdoms-

133 547 69 20 skolor
222 547 70 20 kunde
311 547 102 20 ombildas
428 547 51 20 eller
495 547 105 27 indragas.
630 547 48 20 Med
694 548 30 25 sju
740 548 135 26 fullständiga

133 581 38 20 och
195 581 64 27 några
278 581 20 20 få
318 582 126 26 fyrklassiga
461 582 72 26 lyceer
548 588 61 14 anser
624 582 102 20 friherren
743 582 80 20 landets
839 582 35 21 be-

133 616 37 20 hof
182 616 23 20 af
218 616 58 20 lärda
291 616 70 20 skolor
376 616 32 20 för
423 623 25 13 en
464 615 73 28 längre
553 616 28 20 tid
599 616 126 27 fullkomligt
737 616 65 20 blifva
814 616 61 27 fyldt.

132 650 30 20 De
185 650 135 27 fullständiga
341 650 100 27 lyceerna
460 650 65 21 borde
546 651 105 27 förläggas:
669 651 6 19 i
690 650 184 21 läneresidensstä-

132 686 70 25 derna,
226 686 68 28 såsom
317 685 39 21 den
378 686 105 26 naturliga
502 685 175 27 centralpunkten
693 685 31 20 för
740 685 135 27 landskapets

132 720 102 28 bildning,
253 720 86 20 hvilken
355 720 88 20 sålunda
458 726 58 14 mera
531 720 84 20 komme
630 722 30 17 att
676 720 71 20 utöfva
762 726 25 14 en
803 720 70 26 välgö-

132 754 63 20 rande
215 754 90 20 kontroll
321 754 58 20 öfver
394 754 127 26 läroverket,
537 758 26 16 än
579 754 59 20 fallet
653 754 69 20 kunde
739 760 48 14 vara
801 754 8 20 i
824 754 51 20 våra

131 788 122 27 småstäder,
269 789 36 19 der
320 789 26 20 de
362 788 85 21 bildade
463 789 245 20 samhällselementerna
721 789 62 23 hafva
793 788 82 20 mindre

132 823 82 21 tillfälle
236 825 30 18 att
285 826 51 24 göra
355 824 32 26 sig
406 824 105 26 gällande.
542 824 32 20 De
590 824 11 19 7
617 823 136 27 fullständiga
767 823 51 20 eller
833 824 40 25 sju-

132 858 92 26 klassiga
239 858 99 26 lyceerna
352 858 68 20 skulle
436 858 67 20 finnas
518 859 7 19 i
540 852 55 32 Åbu,
610 858 72 26 Wasa,
697 858 112 26 Uleåborg,
820 857 54 21 Kuo-

132 892 34 26 pio
187 890 57 29 (med
260 892 80 20 finskan
356 892 69 20 såsom
440 892 235 28 undervisningsspräk)
692 892 38 20 och
746 892 30 20 S:t
791 892 84 26 Michel,

131 926 7 20 i
153 926 152 27 sammanhang
327 927 100 19 hvarmed
447 927 66 27 högre
534 926 215 21 elementarskolorna
763 927 7 19 i
785 926 90 26 Heinola

132 961 39 20 och
193 961 83 26 Nyslott
296 961 66 20 såsom
382 961 121 27 obehöfliga
519 961 83 20 komme
618 963 30 18 att
662 961 107 27 indragas;
785 961 88 20 normal-

132 995 72 20 skolan
220 996 7 19 i
242 995 136 27 Helsingfors,
394 995 87 20 hvilken
497 995 66 21 borde
578 995 102 21 ombildas
696 997 30 19 till
742 998 29 18 ett
785 996 89 20 normal-

131 1031 81 26 lyceum
229 1030 31 20 för
276 1032 29 18 att
319 1030 57 27 gälla
386 1031 68 19 såsom
466 1032 92 19 mönster
569 1031 31 20 för
611 1033 30 18 ett
651 1033 63 18 annat
724 1030 91 21 dereftet
823 1031 50 26 möj-

132 1065 56 26 ligen
205 1065 110 26 behöfligt;
330 1067 54 18 samt
399 1065 6 19 i
421 1065 136 20 Tavastehus.
583 1065 62 20 Detta
660 1065 129 20 sistnämnda
799 1065 75 26 skulle,

133 1099 45 20 med
190 1099 104 20 -afseende
309 1099 27 26 pä
351 1099 25 20 de
392 1099 91 26 anspräk
498 1099 41 20 den
555 1099 68 20 finska
638 1099 83 20 talande
732 1099 142 20 allmänheten

131 1140 75 20 genom
223 1133 45 20 sina
283 1133 101 20 mälsmän
396 1133 5 19 i
413 1133 132 27 Helsingfors
561 1133 79 26 uttalat,
652 1133 64 20 blifva
726 1133 69 20 finskt.
814 1133 60 20 Belä-

131 1170 35 25 get
180 1168 6 19 i
203 1170 29 18 ett
247 1167 113 21 oblandadt
376 1167 64 20 finskt
454 1167 110 27 landskap,
579 1168 72 20 kunde
667 1168 57 20 detta
733 1168 27 26 pä
771 1168 104 27 naturliga

131 1205 64 24 vägar
210 1202 94 27 päräkna
318 1202 36 20 det
368 1202 138 27 erforderliga
520 1202 79 21 antalet
614 1202 76 26 elever,
706 1205 54 17 samt
773 1202 101 27 derjemte

131 1239 91 24 upptaga
237 1237 25 20 de
277 1237 7 19 i
301 1237 129 26 Helsingfors
447 1237 82 20 bosatte
543 1236 91 21 svenska
649 1236 84 21 talande
749 1236 58 27 barn,
821 1237 52 20 hvil-

130 1271 37 20 kas
188 1270 100 21 föräldrar
307 1271 51 20 eller
375 1271 102 21 mälsmän
493 1271 54 20 fästa
561 1273 66 18 större
644 1271 43 26 vigt
703 1271 33 20 vid
752 1277 25 14 en
793 1270 28 27 pä
836 1271 37 19 fin-

130 1306 38 20 ska
186 1305 86 27 språket
291 1305 111 20 meddelad
420 1305 45 20 lärd
481 1305 104 27 bildning.
614 1305 127 26 Härigenom
758 1304 69 21 kunde
843 1305 29 20 äf-

131 1347 37 13 ven
184 1339 164 28 olägenheterna
363 1340 39 19 och
418 1339 118 20 kostnaden
551 1340 23 19 af
587 1341 30 18 att
632 1340 6 19 i
653 1339 129 27 Helsingfors
798 1339 74 20 under-

129 1374 56 20 hålla
200 1381 26 13 en
242 1373 142 21 normalskola
399 1374 47 20 med
462 1375 78 19 tvenne
556 1374 130 26 afdelningar
703 1373 108 20 undvikas.

197 1408 104 26 Föröfrigt
322 1402 70 25 kunde
416 1408 102 20 friherren
540 1408 49 20 icke
609 1408 72 20 förena
699 1408 31 27 sig
750 1407 79 26 derom,
844 1410 31 18 att

128 1443 76 19 inrätta
220 1442 58 20 lärda
292 1442 71 20 skolor
374 1441 13 20 å
396 1442 80 20 sådana
491 1443 62 25 orter,
570 1442 37 20 der
621 1442 49 20 icke
685 1442 70 20 elever
765 1441 34 20 till
807 1443 67 20 större

129 1476 61 20 delen
206 1476 71 20 kunde
292 1476 105 26 påräknas
413 1476 45 20 från
475 1476 78 21 medel-
570 1476 39 20 och
624 1475 250 27 ståndspersonsklasser-
