1070 1739
807 163 34 17 413

131 227 79 20 kunnat
225 227 81 20 besluta
320 226 39 20 Oss
374 226 32 20 för
422 225 119 27 beviljande
557 227 23 19 af
593 227 26 19 de
634 226 6 19 i
662 226 39 20 den
724 226 83 27 Nädiga
829 232 44 20 pro-

132 261 117 26 positionen
266 261 76 20 äskade
359 260 68 20 medel
444 260 29 20 till
489 263 30 17 ett
534 263 51 18 stort
595 261 80 19 central
686 260 83 26 dårhus,
780 260 95 20 emeller-

130 295 30 20 tid
176 295 31 20 till
222 295 117 20 inrättande
356 295 22 20 af
392 295 71 20 lokala
481 295 140 20 kuranstalter
637 295 31 20 för
683 295 64 20 akuta
762 295 112 26 sinnessju-

130 329 28 20 ka
173 332 53 17 samt
241 329 69 26 asyler
325 329 32 20 för
372 329 93 26 obotliga
481 329 67 27 dårar,
564 329 70 20 härtill
650 330 81 19 anvisat
747 329 67 20 medel
830 329 43 20 från

130 364 40 20 den
186 364 106 20 allmänna
306 363 245 28 inkomstbevillningen,
566 364 28 27 på
609 365 41 18 sätt
664 364 52 19 Vårt
726 363 39 20 den
785 363 24 20 10
825 363 49 20 den-

130 405 36 14 nes
183 399 30 19 till
229 398 56 20 Hans
304 398 118 27 Kejserliga
443 397 99 27 Majestät
560 399 3 19 i
579 400 71 19 ämnet
672 398 78 20 aflåtna
772 397 101 21 underdå-

129 433 49 27 niga
193 432 107 20 svarsbref
313 435 95 17 närmare
424 432 124 20 innehåller.

474 492 11 22 &
501 490 34 20 33.

197 536 41 19 Det
261 535 77 27 förslag
361 535 31 20 till
414 535 67 27 sjölag
504 535 32 21 för
558 535 200 21 Storfurstendömet
779 535 96 25 Finland,

131 570 82 20 hvilket
224 570 66 26 jemte
306 570 77 26 förslag
398 570 31 20 till
446 570 133 27 matordning
594 570 28 26 på
636 570 67 20 finska
717 569 158 26 handelsfartyg

131 607 53 17 samt
200 604 78 27 förslag
296 604 30 20 till
344 604 123 27 förordning
490 611 34 13 om
548 604 166 27 sjömanshusen,
737 604 46 20 med
806 604 69 26 Nådig

131 639 129 27 proposition
282 639 30 20 till
335 638 39 21 Oss
397 639 156 27 öfverlemnats,
571 639 63 20 hafve
649 639 27 19 Vi
691 639 81 27 antagit
787 638 46 20 med
849 638 26 20 de

129 674 113 26 ändringar
258 680 43 14 som
317 673 65 20 finnas
397 673 84 20 införda
495 674 7 19 i
518 674 52 19 Vårt
585 674 40 20 den
640 674 25 19 10
677 673 142 21 innevarande
833 672 41 20 må-

130 708 39 20 nad
186 708 12 20 &
214 708 88 20 berörde
315 707 83 27 Nädiga
413 708 131 26 proposition
559 707 78 21 aflåtna
653 708 144 26 underdäniga
808 714 66 13 svars-

131 742 51 26 bref,
198 742 80 20 hvilket
290 742 78 26 jemväl
385 743 101 25 upptager
500 742 118 20 infordradt
629 742 139 26 underdånigt
777 742 98 26 yttrande

131 777 58 20 öfver
212 776 154 20 ofvannämnde
388 776 79 26 förslag
486 783 34 13 om
542 776 133 27 matordning
695 776 38 21 och
750 776 30 20 till
796 776 78 20 förord-

130 811 50 26 ning
195 817 33 14 om
245 811 164 26 sjömanshusen.

475 870 11 22 s
503 867 34 21 34.

198 914 9 20 I
223 920 25 14 en
264 914 32 20 till
311 914 39 20 Oss
370 913 144 21 öfverlemnad
536 913 69 27 Nådig
622 914 129 26 proposition
767 914 37 20 har
819 914 57 20 Hans

132 948 117 27 Kejserliga
265 948 95 27 Majestät
375 948 110 25 föreslagit
500 948 91 25 ändring
606 948 39 19 och
661 948 116 27 förklaring
793 948 22 19 af
829 949 24 18 21
866 950 10 21 $

132 983 24 20 10
168 983 52 26 Kap.
229 983 24 19 R.
264 983 37 25 B.;
316 982 38 21 och
370 982 62 20 hafve
448 982 26 19 Vi
491 982 30 19 uti
537 981 131 27 underdånig
683 982 110 20 skrifvelse
804 981 23 20 af
836 981 39 20 den

134 1018 20 18 11
172 1017 143 20 innevarande
335 1016 75 21 månad
431 1016 80 20 anmält
526 1019 29 17 att
571 1017 26 20 de
611 1016 120 27 föreslagna
750 1016 125 27 lagbestäm-

131 1051 102 27 ningarne
248 1050 48 21 icke
311 1051 79 20 kunnat
405 1051 23 20 af
444 1050 39 21 Oss
506 1051 139 20 oförändrade
667 1053 87 24 antagas
776 1053 53 18 samt
847 1053 30 18 att

131 1085 26 20 Vi
173 1085 85 20 beslutit
276 1085 30 20 till
328 1085 39 20 den
391 1085 124 27 författning
534 1086 7 19 i
556 1087 77 25 ämnet,
648 1091 44 14 som
708 1088 22 17 är
745 1085 86 27 intagen
847 1084 29 21 uti

130 1120 52 20 Vårt
198 1120 117 27 åberopade
331 1119 143 27 underdåniga
490 1120 111 21 svarsbref.

475 1179 10 22 $
502 1177 35 20 35.

198 1223 58 20 Efter
272 1223 35 20 det
322 1223 26 20 Vi
363 1223 23 20 af
399 1222 57 21 Hans
471 1222 120 27 Kejserliga
606 1223 97 26 Majestät
717 1223 109 26 emottagit
835 1222 41 20 Nå-

132 1258 48 27 diga
195 1257 153 27 propositioner
364 1264 32 13 om
412 1257 90 26 ändring
518 1257 25 20 af
555 1257 27 20 20
597 1259 10 22 $
618 1257 29 19 uti
662 1257 82 27 Nådiga
759 1257 115 20 förordnin-

131 1299 47 20 gen,
194 1292 110 27 angående
319 1291 76 21 handel
410 1291 40 20 och
466 1291 100 27 näringar
581 1291 6 20 i
603 1291 96 26 Finland,
713 1291 70 26 gifven
797 1291 40 20 den
849 1291 27 20 24

130 1327 100 20 Februari
244 1327 59 25 1868,
315 1328 53 18 samt
382 1325 111 28 angående
509 1326 66 19 stads-
591 1325 39 20 och
645 1325 135 20 landtmanna
795 1324 81 28 fartygs

130 1361 134 20 likställande
280 1361 6 19 i
302 1361 98 20 afseende
416 1360 12 20 &
443 1360 128 27 rättigheten
594 1360 30 19 till
648 1360 59 19 deras
730 1360 145 26 begagnande,

131 1395 61 20 hafve
207 1395 26 20 Vi
249 1395 40 20 den
307 1395 23 20 12
346 1395 6 19 i
368 1394 90 27 löpande
474 1393 77 21 månad
567 1394 7 19 i
590 1396 29 18 ett
634 1394 149 26 sammanhang
802 1393 72 20 besva-

129 1432 32 18 rat
183 1429 88 21 berörde
293 1432 77 17 tvenne
392 1429 83 26 Nådiga
497 1429 161 26 propositioner,
680 1428 7 19 i
710 1428 94 26 enlighet
827 1428 46 19 med

129 1464 54 20 hvad
200 1464 52 19 Vårt
266 1464 63 26 sagde
345 1463 41 27 dag
402 1463 77 19 aflåtna
497 1463 145 26 underdåniga
658 1462 46 20 bref
717 1465 94 17 närmare
829 1468 44 14 om-

129 1498 103 20 förmäler.
