1070 1739
798 169 33 17 275

116 237 29 17 att
160 234 124 21 hädanefter
299 233 127 27 fullkomligt
440 233 127 20 kostnadsfri
585 233 151 26 undervisning
747 233 7 19 i
764 232 42 20 alla
819 232 43 20 lan-

117 269 45 20 dets
181 268 163 21 lärdomsskolor
364 267 70 21 blefve
455 267 118 27 meddelad,
589 269 27 26 på
631 269 36 20 det
682 270 30 18 att
726 267 49 20 icke
790 266 74 21 endast

117 304 26 20 de
159 303 108 25 föräldrar,
283 302 71 21 hvilka
369 302 23 21 af
405 302 105 27 tillfälliga
525 302 86 21 orsaker
627 303 38 20 fått
682 303 31 26 sig
729 301 96 20 tillmätte
837 301 25 19 ri-

117 338 75 20 kedom
210 337 38 20 och
265 337 101 27 välstånd,
382 337 60 20 skola
457 337 85 20 komma
552 337 7 20 i
570 337 123 26 åtnjutande
704 336 24 21 af
736 336 40 20 den
785 335 78 21 oskatt-

119 373 49 19 bara
183 371 108 20 förmånen
307 373 29 18 att
351 372 6 19 i
374 373 78 18 statens
467 371 94 26 publika,
577 371 24 20 af
614 371 72 26 hvarje
703 370 53 21 finsk
768 369 96 21 medbor-

118 413 50 20 gare
184 405 122 27 bekostade,
321 406 71 20 skolor
408 405 87 27 erbjuda
510 406 45 20 sina
571 406 51 20 barn
638 405 84 20 tillfälle
738 405 31 20 till
784 404 79 21 inhem-

119 440 63 20 tande
200 440 23 20 af
236 440 64 26 högre
316 440 106 26 bildning;
438 442 53 18 samt
506 442 30 18 att
552 440 39 20 den
609 440 58 25 brist,
683 446 44 13 som
743 439 7 19 i
765 438 99 20 statskas-

119 481 37 13 san
178 474 127 27 uppkomme
328 481 75 20 genom
427 474 170 26 skolafgifternas
619 473 156 26 försvinnande,
796 472 69 20 blefve

121 511 64 19 ersatt
198 515 76 21 genom
291 515 24 13 en
331 508 77 20 allmän
425 508 124 27 bevillning,
565 508 87 20 hvilken
668 508 64 20 redan
749 507 23 21 af
785 506 80 21 landets

121 550 26 13 nu
164 543 125 21 församlade
305 543 88 20 Ständer
408 543 55 27 finge
479 542 120 21 fastställas.

192 579 44 19 10:0
259 580 30 18 ett
307 577 23 20 af
347 577 204 27 landtdagsmannen
567 577 154 27 Kumpulainen
738 577 31 20 till
785 576 80 20 Bonde-

122 612 82 20 ständet
222 612 116 20 inlemnadt
356 611 179 28 petitionsförslag
552 612 47 20 med
616 612 130 27 underdänig
762 610 105 26 anhällan,

122 649 29 18 att
170 647 56 20 Hans
246 646 117 27 Kejserliga
383 647 96 26 Majestät
494 646 82 21 täcktes
591 646 43 21 låta
649 646 83 20 utfärda
746 652 26 14 en
789 645 78 21 allmän

99 696 2 3 .
123 682 121 26 förordning
256 682 6 19 i
275 681 34 21 det
324 682 62 26 syfte,
401 683 30 18 att
446 681 266 27 undervisningsspräket
703 674 12 38 i
723 680 83 21 landets
820 678 47 21 sko-

123 716 31 20 lor
174 716 58 20 alltid
251 716 68 20 skulle
335 715 65 21 blifva
415 716 41 24 det,
472 722 45 14 som
533 716 52 20 talas
600 716 23 20 af
636 717 76 19 största
727 715 61 20 delen
806 713 62 21 bland

125 750 149 26 befolkningen
290 750 7 19 i
313 750 38 20 den
375 750 55 20 trakt
453 750 37 26 der
510 750 74 20 skolan
604 750 77 26 finnes;
700 749 54 21 dock
770 748 47 20 med
833 754 35 14 un-

125 784 77 27 dantag
222 784 31 20 för
271 784 81 20 landets
368 784 131 26 hufvudstad,
517 784 36 20 der
569 784 91 21 svenska
675 784 39 20 och
730 783 68 21 finska
813 782 56 27 språ-

126 818 36 20 ket
185 818 64 21 borde
273 818 105 28 begagnas
400 819 68 20 såsom
490 818 226 28 undervisningsspråk
730 818 7 20 i
753 818 23 20 så
794 816 77 27 många

125 853 155 26 skolanstalter,
291 860 43 13 som
346 854 35 20 det
392 860 157 20 gemensamma
561 854 99 20 behofvet
668 852 107 21 derstädes
784 851 87 21 fordrar.

193 887 78 21 Jemte”
282 888 60 20 dessa
360 888 112 26 petitioner
487 888 38 20 har
541 888 100 20 utskottet
656 888 46 20 från
718 887 87 25 Preste-,
821 885 50 20 Bor-

127 928 58 20 gare-
204 922 39 20 och
259 922 160 20 Bondestånden
436 923 110 27 emottagit
561 922 103 21 särskilda
680 920 191 28 protokollsutdrag

127 956 59 20 öfver
201 955 25 20 de
237 955 6 20 i
255 956 90 20 nämnda
360 956 60 20 stånd
437 956 111 21 förefallna
561 956 150 25 diskussioner,
723 954 73 21 dervid
807 953 65 21 bland

128 992 64 18 annat
211 990 100 27 upplysts,
327 992 29 18 att
371 993 198 24 representanterne
585 991 6 20 i
607 989 174 28 borgareståndet
795 988 78 26 Sjöros,

129 1025 113 26 Molander,
263 1025 102 20 Fabritius
380 1025 40 20 och
436 1025 105 25 Cajander
556 1025 23 20 af
592 1025 46 20 sina
653 1024 120 27 respektive
789 1023 84 20 valmän

129 1059 82 20 erhållit
230 1059 94 27 uppdrag
338 1061 30 18 att
384 1060 56 20 inom
456 1060 179 27 Borgareståndet
650 1059 68 20 väcka
732 1056 141 29 petitionsför-

129 1094 45 27 slag
197 1100 33 13 om
254 1093 102 21 särskilda
378 1094 70 27 frågor
470 1095 91 20 rörande
584 1091 265 28 undervisningsväsendet
867 1090 7 19 i

129 1127 77 21 landet.

197 1162 29 20 På
241 1163 97 20 anhållan
355 1163 38 20 hos
408 1163 121 27 Kejserliga
544 1163 102 21 Senatens
662 1161 125 22 ordförande
798 1161 38 19 har
845 1161 31 18 ut-

130 1197 78 20 skottet
227 1197 78 26 jemväl
326 1197 82 20 erhållit
428 1197 33 21 del
480 1197 59 21 såväl
554 1198 23 20 af
590 1197 118 27 Kejserliga
722 1196 102 21 Senatens
839 1200 36 13 un-

131 1231 115 27 derdåniga
262 1231 123 20 hemställan
401 1232 24 19 af
438 1232 40 20 den
496 1233 26 20 12
538 1233 54 20 Mars
609 1233 53 20 1869
677 1231 89 20 rörande
776 1231 101 19 inrättan-

132 1266 35 20 det
188 1266 23 19 af
231 1272 26 13 en
277 1266 88 20 särskild
382 1266 150 27 öfverstyrelse
547 1267 32 20 för
594 1266 149 21 skolväsendet
758 1265 7 20 i
780 1262 98 26 Finland,

132 1303 52 17 samt
207 1300 79 27 förslag
307 1300 31 20 till
360 1300 123 27 förordning
503 1307 34 14 om
559 1301 108 20 blifvande
682 1300 126 20 skollärares
825 1296 52 21 bild-

133 1335 57 26 ning,
212 1341 43 13 som
277 1334 39 21 ock
336 1334 118 27 Kejserliga
473 1333 105 22 Senatens
593 1335 145 26 underdåniga
753 1331 125 22 hemställan

133 1369 22 20 af
176 1369 40 20 den
235 1369 27 20 22
282 1368 58 27 April
362 1369 50 20 1871
427 1370 66 25 jemte
509 1369 79 27 förslag
603 1369 30 20 till
650 1376 28 19 ny
694 1367 137 26 skolordning
847 1365 32 20 för

133 1403 78 26 landet,
228 1403 46 20 med
290 1403 69 20 dertill
375 1403 92 20 hörande
484 1403 146 27 underdåniga
646 1402 123 21 hemställan
785 1400 39 21 och
839 1400 40 20 för-

134 1437 45 26 slag
199 1437 21 20 af
239 1437 162 26 öfverstyrelsen
422 1437 31 20 för
469 1437 151 20 skolväsendet
635 1438 23 19 af
671 1437 40 20 den
728 1437 10 20 9
755 1436 54 19 Mars
829 1434 50 20 1871

134 1473 55 17 samt
208 1471 140 25 medföljande
367 1471 162 26 reservationer,
549 1472 108 19 äfvensom
673 1471 67 26 öfriga
755 1469 31 20 till
801 1474 81 14 samma

135 1504 77 21 ärende
236 1504 92 20 hörande
350 1505 133 27 handlingar,
504 1505 111 21 deribland
634 1501 248 28 medicinalöfverstyrel-
