1070 1739
220 146 35 18 284

187 209 137 22 ekonomiska
339 211 99 26 ställning
453 211 147 26 förbättrades,
619 211 46 20 vårt
680 211 140 20 skolväsende
835 211 56 19 inom
907 217 25 13 en

187 245 48 20 icke
250 245 92 27 aflägsen
361 246 84 20 framtid
466 246 83 20 komme
569 248 30 18 att
613 246 71 20 ställas
700 246 27 26 på
742 252 25 13 en
784 245 41 20 fast
840 245 38 20 och
894 247 39 17 sta-

188 280 36 27 dig
239 281 74 26 grund,
328 281 39 19 och
382 283 30 17 att
428 280 35 20 det
479 280 94 21 tillstånd
589 280 22 20 af
625 280 113 20 osäkerhet
753 280 38 19 och
808 282 43 17 täta
865 279 67 20 förän-

188 315 91 26 dringar,
294 321 44 13 som
354 315 30 19 till
400 321 46 14 men
468 315 31 19 för
520 315 36 20 det
576 314 139 27 uppvexande
735 314 86 27 slägtets
842 314 92 26 bildning

187 349 65 20 redan
268 349 60 26 länge
343 351 36 24 egt
394 356 51 19 rum,
461 349 109 27 ändtligen
587 349 68 20 skulle
674 349 101 26 upphöra.
807 349 44 19 Den
867 348 67 19 finska

188 383 72 20 skolan
282 385 70 25 syntes
370 383 72 20 kunna
460 384 64 19 vinna
543 384 70 19 denna
632 383 55 20 fasta
702 383 65 26 grund
784 389 75 20 genom
875 385 36 23 ett,
927 383 6 19 i

188 424 46 14 mon
246 418 24 19 af
281 418 81 20 landest
377 419 112 25 tillgångar
505 418 115 20 verkstäldt
636 417 165 27 genomförande
817 417 23 20 af
853 417 36 20 det
903 424 30 13 or-

188 452 214 27 ganisationsförslag,
422 459 51 19 som,
493 452 57 26 sjelft
569 459 26 13 en
615 452 105 26 långsamt
736 452 89 26 mognad
843 452 55 19 frukt
913 452 23 20 af

188 487 39 19 den
244 487 142 26 grundligaste
402 487 39 19 och
457 486 163 27 mångsidigaste
631 486 100 26 pröfning
741 492 76 20 genom
829 486 105 26 fackmän,

188 524 52 16 samt
256 521 85 20 luttradt
356 522 6 19 i
378 522 40 19 den
434 521 109 26 offentliga
559 520 169 28 granskningens
744 520 101 25 skärseld,
862 521 72 19 vunnit

188 555 114 26 styrelsens
325 556 56 20 bifall
402 556 38 20 och
457 556 23 20 af
493 556 76 25 henne,
587 562 32 14 om
641 555 65 20 också
726 555 53 20 blott
796 556 6 18 i
818 555 79 20 formen
914 556 22 19 af

188 596 25 13 en
230 590 149 27 anslagsfråga,
395 590 148 20 öfverlemnats
559 590 30 20 till
606 590 82 20 landets
704 590 99 20 Ständers
820 590 111 20 bedöman-

188 624 26 20 de
229 627 53 17 samt
300 624 61 20 äfven
380 625 22 19 af
419 624 60 20 dessa
500 624 68 20 blifvit
587 624 6 20 i
613 624 45 20 sina
678 624 185 26 hufvudprinciper
883 624 49 26 god-

187 658 72 20 kändt.
290 658 115 20 Ständerna
421 659 53 19 hade
490 659 106 19 dessutom
610 658 72 20 uttalat
694 658 40 20 den
746 658 80 20 önskan
839 661 29 17 att
878 658 53 20 skol-

187 693 81 27 frågan,
284 694 44 19 före
343 694 35 19 sitt
392 694 85 26 slutliga
497 693 115 27 afgörande
633 696 56 17 ännu
705 693 84 27 engång
805 693 66 19 skulle
887 693 45 20 dem

187 728 125 26 föreläggas.

255 762 41 20 Vid
312 762 36 20 det
362 762 65 20 andra
446 762 108 20 allmänna
573 762 181 25 skolläraremöte,
774 768 45 14 som
839 762 23 19 år
879 762 51 19 1867

188 797 47 19 kort
249 796 53 20 efter
317 796 138 27 landtdagens
475 797 40 19 slut
534 796 168 20 sammanträdde
719 797 7 19 i
741 796 138 26 Helsingfors,
895 803 37 12 un-

187 831 136 20 derkastades
342 831 151 20 skolkomiténs
509 831 101 26 förslager
620 838 25 12 en
657 830 124 27 ytterligare
797 830 135 27 granskning.

187 866 66 19 Bland
277 868 62 17 annat
362 865 94 27 utgjorde
480 865 73 27 frågan
578 872 33 13 om
631 864 152 27 skolstyrelsen
799 864 87 20 föremål
902 865 31 20 för

187 900 191 26 öfverläggningar,
394 900 39 19 och
446 900 65 26 jemte
528 900 35 19 det
579 902 75 18 mötets
669 899 216 27 pluralitet.uttalade
901 900 31 26 sig

187 934 30 20 till
236 934 81 19 förmån
337 934 31 19 för
387 934 109 25 principen
519 940 34 14 om
576 934 162 26 skolstyrelsens
760 934 105 25 skiljande
888 934 42 20 från

187 968 180 27 kyrkostyrelsen,
382 968 109 26 påyrkade
507 970 64 18 mötet
587 975 25 13 en
628 968 66 20 sådan
714 968 145 20 modifikation
876 968 6 19 i
898 969 35 19 det

187 1003 117 26 uppgjorda
319 1003 106 26 förslaget,
441 1005 31 17 att
487 1003 63 20 bland
567 1006 63 17 annat
650 1002 149 21 fackskolorna
814 1002 67 21 skulle
896 1010 35 12 un-

186 1037 119 26 dandragas
328 1037 161 26 skolstyrelsens
511 1037 94 26 uppsigt;
629 1039 30 18 att
678 1037 81 20 antalet
778 1036 23 20 af
814 1037 47 19 dess
876 1037 55 20 leda-

186 1074 66 17 möter
268 1071 69 20 blefve
352 1072 12 19 4
380 1073 56 18 utom
453 1071 146 26 ordföranden,
620 1072 108 26 nämligen
751 1073 37 23 tre,
812 1071 46 20 med
882 1072 50 19 hvar

186 1106 36 19 sitt
236 1105 104 20 särskilda
359 1105 54 26 fack,
433 1106 32 19 för
484 1106 25 19 de
528 1106 66 26 högre
610 1106 179 25 läroanstalterna,
805 1105 39 20 och
861 1112 25 13 en
902 1106 31 19 för

186 1140 156 25 folkskolorna;
362 1142 30 19 att
410 1140 167 20 öfverdirektorn
601 1141 51 19 eller
674 1140 149 25 ordföranden,
843 1141 7 18 i
866 1140 66 20 likhet

186 1175 48 20 med
259 1175 133 26 biskoparne,
415 1175 72 20 hvilka
511 1181 51 13 voro
585 1175 125 20 ordförande
734 1175 6 19 i
763 1175 26 19 de
812 1174 120 21 dåvarande

186 1209 181 26 skolstyrelserna,
388 1208 67 21 skulle
475 1209 22 20 af
509 1209 58 19 Hans
586 1209 97 26 Majestät
698 1211 110 17 utnämnas
824 1209 53 20 efter
892 1209 39 20 för-

185 1243 52 26 slag,
253 1249 44 14 som
314 1243 134 26 upprättades
463 1249 76 21 genom
556 1243 41 25 val,
612 1243 45 20 deri
677 1244 96 19 lärarene
790 1243 34 20 vid
840 1243 90 20 elemen-

185 1277 130 20 tarläroverk
329 1277 39 20 och
382 1277 302 26 folkskolelärareseminarier,
704 1277 109 20 äfvensom
829 1277 102 20 distrikts-

185 1313 160 26 inspektorerne
360 1312 53 26 egde
428 1312 89 27 deltaga.
548 1312 134 20 Beträffande
693 1312 139 19 tillsättandet
843 1312 23 19 af
875 1313 55 19 med-

185 1347 115 20 lemmarne
315 1347 7 19 i
338 1346 149 27 skolstyrelsen
507 1347 64 26 ansåg
591 1349 63 17 mötet
674 1349 30 17 att
728 1346 56 20 detta
808 1346 63 20 borde
893 1346 38 21 ske

184 1381 62 20 äfven
258 1381 64 20 första
332 1381 84 26 gången
431 1381 52 20 efter
497 1381 66 20 skedd
575 1381 124 26 ansökning.
723 1381 68 20 Sedan
805 1382 75 19 mötets
891 1381 39 20 för-

185 1415 126 26 handlingar
326 1415 22 20 af
361 1415 84 26 trycket
461 1415 99 26 utgifvits,
576 1415 98 20 insändes
685 1415 108 20 desamma
804 1415 31 19 till
844 1415 86 26 Kejserl.

184 1449 92 20 Senaten
293 1449 22 20 af
328 1451 74 18 mötets
420 1449 132 26 ordförande,
571 1450 130 26 professoren
722 1449 72 26 Cleve,
807 1450 66 25 jemte
889 1453 41 17 sär-

184 1484 55 21 skild
260 1483 123 21 hemställan
404 1484 22 19 af
443 1484 41 20 den
503 1484 25 20 25
548 1484 53 20 Nov.
617 1490 15 13 s.
649 1484 18 20 ä.
697 1484 10 19 I
723 1483 69 20 denna
808 1483 122 21 hemställan
