1070 1739
313 413 179 20 Sammansatta
507 414 81 20 Stats-
604 413 35 21 och
654 414 216 20 Ekonomiutskot-

257 449 50 18 tets
329 447 157 21 betänkande
507 448 31 20 N:o
553 448 18 24 4,
586 448 7 20 i
608 448 102 26 anledning
724 450 22 20 af
759 451 66 26 tvenne
841 451 29 21 till

257 481 118 21 hedervärda
388 482 141 20 Bondeståndet
543 482 108 21 inlemnade
666 482 36 21 och
716 484 22 20 af
748 484 57 26 sagde
816 486 55 20 stånd

256 516 30 20 till
302 516 92 20 utskottet
409 516 124 20 remitterade
549 516 213 26 petitionsmemorialer
772 520 98 25 angående

257 550 200 26 augmentsräntornas
471 550 117 27 indragning
603 550 30 21 till
648 551 76 21 kronan
739 552 35 21 och
787 554 84 20 rusthål-

257 584 41 20 lens
313 584 121 20 likställande
450 584 43 20 med
507 584 64 27 öfriga
585 585 137 27 skattskyldiga
738 586 92 22 hemman.

190 655 67 19 Dessa
272 656 77 18 tvenne
364 653 181 27 petitionsförslag
560 657 36 17 äro
612 655 22 19 af
648 654 92 26 följande
758 656 90 26 lydelse:

277 705 53 20 »”Till
347 705 35 20 det
397 704 137 20 Hedervärda
550 705 165 20 Bondeständet!

191 758 72 19 Redan
287 756 65 20 under
373 759 83 17 senaste
480 756 101 27 landtdag
604 756 130 21 inlemnades
759 758 30 20 till
812 758 58 20 detta

122 792 59 20 stånd
198 794 29 17 ett
243 790 179 27 petitionsförslag
437 792 30 18 att
483 790 26 20 de
524 797 15 13 s.
556 790 20 20 k.
593 793 216 24 augmentsräntorna,
824 798 45 14 som

123 828 35 17 äro
175 825 109 20 bestämda
299 827 29 17 att
344 824 49 27 utgå
409 825 31 19 för
455 827 30 17 att
501 825 119 20 underlätta
635 825 113 21 rusthällen
766 826 29 20 uti
811 826 60 20 deras

123 859 123 27 skyldighet
261 861 31 18 att
307 860 97 25 uppsätta
418 859 39 20 och
474 859 124 20 underhålla
613 860 110 26 dragoner,
734 860 69 20 skulle
815 860 57 20 från-

124 896 58 24 tagas
206 893 115 20 rusthållen
341 893 39 20 och
401 892 141 20 öfverlemnas
561 893 30 19 till
607 894 55 26 höga
677 894 91 20 kronans
783 894 88 26 disposi-

124 928 50 20 tion.
204 927 74 20 Såsom
302 927 68 20 deuna
390 927 100 26 petitions
511 927 146 20 hufvudmotiv
678 928 102 20 uttalades
800 928 27 20 då
842 930 31 18 att

124 962 35 19 det
182 968 48 13 vore
255 961 47 20 med
325 961 160 20 förhållandena
505 961 40 19 och
566 961 123 26 billigheten
710 961 161 20 öfverensstäm-

125 995 81 26 mande,
222 998 36 23 att,
274 995 27 20 då
315 995 36 20 det
366 995 103 25 ändamål,
487 995 106 26 nemligen
605 994 115 27 dragoners
731 996 139 26 uppsättande

124 1030 38 20 och
186 1030 128 25 utrustande,
338 1029 30 20 för
392 1029 79 20 hvilket
491 1029 162 26 ifrågavarande
674 1029 79 20 skatter
770 1036 50 13 voro
837 1029 34 21 be-

124 1064 81 21 stämda
227 1067 31 17 att
281 1064 54 26 utgå,
358 1064 20 25 ej
395 1070 56 13 mera
471 1063 109 26 existerar,
601 1064 60 19 äfven
683 1064 148 20 användandet
852 1065 23 19 af

125 1099 60 20 dessa
208 1098 80 20 skatter
307 1098 68 19 skulle
396 1097 109 20 förändras
522 1098 5 19 i
543 1097 219 21 öfverensstämmelse
782 1099 47 19 med
845 1099 26 19 de

125 1133 125 20 förändrade
273 1132 165 20 förhållandena.
470 1132 111 20 Dessutom
603 1132 90 20 fästades
714 1133 157 26 uppmärksam-

125 1168 62 19 heten
212 1167 27 20 dä
262 1166 70 26 derpå,
352 1168 30 17 att
402 1168 67 17 staten
491 1165 27 26 på
537 1165 58 21 detta
614 1168 42 17 sätt
671 1168 47 18 utan
734 1169 31 17 att
780 1166 93 27 betunga

122 1202 74 27 jorden
220 1201 69 20 skulle
312 1200 80 20 erhålla
415 1207 25 13 en
464 1199 83 27 ganska
568 1200 95 27 betydlig
682 1200 190 26 skattetillökning.

125 1237 75 20 Denna
218 1235 87 26 petition
322 1234 153 25 remitterades,
491 1234 6 19 i
515 1234 95 27 enlighet
626 1234 46 20 med
688 1234 93 20 ståndets
799 1234 74 24 beslut,

125 1271 31 19 till
175 1269 94 21 ståndets
285 1269 97 20 enskilda
398 1268 173 25 besvärsutskott,
588 1275 47 13 men
651 1268 37 20 har
703 1268 37 20 der
756 1268 118 20 försvunnit

126 1305 5 18 i
147 1303 85 21 okända
254 1303 61 20 öden.
346 1303 32 19 Då
398 1303 36 19 det
453 1309 27 13 nu
500 1303 162 26 ifrågavarande
677 1303 87 19 ärendet
780 1302 53 20 dock
851 1305 23 16 är

125 1339 22 19 af
160 1345 26 13 en
202 1337 94 20 särdeles
311 1339 42 18 stor
368 1337 50 26 vigt,
434 1337 93 26 djerfves
539 1337 38 26 jag
588 1337 6 19 i
607 1337 143 19 hufvudsaken
762 1335 111 27 stödjande

126 1373 42 25 mig
187 1372 27 26 på
229 1371 131 26 ofvansagde
376 1371 91 26 grunder
484 1371 77 20 föreslå
576 1373 31 18 att
622 1371 34 20 det
672 1370 131 21 hedervärda
818 1370 55 19 stån-

125 1407 35 20 det
182 1406 68 20 skulle
270 1405 72 20 förena
362 1405 32 26 sig
410 1405 6 19 i
432 1411 26 14 en
474 1405 67 20 sådan
561 1405 95 26 petition,
671 1407 30 18 att
716 1405 26 20 de
758 1404 114 20 rusthållen

125 1441 31 19 för
179 1441 35 19 det
237 1439 131 20 närvarande
391 1439 162 26 tillkommande
576 1441 210 24 augmentsräntorna
805 1438 69 20 skulle

125 1474 96 20 återfalla
241 1473 31 19 till
292 1473 80 20 kronan
389 1473 39 20 och
444 1476 30 16 att
490 1473 115 20 rusthållen
621 1473 56 19 hvad
692 1473 80 19 skatter
787 1472 40 20 och
844 1474 29 17 ut-
