1070 1739
404 428 118 20 Allmänna
543 428 231 20 Besvärsutskottets
793 428 151 22 betänkande

334 462 32 21 N:o
377 462 29 26 10,
420 462 8 20 i
443 462 102 27 anledning
560 462 21 20 af
594 462 51 20 inom
664 463 94 25 Borgare-
776 462 35 21 och
829 463 114 21 Bondestån-

334 496 37 21 den
386 497 67 21 väckta
467 497 104 27 petitioner
585 497 83 21 rörande
682 496 128 27 skjutslegans
825 497 86 27 höjande.

266 571 35 21 Uti
316 571 191 27 protokollsutdrag
522 572 23 20 af
558 572 41 20 den
616 572 52 20 1:sta
682 572 144 20 innevarande
839 570 56 22 Mars
905 572 37 21 har

197 606 157 20 Bondeståndet
376 606 30 20 till
429 606 113 20 Allmänna
562 606 201 20 Besvärsutskottets
781 606 116 27 beredning
912 608 29 19 öf-

198 640 117 20 verlemnat
329 642 30 18 ett
373 640 23 20 af
409 640 202 28 landtdagsmannen
630 641 78 26 Inberg
726 640 89 27 ingifvet
835 641 107 26 petitions-

197 675 116 25 memorial,
328 675 59 19 hvari
403 675 146 26 petitionären,
569 676 48 20 med
637 675 134 26 åberopande
787 675 23 20 af
823 675 118 24 skjutshåll-

197 710 90 26 ningens
309 709 117 26 tryckande
449 709 65 21 börda
536 710 32 20 för
588 709 126 27 jordbruket
732 710 47 25 och,
799 709 72 21 såvida
886 710 55 26 hopp

196 744 48 20 icke
263 744 121 25 förefinnes,
404 745 30 18 att
453 744 39 20 den
513 744 35 20 vid
568 746 82 18 senaste
669 744 148 20 Ständermöte
835 744 109 20 förehafda

196 778 76 27 frågan
288 784 32 14 om
336 785 26 13 en
378 778 122 27 fullständig
515 778 107 27 reglering
632 778 23 20 af
663 778 65 26 sagde
746 778 64 20 börda
825 778 56 20 inom
895 781 46 17 när-

198 815 66 17 maste
279 812 85 20 framtid
380 812 76 20 blifver
471 812 88 27 afgjord,
575 812 95 21 förordar
685 819 27 13 en
728 812 132 28 underdånig
871 812 70 20 anhål-

197 847 33 20 lan
246 849 31 18 att
292 847 110 26 styrelsen,
419 847 47 20 med
485 848 40 19 den
541 848 123 19 densamma
682 846 161 21 tillkommande
858 848 39 18 rätt
913 849 29 17 att

196 882 45 19 häri
254 888 70 13 ensam
341 882 122 26 bestämma,
479 882 64 20 måtte
559 882 47 20 med
622 882 36 20 det
672 883 95 18 snaraste
782 881 50 26 höja
846 881 94 27 skjutsle-

196 922 40 20 gan
256 916 32 19 till
309 916 4 19 1
332 916 59 19 mark
412 916 26 20 50
457 916 63 26 penni
543 916 71 25 milen,
630 916 7 19 i
653 915 86 20 hvilken
759 915 98 20 anhållan
875 915 66 20 landt-

196 950 143 26 dagsmannen
362 950 96 20 Keränen
482 950 65 26 derpä
569 950 82 19 förenat
672 950 33 25 sig
728 950 47 19 med
799 950 35 19 det
855 950 87 25 tillagda

196 984 160 27 önskningsmäl
371 986 30 18 att
416 984 129 27 skjutslegan
561 984 32 20 för
608 990 80 14 samma
703 983 82 20 afständ
805 983 62 20 mätte
883 984 58 26 höjas

195 1019 32 20 till
242 1025 27 14 en
285 1019 59 20 mark
360 1019 68 20 sextio
445 1019 69 26 penni.

264 1064 124 21 Sedermera
398 1065 38 19 har
448 1063 183 28 Borgareständet,
643 1064 53 20 efter
712 1063 93 20 erhällen
820 1063 118 20 kännedom

195 1099 23 20 af
231 1099 167 20 Bondeständets
409 1099 6 19 i
426 1099 99 20 afseende
541 1099 12 19 &
569 1098 135 20 förenämnde
720 1098 89 20 ärendes
824 1098 116 27 beredning

195 1134 100 27 vidtagna
310 1133 80 27 åtgärd,
406 1133 102 20 likaledes
524 1133 116 20 remitterat
662 1133 31 19 till
715 1132 114 21 Allmänna
843 1133 96 20 Besvärs-

195 1168 102 20 utskottet
316 1168 89 20 medelst
424 1168 69 20 beslut
510 1167 23 20 af
550 1167 39 20 den
610 1167 25 20 19
652 1167 54 20 Mars
723 1173 25 14 en
764 1167 7 20 i
786 1173 79 14 samma
880 1170 60 17 ämne

195 1201 23 21 af
238 1202 133 27 borgmästar
393 1202 94 20 Boström
511 1203 57 19 inom
591 1202 83 20 ständet
696 1201 62 27 gjord
780 1201 160 27 framställning,

195 1237 67 26 hvari,
278 1236 48 20 med
341 1236 115 27 anledning
471 1237 22 19 af
507 1237 26 20 de
549 1236 113 27 klagomäl,
683 1242 45 13 som
751 1235 108 20 flerstädes
874 1236 7 19 i
897 1235 42 20 lan-

195 1271 36 20 det
246 1271 100 26 försports
362 1271 59 20 öfver
439 1270 323 27 hällskjutsningsskyldigheten
783 1270 38 20 och
838 1270 40 20 den
894 1270 44 20 der-

194 1306 32 19 för
242 1305 104 26 utgående
366 1305 61 27 ringa
450 1307 121 25 ersättning,
593 1305 86 20 hvilken
703 1305 27 26 pä
752 1304 59 27 långt
833 1307 36 17 när
891 1304 48 21 icke

194 1342 115 18 motsvarar
324 1340 26 19 de
366 1339 113 21 kostnader
494 1340 121 20 densamma
626 1339 31 20 för
670 1339 26 20 de
709 1338 229 27 skjutsningsskyldige

195 1374 87 25 medför,
298 1374 87 20 föreslås
400 1381 26 12 en
442 1375 130 26 underdånig
588 1373 97 21 anhållan
698 1379 34 14 om
747 1373 141 26 skjutslegans
899 1373 38 20 för-

194 1409 91 26 höjande
301 1408 12 20 å
327 1408 146 27 landsbygden
489 1409 30 20 till
539 1409 76 26 fjorton
633 1408 66 27 penni
720 1407 39 21 och
780 1407 45 20 från
844 1407 45 20 stad
909 1408 30 20 till

193 1443 87 20 aderton
296 1443 64 26 penni
375 1449 38 20 per
429 1446 55 17 verst
503 1446 52 17 samt
573 1443 7 20 i
599 1442 151 27 sammanhang
769 1441 86 20 dermed
874 1443 63 19 erfor-

193 1477 68 27 derlig
278 1477 119 27 minskning
413 1478 23 19 af
450 1478 35 20 det
499 1478 55 20 antal
575 1478 75 26 hästar,
670 1483 46 14 som
736 1476 67 26 enligt
822 1476 114 27 reseregle-
