1070 1739
222 151 34 18 412

189 216 75 20 väckta
279 216 74 27 frågor,
365 217 129 21 beträffande
510 218 45 20 dels
571 218 292 27 lagmanstingsgästningens
874 219 57 24 utgö-

189 251 64 19 rande
269 251 38 20 och
323 251 97 20 framtida
434 253 139 20 användande
589 253 45 20 dels
654 253 177 20 häradsrätternes
847 252 5 19 i
869 251 64 26 nägra

190 284 57 20 delar
262 285 24 20 af
298 285 71 21 landet
391 286 123 27 förändring
529 287 32 20 till
576 289 138 25 permanenta
737 286 118 26 domstolar,
872 285 59 20 hafve

189 319 27 20 Vi
231 319 53 20 efter
300 322 60 23 tagen
376 321 119 20 kännedom
511 322 24 20 af
548 322 64 26 sagde
631 321 111 22 berättelse
763 321 46 20 med
829 321 44 20 deri
889 327 42 13 om-

189 354 90 20 nämnde
294 354 132 28 handlingar,
442 356 28 20 uti
486 356 131 27 underdänig
636 356 112 21 skrifvelse
768 355 40 20 den
824 357 12 18 5
853 355 77 20 dennes

188 388 73 20 uttalat
283 388 38 21 Oss
343 389 111 27 angående
474 391 26 20 de
519 391 99 26 åtgärder
642 391 76 20 sakens
741 389 145 21 beskaffenhet
901 389 31 20 för

189 423 128 20 närvarande
332 427 79 17 ansetts
427 425 89 25 påkalla.

534 484 10 22 $
560 483 33 19 29.

256 526 35 20 Ett
306 527 6 19 i
322 527 69 27 Nådig
407 528 128 26 proposition
551 528 40 20 Oss
606 528 106 26 förelagdt
722 528 79 26 förslag
812 528 30 19 till
853 528 77 19 förord-

188 560 50 26 ning
259 560 109 26 angående
392 562 117 26 underpant
527 563 5 19 i
551 562 254 27 jernvägsanläggningar
820 562 5 19 i
842 562 88 20 Finland

186 594 39 20 och
241 594 31 20 till
288 595 46 20 dem
350 596 93 20 hörande
458 596 48 20 fast-
523 597 39 19 och
577 597 144 26 lösegendom,
743 596 36 20 har
793 596 24 20 af
829 596 39 20 Oss
883 596 46 20 icke

188 629 78 19 kunnat
288 632 92 24 antagas,
404 630 66 26 enligt
491 631 54 19 hvad
565 631 25 19 Vi
607 631 47 20 med
677 630 128 27 angifvande
820 631 23 19 af
856 630 73 20 skälen

188 663 68 20 härför
272 664 37 20 hos
331 664 57 20 Hans
411 665 118 27 Kejserliga
549 666 97 25 Majestät
660 664 81 22 anmält
756 665 27 19 uti
800 665 130 27 underdänig

187 697 110 21 skrifvelse
312 698 23 20 af
348 699 39 19 den
405 700 11 18 8
433 700 142 19 innevarande
592 700 81 19 månad.

533 758 10 22 $
559 757 33 19 30.

254 801 8 19 1
278 802 114 26 anledning
407 803 23 18 af
447 802 56 20 Hans
522 802 118 27 Kejserliga
663 803 106 25 Majestäts
789 802 82 27 Nädiga
885 809 45 19 pro-

186 835 90 26 position
292 836 134 26 hvarigenom
444 836 30 20 till
495 836 38 20 Oss
549 836 148 20 öfverlemnats
717 838 29 18 att
762 836 21 20 af
797 836 133 27 bevillnings-

187 869 68 20 medel
270 870 72 20 anvisa
357 870 73 27 anslag
445 870 31 20 till
489 870 209 21 folkskoleväsendet
708 871 6 19 i
726 871 71 19 landet
808 871 46 19 med
867 878 62 13 mera,

186 904 62 20 hafve
263 904 34 26 Vi,
313 904 47 20 med
376 904 77 20 fästadt
471 905 98 20 särskildt
589 905 74 26 vilkor,
679 905 33 20 för
727 905 154 20 ofvannämnde
896 908 34 17 än-

186 938 68 20 damål
278 940 81 19 anvisat
378 942 30 17 ett
425 940 63 25 årligt
510 940 73 25 anslag
599 942 29 17 att
644 940 66 19 under
726 939 49 20 åren
794 940 135 19 1873—1877

184 973 49 25 utgå
252 973 45 20 från
317 973 40 20 den
380 973 106 21 allmänna
508 974 244 26 inkomstbevillningen,
775 974 27 26 på
821 976 41 17 sätt
884 977 44 16 när-

186 1013 56 14 mare
257 1007 133 20 omförmäles
407 1008 27 19 uti
451 1008 51 19 Vårt
517 1008 39 19 den
578 1009 24 18 10
622 1008 80 20 dennes
718 1008 12 19 å
746 1008 87 20 berörde
849 1008 82 27 Nådiga

185 1041 128 26 proposition
330 1042 76 19 aflåtna
423 1042 143 27 underdåniga
581 1042 112 20 svarsbref.

530 1101 11 22 $
557 1100 32 19 31.

252 1145 45 19 Den
317 1145 23 19 10
355 1145 142 20 innevarande
514 1145 74 20 månad
605 1145 61 20 hafve
683 1145 27 19 Vi
727 1145 29 19 till
773 1144 56 20 Hans
847 1145 82 26 Kejser-

184 1178 42 26 liga
241 1179 97 26 Majestät
352 1179 66 20 aflåtit
435 1179 138 26 underdånigt
591 1186 53 19 svar,
660 1180 6 19 i
683 1179 116 26 anledning
813 1179 24 19 af
849 1179 82 27 Nådiga

183 1213 154 26 propositioner
352 1219 34 14 om
402 1213 79 20 medels
496 1213 113 20 anslående
625 1214 31 19 till
669 1213 133 26 uppförande
817 1213 23 20 af
853 1216 77 17 tvenne

183 1247 101 26 fyrbåkar
299 1247 6 20 i
321 1247 86 27 Ladoga
421 1249 31 25 sjö
468 1251 53 16 samt
536 1254 26 14 en
577 1248 75 26 fyrbåk
668 1247 13 20 &
697 1247 106 27 Bogskärs
818 1248 110 19 undervat-

183 1283 45 18 tens
244 1282 32 19 ref
289 1281 61 20 söder
366 1288 32 13 om
415 1276 69 26 Åland
497 1282 39 20 och
547 1282 87 26 beviljat
644 1282 74 27 anslag
730 1282 30 19 till
771 1281 61 20 dessa
843 1282 86 27 företag.

529 1341 10 22 $
555 1339 33 20 32.

250 1385 68 19 Sedan
343 1385 57 19 Hans
422 1385 118 26 Kejserliga
562 1385 95 26 Majestät
677 1385 7 19 i
708 1384 69 27 Nådig
799 1385 129 25 proposition

183 1419 55 19 velat
252 1419 94 20 inhemta
362 1419 51 19 Vårt
427 1419 104 26 yttrande,
547 1419 102 20 huruvida
663 1419 28 20 Vi
706 1419 93 19 önskade
814 1419 115 20 medverka

180 1452 31 19 till
228 1453 118 20 inrättande
366 1453 22 20 af
406 1460 26 13 en
451 1460 27 19 ny
494 1453 116 20 kuranstalt
632 1454 30 19 för
686 1452 133 26 sinnessjuke
835 1453 5 19 i
857 1453 72 20 landet

180 1492 76 20 genom
273 1487 114 19 anvisande
403 1487 23 20 af
438 1488 69 20 dertill
523 1488 76 26 nödige
614 1488 82 26 anslag,
709 1487 61 19 hafve
782 1486 33 26 Vi,
826 1492 43 14 som
881 1487 46 21 icke
