1070 1739
820 145 32 18 391

142 210 59 25 ver”;
217 216 25 13 en
258 209 99 26 rättighet
372 216 43 13 som
432 215 74 20 genom
523 209 20 20 k.
560 209 82 20 brefvet
656 209 24 20 af
693 209 40 20 den
749 209 27 20 20
792 209 93 20 Oktober

144 245 52 19 1747
213 243 123 20 utsträcktes
352 244 86 25 derhän,
454 245 29 18 att
499 243 150 21 akademierna
665 243 80 20 erhöllo
760 243 39 20 ”en
815 243 27 26 pä
856 243 29 20 la-

142 285 40 20 gen
198 276 94 29 grundad
315 277 125 21 oinskränkt
462 278 63 20 frihet
540 279 30 19 till
586 280 30 18 att
636 280 49 18 utan
708 277 100 21 afseende
831 278 55 26 välja

143 313 39 20 den
199 312 31 20 till
246 312 88 25 kansler,
344 319 45 13 som
401 312 26 20 de
442 312 71 20 kunna
528 313 73 26 pröfva
616 312 134 20 Akademien
766 312 119 27 nyttigast”.

142 347 89 20 Rektors
251 347 33 19 val
307 347 79 20 skedde
408 346 95 27 sälunda,
525 349 30 18 att
577 347 39 20 den
640 346 139 21 akademiska
800 349 85 17 senaten

143 385 76 16 tvenne
241 381 79 27 gånger
342 381 73 26 hvarje
438 381 29 26 år,
486 381 40 20 den
546 382 27 20 24
593 382 41 26 Maj
654 381 39 20 och
713 381 27 20 22
760 381 124 25 November,

143 416 61 19 bland
225 416 103 20 ordinarie
349 416 127 26 professorer
495 423 22 12 ur
536 417 39 19 den
592 417 6 18 i
614 416 116 26 ordningen
750 415 90 26 följande
857 416 28 19 fa-

143 450 92 20 kulteten
252 450 59 26 utsäg
326 457 32 18 en,
378 450 53 20 dock
451 450 22 25 sä
492 452 30 18 att
544 450 42 20 alla
607 450 107 20 ordinarie
736 450 149 26 professorer
872 446 15 34 i

143 487 32 17 tur
190 485 84 19 kommo
290 486 28 18 att
334 484 90 20 bekläda
440 485 185 25 rektorsembetet;
645 485 6 19 i
667 478 48 26 Äbo
733 484 79 20 skedde
831 483 54 20 dock

143 519 57 20 detta
215 519 33 20 val
266 519 73 19 endast
358 525 26 14 en
403 519 56 27 gäng
478 526 34 13 om
531 519 51 21 äret.
611 518 41 21 Vid
675 519 73 26 hvarje
769 518 116 20 rektorsval

142 554 104 26 ombyttes
262 553 68 20 tillika
348 553 151 21 fakulteternas
518 554 100 26 dekaner,
638 554 72 20 hvilka
730 553 105 20 tillträdde
851 553 35 19 sitt

143 588 82 20 embete
240 588 52 20 efter
308 588 89 27 ordning
416 588 55 20 inom
491 588 123 26 fakulteten,
635 588 45 20 frän
699 588 25 20 de
740 588 58 20 äldre
814 586 29 21 till
860 587 26 19 de

141 629 73 20 yngre.
245 622 31 20 Dä
292 622 76 27 förslag
384 622 31 20 till
431 622 180 27 professorstjenst
631 622 67 20 skulle
714 629 40 20 ega
768 629 51 19 rum,
835 628 50 23 upp-

143 659 51 18 satte
210 657 50 20 först
276 656 156 21 vederbörande
452 657 89 20 fakultet
562 657 50 20 flera
631 664 101 20 personer
750 657 26 27 pä
795 656 89 20 förbere-

143 692 68 20 dande
226 691 83 27 förslag.
339 691 69 20 Sedan
424 692 47 26 prof
485 691 81 27 aflagts,
583 693 95 25 uppsatte
694 692 39 20 den
749 691 61 20 akad.
826 697 59 13 sena-

143 729 33 17 ten
193 726 38 20 och
248 725 123 27 prokansler
386 725 26 27 pä
428 726 81 26 slutligt
523 726 78 26 förslag
616 726 48 26 den,
682 732 44 14 som
742 728 79 18 ansetts
837 732 50 13 vara

143 761 39 19 den
206 760 142 27 skickligaste,
372 760 38 20 och
434 760 125 20 hemställde
586 760 100 27 förslaget
708 760 29 20 till
761 760 125 26 konungens

143 795 137 20 stadfästelse.
310 794 131 26 Fullständig
457 795 52 20 läro-
526 795 39 20 och
584 795 127 20 studiifrihet
729 802 36 13 var
784 794 101 26 derjemte

142 830 34 20 vid
192 830 110 20 akademin
318 829 104 27 gällande.

210 864 74 20 Denna
298 864 6 19 i
319 864 160 20 akademiernas
496 864 96 20 ändamål
612 864 108 26 grundade
738 863 148 27 organisation,

142 906 44 13 som
210 899 44 19 helt
275 898 39 20 och
333 898 63 20 hället
415 904 36 14 var
468 898 78 26 bildad,
562 898 39 20 och
617 904 25 14 en
657 898 51 27 läng
724 898 29 20 tid
768 898 73 20 fortfor
857 900 29 17 att

143 940 49 13 vara
214 933 42 26 det,
275 933 51 19 efter
349 934 101 18 mönstret
469 932 24 20 af
511 929 118 30 Tysklands
648 933 152 26 universiteter,
815 932 72 20 hvilka

143 968 84 20 framför
242 967 65 20 andra
322 967 84 20 länders
421 966 123 21 akademier
565 967 38 20 och
622 967 123 26 isynnerhet
760 967 84 20 framför
861 967 25 20 de

142 1003 26 26 pä
184 1002 56 20 olika
255 1006 55 16 orter
325 1001 109 27 splittrade
450 1001 141 20 fakulteterna
607 1002 80 19 bevisat
702 1002 31 20 sin
750 1002 93 27 förmäga
857 1004 31 18 att

137 1037 136 26 -.grundlägga
295 1035 139 21 framstående
457 1036 148 27 vetenskaplig
628 1037 139 25 verksamhet,
787 1037 45 20 blef
845 1039 40 18 sär-

143 1071 67 20 skilda
233 1071 79 27 gänger
329 1070 23 20 af
369 1070 99 26 Sveriges
491 1073 98 24 regenter
612 1070 115 21 bekräftad.
758 1071 27 20 Sä
807 1071 79 20 skedde

143 1106 129 26 exempelvis
288 1106 30 19 för
334 1098 47 27 Åbo
400 1104 98 20 akademi
515 1105 24 19 af
552 1105 107 26 drottning
678 1104 105 21 Christina
801 1106 39 20 den
861 1107 24 19 19

143 1141 94 20 Oktober
259 1140 59 25 1650,
335 1137 55 22 samt
409 1139 23 20 af
446 1139 87 26 konung
551 1139 47 20 Carl
614 1139 29 20 XI
658 1139 58 20 säväl
731 1140 41 20 den
790 1141 23 19 17
829 1140 56 27 Sept.

144 1175 52 20 1675
212 1181 43 14 som
272 1174 38 21 ock
327 1173 121 21 förmedelst
463 1173 167 21 Presteständets
646 1174 120 27 privilegier
781 1175 23 20 af
817 1175 40 20 den
876 1177 8 18 1

143 1209 93 20 Oktober
252 1208 101 27 sistsagde
369 1208 29 19 är.
428 1203 68 24 Äfven
522 1209 65 19 under
610 1209 92 26 följande
724 1209 57 20 sekel
805 1209 80 21 fästade

143 1251 46 13 man
214 1244 34 20 vid
271 1242 275 28 undervisningsväsendets
570 1243 106 20 förkofran
699 1243 39 20 den
762 1244 49 27 vigt,
831 1245 54 20 att
869 1238 20 37 i

143 1278 165 21 Presteständets
325 1277 122 26 privilegier
467 1277 22 20 af
506 1277 41 20 den
566 1277 23 20 16
606 1277 94 20 Oktober
717 1278 51 20 1723
785 1285 33 20 en,
834 1279 53 20 efter

143 1313 53 20 1675
219 1312 33 20 års
274 1311 121 27 privilegier
419 1311 109 26 upprepad
552 1311 131 27 bestämning
708 1312 68 27 intogs
798 1313 6 19 i
827 1313 59 20 2:dra

142 1347 93 27 punkten
256 1346 78 26 derom,
357 1348 31 17 att
410 1345 151 27 ”Akademier,
584 1346 126 26 Gymnasier
732 1347 39 20 och
793 1347 94 26 Scholor,

143 1388 44 13 som
199 1381 31 20 för
241 1381 66 19 thetta
317 1379 124 21 instichtade
450 1382 43 24 äro,
504 1379 53 21 eller
568 1380 38 20 och
615 1381 22 19 af
646 1379 38 21 Oss
696 1380 111 21 framdeles
818 1384 67 23 uprät-

143 1418 30 17 tas
188 1415 77 25 kunna,
282 1414 45 20 med
346 1414 45 20 sine
415 1414 129 27 nödtorftiga
566 1421 99 20 personer
684 1414 64 21 blifva
768 1415 33 20 vid
818 1416 69 19 mächt

143 1450 95 25 häldna”,
259 1449 114 26 hvarjemte
393 1449 41 20 alla
452 1449 69 20 lärare
543 1449 33 20 vid
597 1449 110 20 desamma
722 1449 164 21 tillförsäkrades

142 1491 33 13 om
199 1483 147 21 bibehållande
369 1483 35 20 vid
428 1482 41 20 alla
492 1483 62 20 deras
574 1483 163 25 löneförmåner;
756 1483 130 21 äfvensom
873 1478 16 35 i
