1070 1739
231 141 22 18 54

196 212 48 20 gen,
265 205 47 20 icke
332 205 118 27 uppställde
471 205 50 20 äkta
537 205 50 20 börd
605 205 68 20 såsom
690 206 29 19 ett
734 205 131 26 väsendtligt
880 203 68 20 vilkor

196 239 32 27 för
251 239 84 21 barnets
358 239 90 26 arfsrätt,
471 240 60 26 intog
551 246 25 13 en
597 239 130 26 ståndpunkt
742 239 88 20 framom
847 239 26 20 då
888 239 7 19 i
911 238 35 20 det

196 273 108 20 allmänna
325 273 59 21 lifvet
407 274 93 20 rådande
522 273 86 27 åsigter,
629 273 23 20 så
674 273 36 20 bör
726 274 35 19 det
777 273 102 26 derjemte
896 279 49 20 upp-

197 307 158 26 märksammas,
371 310 31 18 att
416 308 81 20 inemot
512 308 118 19 halftannat
645 307 133 20 århundrade
795 307 64 20 redan
877 306 70 21 förflu-

197 342 25 19 tit
244 342 54 20 efter
321 342 35 20 det
379 342 130 27 lagstiftaren
533 342 85 20 sednast
640 341 93 21 uttalade
754 342 31 26 sig
801 341 6 20 i
823 343 76 24 ämnet,
918 343 30 18 att

197 375 154 24 tvifvelsmålen
375 382 34 14 om
430 376 135 27 möjligheten
588 376 32 20 för
639 375 112 20 samhället
766 377 30 18 att
811 382 76 20 genom
904 375 42 26 lag-

198 410 48 26 bud,
267 417 43 13 som
331 411 18 25 ej
371 410 41 20 låta
428 411 74 19 förena
517 411 31 25 sig
565 410 47 21 med
630 410 53 20 hvad
700 410 94 27 naturlig,
806 410 86 19 rättvisa
908 410 37 19 och

198 444 98 26 billighet
317 444 81 24 kräfva,
421 451 70 20 gagna
511 444 38 20 och
572 444 101 26 befrämja
692 444 45 20 sina
752 443 82 27 sedliga
849 444 97 19 ändamål

198 478 117 20 emellertid
338 478 97 20 alltmera
458 479 72 19 vunnit
547 479 6 19 i
569 478 80 27 styrka,
669 478 108 20 äfvensom
798 480 30 17 att
847 478 36 19 det
899 478 46 19 med

197 512 47 20 skäl
266 512 41 20 kan
330 513 139 26 ifrågasättas,
492 520 33 13 om
550 513 159 26 lagstiftningen
726 512 6 19 i
747 512 147 26 ifrågakomna
913 512 33 19 del

198 546 111 27 verkligen
325 550 116 17 motsvarar
457 548 39 19 den
513 547 135 26 ståndpunkt,
673 546 83 20 hvartill
772 546 173 20 rättsmedvetan-

199 580 36 20 det
250 580 38 20 hos
304 581 44 20 vårt
364 581 43 20 folk
425 588 87 13 numera
522 581 80 19 hunnit.
626 580 44 21 Och
686 580 42 20 alla
744 580 60 20 dessa
819 580 127 26 omständig-

197 614 59 20 heter
267 614 89 27 förtjena
367 615 23 20 så
401 616 85 26 mycket
501 616 66 19 heilre
583 618 30 17 att
628 622 56 20 noga
699 615 94 26 beaktas,
809 621 44 13 som
866 614 79 27 pämin-

197 648 72 20 nelsen
286 656 33 13 om
336 650 99 20 behofvet
451 650 23 20 af
487 650 141 26 lagstiftarens
645 649 147 21 mellankomst
807 650 6 19 i
829 649 117 20 änberörda

197 683 34 20 del
248 684 67 26 utgått
331 684 45 20 från
393 685 38 19 och
449 685 73 19 vunnit
537 684 112 20 understöd
666 684 36 20 hos
719 684 81 20 landets
815 684 100 26 allmoge.

266 718 166 20 Petitionärerne
453 719 62 19 hafva
533 719 102 26 derjemte
656 718 74 26 antydt
744 718 70 26 syftet,
830 718 59 20 hvari
905 718 39 19 den

196 752 116 20 åstundade
333 753 251 26 lagstiftningsåtgärden,
605 753 67 26 enligt
690 752 61 20 deras
767 752 44 20 från
827 752 119 20 hvarandra

196 786 114 20 afvikande
334 788 116 26 meningar,
471 787 64 20 borde
555 787 140 26 genomföras.
726 786 44 20 Och
789 786 66 20 under
870 786 74 27 Lagut-

196 820 90 20 skottets
305 821 163 27 öfverläggning
483 822 6 19 i
506 822 87 19 ärendet
611 821 37 20 har
664 821 35 20 det
715 820 61 20 äfven
792 823 50 17 satte
858 821 6 19 i
881 820 64 27 fråga,

196 856 30 18 att
242 855 114 26 Utskottet,
372 862 50 20 som,
438 856 67 26 enligt
519 856 56 20 hvad
590 856 23 20 af
626 856 36 20 det
673 855 129 27 föregående
813 856 60 19 torde
884 856 61 19 fram-

196 888 34 27 gå,
250 889 67 20 finner
336 890 33 26 sig
390 890 85 20 manadt
489 892 30 18 att
535 890 94 20 erkänna
645 890 99 20 behofvet
760 890 38 19 och
815 890 129 26 nödvändig-

197 923 63 20 heten
277 923 23 19 af
313 930 25 13 en
355 924 130 20 omfattande
501 924 91 20 revision
609 924 22 19 af
645 924 73 26 lagens
730 924 149 19 meranämnda
890 924 54 20 stad-

196 957 92 26 ganden,
307 957 68 20 skulle
392 958 83 19 tillråda
489 957 118 20 Ständerna
622 959 30 18 att
668 958 6 19 i
690 957 42 21 den
749 957 106 20 blifvande
871 958 73 19 under-

196 991 79 26 däniga
298 992 116 25 petitionen
438 992 131 26 fullständigt
589 985 100 33 uppgifva
710 991 53 20 både
783 991 108 26 omfånget
907 992 37 19 och

197 1025 116 20 innehället
331 1026 23 19 af
372 1025 36 20 det
427 1026 121 26 lagförslag,
564 1032 44 13 som
625 1025 71 20 kunde
711 1025 84 20 komma
811 1027 30 18 att
856 1025 88 27 föreläg-

195 1065 38 20 gas
248 1059 83 20 landets
346 1059 98 20 Ständer.
467 1060 107 20 Utskottet
590 1061 37 19 har
642 1060 54 20 dock
712 1060 71 19 afstätt
793 1059 98 20 derifrän.
911 1060 35 19 Ett

196 1093 108 20 uttalande
320 1094 23 19 af
357 1101 27 12 nu
400 1094 126 20 församlade
542 1095 100 19 Ständers
658 1094 54 27 äsigt
727 1095 7 18 i
750 1096 81 18 ämnets
842 1095 104 19 särskilda

194 1127 60 20 delar
270 1134 62 19 synes
345 1128 107 27 nemligen
469 1128 106 20 Utskottet
591 1129 47 19 icke
655 1129 48 19 fullt
720 1128 102 26 lämpligt.
852 1129 94 25 Frägans

196 1161 84 26 slutliga
299 1161 98 27 pröfning
416 1162 123 20 ankommer
560 1163 26 25 pä
601 1162 117 20 Ständerna
734 1162 33 20 vid
783 1162 40 20 den
840 1162 106 27 landtdag,

195 1195 27 19 dä
238 1195 62 20 deras
315 1196 125 19 samverkan
458 1197 5 18 i
480 1197 65 19 näder
561 1196 103 26 päkallas;
682 1196 39 20 och
739 1196 62 20 redan
817 1197 6 18 i
840 1197 105 19 anseende

193 1229 31 18 till
241 1229 40 20 den
301 1229 63 26 länga
384 1230 119 26 tidrymden
523 1230 89 20 emellan
633 1231 25 19 de
678 1230 87 26 lagtima
785 1230 159 26 landtdagarne,

192 1265 24 16 är
231 1263 37 19 det
283 1263 115 26 ingalunda
413 1265 102 25 omöjligt,
531 1267 30 17 att
579 1264 145 20 nästbemälde
742 1264 100 20 Ständers
859 1265 84 26 mening

192 1296 42 19 kan
250 1296 86 21 komma
346 1299 30 18 att
387 1297 6 20 i
404 1304 26 13 en
447 1298 51 19 eller
513 1305 68 13 annan
599 1298 149 26 hufvudsaklig
762 1298 32 20 del
811 1289 72 29 afvika
899 1298 44 19 från

192 1330 40 19 den
249 1330 62 27 äsigt,
326 1337 45 14 som
396 1331 70 20 kunde
489 1332 96 20 omfattas
608 1333 22 19 af
651 1339 26 12 nu
702 1332 125 19 församlade
847 1332 95 20 Ständer.

190 1364 113 20 Dessutom
320 1365 38 20 bör
374 1365 36 20 det
430 1365 107 21 blifvande
556 1366 139 27 lagförslaget
715 1373 49 13 vara
779 1366 74 20 endast
868 1368 29 17 ett
914 1369 29 16 ut-

191 1398 62 26 tryck
270 1398 22 20 af
305 1399 58 19 Hans
378 1399 119 27 Kejserliga
513 1400 107 25 Majestäts
637 1400 77 26 nådiga
730 1400 50 25 vilja
791 1400 6 19 i
809 1403 79 22 ämnet;
905 1401 38 19 och

191 1432 35 19 vid
242 1432 76 19 sädant
340 1433 133 20 förhällande
492 1433 77 26 kunde,
585 1434 43 19 ifall
645 1434 58 19 Hans
719 1434 95 25 Majestät
831 1434 65 26 ansäg
912 1435 31 26 sig

190 1465 49 20 icke
256 1466 72 20 kunna
344 1467 31 19 till
392 1467 42 19 alla
450 1467 57 20 delar
521 1468 53 25 gilla
589 1475 27 12 nu
632 1468 128 19 församlade
771 1467 98 20 Ständers
883 1468 61 26 äsigt,
