1070 1739
170 154 4 3 <
196 141 12 16 4

164 204 86 20 tillsatte
267 205 136 20 innehafvare
419 205 75 26 skulle,
511 205 46 19 med
575 205 122 26 åtnjutande
708 205 7 19 i
726 205 115 20 allmänhet
857 205 23 20 af
889 204 25 20 de

164 239 132 26 rättigheter,
315 246 43 13 som
374 239 117 20 tillkomma
506 239 138 26 prokuratorn
661 239 7 19 i
683 239 119 26 Kejserliga
818 239 98 24 Senaten,

165 273 6 18 i
187 272 67 20 likhet
271 273 46 20 med
333 273 54 20 hvad
403 273 69 20 denve
488 273 12 20 å
516 273 138 26 regeringens
670 276 80 23 vägnar
765 273 38 20 har
818 273 32 26 sig
862 273 52 20 före-

165 306 65 26 lagdt,
247 306 12 20 å
274 307 126 20 Ständernas
416 310 81 23 vägnar
514 307 71 20 utöfva
600 307 102 20 inseende
718 307 58 20 öfver
788 307 127 26 tillämpnin-

165 347 40 19 gen
222 341 22 19 af
257 341 82 20 landets
354 341 65 26 lagar,
435 343 53 18 samt
503 347 50 14 vara
569 341 85 26 skyldig
670 343 30 17 att
716 347 32 13 om
764 341 31 19 sin
808 341 107 20 verksam-

165 375 36 19 het
223 375 91 20 emellan
336 375 153 27 landtdagarne
514 375 30 20 till
564 375 118 20 Ständerna
700 375 79 26 afgifva
795 374 120 25 berättelse,

165 409 144 20 innefattande
322 410 79 24 jemväl
418 410 77 26 förslag
512 409 30 20 till
559 409 135 26 afhjelpande
710 409 22 20 af
740 409 26 20 de
779 409 80 25 brister,
871 415 43 14 som

165 442 30 20 uti
211 442 86 27 lagarne
312 443 71 20 kunna
395 444 136 26 förekomma,
543 443 66 20 likväl
621 445 49 17 utan
682 443 101 26 rättighet
792 443 31 19 för
831 442 84 26 honom,

166 482 44 14 som
233 476 69 26 sjelf
297 472 12 36 i
318 478 30 19 sin
372 478 217 20 embetsverksamhet
609 478 64 19 borde
694 484 50 12 vara
763 477 89 26 fritagen
871 476 43 20 från

166 510 73 26 hvarje
256 510 22 20 af
291 512 125 26 regeringen
433 512 86 20 utöfvad
531 511 99 25 kontroll,
642 513 30 18 att
680 510 84 20 sträcka
771 511 36 19 sitt
815 510 101 20 inseende

150 559 3 2 +
165 544 31 19 till
219 544 243 28 Generalguvernörens,
485 546 312 23 Ministerstatssekreterarens,
819 544 39 20 den
881 544 33 20 vid

166 572 205 28 Statssekretariatet
384 580 87 20 tillsatta
486 580 102 26 Komites,
599 580 153 20 Prokuratorns
763 579 39 20 och
814 579 101 26 Regerin-

164 618 53 20 gens
233 612 149 27 ätgöranden.”

234 646 23 28 0)
277 648 22 19 af
317 648 133 21 Professoren.
466 649 117 19 Ehrström:
600 651 30 17 att
645 648 158 20 Prestaständet
819 648 49 20 ville
883 648 32 19 för

164 681 31 19 sin
220 681 42 26 del,
282 682 52 20 eller
350 685 130 24 gemensamt
497 682 46 20 med
560 682 25 20 de
601 682 69 26 öfriga
685 680 102 28 Ständen,
803 688 33 14 om
852 682 62 19 dessa

165 714 69 20 dertill
256 716 116 26 samtycka,
392 717 32 19 till
439 717 57 19 Hans
511 716 120 27 Kejserliga
646 716 98 26 Majestät
759 716 50 26 ingå
824 716 48 19 med
888 722 25 13 en

164 748 134 28 underdänig
320 751 86 25 petition
430 751 79 25 derom,
533 750 42 20 ”att
597 750 57 20 Hans
677 750 118 26 Kejserliga
817 750 98 26 Majestät

165 782 82 21 täektes
262 784 7 18 i
285 784 65 20 näder
369 786 47 24 taga
434 785 35 19 det
484 784 81 21 Honom
582 785 7 19 i
605 785 22 19 71
647 786 9 22 $
672 784 24 20 af
708 784 206 26 Landtdagsordnin-

164 823 41 20 gen
226 817 132 21 förbehällna
377 819 112 19 initiativet
507 819 31 19 till
553 818 119 20 inrättande
688 819 23 19 af
724 824 26 14 en
767 818 46 19 med
830 818 84 19 oafsätt-

163 850 51 26 lige,
230 851 94 27 lagfarne
341 852 84 20 domare
440 852 92 20 beklädd
549 852 74 26 högsta
639 852 90 20 domstol
740 852 6 19 i
757 852 97 25 Finland,
870 858 43 13 som

164 890 50 14 vore
231 885 81 20 domför
328 886 47 20 med
392 887 62 19 minst
469 886 41 20 fem
526 886 117 20 ledamöter
659 888 53 18 samt
724 886 46 19 fullt
781 885 133 21 motsvarade

164 918 55 20 hvad
244 926 33 13 om
300 927 25 13 en
346 920 64 20 sådan
430 920 89 21 domstol
535 921 6 19 i
558 920 12 20 2
586 920 94 26 punkten
696 920 23 20 af
734 920 53 20 1789
803 920 33 19 års
851 920 62 19 Före-

164 952 70 26 nings-
252 953 40 20 och
308 954 150 20 Säkerhetsakt
473 956 52 18 samt
541 954 111 26 angäende
663 954 97 19 domares
771 952 144 27 oafsättlighet

164 986 29 19 uti
216 985 198 28 Riksdagsbeslutet
433 988 23 19 af
473 988 41 19 den
530 988 25 19 23
572 987 49 20 Juni
640 988 52 19 1786
709 987 40 20 och
765 987 147 20 stadfästelsen

163 1019 12 20 å
190 1019 126 28 Förenings-
340 1021 38 20 och
402 1021 178 20 Säkerhetsakten
601 1021 67 20 finnes
684 1021 105 26 stadgadt,
805 1021 40 20 och
861 1020 52 20 hvil-

163 1053 41 20 ken
222 1055 47 19 med
286 1055 96 26 styrelse-
399 1055 39 20 och
453 1055 209 27 regeringsätgärder
678 1056 19 25 ej
714 1055 54 27 egde
784 1057 49 24 taga
844 1061 68 13 annan

163 1086 127 29 befattning,
305 1091 26 17 än
348 1089 80 26 afgifva
442 1089 121 20 utlätanden
580 1090 6 19 i
602 1089 226 27 lagstiftningsfrägor;
843 1089 69 20 äfven-

162 1127 46 14 som
226 1133 23 4 —
272 1123 32 20 för
327 1123 117 20 kontrollen
467 1124 59 19 öfver
549 1124 70 19 denna
642 1124 90 19 domstol
756 1123 38 20 och
817 1123 97 26 lagarnes

163 1155 163 22 handhafvande
342 1157 6 19 i
364 1157 115 20 allmänhet
497 1168 18 3 —
537 1157 30 20 till
588 1158 119 19 inrättande
728 1157 23 20 af
764 1159 29 18 ett
809 1159 47 24 nytt
871 1163 41 14 em-

162 1189 56 26 bete,
239 1190 63 20 hvars
321 1191 23 20 af
357 1191 117 20 Ständerna
489 1191 61 20 valde
566 1191 144 26 innehafvare,
728 1191 46 20 med
791 1191 122 26 ätnjutande

162 1223 140 21 Ofverhufvud
318 1225 24 20 af
355 1225 110 20 enahanda
480 1225 130 27 rättigheter,
626 1232 44 14 som
681 1225 119 20 tillkomma
810 1225 103 20 Prokura-

162 1259 46 18 torn
225 1258 7 19 i
248 1258 119 27 Kejserliga
382 1259 91 20 Senaten
491 1259 32 20 för
538 1259 96 26 Finland,
651 1259 76 26 skulle,
744 1259 89 20 likasom
845 1259 68 20 denne

161 1291 13 19 &
190 1291 144 28 Regeringens
357 1295 79 24 vägnar
456 1293 126 20 öfvervakar
602 1293 98 27 lagarnes
716 1293 141 27 tillämpning,
874 1299 40 20 ega

160 1326 31 18 att
206 1325 13 20 &
234 1326 129 20 Ständernas
386 1330 79 23 vägnar
485 1328 72 19 utöfva
575 1328 101 20 inseende
693 1328 59 19 öfver
767 1327 145 20 handhafvan-

160 1359 37 19 det
216 1359 24 20 af
257 1360 81 21 landets
354 1361 59 26 lagar
428 1364 53 17 samt
497 1368 50 14 vara
562 1362 85 26 skyldig
662 1363 30 18 att
708 1368 33 13 om
757 1362 31 19 sin
805 1361 107 20 verksam-

160 1393 36 20 het
219 1394 91 20 emellan
331 1395 155 28 landtdagarne
509 1397 32 19 till
561 1396 118 20 Ständerna
698 1396 80 26 afgifva
793 1395 120 26 berättelse,

161 1433 55 20 men,
238 1428 68 26 sjelf
301 1424 14 37 i
322 1429 31 19 sin
373 1429 218 21 emkbetsverksamhet
606 1430 90 27 fritagen
714 1429 46 20 från
776 1436 25 13 en
818 1430 12 19 &
845 1430 68 26 Rege-

160 1461 87 26 ringens
273 1465 78 23 vägnar
374 1464 85 24 utöfvad
483 1464 99 26 kontroll,
606 1464 47 20 icke
676 1471 40 19 ega
736 1463 128 27 befogenhet
883 1465 30 18 att
