1070 1739
803 155 34 18 333

121 222 14 17 t.
151 227 33 14 ex.
206 227 25 13 en
252 219 131 26 betydligare
403 225 82 13 summa
503 225 23 13 ur
542 219 92 20 nämnda
649 219 51 19 fond
716 218 155 21 utanordnades

121 254 32 20 för
168 254 65 26 något
248 255 64 18 annat
327 253 105 25 läroverk,
447 253 100 26 antingen
564 253 22 20 af
601 253 25 20 de
643 259 27 13 nu
686 253 66 20 redan
764 252 108 26 befintliga

121 288 51 20 eller
192 288 23 19 af
232 287 98 26 möjligen
347 286 130 27 uppstående
495 293 48 20 nya.
574 287 40 20 Vid
631 287 142 26 uppförandet
788 286 23 20 af
824 288 48 24 eget

121 321 38 20 hus
180 322 32 19 för
232 321 156 20 normalskolan
409 321 64 20 borde
493 321 61 25 dock,
570 321 67 26 enligt
652 321 113 20 utskottets
781 320 90 27 uppfatt-

122 357 58 26 ning,
196 355 28 20 all
240 355 72 26 möjlig
328 355 134 26 hushållning
477 355 40 20 och
533 355 131 26 sparsamhet
679 355 113 27 iakttagas,
808 354 23 20 så
841 357 30 17 att

121 391 19 25 ej
156 392 56 17 stora
228 395 91 14 summor
334 389 120 27 onödigtvis
470 389 140 27 uppoffrades,
624 392 14 17 t.
651 396 34 13 ex.
697 389 53 20 blott
761 389 32 20 för
803 389 68 20 åstad-

122 423 127 20 kommande
265 423 22 20 af
300 430 26 13 en
342 425 56 24 yttre
415 423 129 27 prydlighet.

190 457 160 20 Godkännande
366 458 36 19 det
417 458 6 19 i
439 457 117 27 petitionen
574 458 91 20 uttalade
681 457 105 27 syftemäl,
799 457 30 20 får
842 459 29 18 ut-

121 491 79 20 skottet
215 491 83 20 derföre
315 492 106 19 vördsamt
437 491 86 20 föreslå:

256 539 33 19 att
311 537 85 21 landets
418 536 121 28 höglofliga
556 536 96 22 Ständer
672 537 65 21 måtte
756 536 37 22 hos
808 536 64 21 Hans

188 570 123 29 Kejserliga
326 570 104 28 Majestät
441 570 8 21 i
459 570 173 28 underdånighet
646 570 98 27 anhålla,
761 573 33 19 att
809 570 63 22 Hans

188 604 126 29 Kejserliga
329 604 103 28 Majestät
453 604 80 22 täcktes
554 604 113 27 anbefalla
682 604 149 28 uppförandet
846 604 31 27 af

188 642 29 18 ett
237 642 45 24 eget
302 638 150 22 läroverkshus
466 638 43 28 för
523 638 163 22 normalskolan
700 639 9 20 i
724 638 148 28 Helsingfors,

188 673 136 22 omfattande
346 673 60 21 såväl
426 673 47 21 dess
492 673 91 21 svenska
602 680 44 14 som
657 672 77 28 finska
749 673 122 27 afdelning,

188 710 56 19 samt
266 710 32 18 att
321 707 95 21 nämnda
436 707 139 25 läroanstalt,
590 706 102 28 framför
706 707 77 27 hvarje
797 714 75 14 annan

174 742 91 31 .sådan,
283 741 41 28 för
343 742 59 20 detta
420 741 105 21 ändamål
540 742 66 20 måtte
620 741 84 21 komma
719 742 8 20 i
742 741 131 28 åtnjutande

188 776 30 27 af
232 776 68 21 medel
314 782 28 14 ur
356 776 40 20 den
411 782 76 20 genom
502 775 144 28 skolafgifter
660 776 103 25 samlade,
779 775 30 27 af
819 775 54 21 Fin-

189 810 65 21 lands
268 809 65 21 Bank
342 809 135 27 förvaltade,
493 809 109 27 skolfond.

188 856 139 26 Helsingfors,
343 856 40 20 den
400 856 26 20 24
442 855 60 27 April
521 856 60 20 1872.

326 952 119 20 Finlands
460 952 120 20 Ständers
596 952 160 26 underdåniga
771 952 101 26 petition

258 993 31 14 om
305 986 119 26 uppförande
439 986 22 20 af
473 987 28 19 ett
515 986 137 21 låroverkshus
667 987 30 20 för
712 986 160 21 normalskolan
862 982 14 35 i

260 1020 122 27 Helsingfors.

121 1083 207 27 Stormäktigste,
343 1083 196 27 Allernådigste
550 1083 105 26 Kejsare
666 1083 45 20 och
722 1083 149 21 Storfurste!

189 1140 9 19 I
213 1140 106 20 anseende
342 1140 70 19 dertill
433 1142 30 17 att
485 1140 156 20 normalskolan
658 1141 6 19 i
681 1140 130 27 Helsingfors
827 1143 23 17 är
866 1141 6 18 i

121 1175 103 20 afsaknad
241 1175 23 19 af
277 1176 49 24 eget
341 1173 147 20 läroverkshus
504 1174 41 19 och
561 1174 81 27 nödgas
653 1177 77 18 ersätta
739 1175 71 21 denna
820 1175 52 19 brist

121 1215 75 21 genom
218 1209 32 19 för
269 1208 120 20 ändamålet
410 1208 113 27 upphyrda
539 1208 86 26 lokaler,
642 1209 82 20 hvilket
739 1209 132 20 förhållande

122 1243 81 20 utöfvar
214 1245 30 17 ett
256 1242 88 27 menligt
354 1242 117 26 inflytande
488 1243 19 25 ej
526 1243 81 19 mindre
623 1243 27 26 på
665 1243 85 20 skolans
764 1243 107 20 verksam-

121 1277 36 20 het
179 1277 138 20 öfverhufvud
340 1279 26 17 än
390 1276 40 20 ock
454 1276 27 26 på
500 1276 168 27 skolungdomen
689 1277 57 20 såväl
762 1277 6 20 i
784 1277 88 20 sanitärt

120 1318 44 13 som
186 1311 78 26 sedligt
282 1311 108 25 afseende,
410 1310 27 20 då
453 1311 28 19 uti
498 1317 27 13 en
541 1311 95 26 upphyrd
654 1311 39 20 och
709 1311 161 26 ursprungligen

119 1345 31 20 till
172 1345 154 26 familjebostad
347 1345 91 19 inrättad
455 1344 57 20 lokal
530 1345 129 20 läroverkets
675 1345 65 20 behof
754 1345 6 20 i
776 1345 96 26 antydda

119 1379 135 20 hänseenden
271 1378 47 21 icke
332 1379 71 20 kunde
417 1379 116 26 behörigen
550 1379 129 26 tillgodoses,
696 1379 37 20 har
748 1379 57 20 inom
821 1378 48 20 Pre-

119 1413 117 20 steståndet
254 1413 35 19 vid
304 1413 145 20 innevarande
465 1413 102 26 landtdag
583 1415 29 18 ett
627 1413 180 26 petitionsförslag
823 1412 46 20 blif-

119 1447 30 20 vit
172 1447 118 20 framstäldt
305 1447 6 19 i
327 1447 36 20 det
385 1447 63 26 syfte,
467 1449 30 18 att
518 1450 31 17 ett
567 1447 54 20 efter
637 1447 97 20 nutidens
750 1447 120 26 fordringar

119 1480 94 27 lämpadt
228 1484 48 23 eget
291 1480 37 20 hus
344 1481 64 20 måtte
424 1481 32 20 för
471 1481 158 20 normalskolan
646 1481 106 21 härstädes
767 1481 101 26 ofördröj-
