1070 1739
236 147 35 19 244

205 211 42 21 kan
263 211 61 28 gillas
338 212 116 21 inskränka
468 212 193 28 religionsfriheten
676 212 32 20 för
720 211 230 28 religionsbekännare,

205 247 73 20 hvilka
299 247 47 21 icke
366 247 85 20 tillhöra
470 247 40 20 den
527 247 244 27 evangelisk-lutherska
785 247 90 26 kyrkan.
905 245 44 21 Och

205 283 30 19 att
258 282 69 20 denna
344 282 165 27 religionsfrihet
528 282 64 20 måtte
612 282 30 21 bli
658 289 26 14 en
698 281 38 21 full
752 281 119 27 verklighet
887 284 22 17 är
924 287 26 14 en

205 316 45 27 sak,
272 323 45 14 som
339 316 35 20 väl
396 317 65 20 måste
481 323 62 14 anses
562 317 62 27 högst
643 317 68 27 vigtig
726 316 39 20 och
781 315 112 27 önskvärd,
909 315 39 20 den

205 351 35 20 må
256 351 105 20 betraktas
376 351 46 20 från
438 353 79 19 statens
532 351 53 21 eller
599 351 94 27 kyrkans
709 350 114 27 synpunkt.
845 350 38 21 Att
893 350 57 20 detta

205 387 23 18 är
250 385 65 26 fallet,
338 392 32 14 om
393 392 47 14 man
463 386 108 21 betraktar
591 386 66 20 saken
676 385 47 20 från
742 387 79 18 statens
837 385 113 26 synpunkt,

204 419 59 20 torde
280 419 78 27 knappt
374 420 23 20 af
410 421 68 26 någon
494 421 109 20 bestridas.
634 421 47 19 Men
698 420 65 20 också
778 419 94 27 kyrkans
885 426 65 13 sanna

205 454 34 20 väl
258 454 112 27 befrämjas
385 454 47 21 icke
448 462 76 20 genom
539 455 65 27 något
619 455 55 27 slags
690 454 71 27 tvång,
776 456 48 18 utan
840 454 27 26 på
883 454 65 20 öfver-

204 489 109 27 tygelsens
329 490 39 20 fria
382 492 48 24 väg,
446 490 51 20 eller
512 490 122 26 derigenom
651 491 30 19 att
696 489 129 27 sanningens
841 489 38 19 sak
893 488 55 20 kraf-

204 524 41 27 tigt
259 524 121 21 framhålles
395 525 39 20 och
450 524 47 21 med
513 524 26 20 lif
547 525 110 19 försvaras.
682 524 95 26 Kampen
789 525 43 19 mot
842 524 107 26 religions-

205 558 99 27 friheten,
319 559 36 20 der
371 559 41 20 den
427 562 56 17 ännu
498 559 75 26 finnes,
588 559 38 20 har
641 558 65 21 också
721 558 182 27 hufvudsakligast
918 558 31 20 sin

205 595 33 18 rot
257 594 29 19 uti
306 593 25 20 de
349 593 133 21 hierarkiska
497 593 141 27 grundsatser,
653 593 73 21 hvilka
741 592 158 28 beklagligtvis,
915 599 33 13 om

205 627 65 21 också
285 628 90 26 mången
389 628 57 27 gång
461 628 126 26 omedvetet,
603 631 55 17 ännu
674 628 38 20 här
722 628 40 20 och
773 627 36 21 der
820 627 62 20 äfven
892 627 56 20 inom

205 662 40 20 den
261 662 163 27 protestantiska
439 663 82 27 kyrkan
536 663 51 26 vilja
601 666 51 24 göra
667 662 33 27 sig
715 662 106 27 gällande.
850 662 27 20 Ju
892 668 58 13 mera

205 696 107 28 nemligen
327 697 108 21 hierarkin
450 697 85 27 sjunker
550 698 7 19 i
574 698 41 20 den
630 697 110 27 offentliga
756 697 118 27 meningen,
890 696 59 20 desto

205 738 58 13 mera
285 732 64 20 sluter
371 732 41 20 den
432 732 31 27 sig
478 732 31 20 till
525 734 67 18 staten
608 732 32 20 för
655 734 30 18 att
700 732 64 20 vinna
779 732 41 19 den
836 731 114 27 verldsliga

205 766 97 20 maktens
323 766 83 21 biträde
428 767 34 19 vid
483 767 113 20 utöfvande
615 767 23 20 af
656 767 36 20 sitt
706 766 124 20 herravälde
845 766 59 20 öfver
918 766 30 19 in-

206 801 115 20 dividerna.
351 802 43 20 Der
408 801 46 21 åter
468 802 191 26 religionsfriheten
675 802 39 19 har
728 800 143 21 motståndare
886 800 62 20 bland

205 836 55 26 dem,
278 835 73 21 hvilka
366 836 32 20 för
412 836 63 27 ingen
492 836 34 20 del
541 836 58 20 ledas
614 836 22 20 af
649 836 66 26 några
730 835 131 20 hierarkiska
875 835 73 19 intres-

205 876 44 20 sen,
258 869 63 28 Futan
341 870 73 20 hvilka
432 870 63 20 ledda
514 870 23 20 af
555 872 30 18 ett
599 872 61 18 sannt
675 870 92 26 kristligt
783 870 30 19 nit
828 869 77 26 frukta,
920 871 30 18 att

205 904 70 21 denna
290 905 62 20 frihet
367 905 54 20 skall
435 906 94 20 medföra
543 905 86 27 vådliga
642 905 77 27 följder
730 904 47 20 med
788 904 99 20 afseende
898 904 12 20 å
920 904 28 20 lä-

204 946 49 13 rans
268 940 75 19 renhet
355 940 7 19 i
376 940 36 19 vår
427 940 70 27 kyrka
511 942 53 18 samt
579 940 31 20 för
626 940 117 19 friskheten
758 939 39 20 och
813 939 66 20 friden
891 939 7 19 i
909 938 39 20 den

204 973 101 28 kyrkliga
319 974 185 27 lifsutvecklingen
519 975 57 20 inom
591 975 76 26 henne,
683 974 23 19 så
721 980 61 13 anser
790 974 37 25 jag
839 973 60 20 dessa
909 973 39 20 far-

204 1008 67 27 hågor
295 1015 49 14 vara
364 1009 87 20 alldeles
471 1009 121 27 ogrundade
610 1009 39 20 och
664 1009 64 20 hafva
743 1008 31 20 sin
790 1009 33 19 rot
838 1008 45 20 dels
898 1007 6 20 i
920 1009 30 18 ett

204 1043 32 20 för
256 1043 51 27 högt
321 1043 154 27 uppskattande
489 1042 24 21 af
526 1043 26 20 de
567 1043 103 20 förmenta
684 1042 121 21 fördelarna
820 1042 23 20 af
856 1044 29 18 ett
899 1041 49 27 kyr-

204 1076 100 28 kotvång,
323 1077 44 21 dels
382 1079 7 18 i
405 1085 26 13 en
447 1078 77 27 oriktig
539 1078 133 27 uppfattning
688 1077 24 20 af
724 1077 55 20 hvad
795 1083 44 14 som
854 1076 48 21 med
917 1083 31 13 re-

203 1112 142 27 ligionsfrihet
363 1113 82 26 förstås,
461 1113 50 20 eller
526 1113 7 19 i
547 1112 205 27 religionsfrihetens
766 1111 120 27 förvexling
901 1109 48 22 med

204 1153 34 14 om
258 1147 48 20 icke
322 1147 44 27 just
380 1147 41 21 den
437 1147 90 21 enskilta
542 1147 142 26 menniskans,
700 1146 23 20 så
738 1145 54 21 dock
808 1147 79 19 statens
902 1145 46 20 full-

204 1181 94 28 komliga
316 1181 160 21 indifferentism
491 1183 8 19 i
513 1181 96 28 religiöst
623 1181 129 20 hänseende.
781 1180 41 20 Det
837 1183 22 17 är
876 1181 72 19 visser-

203 1215 59 28 ligen
278 1218 66 24 sannt,
360 1218 30 19 att
405 1223 26 14 en
442 1217 65 20 sådan
517 1216 134 27 uppfattning
662 1215 22 20 af
693 1215 191 26 religionsfriheten
895 1215 55 26 gjort

204 1251 33 26 sig
260 1251 98 27 gällande
380 1251 38 20 hos
439 1251 82 27 många,
541 1251 62 20 äfven
618 1251 7 19 i
640 1250 47 21 vårt
701 1250 57 19 land.
787 1249 49 20 Men
852 1249 31 20 för
898 1249 51 20 hvar

205 1285 39 20 och
265 1292 33 20 en,
317 1292 44 14 som
377 1286 48 20 med
441 1286 96 26 allvarlig
551 1284 187 28 uppmärksamhet
753 1284 46 26 följt
814 1284 48 19 med
877 1283 72 26 saken,

204 1320 66 21 borde
286 1321 35 20 det
336 1327 50 14 vara
402 1321 61 26 klart,
479 1322 30 19 att
523 1321 36 19 det
568 1320 48 20 icke
627 1323 23 16 är
660 1318 193 28 religionsfriheten
863 1318 7 20 i
881 1318 69 20 denna

204 1355 94 26 mening,
318 1361 44 14 som
378 1354 49 21 med
442 1355 37 20 vår
493 1361 42 20 nya
550 1354 105 27 kyrkolag
670 1353 41 21 och
726 1353 109 27 ingressen
851 1352 32 20 till
899 1352 49 20 den-

205 1395 81 14 samma
305 1389 84 28 åsyftas.
419 1389 38 20 Att
476 1389 22 20 så
516 1389 48 20 icke
579 1392 30 23 är,
624 1388 92 27 framgår
732 1387 81 28 ganska
827 1387 77 27 tydligt
918 1393 30 14 re-

203 1423 42 20 dan
261 1431 24 12 ur
300 1425 118 19 motiverna
432 1424 31 20 till
479 1424 35 20 det
529 1423 22 21 år
569 1424 53 19 1863
633 1423 83 27 utgifna
726 1421 223 28 kyrkolagsförslaget.

272 1459 30 20 På
320 1467 28 12 nu
367 1459 89 20 anförda
474 1458 45 20 skäl
533 1458 32 20 får
577 1459 37 25 jag
629 1457 33 20 till
676 1457 133 26 högvördiga
823 1457 125 25 prestestån-

203 1494 36 20 det
262 1494 130 20 öfverlemna
414 1493 58 21 detta
492 1492 149 28 petitionsmål,
661 1491 67 21 i-den
752 1490 147 27 förhoppning,
921 1493 29 18 att
