1070 1739
216 160 34 19 276

184 231 47 14 sens
247 225 122 20 hemställan
386 225 22 20 af
421 225 40 20 den
478 226 11 19 7
506 225 87 21 Januari
610 226 52 20 1867
678 225 110 26 angående
803 225 127 26 skolungdo-

185 266 58 13 mens
258 259 117 25 helsovård,
392 259 152 21 ordförandens
560 260 35 20 vid
611 261 65 19 andra
689 259 107 21 allmänna
806 260 124 20 skollärare-

185 296 65 17 mötet
264 295 6 18 i
288 294 130 27 Helsingfors
438 294 23 20 år
478 295 52 20 1867
547 295 75 26 gjorda
638 295 124 19 hemställan
776 295 65 26 jemte
858 296 73 18 mötets

184 328 135 27 protokoller,
330 329 155 26 domkapitlens
496 329 7 20 i
514 329 73 20 landet
597 329 111 26 yttranden
721 329 58 20 öfver
792 329 68 26 begge
872 328 60 20 dessa

184 362 96 26 ärender,
300 366 53 17 samt
372 363 104 20 särskilda
494 363 44 20 från
555 363 98 20 städerna
668 363 98 26 Heinola,
781 363 91 26 Nyslott,
887 362 43 20 Wi-

185 397 58 26 borg,
266 397 90 26 Ekenäs,
379 397 30 20 S:t
431 398 77 20 Michel
529 398 39 20 och
589 397 116 21 Sordavala
720 397 120 20 inlemnade
855 397 75 20 ansök-

184 431 75 27 ningar
274 431 88 21 rörande
379 432 150 20 skolväsendet
544 432 7 20 i
567 432 61 20 dessa
643 432 77 20 städer.

252 535 45 20 Den
317 535 68 20 äldsta
404 535 139 27 skolordning
562 535 32 20 för
609 535 88 27 Sverige
713 535 39 20 och
767 535 90 20 Finland
873 535 56 20 date-

184 576 34 13 rar
232 569 32 27 sig
280 569 44 20 frän
340 569 68 21 Johan
424 570 49 20 III:s
487 570 148 26 regeringstid.
658 570 30 20 Pä
704 569 116 27 befalining
830 569 23 20 af
862 569 68 20 denne

184 603 87 27 konung
286 604 122 20 utarbetade
424 604 105 26 nämligen
546 604 156 27 erkebiskopen
717 604 7 19 i
740 603 79 27 Upsala
833 602 97 22 Lauren-

184 638 43 20 tius
246 637 61 21 Petri
326 638 100 21 Nericius
444 645 26 13 en
486 638 168 27 kyrkoordning,
670 645 44 13 som
731 638 68 26 utgafs
814 638 45 20 frän
875 640 53 24 tryc-

184 672 36 20 ket
235 672 23 20 är
275 673 59 26 1571,
350 672 40 21 och
405 673 32 19 till
452 673 86 20 hvilken
554 680 37 13 var
607 673 62 26 fogad
686 679 26 13 en
728 672 75 20 artikel
819 672 46 20 ”om
881 672 47 20 sko-

183 707 51 26 lor”,
249 709 54 17 samt
317 714 25 13 en
359 707 104 27 ”ordning
477 708 52 19 huru
545 707 55 20 läsas
616 707 54 20 skall
680 708 6 19 i
697 707 118 21 skolorna”,
834 700 30 26 Är
877 708 50 19 1611

184 741 71 20 utkom
271 741 44 20 åter
331 748 25 13 en
373 741 90 21 ”schole
479 742 109 26 ordning”,
605 742 103 26 uppgjord
725 742 38 19 och
780 742 113 19 stadfästad
909 742 23 19 af

183 776 161 26 presterskapet.
375 769 31 26 Är
427 776 53 20 1620
496 776 92 26 begärde
604 776 86 26 konung
706 776 76 20 Gustaf
794 776 21 20 II
831 776 65 20 Adolf
909 776 23 20 af

183 810 157 26 presterskapet
362 810 47 20 dess
432 810 135 20 betänkande
587 810 59 20 öfver
665 810 108 27 ätskilliga
791 810 91 27 punkter
897 813 31 17 rö-

183 844 64 20 rande
263 844 130 24 akademins,
408 844 111 20 skolornas
534 845 38 19 och
589 844 154 27 hospitalernas
757 845 173 26 reorganisation,

183 881 53 17 samt
252 878 63 27 utgaf,
331 879 6 19 i
353 878 150 27 hufvudsaklig
518 878 220 20 öfverensstämmelse
754 879 46 20 med
816 879 36 20 det
865 879 65 27 härpä

182 913 81 26 afgifna
284 915 76 24 svaret,
380 914 41 18 den
442 914 25 18 13
485 913 61 26 April
563 913 53 20 1620
632 913 32 20 sin
680 913 135 21 Resolution
832 914 39 20 och
887 920 41 14 me-

183 948 57 26 ning,
256 948 106 19 hvarefter
377 948 57 19 Hans
450 948 75 26 Kongl.
541 948 97 25 Majestät
648 948 62 19 aktar
720 948 99 19 skolorna
829 948 38 20 och
879 948 49 20 aka-

182 981 71 20 demin
273 983 31 18 att
322 981 117 20 förordna”.
470 982 44 19 Den
531 983 11 18 7
559 982 89 27 Augusti
672 982 51 20 1649
740 982 109 20 utfärdade
865 982 63 20 drott-

182 1015 52 27 ning
253 1015 111 27 Christina,
385 1016 53 20 efter
457 1018 36 24 att,
511 1016 68 20 säsom
596 1016 64 20 orden
676 1016 58 27 lyda,
749 1017 63 19 hafva
827 1017 102 20 inhemtat

182 1050 58 20 lärde
260 1051 39 19 och
315 1051 5 18 i
337 1050 151 27 undervisning
504 1051 82 20 erfarne
603 1053 57 18 mäns
677 1051 93 26 mening,
786 1051 32 20 sin
834 1051 93 20 skolord-

182 1085 58 26 ning,
263 1091 43 13 som
330 1085 74 20 fortfor
423 1087 31 17 att
471 1085 56 26 gälla
547 1085 54 20 ända
618 1085 31 20 till
665 1085 41 20 den
723 1085 24 20 31
763 1085 88 20 Januari
868 1086 60 25 1693,

182 1119 26 19 dä
228 1119 86 26 konung
330 1119 49 20 Karl
394 1119 30 20 XI
440 1119 108 20 utfärdade
565 1126 24 13 en
606 1126 35 19 ny,
657 1118 88 21 hvilken
761 1119 6 20 i
783 1119 32 20 sin
831 1121 32 18 tur
878 1119 49 20 aflö-

181 1155 41 18 stes
242 1159 76 20 genom
340 1153 110 27 Gymnasii
470 1154 39 19 och
525 1153 166 27 skolordningen
708 1153 22 20 af
744 1153 40 20 den
801 1154 12 19 4
828 1153 98 21 Februari

183 1188 59 20 1724.

248 1222 72 20 Under
336 1222 56 26 hägn
412 1223 22 19 af
453 1223 74 25 denna,
548 1228 75 21 genom
640 1224 74 25 regent
730 1222 39 19 och
787 1222 90 20 Ständer
891 1229 35 20 ge-

182 1259 104 18 mensamt
301 1258 90 25 antagna
407 1257 34 26 lag
457 1256 41 21 fick
514 1257 40 19 den
571 1256 68 20 finska
654 1256 74 20 skolan
738 1255 8 20 i
757 1256 40 20 den
813 1256 34 20 del
863 1257 22 19 af
899 1257 28 19 fä-

180 1291 156 25 derneslandet,
352 1297 44 13 som
412 1291 73 19 fortfor
500 1293 29 17 att
544 1290 119 27 underlyda
678 1291 42 19 den
736 1291 91 20 svenska
840 1291 87 25 kronan,

180 1325 66 20 under
266 1331 26 14 en
313 1323 29 22 tid
362 1325 24 20 af
399 1327 51 18 nära
466 1325 170 26 etthundratjugu
652 1325 30 25 är,
698 1327 49 17 utan
763 1325 66 26 nägra
844 1325 83 20 svärare

179 1359 130 26 rubbningar
324 1359 96 20 fortsätta
435 1359 36 20 sitt
485 1359 173 27 välsignelserika
672 1359 73 20 arbete
756 1359 31 20 för
798 1359 130 27 ungdomens

180 1393 103 27 bildning.
314 1393 130 27 Visserligen
468 1393 132 20 utarbetades
622 1393 27 26 pä
668 1393 165 21 föranstaltande
854 1395 23 19 af
893 1395 35 20 det

179 1427 67 20 under
266 1427 76 20 Gustaf
355 1427 29 20 IV
400 1428 75 19 Adolfs
489 1428 100 27 regering
604 1427 104 20 inrättade
724 1434 15 13 s.
756 1427 19 20 k.
792 1427 132 28 kanslersgil-

178 1461 36 25 let,
238 1463 30 18 ett
290 1462 78 26 förslag
391 1462 31 19 till
445 1462 144 26 skolordning,
612 1468 43 13 som
673 1462 82 26 jemväl
775 1462 23 19 af
814 1461 112 29 konungen

178 1496 174 20 sanktionerades
371 1495 23 20 är
416 1496 53 19 1807
489 1496 31 20 för
539 1498 30 18 att
584 1496 56 26 gälla
656 1496 27 26 pä
699 1495 70 20 försök
786 1496 66 20 under
867 1498 12 18 5
895 1498 31 19 års
