1070 1739
799 152 33 25 257

118 220 30 18 att
162 218 72 19 kunna
250 217 116 26 emottagas
381 216 7 19 i
404 215 82 26 skolan,
510 215 51 20 böra
583 215 71 21 kunna
676 215 125 21 åtminstone
821 216 45 21 läsa

118 251 103 21 innantill.
251 251 56 20 Huru
330 249 97 27 omöjligt
448 249 101 27 grekiska
570 250 166 20 trosbekännare
756 250 63 20 hafva
837 253 30 18 att

119 286 95 27 uppfylla
236 285 57 20 detta
316 285 68 19 vilkor
407 284 41 19 kan
472 290 47 13 man
542 284 55 20 sluta
614 285 24 19 af
652 285 35 20 det
700 285 37 26 jag
753 285 55 20 förut
823 291 42 14 om-

120 322 77 19 nämnt.
228 320 47 19 Men
299 325 31 14 om
356 318 150 27 förordningen
526 319 6 19 i
549 319 61 20 dessa
633 319 59 20 delar
714 319 61 20 äfven
798 319 68 20 skulle

119 355 66 20 blifva
204 353 120 26 förändrad,
344 355 42 18 tror
404 353 37 26 jag
459 353 19 26 ej
495 353 69 26 någon
581 355 42 18 stor
638 353 68 20 fördel
722 353 61 20 deraf
796 353 71 20 kunna

120 390 81 26 dragas.
230 389 41 19 För
287 389 30 18 att
331 387 133 27 grundlägga
483 393 25 14 en
527 387 40 20 fast
587 387 60 20 skola
661 387 81 21 fordras
758 387 63 21 redan
838 389 30 18 att

121 431 47 13 man
192 423 26 25 på
240 422 87 20 förhand
350 421 82 20 känner
450 421 66 20 behof
529 421 23 20 af
570 421 103 27 kunskap,
693 422 81 20 hvilket
793 423 76 19 endast

121 458 36 20 der
176 457 40 20 kan
236 456 81 27 uppstå,
340 456 84 20 hvarest
448 455 134 27 bildningens
604 456 30 20 frö
655 456 65 20 redan
744 456 64 26 något
830 455 38 20 fått

121 493 51 19 fatta
186 493 38 19 rot.
255 491 32 19 Då
302 490 65 20 saken
384 490 19 26 ej
419 486 112 41 förbättras
551 497 34 13 om
602 491 19 19 vi
638 493 63 17 vänta
718 493 31 17 att
765 490 102 26 tillfällig-

122 528 62 18 heten
200 525 126 27 någongång
342 526 6 18 i
364 524 112 20 framtiden
492 527 77 18 utströr
585 525 61 20 dessa
661 525 53 23 frön,
728 525 24 20 så
767 525 41 20 kan
820 531 47 14 man

122 561 78 25 befara,
216 562 30 18 att
262 559 81 27 klyftan
359 559 91 20 emellan
465 559 26 20 de
507 560 58 19 olika
579 559 198 24 trosförvandterne,
795 559 26 21 då
836 559 31 20 lit-

123 598 116 18 teraturens
257 594 86 26 andliga
361 593 55 20 band
432 594 19 26 ej
470 596 61 24 utgör
550 594 68 26 någon
637 594 166 27 föreningslänk,
824 594 44 19 vid-

123 637 37 19 gas
179 630 31 20 till
230 628 24 20 så
272 630 43 18 stor
334 630 30 18 att
383 634 49 14 man
448 628 18 26 ej
483 634 45 14 mer
546 628 32 20 får
596 629 40 19 den
652 630 30 18 att
697 628 26 27 gå
738 628 56 27 igen.
824 628 44 20 Sta-

123 667 46 17 tens
184 670 54 20 egen
258 662 66 20 fördel
344 662 60 20 torde
423 662 88 20 sålunda
530 663 70 20 fordra
614 664 31 18 att
660 669 45 13 man
722 663 96 27 vidtager
834 661 35 21 nå-

125 700 35 26 got
175 698 56 26 slags
247 697 97 26 åtgärder
360 696 32 20 för
407 698 30 18 att
452 696 101 21 förbättra
568 697 68 20 denna
652 697 44 19 sak.

191 732 33 20 Då
242 731 225 27 folkundervisningen
487 731 63 20 bland
569 732 26 19 de
613 732 101 26 grekiska
727 732 105 20 Finnarne
847 733 23 17 är

125 767 87 21 alldeles
228 774 34 19 ny,
278 766 23 20 så
315 768 30 18 att
361 772 25 14 en
403 766 41 20 fast
458 766 107 20 folkskola
580 766 36 20 der
636 766 19 26 ej
674 766 40 20 kan
735 766 86 20 komma
839 764 31 21 till

125 802 67 26 stånd,
207 801 23 20 så
245 803 43 17 tror
301 801 36 26 jag
353 800 95 20 deremot
463 802 30 18 att
508 800 166 20 ambulatoriska
688 800 71 20 skolor
773 800 27 27 på
810 800 62 20 dessa

125 836 79 20 trakter
220 835 68 20 skulle
304 834 62 20 hafva
381 836 31 18 ett
426 836 51 18 stort
493 834 39 20 och
543 834 109 27 gagneligt
666 834 40 20 fält
721 835 31 20 för
767 835 32 19 sin
810 834 61 20 verk-

125 870 87 20 samhet.
242 870 32 19 En
290 868 150 20 ambulatorisk
459 868 61 20 skola
537 868 42 20 kan
594 869 38 19 lätt
647 869 21 19 få
682 869 40 19 fast
736 868 30 21 fot
780 869 39 20 hos
833 868 38 20 fol-

126 905 42 20 ket.
198 904 46 20 Den
260 903 92 20 inträder
367 904 7 18 i
390 903 91 19 barnens
500 903 48 20 hem
564 903 41 20 och
619 903 31 19 får
665 905 58 18 snart
738 903 27 27 på
779 903 32 20 sin
827 902 46 20 sida

127 939 23 20 så
164 939 33 20 väl
213 938 128 20 föräldrarne
358 943 44 14 som
424 938 85 19 barnen.
540 938 48 19 Men
609 944 25 13 en
654 938 82 26 verklig
759 939 60 25 nytta
841 937 32 19 för

128 974 39 19 den
191 972 69 20 finska
284 971 122 27 bildningen
429 971 41 20 kan
495 978 47 13 man
558 972 19 26 ej
593 973 63 18 vänta
674 972 23 20 af
712 971 161 28 ifrågavarande

128 1007 76 24 skolor,
224 1013 33 14 om
278 1007 19 26 ej
317 1006 97 20 lärarene
433 1007 7 18 i
460 1006 62 20 dessa
544 1007 71 19 ställas
637 1006 27 27 på
686 1006 86 21 alldeles
794 1012 81 14 samma

128 1042 48 21 nivå
192 1041 48 21 med
259 1041 26 20 de
304 1041 53 20 fasta
376 1041 111 20 skolornas
507 1041 75 20 lärare.
610 1041 41 26 Jag
666 1041 59 20 torde
740 1041 37 20 här
793 1041 19 26 ej
828 1043 45 17 när-

129 1083 55 14 mare
205 1075 91 21 behöfva
314 1075 73 20 utreda
406 1075 51 20 huru
473 1075 134 26 oundvikligt
622 1075 35 20 det
671 1078 29 23 är,
716 1077 30 18 att
760 1075 114 27 folkskole-

129 1110 122 27 inspektorn
268 1109 67 20 skulle
351 1109 86 20 komma
452 1111 30 18 att
497 1109 63 20 hafva
575 1109 159 20 öfverinseende
745 1109 58 20 öfver
814 1109 62 20 dessa

129 1145 71 21 skolor
223 1144 27 27 på
272 1150 79 14 samma
373 1145 41 18 sätt
436 1150 44 13 som
503 1143 62 20 äfven
589 1144 58 19 öfver
669 1144 65 20 andra
753 1143 122 21 folkskolor.

129 1176 68 23 Äfven
214 1181 22 18 är
252 1179 36 20 det
298 1178 68 27 billigt
381 1180 30 17 att
426 1178 40 20 den
483 1177 164 21 ambulatoriska
662 1178 128 21 skolläraren
806 1177 70 20 skulle

130 1213 80 21 erhålla
224 1219 80 14 samma
321 1212 106 20 förmåner
443 1213 23 19 af
479 1214 67 18 staten
567 1219 43 14 som
631 1212 200 21 folkskolelärarene
847 1211 29 21 öf-

130 1247 122 22 verhufvud.
282 1247 31 20 De
328 1247 102 26 grekiska
445 1246 194 21 trosbekännarena
654 1249 74 24 utgöra
741 1247 89 20 likasom
847 1246 30 21 öf-

131 1284 45 26 riga
191 1282 77 20 Finnar
288 1281 116 26 bevillning
424 1281 31 20 för
474 1281 145 26 befrämjande
635 1281 243 27 af.folkupplysningen,

131 1317 31 20 till
178 1315 182 28 upprätthållande
376 1315 22 20 af
412 1315 76 26 skolor,
509 1322 48 13 men
573 1315 26 20 de
614 1318 36 17 äro
665 1316 7 19 i
688 1315 35 20 det
738 1315 53 27 läge,
807 1317 30 18 att
852 1315 27 20 de

132 1352 19 26 ej
167 1351 71 20 kunna
253 1351 65 19 under
338 1357 27 12 nu
384 1350 98 26 gällande
503 1350 156 27 bestämningar
674 1350 6 19 i
696 1352 71 18 ämnet
782 1350 23 20 af
818 1349 62 20 dessa

131 1385 155 26 utbetalningar
302 1384 79 20 erhålla
396 1384 70 27 någon
481 1384 76 20 fördel.

200 1419 32 20 Då
251 1419 41 20 den
310 1418 67 20 finska
400 1419 99 26 allmoge,
519 1425 45 13 som
587 1418 108 21 bekänner
717 1419 40 20 den
779 1418 102 27 grekiska

133 1454 65 24 läran,
214 1459 28 14 nu
257 1453 65 20 första
341 1453 84 26 gången
445 1453 36 20 har
500 1459 27 14 en
542 1455 146 24 representant
703 1453 34 20 vid
753 1453 127 26 landtdagen

133 1488 37 20 har
183 1488 37 26 jag
240 1488 68 18 ansett
327 1486 31 20 för
378 1487 42 19 min
441 1486 124 28 skyldighet
587 1488 30 19 att
639 1487 32 20 för
693 1486 35 21 det
750 1486 134 20 hedervärda

792 1519 21 17 17
