1070 1739
230 163 34 18 370

199 227 106 20 rättandet
319 227 22 20 af
354 227 95 20 sådana
444 223 15 36 i
462 228 75 26 många
553 228 124 20 kommuner
692 229 73 20 endast
781 229 30 20 för
827 229 68 20 denna
910 234 31 13 or-

200 261 37 20 sak
260 261 124 26 uppskjutits
408 261 51 20 eller
480 263 88 26 nödgats
588 263 103 25 afstanna,
712 264 50 19 eller
778 263 37 20 ock
833 263 62 20 hafva
911 263 31 19 för

200 296 176 27 undervisningen
394 297 79 20 mindre
484 297 99 26 lämpliga
595 297 67 20 lärare
673 298 69 19 blifvit
752 298 109 20 anställda.
880 298 62 19 Detta

200 331 31 18 för
254 330 154 20 folkskolornas
430 331 108 26 framgång
561 331 60 26 högst
642 333 92 25 menliga
754 332 186 25 missförhållande,

198 371 52 19 som,
270 371 32 13 om
323 365 35 19 det
377 365 47 20 icke
440 368 56 17 snart
511 365 109 26 afhjelpes,
637 365 40 20 kan
694 366 145 20 åstadkomma
854 368 85 18 oersätt-

198 399 42 26 liga
254 399 82 25 skador,
352 399 65 20 borde
433 399 140 26 undanrödjas
589 406 76 20 genom
681 400 118 20 inrättande
815 401 21 19 af
851 403 28 17 ett
895 402 44 25 nytt

198 433 141 25 seminarium,
350 433 80 19 hvilket
441 433 66 27 enligt
517 434 151 25 petitionärens
678 434 55 27 åsigt
744 434 118 26 lämpligast
872 434 68 20 skulle

197 468 106 26 förläggas
324 467 31 20 till
378 467 81 27 Kuopio
479 468 52 25 stad,
551 474 44 14 som
615 468 68 26 ligger
698 468 27 27 på
740 468 103 27 betydligt
858 468 80 20 afstånd

197 502 45 20 från
257 502 124 26 Jyväskylä,
396 502 7 19 i
419 508 25 14 en
460 502 93 20 landsort
569 502 91 20 derifrån
675 502 118 27 Jyväskylä
805 503 133 19 seminarium

196 536 81 27 årligen
299 536 37 20 fått
354 538 105 25 emottaga
475 539 29 17 ett
518 539 51 17 stort
584 537 57 19 antal
657 537 79 25 elever;
753 537 114 26 hvarjemte
883 536 54 20 med-

197 571 64 25 delas,
277 573 30 18 att
322 571 80 27 Kuopio
418 572 56 19 stads
490 571 129 27 borgerskap
635 572 101 19 förklarat
751 572 31 26 sig
797 572 68 25 villigt
881 574 35 23 att,
932 572 5 18 i

197 606 101 20 händelse
313 608 28 18 ett
358 605 141 21 såbeskaffadt
514 605 96 21 läroverk
628 606 30 20 dit
673 606 112 26 förlägges,
796 606 30 19 till
839 606 47 20 dess
897 606 39 19 dis-

195 640 90 26 position
309 642 48 18 utan
380 640 115 27 ersättning
515 640 53 20 afstå
587 640 85 20 Hariula
687 640 58 20 invid
761 640 70 20 staden
849 640 88 26 belägna

195 674 115 26 egendoms
328 674 99 26 mangård
441 675 65 25 jemte
522 674 43 20 alla
580 674 69 21 dertill
666 674 92 20 hörande
775 674 109 26 bygnader
899 675 37 19 och

195 709 67 25 uthus,
278 709 107 19 äfvensom
402 708 121 27 tillräckligt
536 709 47 25 jord
600 709 31 19 för
646 709 116 19 anstaltens
778 708 68 20 behof.

264 743 104 20 Utskottet
393 744 43 24 har,
461 746 54 16 utom
542 744 156 19 ofvannämnda
723 745 76 18 tvenne
823 743 114 26 memorial,

194 778 110 26 emottagit
321 778 19 26 ej
357 778 81 19 mindre
454 777 190 27 protokollsutdrag
660 778 58 20 öfver
734 784 26 13 en
775 778 56 19 inom
850 778 86 26 högvör-

194 812 50 26 diga
267 812 154 20 Presteståndet
441 812 44 20 förd
505 812 118 20 diskussion
640 812 6 19 i
661 814 78 23 ämnet,
759 812 74 20 hvaraf
847 812 89 27 framgår

192 849 30 17 att
244 846 83 20 ståndet
350 847 94 26 upptagit
464 846 203 26 brukspredikanten
689 846 144 20 Westerlunds
849 847 86 25 petition

192 881 67 19 såsom
276 881 38 26 sin,
330 884 25 16 än
372 880 39 20 ock
427 881 73 26 utdrag
516 887 23 13 ur
555 881 145 26 magistratens
712 881 6 19 i
729 880 94 26 Nyslotts
834 881 44 19 stad
890 887 45 20 pro-

192 915 66 20 tokoll
274 915 31 19 för
320 915 40 20 den
377 916 12 18 2
404 915 60 26 April
480 915 142 19 innevarande
638 915 28 25 år,
680 915 24 19 af
713 915 92 19 innehåll
816 917 29 17 att
856 915 78 21 staden,

191 949 6 19 i
214 949 101 20 händelse
330 952 30 17 ett
376 949 130 26 fullständigt
521 948 159 20 folkskollärare
696 949 133 19 seminarium
846 949 89 20 förlades

191 983 31 19 till
238 983 90 26 Nyslott,
344 983 32 20 för
392 983 124 20 detsammas
531 983 119 20 inrättande
666 983 49 20 ville
732 983 69 20 lemna
816 985 30 18 ett
862 983 72 26 bidrag

190 1017 23 19 af
231 1017 77 26 50,000
328 1017 66 26 mark,
410 1017 106 20 äfvensom
533 1017 32 20 för
579 1017 121 20 ändamålet
716 1017 77 27 nödiga
809 1019 74 18 tomter
898 1025 35 12 an-

191 1051 71 26 tingen
286 1052 54 19 inom
361 1052 39 20 den
421 1052 57 20 äldre
495 1052 126 25 stadsdelen,
638 1052 51 20 eller
705 1051 64 20 också
783 1052 55 19 inom
855 1051 78 21 Savon-

190 1085 63 20 niemi
270 1089 54 16 ännu
341 1086 112 26 obebygda
468 1086 97 20 stadsdel.

258 1188 37 20 Att
317 1189 40 20 den
380 1189 65 27 högre
467 1189 117 20 folkskolan
601 1189 5 19 i
623 1189 45 20 vårt
690 1189 47 19 land
758 1189 46 20 med
823 1189 72 26 hvarje
911 1189 23 20 år

189 1223 74 19 vinner
287 1230 24 13 en
334 1223 39 20 allt
392 1226 65 17 större
477 1223 121 26 utveckling
618 1223 37 20 och
674 1223 115 26 betydelse,
805 1226 24 17 är
844 1226 29 17 ett
889 1224 42 19 fak-

188 1259 41 17 tum
254 1264 43 13 som
322 1257 70 26 hvarje
415 1258 165 19 fosterlandsvän
601 1258 46 19 med
669 1263 51 14 sann
742 1257 71 26 glädje
829 1258 102 26 iakttagit.

187 1291 153 27 Beklagligtvis
357 1294 60 25 utgör
432 1293 51 19 dock
502 1293 76 19 bristen
596 1292 25 26 på
636 1291 178 27 ändamålsenligt
825 1292 106 19 utbildade

187 1325 67 20 lärare
274 1328 29 17 ett
322 1328 52 17 stort
392 1327 73 19 hinder
481 1327 6 18 i
503 1327 57 19 detta
575 1326 107 20 afseende.
713 1325 30 20 Af
756 1332 25 13 en
798 1326 133 26 redogörelse

186 1359 59 20 öfver
262 1360 335 20 folkskoleförhållandena
532 1355 11 35 i
553 1355 49 35 vårt
614 1360 56 23 land,
687 1359 156 27 offentliggjord
859 1361 23 18 af
896 1367 34 13 nu-

186 1394 94 20 varande
296 1394 106 20 direktorn
418 1395 31 19 för
464 1395 244 19 folkskoleseminarium
720 1394 5 19 i
736 1393 124 27 Jyväskylä,
870 1395 58 20 fram-

184 1427 38 26 går
239 1427 63 21 bland
318 1432 70 23 annat,
405 1431 30 17 att
450 1429 52 19 intill
518 1429 106 26 utgången
640 1429 23 19 af
678 1429 89 19 sistlidet
782 1429 23 19 år
819 1429 110 20 understöd

184 1461 23 19 af
225 1461 198 27 bevillningsmedel
443 1463 30 19 för
493 1463 108 19 underhåll
616 1463 23 19 af
652 1463 67 25 högre
735 1462 116 20 folkskolor
866 1463 62 20 bevil-

182 1495 42 25 jats
248 1496 74 20 inalles
342 1496 21 20 åt
385 1498 22 18 11
424 1497 75 25 städer,
515 1497 6 19 i
537 1496 81 20 hvilkas
634 1496 74 20 skolor
723 1496 74 20 funnos
816 1498 23 18 15
854 1497 75 21 lärare-
