1070 1739
216 126 36 19 280

185 190 41 20 fors
241 190 105 28 Leinberg
361 191 68 21 såsom
446 191 144 26 medlemmar,
607 191 116 27 uppgjorde
739 193 29 18 ett
784 190 84 27 förslag,
879 190 53 19 hvil-

185 224 37 21 ket
236 225 7 20 i
258 225 117 21 hufvudsak
391 225 93 21 innehöll
500 225 103 28 följande:

256 260 17 19 1.
303 260 99 20 Finlands
422 259 97 28 samtliga
539 260 147 20 läroanstalter
705 259 31 20 stå
753 259 64 21 under
832 259 100 20 inseende

186 293 24 20 af
226 300 26 14 en
272 294 142 27 skolstyrelse,
431 294 114 20 bestående
561 295 23 19 af
597 295 31 26 sju
644 294 123 26 ledamöter,
784 294 105 27 nämligen
906 300 25 13 en

187 328 153 21 öfverdirektor
362 329 67 20 såsom
450 329 134 26 ordförande,
604 329 118 24 professorn
739 329 6 19 i
762 328 119 27 pedagogik
897 328 34 19 vid

188 362 131 21 Alexanders
342 363 144 20 universitetet
508 363 68 20 såsom
597 363 46 20 vice
663 363 132 25 ordförande,
816 363 11 20 3
844 363 88 20 öfverin-

188 397 115 26 spektorer,
325 404 25 13 en
372 397 31 20 för
422 397 146 21 folkskolorna
588 397 39 20 och
643 400 77 17 tvenne
736 397 31 20 för
782 397 26 20 de
823 397 68 27 öfriga
906 397 27 20 lä-

188 431 112 26 roverken,
322 434 52 18 samt
396 434 77 18 tvenne
493 438 122 14 assessorer.
646 429 173 23 Öfverdirektorn
840 434 55 18 utses
914 432 22 19 af

188 466 57 20 Hans
261 466 118 28 Kejserliga
394 467 98 26 Majestät
507 466 63 21 bland
588 469 54 23 män,
657 473 45 13 som
715 466 52 20 visat
778 467 32 26 sig
821 473 39 20 ega
871 466 63 26 högre

189 501 146 27 vetenskaplig
356 501 95 27 bildning
470 502 39 19 och
526 501 119 20 förvärfvad
662 501 64 26 nödig
742 501 65 26 insigt
821 501 6 19 i
843 501 89 20 lärover-

189 535 46 20 kets
258 536 141 26 organisation
422 536 39 20 och
485 536 139 20 verksamhet.
655 532 175 30 Öfverinspektor
849 536 38 20 och
903 542 30 13 as-

190 576 92 14 sessorer
297 572 109 18 utnämnas
422 570 38 20 och
477 570 169 27 befullmäktigas
661 570 23 20 af
696 570 57 20 Hans
763 570 119 26 Kejserliga
892 570 41 20 Ma-

187 604 65 26 jestät
271 604 27 26 på
317 605 67 26 grund
405 605 23 19 af
440 605 85 27 förslag,
541 611 44 14 som
601 605 53 20 efter
670 604 130 27 föregången
816 604 118 27 ansökning

190 638 22 20 af
225 638 149 27 skolstyrelsen
392 642 109 24 uppgöres.
531 638 42 22 För
587 642 30 17 att
632 639 12 20 å
660 639 79 27 förslag
749 639 31 19 till
791 639 142 27 öfverinspek-

190 676 42 17 tors
247 673 51 20 eller
313 674 166 26 assessorstjenst
494 674 71 20 kunna
580 674 105 26 uppföras,
701 674 104 20 erfordras
819 675 30 19 att
859 674 74 19 sökan-

190 708 40 19 den
246 707 113 27 ådagalagt
375 708 31 20 för
421 709 101 25 tjenstens
539 708 133 20 bestridande
687 708 78 26 nödiga
777 708 158 27 vetenskapliga

190 742 86 26 studier,
298 744 53 18 samt
371 749 76 19 genom
468 743 138 26 tjenstgöring
624 742 34 20 vid
674 742 83 20 landets
772 742 97 20 läroverk
885 749 49 13 vun-

191 776 30 20 nit
243 776 120 20 erfarenhet
382 777 88 20 rörande
490 777 60 20 skola
565 777 39 20 och
621 777 158 27 undervisning.
809 777 125 26 Skolstyrel-

191 817 44 19 sen,
255 817 44 13 som
319 813 109 18 utnämner
444 818 25 13 en
485 812 131 20 sekreterare
632 812 38 20 och
687 814 77 17 tvenne
780 812 97 24 notarier,
894 811 40 20 kan

192 846 50 19 fatta
257 845 74 27 giltiga
347 845 68 20 beslut
430 846 85 20 såframt
530 849 31 17 tre
577 846 135 20 medlemmar
727 846 6 19 i
748 846 187 26 öfverläggningen

192 879 89 27 deltaga.
311 880 78 26 Biskop
405 880 38 20 och
460 880 128 27 domkapitel
605 887 38 20 ega
659 881 52 19 hvar
726 880 56 20 inom
798 880 35 20 sitt
849 880 42 20 stift
905 880 29 20 öf-

192 914 92 20 vervaka
303 914 278 28 religionsundervisningen
603 916 34 19 vid
656 914 179 26 läroanstalterna,
851 915 38 19 och
907 915 27 19 ef-

192 951 31 16 ter
238 948 206 27 omständigheterna
459 950 98 25 antingen
574 949 31 20 till
620 949 151 26 skolstyrelsen
787 949 52 19 eller
854 949 81 20 direkte

193 982 30 20 till
239 983 123 26 regeringen
379 983 81 26 ingifva
475 983 46 20 sina
535 983 140 26 päminnelser
690 983 40 20 och
746 983 83 26 förslag.
855 983 39 20 För
905 984 29 19 öf-

192 1017 42 26 rigt
249 1017 129 20 handhafves
394 1017 205 27 lokalinspektionen
614 1018 58 19 öfver
688 1017 146 20 folkskolorna
849 1018 22 19 af
883 1018 51 20 folk-

193 1051 193 26 skoleinspektorer
401 1052 38 20 och
454 1052 242 26 folkskoledirektioner,
712 1054 53 18 samt
780 1052 34 20 vid
830 1053 67 26 öfriga
906 1053 27 20 lä-

193 1086 125 19 roanstalter
333 1086 23 19 af
368 1086 91 26 skolräd,
476 1087 71 20 hvilka
562 1089 55 18 utses
632 1088 23 19 af
668 1087 152 20 kommunerna
835 1086 26 27 pä
873 1089 30 18 tre
914 1087 22 20 år

193 1120 7 19 i
215 1120 83 19 sender.

262 1155 19 19 2.
311 1154 9 20 I
335 1155 99 20 afseende
450 1156 11 19 å
476 1155 135 20 läroverkens
630 1155 142 27 organisation
792 1155 91 26 föreslog
899 1155 36 20 ko-

194 1189 74 20 miten:
291 1189 25 20 de
339 1189 65 27 högre
427 1190 123 20 läroverken
574 1190 65 20 blifva
658 1190 23 20 af
699 1192 31 17 tre
750 1189 53 28 slag:
823 1193 21 21 a)
861 1189 74 28 lyceer,

194 1223 72 20 hvilka
288 1223 130 27 grundlägga
440 1224 145 27 vetenskaplig
608 1224 96 27 bildning
725 1224 38 20 och
780 1224 110 20 förbereda
904 1225 32 19 för

195 1257 152 26 universitetet;
370 1257 22 28 b)
416 1258 57 21 real-
493 1259 50 19 eller
563 1257 169 28 borgareskolor,
751 1259 31 19 för
799 1258 137 27 bibringande

194 1291 23 20 af
230 1291 94 26 praktisk
341 1292 106 27 bildning;
462 1296 21 22 c)
495 1292 231 27 fruntimmersskolor.
751 1293 45 19 Den
813 1293 65 26 högre
889 1293 45 19 sko-

194 1326 34 19 lan
244 1326 38 20 bör
297 1326 83 27 föregäs
395 1327 23 19 af
432 1333 24 14 en
473 1327 44 20 utaf
529 1327 13 20 2
557 1327 150 21 äldersklasser
723 1326 114 21 bestäende
850 1327 85 26 primär-

194 1360 66 26 skola,
283 1367 44 13 som
349 1361 83 20 förenas
453 1362 46 19 med
519 1362 41 19 den
575 1361 65 27 högre
655 1361 75 20 skolan
746 1361 97 20 öfverallt
858 1361 37 20 der
910 1368 25 13 en

194 1395 63 20 sädan
281 1395 40 20 kan
344 1396 94 19 inrättas.
472 1397 40 19 För
534 1396 109 26 intagning
659 1397 6 18 i
680 1395 153 27 primärskolan
857 1395 78 21 fordras

194 1436 26 13 en
236 1429 59 20 ålder
310 1429 23 20 af
346 1430 12 19 8
374 1430 29 25 år,
419 1430 76 20 liksom
511 1431 34 20 vid
561 1431 26 19 de
600 1430 166 20 hittillsvarande
777 1429 58 26 lägre
846 1430 89 20 elemen-

193 1463 138 27 tarskolorna,
347 1463 72 21 hvilka
434 1465 96 20 öfverallt
545 1465 103 26 indragas.
678 1465 82 19 Kursen
775 1464 7 19 i
798 1466 30 18 ett
843 1464 91 21 fullstän-
