1070 1739
804 134 33 18 155

120 199 73 19 räntan
220 197 106 26 ingående
351 197 132 26 dagsverken
511 197 65 20 borde
599 197 75 20 förstås
697 197 75 20 endast
793 197 79 21 sådana

122 233 85 26 vanliga
225 232 137 19 landtmanna
381 231 94 26 arbeten,
492 237 45 14 som
553 231 24 20 af
590 231 40 20 den
650 231 36 20 vid
704 231 99 27 årstjenst
825 232 47 19 icke

121 265 84 20 bundne
221 265 109 20 arbetaren
347 265 100 20 utfördes.
483 265 33 20 Då
532 265 116 20 emellertid
665 265 142 20 förhållandet
825 265 46 20 med

122 299 134 20 härförinnan
280 299 102 20 fastställd
405 299 130 26 markegång
555 299 59 20 alltid
631 300 55 19 varit
701 299 80 26 sådant,
797 301 30 18 att
843 301 30 18 ett

121 333 170 27 öke-dagsverke
312 333 131 20 motsvarade
461 335 81 18 tvenne.
560 333 221 26 drengedagsverken,
801 333 71 20 kunde

122 368 40 20 den
178 367 109 20 blifvande
309 367 179 26 undervisningen
509 367 107 20 förenklas
632 367 128 26 derigenom,
777 369 30 18 att
822 367 49 20 öke-

122 401 147 27 dagsverkena
291 401 52 20 efter
366 401 91 20 nämnde
480 401 67 26 grund
567 401 149 20 förvandlades
736 401 31 20 till
783 401 89 27 drenge-

122 435 140 26 dagsverken,
285 434 22 20 så
329 436 30 18 att
381 434 74 20 endast
477 434 134 27 dagsverken
635 434 23 20 af
678 435 130 20 sistnämnde
827 436 46 26 slag

123 468 84 20 komme
222 471 30 17 att
267 469 5 19 i
289 469 120 19 densamma
424 468 55 27 ingå.

191 515 31 19 De
237 514 92 26 artiklar,
349 521 44 13 som
412 515 67 25 enligt
495 514 142 21 komiterades
656 514 55 27 åsigt
726 514 65 21 borde
807 515 66 20 under

123 548 142 26 grundräntan
288 548 110 26 beräknas,
421 548 68 20 skulle
513 548 82 20 således
622 550 84 24 utgöras
728 549 24 19 af
771 548 101 27 spanmål,

124 585 62 23 smör,
203 583 34 25 hö,
253 582 213 27 drengedagsverken
483 582 40 20 och
539 582 102 20 kontanta
656 583 117 26 penningar
789 583 7 19 i
811 585 61 17 samt-

123 616 43 26 liga
181 616 69 26 länen,
264 618 53 18 samt
330 617 105 19 dessutom
451 616 60 20 hafre
527 616 6 20 i
548 616 104 26 Nylands,
667 610 49 26 Åbo
731 616 39 20 och
787 616 86 26 Björne-

125 650 61 27 borgs
202 653 53 17 samt
270 650 131 20 Tavastehus
417 650 41 20 län.

192 695 127 27 Härigenom
341 696 85 19 komme
446 695 123 26 visserligen
590 696 29 19 uti
639 696 138 20 nästnämnde
793 698 31 18 tre
839 697 33 19 län

125 732 73 18 räntan
214 732 30 18 att
260 730 48 26 utgå
323 730 47 19 med
386 736 26 13 en
428 730 96 26 persedel
541 736 44 13 mer
600 732 27 17 än
643 736 27 13 nu
686 730 97 26 gällande
798 731 75 20 under-

125 764 83 26 visning
224 766 107 24 upptager,
350 770 48 13 men
418 763 69 27 någon
511 763 114 26 olägenhet
640 764 66 26 deraf,
721 764 107 20 äfvensom
845 766 30 18 att

125 798 115 20 artiklarne
261 798 27 19 hö
308 798 38 19 och
362 797 133 27 dagsverken
521 797 122 20 tillkommit
658 798 7 19 i
681 798 98 26 samtliga
800 798 74 20 länens

126 832 183 26 undervisningar,
325 838 49 13 vore
390 832 19 25 ej
426 833 30 17 att
471 831 79 25 befara,
569 832 89 19 emedan
675 832 75 20 värdet
764 832 23 20 af
801 832 25 20 de
842 833 32 19 så-

126 866 63 20 lunda
204 866 111 20 tillkomna
331 872 42 19 nya
388 865 121 22 artiklarne,
526 865 72 20 hvilka
613 865 59 20 alltid
689 866 64 20 borde
768 868 84 24 utgöras
868 867 7 19 i

124 901 125 25 penningar,
269 900 44 19 lika
332 900 37 19 lätt
390 906 44 13 som
455 899 74 19 värdet
544 899 23 19 af
581 899 26 20 de
623 899 27 26 på
665 900 111 20 enahanda
791 902 41 18 sätt
847 907 27 13 nu

126 934 104 26 utgående
247 934 133 26 persedlarne
397 933 71 20 kunde
484 933 100 19 uträknas
600 933 32 19 för
642 933 112 21 rubeltalet
764 936 55 18 samt
829 934 45 20 der-

126 968 51 19 efter
193 968 105 26 uppbäras
313 967 39 20 och
368 967 114 20 redovisas.
513 967 60 20 Hvad
597 967 100 20 särskildt
718 968 92 25 anginge
833 968 41 20 den

126 1002 190 25 omständigheten,
341 1003 30 18 att
394 1001 203 26 undervisningarne
616 1001 49 20 icke
680 1001 68 20 skulle
763 1001 112 21 framdeles

126 1036 68 20 såsom
212 1036 31 19 för
259 1035 129 20 närvarande
404 1038 23 17 är
443 1035 66 25 fallet,
525 1037 92 24 upptaga
634 1035 86 20 alldeles
736 1035 43 20 lika
789 1037 86 24 persed-

127 1071 30 19 lar
173 1071 31 19 för
220 1071 41 19 alla
277 1070 40 25 län,
332 1070 23 19 så
370 1069 54 20 hade
440 1069 76 20 sådant
531 1069 115 20 föranledts
659 1070 23 19 af
691 1070 184 26 nödvändigheten

126 1108 30 16 att
170 1105 84 26 afpassa
269 1104 176 25 undervisningen
461 1103 29 26 så,
506 1105 31 18 att
552 1103 26 20 de
595 1110 41 20 nya
656 1104 135 25 persedlarne
807 1104 69 20 skulle

127 1139 6 20 i
150 1139 117 26 möjligaste
288 1134 63 23 måtto
368 1138 68 25 jemnt
459 1140 106 17 motsvara
583 1138 26 19 de
628 1138 78 26 gamla,
724 1138 73 19 hvilka
818 1139 57 20 inom

127 1173 61 20 länen
205 1173 67 26 utgått
287 1173 30 19 till
333 1172 81 26 ganska
430 1171 57 20 olika
503 1171 83 27 belopp.

195 1218 72 25 Enligt
283 1217 24 20 de
324 1217 37 20 här
377 1217 62 20 ofvan
459 1217 94 26 antydda
562 1217 125 26 grunderna
705 1217 63 20 hafva
788 1217 88 20 komite-

127 1253 49 20 rade
193 1253 98 25 uppgjort
305 1251 78 26 förslag
399 1251 29 20 till
446 1251 111 20 förändrad
579 1251 150 26 undervisning
750 1251 31 20 för
799 1251 77 26 grund-

128 1289 84 18 räntans
232 1285 135 21 beräknande
383 1286 6 19 i
406 1285 26 20 de
450 1285 104 20 särskilda
569 1285 69 25 länen,
659 1285 87 19 hvarvid
769 1285 109 26 iakttagits

128 1323 36 23 att,
179 1321 37 19 der
233 1320 68 25 någon
317 1319 22 20 af
353 1319 135 26 persedlarne
512 1319 77 20 utfallit
603 1319 6 19 i
625 1319 111 26 olämpligt
759 1319 68 20 brutet
842 1320 36 25 tal,

129 1355 57 20 detta
203 1354 92 26 jemkats
315 1354 30 19 till
366 1355 104 18 närmaste
490 1353 107 26 lämpliga,
616 1353 65 19 likväl
700 1355 48 17 utan
764 1355 31 17 att
809 1353 68 20 öfver-

129 1389 71 19 skrida
225 1388 39 19 den
288 1390 68 24 gräns,
377 1394 44 13 som
442 1387 107 26 betingats
569 1387 23 20 af
609 1387 145 26 persedlarnes
770 1387 58 20 olika
844 1388 34 20 be-

129 1422 105 27 nägenhet
254 1422 31 19 för
303 1421 147 27 prisstegring;
473 1421 40 20 och
533 1424 22 17 är
576 1421 57 20 detta
652 1421 77 26 förslag
749 1421 23 19 af
785 1421 94 26 följande

129 1456 89 26 lydelse:
