1070 1739
808 146 23 17 49

317 209 109 20 Finlands
448 209 109 20 Ständers
580 209 162 24 underdåniga
762 209 102 26 petition

250 243 96 26 angående
370 242 130 27 upphäfvande
520 243 21 20 af
558 243 36 20 den
610 243 96 20 adelsman
721 243 144 20 tillkommande

250 277 162 26 utpantningsrätt
428 277 33 20 hos
476 277 43 20 dess
534 277 140 20 frälsebönder.

116 347 206 25 Stormäktigste,
337 345 194 26 Allernådigste
546 345 103 26 Kejsare
664 344 40 21 och
718 345 146 20 Storfurste!

185 415 34 19 Uti
240 417 29 17 ett
288 415 55 19 inom
360 413 178 27 Borgareståndet
554 413 34 19 vid
604 414 144 19 innevarande
763 414 101 26 landtdag

117 450 63 20 väckt
195 448 177 27 petitionsförslag
395 448 37 28 har
456 447 69 20 blifvit
546 447 122 26 framstäldt,
689 447 112 20 huruledes
817 447 46 25 den,

118 484 65 26 enligt
207 484 25 19 18
255 482 92 27 punkten
364 482 6 20 i
386 482 77 26 Kongl.
486 482 152 26 Privilegierna
658 482 32 19 för
710 481 155 26 Ridderskapet

118 518 38 20 och
173 517 68 20 Adeln
257 517 23 19 af
294 517 40 19 den
353 516 23 20 16
393 515 94 21 Oktober
505 516 60 24 1723,
581 515 111 20 frälseman
705 516 159 19 tillkommande

118 554 40 18 rätt
180 554 30 18 att
232 551 49 26 sjelf
300 550 42 20 låta
362 556 77 20 gerom
459 552 77 17 tvenne
556 550 99 26 oväldige
672 550 139 19 nämndemän
827 550 38 18 hos

118 587 46 19 sina
186 585 144 21 frälsebönder
352 586 87 24 utpanta
458 584 139 19 innestående
616 585 70 19 räntor
702 584 38 20 och
757 584 108 26 utskylder

118 622 54 18 samt
191 620 54 20 hvad
262 619 26 20 de
304 619 76 25 kunna,
397 618 53 20 efter
465 618 48 26 laga
528 624 46 20 syn,
591 618 32 19 för
639 618 83 20 husröta
738 618 51 20 eller
805 618 62 25 eljest

119 654 99 27 skyldige
238 660 56 18 vara,
313 652 47 20 icke
379 652 84 20 hvilade
479 652 27 26 på
522 651 69 27 någon
607 652 61 26 giltig
684 652 125 26 rättsgrund,
827 652 38 19 och

118 689 7 19 i
141 689 62 25 långa
223 687 54 21 tider
297 686 103 20 föranledt
420 686 60 20 svåra
496 686 110 25 missbruk,
623 686 95 20 hvarföre
734 686 38 20 hos
787 686 78 20 Eders

119 722 147 26 Kejserliga
281 722 118 25 Majestät
414 720 98 20 anhållan
526 720 65 20 borde
601 722 61 24 göras
673 722 30 18 att
713 720 82 20 landets
806 720 59 20 Stän-

120 757 36 20 der
172 756 63 20 måtte
251 756 119 25 föreläggas
383 754 64 26 nådig
458 754 129 26 proposition
599 754 110 26 angående
718 754 148 26 upphäfvande

119 791 23 19 af
160 790 88 20 berörde
269 789 183 27 utpantningsrätt.
483 788 69 20 Sedan
572 788 153 26 Ridderskapet
741 788 39 20 och
796 788 69 20 Adeln

120 824 101 20 förklarat
243 824 32 26 sig
296 824 71 26 villige
388 824 30 18 att
433 822 32 20 för
481 823 31 19 sin
529 822 33 20 del
579 822 73 20 förena
668 822 31 27 sig
714 822 6 20 i
737 822 130 26 underdånig

119 859 87 26 petition
231 858 29 20 uti
281 864 27 13 nu
328 857 145 26 ifrågakomne
493 857 62 26 syfte,
576 857 36 19 har
631 857 57 19 detta
703 856 78 20 ärende
797 856 70 20 blifvit

120 894 29 19 uti
165 892 97 27 samtliga
279 891 92 21 Stånden
388 892 32 18 till
437 891 128 26 behandling
581 893 106 25 upptaget.

188 926 40 20 Till
243 926 45 20 stöd
301 926 30 19 för
341 925 162 27 ifrågavarande
515 925 158 26 önskningsmål
686 925 66 19 tillåta
763 925 32 26 sig
806 924 60 20 Stän-

121 961 65 20 derna
201 962 31 18 att
246 960 6 19 i
268 959 168 26 underdånighet
452 959 119 19 framhålla:

188 994 92 20 Berörde
296 993 116 26 stadgande
428 993 29 19 uti
473 992 183 27 ofvanåberopade
672 993 121 26 privilegier
808 993 58 18 inne-

121 1029 37 19 bär
180 1030 36 24 ett,
236 1028 67 25 enligt
322 1027 128 20 Ständernas
466 1026 71 26 tanke,
553 1033 87 13 numera
655 1026 116 20 föråldradt
787 1026 79 19 undan-

121 1065 34 24 tag
175 1062 52 19 ifrån
249 1061 82 20 landets
351 1061 106 19 allmänna
473 1061 41 25 lag,
531 1061 85 19 hvilken
633 1061 6 19 i
655 1060 211 27 Utsökningsbalken

121 1096 99 27 uppställt
242 1096 40 19 den
304 1095 116 27 grundsats,
441 1097 30 17 att
491 1095 28 19 all
535 1095 49 19 civil
601 1095 113 19 exekution
732 1095 36 19 bör
783 1095 84 26 föregås

121 1131 22 19 af
161 1131 47 19 dom
229 1129 52 20 eller
298 1129 66 26 utslag
380 1129 39 20 och
436 1129 125 20 verkställas
577 1129 23 19 af
613 1129 158 20 vederbörande
787 1129 80 19 exeku-

120 1165 29 18 tiv
171 1163 130 27 myndighet,
317 1166 53 17 samt
382 1163 80 26 jemväl
478 1163 6 19 i
501 1164 12 18 4
529 1165 10 22 $
558 1164 7 18 1
585 1163 46 26 kap.
647 1163 23 19 af
683 1162 118 26 åberopade
819 1162 47 19 balk

121 1198 98 25 stämplat
241 1197 151 26 sjelfpantning
415 1197 67 19 såsom
507 1199 30 17 ett
557 1197 60 19 brott.
648 1197 76 19 Skälen
746 1196 70 19 härför
832 1199 36 16 äro

121 1232 121 26 uppenbara
265 1231 39 20 och
323 1231 60 19 torde
404 1230 48 20 icke
473 1231 90 19 behöfva
583 1231 102 26 utläggas.
717 1231 54 19 Vore
791 1230 35 19 det
842 1236 25 13 en

121 1266 51 19 hvar
192 1265 76 20 tillåtet
287 1267 30 17 att
335 1267 47 17 utan
400 1265 48 19 dom
464 1265 50 25 sjelf
527 1267 52 24 göra
593 1265 45 19 sina
652 1263 143 26 rättsanspråk
812 1266 54 17 emot

121 1305 68 14 annan
212 1299 97 26 gällande
330 1299 38 19 och
389 1298 23 19 af
429 1298 80 20 dennes
525 1299 103 25 egendom
644 1301 51 23 göra
710 1298 32 26 sig
757 1297 66 20 ersatt
838 1297 31 20 för

121 1333 45 19 sina
186 1333 104 19 förmenta
305 1332 125 27 fordringar,
446 1332 23 20 så
483 1339 52 13 vore
551 1332 110 20 samhället
676 1332 122 25 derigenom
814 1331 53 20 åter-

121 1367 55 19 fördt
192 1367 30 19 till
240 1367 35 19 det
290 1366 96 19 rättslösa
402 1366 101 26 tillstånd,
519 1373 44 13 som
580 1366 63 20 redan
659 1366 6 19 i
677 1366 25 19 de
718 1365 71 26 gamla
803 1365 66 26 lagar,

121 1401 73 19 hvilka
216 1402 74 24 utgöra
312 1400 68 19 källor
400 1400 32 19 för
452 1400 101 19 Finlands
574 1407 26 12 nu
620 1399 97 27 gällande
732 1399 42 26 lag,
790 1405 37 14 var
843 1405 25 14 en

121 1434 144 20 öfvervunnen
286 1433 51 20 eller
358 1433 127 20 åtminstone
501 1434 141 26 öfvergående
658 1433 135 26 ståndpunkt,
824 1433 45 19 Den

122 1467 135 21 modifierade
281 1467 107 26 gvarlefva
412 1468 65 25 häraf,
500 1474 44 13 som
567 1468 46 18 med
634 1467 131 26 privilegiers
786 1466 85 26 vanliga

803 1499 11 16 4
