1070 1739
221 137 33 18 232

188 200 66 21 andra
277 201 81 20 länders
381 202 63 26 lugna
464 202 100 20 marknad
587 203 85 26 utvägar
691 203 30 18 att
736 201 94 27 afhjelpa
846 201 90 21 bristen;

188 235 39 21 och
243 239 37 16 när
295 236 158 27 förlägenheten
469 236 45 21 åter
529 237 107 26 samtidigt
652 236 71 20 träffar
739 236 68 27 någon
823 237 66 18 större
900 234 32 20 del

189 269 23 20 af
232 269 180 27 handelsverlden,
436 271 93 26 utjemna
551 271 33 27 sig
606 271 160 20 förhållandena
788 272 81 18 snarast
885 270 7 19 i
907 269 26 20 de

189 304 79 26 länder,
291 311 43 14 som
354 305 47 20 icke
420 305 22 20 af
457 312 54 21 egna
527 305 124 27 bristfälliga
666 305 58 26 lagar
740 305 39 20 och
794 305 139 24 inrättningar

190 339 84 20 hindras
290 341 29 18 att
334 339 140 28 tillgodogöra
489 341 32 26 sig
537 340 36 20 det
588 340 89 25 bistånd,
692 346 44 13 som
748 339 75 20 utifrån
837 339 42 20 står
889 339 47 20 dem

190 373 31 20 till
245 373 59 20 buds.
333 374 35 19 Ett
390 375 56 24 land,
470 375 37 20 der
530 377 73 18 räntan
623 377 23 17 är
665 374 91 25 bunden,
772 373 97 21 beröfvar
883 373 53 26 sig
926 369 14 36 i

191 408 109 20 behofvets
322 409 61 20 stund
406 409 97 20 tillflödet
525 409 24 20 af
566 409 117 27 penningar
703 408 87 26 utifrån;
811 408 74 20 medan
902 408 35 20 det

191 442 95 20 deremot
307 442 48 20 icke
378 442 41 21 kan
439 444 108 20 förhindra
563 443 87 21 utflödet
665 443 23 20 af
701 449 56 19 egna
771 442 123 27 penningar,
910 442 26 20 då

192 476 61 20 dessa
268 477 136 21 annorstädes
419 478 58 26 gifva
493 478 66 26 högre
575 480 65 18 ränta.

259 511 33 20 Nu
311 511 87 21 anförda
417 512 46 20 skäl
478 512 50 25 tala,
544 512 66 27 enligt
626 512 128 20 Ständernas
769 512 61 26 åsigt,
847 511 89 21 tillräck-

192 545 38 27 ligt
249 546 32 19 för
296 546 110 20 införande
421 547 22 19 af
457 547 39 20 den
513 547 40 20 fria
567 549 74 18 räntan
657 547 62 19 äfven
736 547 37 19 hos
789 552 40 14 oss.
859 546 76 27 Tilläg-

192 586 36 20 gas
251 580 41 20 kan
315 580 61 26 dock,
395 583 30 18 att
445 584 30 17 ett
493 582 48 19 land
559 582 47 20 med
621 581 125 21 inskränkta
762 581 109 27 kapitaler,
886 583 52 18 samt

192 614 70 20 dertill
282 617 54 17 ännu
357 615 106 21 beroende
477 616 24 20 af
513 616 153 26 förhållanden,
682 622 44 13 som
743 618 51 24 göra
809 618 68 25 steget
892 616 44 19 från

192 648 97 21 välstånd
312 649 31 19 till
364 650 96 26 ytterligt
479 650 88 26 betryck
587 650 69 20 alltför
675 650 55 26 kort,
747 656 56 14 mera
818 653 26 17 än
860 650 25 20 de
902 650 34 20 fle-

192 684 32 19 sta
246 684 66 19 andra
332 684 64 20 borde
416 691 51 13 vara
481 685 5 19 i
503 684 66 21 behof
585 685 23 19 af
620 687 85 18 räntans
721 684 69 20 frihet.
821 684 68 20 Också
904 691 32 19 sy-

193 724 37 13 nes
252 718 102 27 farhågan
374 720 30 18 att
422 719 152 27 penningarna,
593 719 85 27 tillföljd
693 719 23 20 af
730 719 37 19 här
783 718 93 20 rådande
891 718 47 27 låga

193 752 91 20 räntefot
299 752 60 21 skola
374 755 121 19 utströmma
510 761 23 13 ur
549 754 77 26 landet,
642 754 20 20 få
677 754 39 20 allt
729 755 65 18 större
805 753 91 27 grunder
907 753 30 20 för

193 786 38 27 sig,
247 786 27 20 då
284 787 7 19 i
302 787 137 21 betraktande
455 791 59 24 tages
529 790 30 18 att
574 789 2 19 i
587 788 89 20 Finland
692 790 58 18 stora
765 794 90 14 summor
869 788 69 20 kunna

194 822 120 25 uppsamlas
336 822 31 20 till
383 823 12 19 4
410 826 94 23 procent,
527 823 39 20 och
585 823 88 20 förutses
694 822 42 20 kan
756 824 30 18 att
801 829 43 20 nya
859 822 79 20 banker

193 855 60 21 skola
268 856 93 26 inrättas,
376 857 82 20 hvilkas
475 858 134 26 operationer
624 858 30 19 till
670 864 26 13 en
708 856 119 27 väsendtlig
837 856 33 21 del
882 856 56 20 kom-

195 896 34 14 ma
244 892 30 18 att
290 890 59 20 bestå
360 891 6 19 i
377 893 30 18 att
422 892 109 26 uppsamla
547 892 25 20 de
589 892 72 26 billiga
676 891 69 20 finska
758 891 132 26 kapitalerna
899 891 39 20 och

194 924 84 26 placera
294 924 46 20 dem
355 925 7 19 i
378 926 65 20 andra
459 926 78 26 länder,
553 926 37 20 der
605 928 66 18 större
687 928 61 17 ränta
763 925 103 27 erbjudes.

262 958 102 27 Slutligen
388 959 37 20 bör
448 961 18 25 ej
489 960 68 20 heller
577 959 95 26 förbises,
692 961 31 18 att
742 959 25 20 de
783 959 98 26 gällande
897 959 41 27 lag-

194 993 144 27 stadgandena
360 1000 33 13 om
416 997 73 17 räntan
513 1001 27 13 nu
561 994 80 20 mindre
660 997 26 17 än
707 994 56 19 förut
777 994 66 20 förmå
857 994 83 27 skydda

194 1027 40 20 den
251 1028 138 20 obemedlade
404 1029 129 26 låntagaren.
559 1029 87 20 Oafsedt
661 1029 27 20 de
704 1028 76 27 många
791 1030 92 25 utvägar,
895 1035 44 14 som

194 1061 24 20 så
237 1062 38 20 lätt
295 1062 86 27 erbjuda
399 1063 31 26 sig
445 1065 30 18 att
490 1063 90 27 kringgå
595 1063 107 26 lagbudet,
719 1063 37 19 har
771 1063 40 20 den
828 1063 65 20 under
908 1069 30 14 se-

195 1098 59 18 naste
277 1097 54 20 tider
353 1097 61 20 äfven
430 1097 7 20 i
452 1097 88 20 Finland
564 1097 120 27 uppkomna
704 1097 92 20 handeln
817 1097 47 20 med
879 1099 59 18 stats-

194 1137 80 20 papper
288 1131 7 19 i
310 1131 75 26 sjelfva
404 1131 74 21 verket
498 1133 55 26 gjort
568 1134 73 18 räntan
657 1132 7 19 i
680 1132 43 19 viss
740 1131 46 20 mån
802 1131 32 26 fri,
849 1131 46 26 ithy
910 1132 30 18 att

194 1165 27 20 då
236 1167 156 25 statspapprens
407 1166 67 26 priser
490 1167 49 20 bero
555 1167 23 19 af
591 1165 233 28 penningetillgången,
835 1166 36 19 det
881 1168 14 17 t.
906 1172 33 13 ex.

194 1199 42 20 kan
255 1200 85 20 inträffa
358 1202 30 18 att
406 1201 25 20 de
447 1201 49 20 falla
511 1201 54 20 ända
581 1201 30 20 till
627 1201 26 20 50
669 1203 89 24 procent
773 1201 66 19 under
854 1201 35 19 det
904 1207 35 13 no-

196 1233 77 20 minela
293 1235 78 26 värdet,
392 1235 134 26 hvarigenom
545 1235 133 27 följaktligen
694 1237 74 18 räntan
785 1235 12 19 &
812 1235 107 20 desamma
933 1235 6 19 i

196 1267 105 28 köparens
320 1268 56 21 hand
394 1269 127 26 fördubblas,
538 1270 80 20 hvilket
633 1269 44 20 åter
692 1269 77 20 verkar
784 1271 30 18 att
829 1269 26 20 de
871 1269 68 26 dispo-

195 1302 59 20 nibla
276 1303 132 26 kapitalerna
430 1304 53 20 söka
503 1304 32 20 sin
554 1304 110 27 placering
679 1305 6 19 i
702 1304 133 25 statspapper
855 1303 39 20 och
909 1303 30 20 till

196 1343 46 14 men
263 1337 33 20 för
315 1337 26 20 de
361 1338 132 21 behöfvande
508 1339 137 26 undandraga
660 1339 32 26 sig
708 1338 41 20 den
765 1337 107 27 egentliga
888 1337 50 20 utlå-

195 1371 87 28 ningen.

262 1406 10 19 I
287 1406 45 21 stöd
352 1406 23 21 af
392 1407 27 20 de
438 1407 47 20 skäl
499 1407 118 21 Ständerna
632 1407 62 20 ofvan
711 1405 117 26 framställt,
844 1405 21 20 få
880 1405 58 21 Stän-

194 1440 66 22 derna
275 1441 7 19 i
297 1441 167 27 underdånighet
479 1442 94 20 anhålla:
