1070 1739
785 173 34 17 273

107 239 81 20 cessiva
208 238 195 26 löneförhöjningen
425 237 67 20 skulle
510 237 104 20 beräknas
629 237 48 20 icke
693 237 53 20 efter
761 236 91 19 lärarens

107 273 139 26 tjenstgöring
266 272 35 19 vid
319 271 64 27 något
398 271 52 20 visst
464 271 104 26 läroverk,
584 274 48 17 utan
649 272 53 19 efter
717 269 134 28 tjenstetiden

108 306 149 26 öfverhufvud;
277 308 29 18 ett
326 305 170 27 beräkningssätt
516 312 43 13 som
575 305 48 20 icke
639 308 67 17 möter
721 305 69 26 någon
806 303 46 21 svå-

107 341 76 26 righet,
200 341 26 19 då
241 340 41 20 alla
298 339 95 21 läroverk
410 339 32 20 stå
457 340 66 20 under
537 347 27 12 en
575 346 123 20 gemensam
709 338 143 27 skolstyrelse.

109 375 152 20 Erfarenheten
282 375 36 20 har
336 375 106 26 nemligen
458 375 59 25 visat,
533 376 30 18 att
578 381 25 13 en
620 376 42 18 stor
678 373 108 27 ojemnhet
800 373 54 20 varit

109 409 79 26 följden
208 409 22 20 af
248 409 56 20 såväl
320 409 35 20 det
370 409 34 20 vid
421 409 82 20 landets
519 409 121 26 gymnasier
656 409 85 25 vanliga
756 407 97 27 uppflytt-

109 443 131 27 ningssättet,
256 449 44 13 som
315 443 23 19 af
350 443 40 20 den
407 443 76 20 stiftvis
500 443 104 27 utgående
619 442 207 26 löneförhöjningen;

179 478 43 23 3:0)
240 479 30 18 att
285 477 98 27 antingen
400 477 179 27 undervisningen
596 477 69 19 blefve
681 476 127 21 kostnadsfri
824 475 31 20 för

111 512 71 26 hvarje
206 511 88 26 enskild,
311 512 5 19 i
332 511 80 20 hvilket
434 511 43 26 fall,
498 518 33 13 om
552 512 136 19 statsverkets
707 510 110 28 tillgångar
833 510 22 19 så

111 546 76 25 fordra,
210 546 71 20 landet
303 546 66 20 skulle
392 546 77 26 påtaga
488 546 31 26 sig
538 546 118 26 bevillning
674 546 31 20 för
721 545 135 25 läroverken;

112 580 51 20 eller
183 583 29 17 att
228 580 119 20 nuvarande
362 580 133 27 tillämpning
511 580 22 20 af
546 580 114 27 stadgarna
675 587 33 13 om
724 580 132 26 skolafgifter

112 614 48 20 icke
182 614 93 26 skärpes,
298 617 30 17 att
351 615 79 19 antalet
449 615 23 19 af
489 615 98 20 frielever
605 615 47 20 icke
669 615 119 26 begränsas,
803 615 54 18 samt

113 651 30 17 att
158 648 134 27 nedsättning
304 649 6 19 i
320 648 132 27 skolafgifter
468 649 89 26 beviljas
573 649 54 25 dem,
643 649 82 20 hvilkas
739 649 117 25 förmögen-

113 683 117 20 hetsvilkor
245 683 47 20 icke
307 683 66 20 tilläta
388 683 129 27 erläggande
532 684 22 19 af
567 683 121 27 fullständig
703 683 70 27 afgift;

182 718 44 24 4:0)
245 719 29 18 att
294 717 158 27 skolafgifterna
467 717 48 20 icke
531 718 67 20 skulle
614 718 50 26 ingä
679 718 31 19 till
725 716 132 25 statsverket,

115 754 48 17 utan
187 752 99 19 förvaltas
306 752 33 19 vid
362 752 119 20 läroverket
497 752 31 20 till
544 752 46 20 dess
606 752 96 20 enskilda
717 752 72 25 fördel,
805 753 54 17 samt

115 788 30 17 att
166 792 25 13 en
215 786 41 19 viss
280 786 33 20 del
334 786 60 20 deraf
413 786 126 20 bestämmes
554 786 31 20 till
601 786 99 20 bildande
715 786 23 20 af
751 793 25 13 en
793 786 65 26 bygg-

116 820 102 20 nadsfond
234 820 32 20 för
281 820 126 26 läroverket,
423 820 23 20 sä
461 823 30 17 att
507 820 72 27 hvarje
593 821 95 19 läroverk
700 820 87 20 sälunda
798 820 61 20 efter-

117 854 55 20 hand
188 854 70 20 kunde
274 854 79 20 erhälla
369 856 47 24 eget
430 854 94 26 lärohus;
540 855 31 20 för
587 857 29 18 att
631 862 83 13 snarare
728 855 64 19 vinna
803 854 58 20 detta

118 888 48 26 mål,
189 888 65 20 borde
269 888 68 20 "äfven
361 889 26 19 de
407 888 139 27 skolafgifter,
566 896 44 13 som
626 890 64 19 sedan
709 890 51 20 1862
776 889 85 26 erlagts,

117 923 107 19 användas
240 922 32 20 för
287 923 26 20 de
329 923 96 20 läroverk
441 924 104 19 hvarifrån
562 924 25 20 de
603 924 76 26 ingått;

186 958 43 23 5:0)
245 959 36 23 att,
297 957 7 20 i
319 957 67 20 likhet
402 957 47 20 med
465 958 126 27 stadgandet
601 958 7 19 i
618 959 22 23 $$
656 958 26 19 40
697 958 38 20 och
752 958 23 19 41
794 957 23 19 af
825 956 36 19 nä-

119 992 48 26 diga
187 991 138 26 reglementet
340 991 32 20 för
387 991 166 27 kadettkorpsen
569 992 24 20 af
605 992 26 20 22
647 992 53 20 Mars
719 992 58 23 1865,
793 990 68 20 hvari-

119 1033 75 20 genom
214 1026 116 20 civillärare
347 1026 33 20 vid
397 1026 90 27 korpsen
504 1027 118 19 tillerkänts
638 1028 46 23 rätt,
700 1028 29 18 att
745 1026 33 20 vid
794 1025 67 20 öfver-

118 1061 55 26 gäng
193 1060 29 20 dit
239 1060 20 20 fä
274 1061 64 19 räkna
353 1061 31 19 till
400 1061 55 26 godo
471 1061 47 20 sina
533 1061 34 20 vid
583 1061 121 20 skolverket
719 1060 106 26 tillbragta
840 1059 23 20 är

120 1095 38 20 och
179 1095 80 26 åtnjuta
274 1095 41 20 alla
330 1095 25 20 de
371 1095 104 20 förmåner
491 1101 45 14 som
552 1098 35 17 äro
604 1095 66 20 lärare
686 1095 34 20 vid
736 1095 81 20 landets
833 1094 29 19 öf-

120 1130 45 26 riga
184 1129 211 20 elementarläroverk
414 1129 95 27 tillagda,
529 1129 61 21 äfven
607 1130 64 19 andra
686 1129 95 20 läroverk
797 1129 7 19 i
819 1128 44 20 lan-

121 1164 41 25 det,
178 1163 67 20 säsom
261 1163 196 24 lärareseminarier,
472 1164 83 19 institut
565 1164 32 19 för
608 1163 72 20 blinda
689 1163 39 20 och
739 1163 126 20 döfstumma

121 1205 18 12 0.
155 1204 17 13 s.
188 1205 18 12 v.
224 1197 70 20 blefve
313 1198 52 25 med
380 1198 118 20 hvarandra
513 1198 113 26 likställda,
642 1200 53 18 samt
710 1200 29 18 att
754 1197 74 25 lärare,
844 1196 23 20 af

122 1232 72 20 hvilka
209 1232 7 19 i
231 1232 114 20 allmänhet
360 1232 103 20 likartade
479 1233 119 26 lärareprof
610 1233 110 25 erfordras,
735 1232 48 20 icke
798 1231 67 20 skulle

121 1267 35 19 vid
180 1266 116 27 öfvergäng
319 1266 44 20 frän
384 1269 30 18 ett
433 1267 98 20 läroverk
547 1267 30 20 till
593 1269 29 18 ett
636 1269 64 18 annat
714 1266 27 27 gä
756 1266 61 19 miste
833 1271 32 14 om

122 1301 46 20 sina
183 1301 55 20 förut
252 1301 107 26 intjenade
375 1301 28 20 år.

190 1335 34 20 5:0
247 1337 29 18 ett
295 1335 22 20 af
334 1335 119 26 professorn
473 1335 109 28 Wallgren
599 1336 30 19 till
646 1334 174 28 Borgareständet
835 1334 30 19 in-

123 1369 93 20 lemnadt
240 1370 112 25 memorial,
376 1376 43 13 som
443 1370 26 26 pä
492 1371 68 26 grund
580 1371 23 19 af
622 1367 245 29 undervisningsverkets

124 1403 95 27 mäktiga
238 1404 124 26 ingripande
377 1405 7 18 i
400 1406 28 17 ett
448 1404 54 20 folks
524 1405 48 20 hela
588 1405 24 19 lif
626 1405 38 19 och
680 1404 27 20 dä
722 1404 109 25 lösningen
848 1401 23 20 af

123 1438 41 20 alla
180 1438 76 19 folkets
272 1439 112 26 vigtigaste
400 1439 101 19 intressen
519 1439 116 20 berörande
651 1439 69 26 frägor
734 1438 75 20 endast
823 1437 44 19 vin-

124 1478 37 14 ner
183 1472 28 26 pä
234 1472 71 20 dessas
326 1472 157 26 framläggande
503 1473 32 19 till
551 1473 127 19 Ständernas
695 1472 104 26 pröfning,
815 1474 54 16 samt

124 1506 26 20 de
169 1505 32 20 för
217 1505 151 27 förbättringen
384 1506 23 19 af
420 1506 238 27 undervisningsverket
674 1506 101 20 förökade
790 1504 78 20 skatte-

780 1538 22 16 18
