1070 1739
795 157 34 18 235

120 222 82 28 gående
224 221 146 28 afdelningar,
393 221 83 27 hvaraf
493 221 41 21 den
553 228 42 14 ena
613 221 121 22 behandlar
753 220 110 26 svenskan,

121 256 41 21 den
176 256 73 21 andra
259 255 90 28 finskan
360 255 70 21 såsom
440 255 134 21 modersmål.
598 256 62 20 Detta
669 255 129 27 reglemente
807 261 56 13 vann

122 291 122 26 visserligen
267 290 47 20 icke
336 289 64 27 nådig
419 290 138 26 stadfästelse,
573 289 57 21 såväl
645 290 32 19 för
692 290 40 19 den
749 289 44 20 deri
809 289 53 20 före-

121 325 73 26 slagna
209 324 117 21 förskolans
341 324 61 26 skull,
418 331 44 13 som
477 324 32 20 för
525 324 25 20 de
566 324 66 27 dryga
646 324 114 20 kostnader
770 324 47 20 dess
827 330 36 20 ge-

123 359 136 20 nomförande
282 358 117 27 päkallade,
422 365 47 14 men
489 359 36 20 det
544 359 57 20 lades
620 358 55 21 dock
690 359 8 19 i
713 358 68 27 öfrigt,
796 358 68 21 säsom

122 393 117 26 Kejserliga
256 393 80 20 brefvet
351 393 23 20 af
387 393 41 20 den
445 394 23 19 11
485 393 50 20 Juni
553 393 53 24 1864
622 396 95 17 närmare
732 393 85 26 utvisar,
833 392 31 20 till

122 427 149 27 hufvudsaklig
286 427 65 27 grund
367 428 32 19 för
414 428 171 26 organisationen
600 428 22 19 af
631 428 41 19 den
683 433 33 14 om
728 427 73 20 hösten
811 433 52 14 sam-

123 468 33 13 ma
178 461 23 20 är
223 462 95 26 öppnade
341 461 162 21 normalskolan.
536 462 73 26 Enligt
628 461 117 27 Kejserliga
763 461 102 20 Senatens

123 496 28 19 uti
168 495 109 21 skrifvelse
292 496 23 20 af
328 496 40 20 den
386 496 24 20 10
426 496 41 26 Maj
481 496 52 20 1867
546 496 124 20 meddelade
678 496 103 26 tillåtelse,
791 495 73 21 trädde

123 530 81 20 säledes
224 530 40 20 den
284 530 67 20 finska
370 530 136 27 afdelningen
522 530 23 21 af
558 530 155 20 normalskolan
729 530 47 20 med
791 529 73 27 ingän-

123 571 40 19 gen
180 564 23 20 af
216 564 64 28 derpä
295 565 92 26 följande
402 564 125 27 September
543 565 75 20 mänad
629 566 7 18 i
647 564 140 21 verksamhet.
812 564 53 20 Dess

123 600 118 20 successiva
264 600 126 26 utvidgande
414 600 88 20 medelst
525 606 42 20 nya
586 600 80 20 klasser
686 599 46 21 blef
748 598 117 21 emellertid

123 636 57 17 snart
201 632 114 28 ifrågasatt,
336 636 49 18 enär
404 634 308 26 Ecklesiastik-Expeditionen
727 634 7 19 i
750 633 116 27 Kejserliga

123 668 91 20 Senaten
236 668 32 20 för
290 668 86 20 Finland
398 668 28 20 uti
447 668 110 20 skrifvelse
578 668 22 20 af
614 668 40 20 den
671 669 51 19 1:sta
736 668 58 26 April
813 668 52 19 1869

124 702 147 20 underrättade
291 702 165 20 normalskolans
474 703 109 26 inspektor
599 704 29 19 att
643 702 117 27 Kejserliga
774 702 91 21 Senaten

124 736 47 21 icke
186 737 69 20 funnit
269 737 45 19 skäl
330 736 72 20 bifalla
417 737 31 19 till
463 737 129 21 inrättandet
607 738 22 19 af
637 744 26 14 en
674 738 66 26 tredje
752 737 55 20 klass
818 736 48 21 med

125 771 80 20 finskan
226 772 31 19 till
277 771 230 27 undervisningsspråk,
527 772 83 20 hvadan
626 768 46 24 den
682 772 68 20 finska
763 771 103 20 afdelnin-

125 812 39 20 gen
185 806 87 20 sålunda
291 806 43 20 blef
346 806 112 20 inskränkt
472 806 32 20 till
520 806 26 20 de
561 806 35 20 två
610 806 67 27 lägsta
692 806 113 20 klasserna.
835 805 32 20 Då

125 841 26 19 de
172 840 54 20 ifrån
249 840 60 20 dessa
329 840 81 20 klasser
430 840 134 20 dimitterade
582 841 98 20 eleverne
695 841 30 19 till
741 840 52 27 följd
809 840 61 20 häraf

126 881 50 14 voro
195 875 114 20 hänvisade
328 877 29 18 att
373 876 101 26 antingen
489 875 86 27 afbryta
589 876 45 19 sina
649 875 85 26 studier,
750 875 57 25 eller,
822 874 45 20 ifall

126 910 74 20 sådant
215 910 29 19 lät
258 910 32 26 sig
305 912 57 24 göra,
376 910 97 20 fortsätta
488 909 47 21 dem
546 910 7 19 i
564 910 65 20 andra
644 910 104 25 läroverk,
763 911 54 18 samt
827 908 40 20 för-

126 944 37 19 sök
186 946 30 17 att
230 944 6 19 i
252 944 140 26 petitionsväg
414 944 80 20 erhålla
513 944 90 26 ändring
617 944 7 19 i
640 944 57 19 detta
716 944 67 20 beslut
798 943 70 20 blefvo

127 981 47 17 utan
191 978 84 26 påföljd,
291 978 138 26 upprätthölls
445 978 40 20 den
500 978 68 26 tredje
584 978 83 20 klassen
682 985 75 19 genom
772 977 96 20 enskilda

128 1013 73 26 bidrag
221 1013 121 20 hösttermin
365 1013 52 19 1869
438 1015 53 17 samt
507 1019 25 14 en
549 1013 34 20 del
598 1013 21 20 af
634 1013 110 20 vårtermin
764 1012 58 25 1870,
837 1012 30 19 in-

127 1047 31 20 till
180 1047 47 20 dess
250 1047 55 20 Hans
327 1047 119 27 Kejserliga
464 1047 104 26 Majestät,
588 1047 64 20 under
668 1047 61 20 hvars
744 1049 49 24 eget
809 1046 58 26 Höga

127 1081 115 26 afgörande
256 1081 81 20 landets
352 1081 193 27 generalguvernör
561 1081 61 27 bragt
636 1081 78 26 frågan,
724 1081 7 20 i
742 1081 70 20 Näder
828 1080 39 20 för-

128 1115 92 21 ordnade
235 1117 29 18 att
279 1115 47 20 icke
343 1115 51 20 blott
408 1116 156 20 ofvannämnde
578 1116 72 26 tredje,
660 1118 48 18 utan
720 1116 45 19 från
776 1115 93 26 följande

127 1150 77 20 läseårs
219 1149 71 26 början
305 1150 123 27 ytterligare
444 1157 25 13 en
485 1151 68 26 fjerde
569 1150 57 20 klass
639 1150 67 20 skulle
716 1149 115 20 tillsvidare
842 1149 27 26 på

127 1184 135 21 statsverkets
282 1184 115 20 bekostnad
417 1185 140 20 underhållas.
587 1184 76 20 Tillika
678 1183 119 21 anbefallde
812 1183 57 20 Hans

128 1218 116 27 Kejserliga
264 1218 96 27 Majestät
378 1219 139 20 tillsättandet
535 1219 24 20 af
575 1225 26 14 en
619 1218 88 21 särskild
723 1218 85 25 komité,
824 1223 44 14 som

128 1253 53 25 egde
197 1255 29 17 att
241 1252 78 26 afgifva
334 1253 107 20 utlåtande
455 1253 103 20 huruvida
568 1253 67 20 finska
644 1253 85 26 språket
740 1253 63 19 redan
815 1251 54 20 hade

129 1287 73 20 vunnit
220 1287 40 19 den
276 1287 77 27 nödiga
368 1287 129 27 utveckling,
513 1290 30 17 att
558 1288 36 19 det
608 1290 48 17 utan
672 1287 112 26 olägenhet
799 1286 70 20 kunde

128 1321 106 20 användas
250 1321 67 20 såsom
332 1321 157 27 vetenskapligt
504 1321 222 27 undervisningsspråk
737 1321 69 20 samt
796 1316 11 37 i
817 1320 52 20 hvil-

129 1355 41 20 ken
186 1355 47 20 mån
249 1355 39 20 och
303 1356 6 19 i
325 1356 51 19 huru
394 1356 122 20 beskaffade
531 1356 97 20 läroverk
644 1356 73 20 detta
707 1351 10 36 i
728 1355 23 20 så
760 1355 37 20 fall
806 1355 64 20 borde

129 1389 44 20 ske.
203 1389 35 21 Uti
253 1390 35 19 sitt
302 1390 64 26 härpå
381 1390 81 27 afgifna
476 1390 146 28 underdåniga
636 1397 48 13 svar
699 1389 118 21 förklarade
833 1389 35 20 ko-

129 1424 64 19 mitén
208 1423 72 20 ibland
294 1426 62 18 annat
372 1431 25 13 en
413 1424 124 27 fullständig
552 1425 53 20 finsk
616 1425 108 26 afdelning
734 1424 34 20 vid
780 1423 89 20 normal-

129 1457 73 20 skolan
218 1458 7 19 i
241 1458 129 26 Helsingfors
385 1465 52 13 vara
452 1459 22 19 af
488 1459 101 20 behofvet
603 1459 103 26 påkallad.

196 1492 9 19 I
221 1492 129 26 underdånig
365 1493 110 20 skrifvelse
491 1493 24 20 af
529 1494 40 19 den
583 1494 23 20 16
618 1493 53 20 Mars
684 1493 50 19 1871
747 1492 124 20 hemställde
