1070 1739
821 144 23 17 93

129 208 65 26 foten,
214 207 48 20 med
282 207 27 20 30
323 208 13 19 å
350 207 27 20 32
393 207 63 26 penni
472 207 53 20 eller
543 207 23 26 '/,
583 207 21 20 af
618 207 100 20 rävarans
733 207 49 27 pris.
812 207 67 20 Dessa

129 243 84 26 afgifter
228 245 36 16 äro
280 241 89 26 derföre,
386 241 27 20 då
428 241 55 20 slika
498 241 77 20 affärer
588 240 100 27 vanligen
700 241 107 20 bedrifvas
817 241 6 20 i
835 243 43 18 stor

129 277 65 25 skala,
215 276 23 19 af
256 275 89 26 mycken
366 275 135 26 betydenhet.
533 276 101 19 Häremot
650 275 36 20 har
702 275 79 20 anförts
796 277 31 18 att
841 281 36 14 ex-

129 312 47 24 port
191 310 23 19 af
227 309 121 20 oförädlade
363 309 181 27 skogsprodukter
559 310 52 20 eller
626 309 67 20 runda
708 309 85 21 stockar
803 309 74 26 skulle,

129 343 87 20 oaktadt
238 344 27 20 de
287 347 35 16 äro
342 344 118 27 afgiftsfria,
481 344 64 21 hafva
564 346 29 18 ett
609 343 108 21 korrektiv
732 344 8 19 i
756 344 40 19 den
812 344 65 26 högre

128 377 61 26 frakt,
212 384 44 13 som
279 378 32 19 för
330 378 46 20 dem
399 378 65 20 mäste
483 378 104 27 erläggas.
617 378 63 20 Detta
695 381 22 17 är
733 378 67 20 delvis
815 380 62 18 sannt

129 411 131 21 beträffande
280 412 26 19 de
324 412 62 20 södra
402 412 85 20 delarne
503 413 24 19 af
538 412 79 26 landet,
633 404 106 38 hvarifrän
748 404 81 38 likväl,
845 412 30 20 sä-

128 452 45 13 som
189 446 65 19 kändt
270 448 28 23 är,
313 446 113 20 rundstock
443 448 130 24 exporteras.
597 446 29 20 Pä
641 446 26 20 de
683 452 63 14 norra
756 446 119 27 gränstrak-

127 481 61 18 terna
209 480 38 20 har
268 480 158 27 invändningen
450 481 63 26 ingen
535 480 117 26 betydelse,
672 482 29 24 ty,
721 480 67 20 säsom
808 481 67 26 sagdt,

127 514 49 20 sker
198 516 131 24 transporten
345 515 7 19 i
368 514 70 20 flottor
460 514 40 20 och
520 514 32 20 för
571 514 64 27 öfrigt
654 514 28 26 pä
699 514 82 21 afständ
797 514 31 20 till
844 515 31 19 sä-

127 554 73 20 garne,
216 554 43 14 som
276 551 36 17 äro
327 548 119 27 obetydligt
462 548 73 27 längre
547 551 25 17 än
585 548 25 20 de
622 548 31 20 till
664 548 26 20 de
701 548 69 21 finska
779 548 96 27 sägarne.

128 582 40 20 För
183 584 30 18 att
229 582 131 20 förekomma
376 582 36 20 det
426 582 153 27 öfverklagade
594 582 62 26 onda,
672 582 37 20 har
724 589 48 13 man
783 582 93 20 förordat

128 616 114 27 exporttull
258 616 28 27 pä
301 616 39 20 den
352 616 123 20 oförädlade
485 616 196 27 skogsprodukten;
692 617 38 19 och
742 617 65 19 ehuru
819 617 57 19 detta

128 650 109 21 korrektiv
252 650 81 21 kanske
349 657 50 14 vore
415 651 36 19 det
465 653 54 18 mest
529 650 141 26 verksamma,
681 650 67 21 skulle
760 651 116 20 detsamma

128 684 54 21 dock
204 684 47 20 från
274 685 134 26 synpunkten
428 685 23 20 af
468 684 155 28 skogsegarens
643 685 89 20 intresse
748 686 19 25 ej
783 685 92 20 kunna
862 680 15 36 i

128 719 109 26 principen
253 719 130 27 godkännas.
413 719 45 20 Den
475 719 55 20 enda
545 720 64 26 utväg
625 718 31 20 till
672 719 173 26 undanrödjande
855 719 23 20 af

127 753 88 20 hindren
235 753 32 20 för
283 753 49 20 vära
346 753 113 20 affärsmän
474 755 31 17 att
521 752 131 21 konkurrera
667 753 47 19 med
731 753 144 27 utländingen,

127 789 23 17 är
164 786 83 21 således
262 787 141 20 afskaffandet
418 787 22 20 af
454 787 41 20 alla
511 786 168 27 exportafgifter.
811 796 2 3 :

194 820 78 21 Vidare
293 821 116 20 innehåller
429 820 233 28 petitionsmemorialet
681 820 92 27 följande
792 821 82 27 uppgif-

126 856 31 18 ter
177 861 33 13 om
233 855 26 20 de
280 855 83 27 belopp,
379 855 84 20 hvartill
479 855 113 27 sägräntan
609 854 37 20 och
663 854 212 28 sägningsafgiften
864 850 14 36 i

127 889 157 26 statsförslagen
305 890 31 19 för
351 890 50 20 åren
420 889 139 21 1858—1860
574 891 54 18 samt
645 889 52 20 1870
712 890 40 20 och
770 890 50 20 1871
840 890 34 19 be-

127 923 91 26 räknats,
235 924 116 26 nemligen:

320 957 32 20 för
367 957 23 20 år
408 958 53 19 1858
476 957 32 20 till
538 958 77 25 26,578
631 957 65 20 rubel.

329 992 11 13 ”
369 992 12 13 ”»
406 992 52 20 1859
489 992 12 11 »
539 992 75 25 27117
654 992 12 11 »”

328 1025 12 13 ”
369 1026 12 12 »
406 1026 53 20 1860
489 1026 12 12 ”
540 1026 75 26 35,107
655 1025 11 12 »

370 1060 12 12 ”
406 1060 54 19 1870
489 1059 12 12 ”
525 1060 91 25 335,000
632 1059 66 20 mark.

330 1093 10 12 n”
370 1093 12 12 ”
407 1094 51 19 1871
491 1093 12 13 »
527 1093 91 26 393,000
657 1108 12 13 ,

193 1126 40 20 Till
255 1127 129 20 besvarande
404 1127 24 20 af
445 1129 30 18 ett
491 1127 83 27 möjligt
589 1127 71 20 inkast
674 1127 80 26 derom,
769 1129 30 18 att
814 1129 59 18 stats-

127 1161 83 20 verkets
232 1161 113 27 tillgångar
365 1162 19 25 ej
405 1161 112 27 medgäfve
535 1161 162 27 ifrågavarande
711 1162 85 25 reform,
812 1161 61 20 fram-

126 1195 66 20 hålles
202 1195 24 20 af
234 1194 164 27 petitionärerne
410 1195 106 27 slutligen,
527 1197 31 18 att
568 1195 133 27 statsverket,
712 1202 44 14 som
767 1196 27 26 på
804 1196 70 20 denna

124 1228 139 21 inkomsttitel
279 1229 34 20 vid
329 1229 124 27 sågräntans
468 1229 134 20 afskaffande
617 1229 39 20 fått
672 1237 25 13 en
714 1230 67 21 delvis
795 1237 27 19 ny
834 1230 39 19 och

126 1263 85 26 mycket
232 1257 83 32 förhöjd
336 1263 99 27 inkomst,
458 1270 87 13 numera
560 1264 6 19 i
582 1264 106 20 anseende
704 1265 29 19 till
750 1265 25 19 de
792 1264 82 20 utöfver

126 1296 116 27 beräkning
262 1297 88 20 influtna
368 1297 123 20 tullmedlen
513 1298 101 26 möjligen
630 1297 71 21 kunde
716 1299 94 19 undvara
825 1297 46 27 såg-

123 1330 158 27 ningsafgiften.

189 1432 32 20 Då
242 1432 41 21 den
299 1433 31 20 för
345 1433 73 20 landet
433 1434 81 27 vigtiga
529 1433 141 28 sågindustrin
687 1434 23 20 år
727 1435 52 20 1861
797 1435 74 20 befria-

122 1465 37 19 des
181 1465 45 20 från
250 1466 36 20 det
305 1467 62 26 band,
387 1474 45 13 som
448 1468 7 18 i
471 1467 97 27 enlighet
588 1468 47 19 med
651 1468 58 20 äldre
725 1469 78 19 teorier
819 1469 52 19 varit
