1070 1739
211 162 34 19 288

178 232 50 20 eger
242 225 169 27 öfverstyrelsen,
422 227 30 18 att
463 225 54 21 efter
527 226 105 27 kungjord
643 226 168 27 ansökningstid,
822 226 31 21 till
864 225 60 20 dessa

177 261 86 25 tjenster
278 262 78 25 antaga
371 260 104 27 skickliga
490 267 109 20 personer.
629 257 169 30 Öfverstyrelsen
814 267 49 20 eger
873 259 51 20 fatta

177 295 68 20 beslut
266 295 86 20 såframt
373 297 31 18 tre
427 295 138 20 medlemmar
587 295 7 20 i
617 295 189 26 öfverläggningen
833 295 90 26 deltaga.

177 329 52 20 Dess
244 329 126 27 åligganden
387 332 35 17 äro
438 332 31 18 att
484 330 55 20 vaka
555 331 59 19 öfver
630 330 25 20 de
671 330 66 19 under
749 330 47 19 dess
807 329 50 20 vård
869 329 54 20 ställ-

177 364 27 19 da
218 364 152 25 läroanstalter,
386 365 62 19 hafva
471 367 71 24 sträng
565 364 70 27 tillsyn
659 364 59 20 öfver
741 364 124 25 disciplinen
885 362 38 21 och

178 405 54 20 noga
247 399 55 19 vaka
317 399 97 20 deröfver
429 401 30 18 att
474 399 135 26 lärjungarne
626 399 107 26 bibringas
744 398 77 27 rigtiga
832 398 92 26 begrepp

177 438 33 14 om
227 432 128 28 undersåtlig
370 433 53 26 pligt
442 433 39 20 och
505 433 90 26 aktning
617 433 31 19 för
671 432 130 25 öfverheten,
817 432 106 19 äfvensom

177 466 148 28 anständighet
340 467 39 20 och
395 467 77 20 allmän
489 467 102 27 ordning;
613 468 121 26 handlägga
750 466 38 20 och
805 466 78 20 bereda
898 466 26 19 de

177 501 95 26 ärender,
288 501 72 20 hvilka
375 502 51 19 böra
440 502 58 19 Hans
514 501 119 27 Kejserliga
648 502 108 26 Majestäts
770 500 83 25 Nådiga
866 499 57 27 afgö-

177 536 65 20 rande
268 536 146 25 underställas,
436 536 7 20 i
467 536 140 20 föreskrifven
631 536 90 26 ordning
747 535 85 20 tillsätta
851 535 73 24 lärare,

178 569 112 21 verkställa
310 570 130 20 visitationer
458 570 23 20 af
497 570 174 20 läroanstalterna
687 577 26 13 m.
735 576 26 14 m.
792 569 77 25 Biskop
885 568 38 20 och

177 604 129 26 domkapitel
333 611 40 20 ega
401 605 50 19 hvar
478 605 56 19 inom
561 605 35 19 sitt
617 605 44 19 stift
683 604 107 20 övervaka
816 603 107 26 religions-

177 638 176 27 undervisningen
376 641 53 18 samt
449 639 71 20 derom
543 639 31 19 till
595 638 164 28 öfverstyrelsen
782 638 88 20 insända
889 636 34 26 pä-

178 672 112 20 minnelser
305 673 37 19 och
360 673 84 27 förslag.
474 673 215 27 Lokalinspektionen
706 673 59 20 öfver
780 672 144 20 folkskolorna

177 707 130 20 handhafves
323 707 30 20 för
368 708 64 26 öfrigt
446 708 23 19 af
481 707 243 27 folkskoleinspektorer
738 707 39 20 och
789 706 134 24 direktioner,

177 744 53 16 samt
245 742 58 19 öfver
322 742 66 20 andra
406 742 147 20 läroanstalter
571 742 23 20 af
607 742 84 20 skolräd
709 741 86 20 tillsatta
809 741 32 19 för
857 742 28 18 tre
901 740 23 19 är

177 776 6 19 i
199 776 77 20 sender
290 776 27 26 pä
332 776 74 20 sädant
426 779 46 23 sätt,
490 779 31 17 att
538 777 57 19 inom
616 777 71 26 hvarje
704 776 99 20 kommun
820 775 104 20 elektorer

177 817 41 20 ega
232 810 78 20 föreslä
325 810 50 20 flere
391 811 100 27 lämpliga
511 817 106 20 personer,
641 811 63 20 bland
728 810 72 20 hvilka
823 810 101 25 öfversty-

176 845 68 20 relsen
268 848 108 17 utnämner
397 846 36 19 det
453 846 79 26 nödiga
544 846 86 19 antalet.
646 858 26 2 —
689 845 72 20 Staten
777 845 32 19 för
823 844 101 26 öfversty-

177 880 67 20 relsen
261 882 100 24 upptager
381 880 76 21 45,600
473 880 66 25 mark,
556 880 21 19 af
591 880 85 20 hvilken
693 886 81 13 summa
790 886 39 13 ena
845 878 77 20 hälften

177 914 60 26 utgår
252 914 46 20 från
314 914 68 20 finska
396 914 136 20 statsmedlen
549 915 39 19 och
605 915 39 19 den
660 914 67 20 andra
743 914 44 19 från
804 913 25 20 de
845 913 23 20 af
880 912 42 20 lan-

176 948 45 19 dets
237 947 89 21 Ständer
342 949 31 19 för
388 949 207 20 folkskoleväsendet
612 949 104 26 beviljade
734 948 74 19 medel.

227 982 71 20 Ehuru
309 983 68 20 denna
387 983 82 27 Nådiga
480 983 121 26 förordning
612 983 52 20 först
674 983 42 19 den
730 983 8 18 1
750 982 42 19 Juli
806 982 51 19 1870
869 981 53 19 träd-

176 1016 27 20 de
218 1017 6 18 i
240 1017 38 19 full
293 1017 98 26 gällande
412 1017 61 26 kraft,
492 1017 92 27 begynte
605 1017 63 20 likväl
688 1017 41 19 den
746 1023 42 19 nya
803 1015 120 26 skolstyrel-

176 1057 37 14 sen
229 1051 65 20 redan
310 1051 6 20 i
332 1051 73 26 början
422 1052 23 19 af
458 1052 23 19 är
499 1052 52 19 1870
570 1051 31 20 sin
621 1051 141 24 verksamhet,
777 1050 7 19 i
801 1050 35 20 det
851 1049 72 20 veder-

176 1085 94 20 börande
293 1085 192 27 öfverinspektorer
508 1086 66 19 under
597 1085 107 25 Februari,
728 1085 54 19 Mars
805 1084 39 19 och
864 1083 58 26 April

178 1120 99 20 mänader
295 1120 127 20 verkställde
442 1121 139 20 embetsresor
604 1121 30 19 för
650 1122 30 18 att
695 1119 94 20 inhemta
805 1118 117 20 kännedom

176 1161 34 13 om
230 1155 253 20 elementarläroverkens
502 1155 100 20 tillstånd.
633 1155 58 19 Hvad
714 1153 161 26 öfverstyrelsen
892 1152 30 19 sä-

176 1189 64 20 lunda
255 1189 102 20 inhemtat
372 1189 54 20 hade
442 1190 37 19 hos
495 1190 127 25 densamma,
639 1189 68 26 enligt
717 1188 54 20 hvad
788 1188 41 19 hon
844 1188 6 19 i
867 1187 55 20 hem-

176 1223 74 19 ställan
274 1223 30 20 till
327 1223 89 26 Kejserl.
439 1223 91 21 Senaten
549 1223 24 20 af
591 1224 39 19 den
650 1223 10 20 9
678 1223 56 19 Mars
752 1222 48 19 1871
819 1221 104 26 förmäler,

176 1257 63 20 väckt
266 1257 77 20 tanken
371 1257 27 26 pä
423 1258 98 20 behofvet
543 1257 23 20 af
589 1264 25 13 en
638 1256 223 27 skolreorganisation,
883 1255 39 20 och

175 1291 74 20 trodde
265 1291 32 27 sig
313 1291 97 20 bemälda
431 1292 88 26 styrelse
542 1292 62 19 hafva
619 1298 25 13 en
660 1291 125 26 ytterligare
809 1289 114 26 anledning

175 1328 29 17 att
220 1325 69 20 dertill
305 1328 49 24 taga
368 1326 113 20 initiativet
497 1326 28 19 uti
541 1326 56 19 Hans
618 1325 120 27 Kejserliga
760 1325 107 26 Majestäts
882 1323 40 21 Nä-

176 1359 48 27 diga
240 1360 139 19 förordnande
396 1367 32 13 om
445 1361 55 19 vissa
515 1360 65 27 högre
595 1359 200 21 elementarskolors
811 1359 38 19 och
865 1365 57 20 gym-

176 1394 80 19 nasiers
267 1395 117 19 successiva
396 1395 95 26 förening
507 1395 31 19 till
553 1395 136 26 fullständiga
703 1393 220 24 elementarläroverk,

176 1428 109 20 äfvensom
301 1429 7 18 i
323 1429 39 20 den
384 1429 162 26 öfverstyrelsen
569 1429 58 26 gifna
650 1428 113 20 tillätelsen
787 1430 30 16 att
840 1427 84 27 vidtaga

172 1462 137 26 jemkningar
331 1463 23 19 af
374 1463 119 19 lärokurser
515 1463 39 19 och
579 1463 117 25 methoder,
722 1464 53 17 samt
795 1461 5 19 i
821 1461 102 19 särskilda
