1070 1739
238 154 35 19 334

205 217 58 27 ligen
283 218 97 27 uppföras
396 218 40 20 och
452 218 74 20 dervid
542 225 25 13 en
585 217 65 21 sådan
666 220 53 19 tomt
734 218 96 27 utväljas,
845 224 44 14 som
907 217 47 20 lem-

206 258 38 14 nar
266 254 104 25 utrymme
390 253 32 19 för
441 253 66 26 nödig
522 252 92 27 lekplats
630 255 54 18 samt
698 255 31 18 att
743 253 7 19 i
765 253 88 20 främsta
867 254 89 17 rummet

205 286 141 27 tillgångarne
361 287 7 19 i
384 287 41 20 den
449 287 57 26 fond,
527 293 44 14 som
593 287 76 20 bildats
684 293 76 21 genom
777 287 108 20 inbetalda
900 285 54 20 skol-

205 320 86 27 afgifter
302 321 45 19 från
359 321 83 20 landets
453 321 98 27 samtliga
562 321 105 26 läroverk,
678 321 64 21 måtte
754 321 30 20 till
793 319 161 28 ifrågavarande

204 354 98 21 ändamål
317 355 115 20 användas.

274 388 124 27 Ständerna,
417 389 72 21 hvilka
503 390 115 27 godkänna
634 390 34 20 det
684 391 6 19 i
706 389 203 27 petitionsförslaget
924 391 28 17 ut-

205 423 69 19 talade
298 423 104 26 syftemål,
422 424 85 19 anhålla
527 426 30 18 att
573 424 31 20 till
620 425 46 19 stöd
682 425 32 19 för
730 424 115 20 detsamma
861 423 20 20 få
896 423 6 19 i
917 429 35 13 un-

205 456 140 26 derdånighet
360 458 74 19 anföra
450 458 103 26 följande:

274 490 108 21 Alltsedan
406 492 156 20 normalskolan
579 492 6 20 i
601 492 131 27 Helsingfors
752 492 23 20 år
795 492 54 20 1864
869 498 33 13 om
918 491 35 19 hö-

204 526 46 18 sten
266 525 114 26 öppnades,
396 526 37 19 har
449 526 122 20 densamma
587 526 83 20 fortsatt
680 526 32 20 sin
724 526 135 20 verksamhet
869 526 6 19 i
887 525 66 27 hyrda

204 558 89 26 lokaler,
309 559 73 20 hvilka
397 566 44 14 mer
457 560 52 20 eller
525 560 82 21 mindre
618 562 114 19 motsvarat
744 559 127 26 ändamålet,
880 559 76 20 hvaraf

203 592 45 20 åter
264 593 166 27 olägenheterna
446 594 55 20 trädt
515 594 38 20 allt
569 602 44 13 mer
627 595 7 19 i
650 595 76 27 dagen,
740 594 23 26 ju
778 594 51 20 flera
844 594 23 19 af
877 593 75 20 anstal-

203 629 46 18 tens
272 628 104 20 särskilda
398 628 82 21 klasser
500 629 74 20 hunnit
594 629 93 26 inrättas,
707 629 23 19 så
746 628 86 27 mycket
847 634 46 14 mer
908 634 43 14 som

202 661 82 20 antalet
306 662 70 20 elever
397 663 54 19 varit
469 662 82 27 ganska
565 665 59 23 stort,
640 663 126 27 uppgående
782 663 67 20 under
865 662 86 20 höstter-

203 696 70 20 minen
292 696 50 20 1871
355 696 7 20 i
374 696 41 20 den
431 697 92 20 svenska
538 697 136 25 afdelningen
691 697 31 20 till
740 698 39 19 288
796 697 39 20 och
847 697 6 19 i
865 696 26 20 de
906 696 46 26 fyra

202 729 69 21 finska
286 730 109 20 klasserna
410 730 30 20 till
457 731 33 26 71,
506 731 52 20 eller
575 732 156 26 sammanlagdt
746 731 31 20 till
793 731 48 20 359.

271 764 124 20 Emellertid
419 768 23 17 är
465 765 64 21 redan
545 766 7 19 i
569 766 77 27 nådiga
667 766 83 20 brefvet
767 766 24 20 af
805 766 40 19 den
864 766 31 19 11*
903 765 48 20 Juni

203 798 54 20 1864
280 798 140 27 uppförandet
442 800 23 19 af
482 802 30 18 ett
532 802 49 24 eget
599 800 38 20 hus
653 800 31 20 för
701 800 91 20 nämnde
809 799 95 20 läroverk
921 802 29 16 ut-

201 832 120 27 tryckligen
346 832 104 21 förutsatt.
480 833 41 20 Till
545 834 50 26 följe
615 833 60 21 häraf
693 834 63 19 hafva
771 834 62 19 äfven
849 833 103 20 särskilda

200 866 105 27 ritningar
324 867 65 25 jemte
414 866 180 28 kostnadsförslag
617 868 109 26 uppgjorts
747 868 30 20 för
797 874 26 13 en
845 867 106 27 byggnad,

201 900 87 20 hvilken
311 900 84 21 komme
415 903 31 17 att
465 901 105 26 inrymma
585 901 57 20 såväl
658 902 41 20 den
717 901 92 20 svenska
824 908 44 13 som
885 901 66 19 finska

200 934 144 26 afdelningen,
360 941 48 14 men
425 935 141 26 uppförandet
581 936 22 19 af
615 936 124 19 densamma
751 936 44 25 har,
806 935 67 20 såsom
885 935 65 20 kändt

200 971 30 23 är,
246 964 88 24 lemnats
352 968 106 21 beroende
473 969 44 20 dels
534 969 31 20 till
578 969 50 27 följd
640 969 22 20 af
671 969 214 27 kostnadsförslagets
896 969 55 26 höga

202 1002 84 27 belopp,
302 1003 45 20 dels
362 1003 63 20 äfven
437 1003 6 20 i
455 1003 116 27 anledning
587 1004 22 20 af
623 1004 63 20 väckt
701 1003 60 27 fråga
776 1009 33 15 om
827 1003 39 20 den
883 1003 68 20 finska

200 1036 146 27 afdelningens
370 1037 137 26 upphörande
530 1037 51 20 eller
604 1038 138 27 förläggande
762 1038 32 19 till
813 1038 137 19 Tavastehus.

200 1071 41 20 Det
263 1077 63 20 synes
346 1071 62 26 dock,
429 1071 66 27 enligt
513 1071 127 21 Ständernas
656 1072 72 25 tanke,
744 1071 163 27 otvifvelaktigt,
922 1074 30 17 att

200 1111 26 14 en
246 1105 130 26 läroanstalt,
392 1105 61 20 hvars
469 1106 98 26 syftemål
583 1109 23 17 är
621 1108 30 18 att
666 1106 82 20 utbilda
762 1105 106 27 skickliga
883 1106 67 19 lärare

200 1139 31 20 för
247 1139 68 27 öfriga
330 1139 274 28 undervisnings-anstalter
620 1143 52 18 samt
688 1142 30 18 att
734 1140 6 19 i
757 1140 48 20 hela
820 1140 31 19 sin
867 1140 82 26 organi-

199 1174 68 19 sation
288 1173 38 20 och
342 1174 136 20 verksamhet
493 1177 74 24 utgöra
581 1181 26 14 en
624 1174 91 21 förebild
732 1174 32 20 för
779 1174 69 25 dessa,
864 1173 85 20 framför

199 1207 67 21 andra
285 1211 23 16 är
323 1208 6 19 i
346 1207 67 21 behof
430 1208 23 20 af
469 1215 25 13 en
510 1208 32 20 för
558 1209 58 20 detta
631 1208 98 20 ändamål
747 1207 99 21 särskildt
861 1207 87 27 uppförd

199 1241 65 27 lokal,
280 1242 46 20 med
342 1242 102 21 afseende
459 1242 77 20 fästadt
551 1242 12 21 å
579 1243 100 20 behofvet
695 1242 23 20 af
732 1241 125 27 tillräckligt
871 1243 77 25 utrym-

199 1282 34 13 me
248 1276 41 20 och
304 1276 132 26 ventilation,
452 1276 63 27 nödig
531 1276 97 27 lekplats,
644 1275 155 28 gymnastiksal
816 1283 26 13 m.
859 1283 26 14 m.

268 1309 133 21 Beträffande
417 1310 27 20 de
459 1310 76 26 medel,
551 1310 74 20 hvilka
640 1310 72 20 kunde
724 1310 31 19 för
765 1317 27 12 nu
803 1309 146 27 ifrågakomne

199 1343 195 28 byggnadsföretag
409 1344 114 26 användas,
540 1344 86 27 utbedja
641 1345 33 26 sig
690 1344 118 20 Ständerna
823 1346 30 18 att
864 1344 37 20 få
894 1339 12 36 i
914 1351 35 13 un-

198 1378 141 27 derdånighet
354 1378 55 20 fästa
423 1378 80 21 Eders
518 1379 144 26 Kejserliga
678 1379 135 26 Majestäts
829 1379 54 26 höga
898 1385 50 20 upp-

198 1412 143 20 märksamhet
363 1412 51 20 derå
433 1414 31 18 att
481 1418 76 21 genom
579 1412 76 27 nådiga
671 1412 143 27 kungörelsen
830 1412 23 20 af
867 1413 39 19 den
923 1413 26 20 30

197 1447 47 20 Jan.
263 1447 54 20 1862
332 1453 26 13 en
375 1446 150 26 terminsafgift
540 1446 23 20 af
577 1447 26 19 24
620 1447 34 19 mk
672 1446 32 20 för
720 1446 42 20 alla
777 1445 48 21 icke
836 1447 114 20 medellösa

197 1480 73 20 elever
290 1480 34 20 vid
340 1480 122 26 gymnasier
478 1480 39 20 och
534 1480 66 26 högre
616 1480 190 22 elementarskolor
821 1480 74 21 införts
911 1482 38 20 och
