1070 1739
809 137 21 18 13

116 201 62 21 tande
202 201 27 27 på
252 201 40 20 den
316 201 76 25 andra;
411 201 39 20 och
471 207 43 14 som
531 200 104 21 reformen
652 201 22 19 af
688 200 177 27 styrelseverken,

116 235 67 27 enligt
198 235 57 20 Hans
271 235 119 26 Kejserliga
405 235 107 25 Majestäts
526 234 79 27 nådiga
615 235 137 26 helsningstal
764 234 31 20 till
806 234 59 21 Stän-

116 270 65 19 derna
204 269 34 20 vid
264 269 120 26 öppnandet
407 269 23 19 af
452 275 27 13 nu
500 268 171 27 tilländagående
691 269 110 26 landtdag,
816 268 49 20 fort-

115 304 86 19 farande
218 305 60 24 utgör
294 305 29 18 ett
338 303 88 20 föremål
441 303 32 20 för
488 303 58 20 Hans
564 303 118 27 Kejserliga
692 303 107 26 Majestäts
811 303 54 26 höga

116 338 39 19 och
173 337 107 26 välvilliga
295 337 86 26 afsigter
396 337 32 20 till
444 337 139 20 befordrande
599 337 23 20 af
631 337 82 20 landets
725 337 64 26 bästa,
801 337 64 20 ehuru

116 378 26 13 en
159 373 65 18 större
240 371 119 20 erfarenhet
369 372 7 19 i
387 374 71 17 ämnet
473 372 79 19 ansetts
568 375 55 16 ännu
638 371 52 20 böra
701 372 82 25 vinnas,
795 371 23 20 så
828 371 37 19 fin-

117 412 36 13 ner
169 405 107 21 Utskottet
291 399 67 27 äfven
368 406 45 19 häri
430 407 29 18 ett
473 405 46 20 skäl
535 407 31 18 att
581 406 153 20 vördsammast
749 405 115 27 tillstyrka:

184 476 32 18 att
236 473 84 21 landets
339 467 120 34 höglofliga
480 474 94 20 Ständer
588 474 50 20 ville
654 474 35 20 till
703 474 64 20 Hans
782 473 86 28 Kejser-

184 507 45 27 liga
244 507 105 27 Majestät
364 508 52 27 ingå
431 507 48 21 med
494 514 25 14 en
534 508 138 27 underdånig
683 508 93 27 petition
787 508 78 25 derom,

184 544 32 18 att
238 541 64 21 Hans
322 541 102 29 Majestät
440 542 80 20 täcktes
535 543 9 19 i
559 542 74 26 nåder,
650 544 42 18 när
708 541 157 28 omständighe-

184 578 61 18 terna
260 576 81 21 sådant
356 576 116 28 medgifva,
489 578 52 26 taga
556 576 35 21 det
606 576 86 21 Honom
707 576 67 28 enligt
788 577 29 19 71
831 576 15 27 $
859 576 8 20 i

184 609 250 29 Landtdagsordningen
454 610 160 21 tillkommande
633 610 97 21 initiativ
750 610 34 21 till
799 610 68 27 nådig

178 643 170 29 framställning
368 644 34 21 till
419 644 124 21 Ständerna
559 651 32 14 om
606 644 126 21 inrättande
748 644 21 28 ej
783 644 84 21 mindre

184 678 30 28 af
224 686 26 13 en
265 678 48 21 med
328 678 131 28 oafsättlige,
477 678 102 28 lagfarne
589 679 88 20 domare
688 678 91 21 beklädd
791 678 75 28 högsta

184 712 92 22 domstol
291 713 8 20 i
316 712 105 25 Finland,
444 712 85 22 hvilken
552 720 49 14 vore
624 712 86 28 domför
731 712 48 22 med
801 712 66 20 minst

179 746 47 28 fem
249 747 117 21 ledamöter
388 749 55 19 samt
465 747 136 21 motsvarade
624 746 56 22 hvad
700 754 32 14 om
752 754 25 13 en
796 746 71 21 sådan

185 781 92 21 domstol
291 781 9 20 i
313 782 15 20 2
339 780 97 28 punkten
456 780 29 28 af
502 782 57 20 1789
574 782 36 20 års
626 780 132 28 Förenings-
773 780 38 21 och
828 780 39 21 Sä-

185 814 122 22 kerhetsakt
322 817 56 19 samt
393 815 111 27 angående
515 815 97 21 domares
623 814 150 28 oafsättlighet
784 815 9 20 i
802 814 65 21 Riks-

184 849 144 27 dagsbeslutet
339 850 41 20 den
390 850 29 20 23
429 849 55 21 Juni
496 851 57 19 1786
565 849 38 21 och
612 849 80 27 Kongl.
707 848 160 28 Stadfästelsen

185 883 13 20 å
214 883 130 28 Förenings-
368 883 37 21 och
426 883 179 21 Säkerhetsakten
614 883 74 28 finnes
704 882 109 28 stadgadt,
829 882 38 21 och

185 916 84 22 hvilken
294 918 90 20 domstol
407 918 21 27 ej
450 918 52 27 egde
525 920 32 18 att
576 917 48 21 med
638 918 100 27 styrelse-
754 916 38 22 och
807 923 60 21 rege-

184 952 166 27 ringsåtgärder
365 954 52 25 taga
432 958 75 14 annan
522 951 129 28 befattning,
668 953 28 19 än
712 950 87 28 afgifva
809 950 59 21 utlå-

186 985 79 20 tanden
282 986 7 19 i
304 985 243 28 lagstiftningsfrågor;
562 997 25 4 —
605 987 28 18 än
653 985 43 25 ock,
713 984 41 27 för
773 984 95 21 kontrol-

185 1019 34 20 len
237 1019 61 27 öfver
313 1020 71 20 denna
400 1019 90 22 domstol
506 1019 37 21 och
559 1020 102 27 lagarnes
676 1019 169 27 handhafvande
861 1019 8 19 i

185 1053 124 26 allmänhet,
332 1053 30 27 af
380 1055 29 19 ett
429 1055 46 26 nytt
495 1053 84 26 embete,
593 1053 42 27 för
650 1053 78 21 hvilket
745 1052 123 21 Ständerna

186 1087 36 21 vid
237 1095 24 13 en
277 1087 125 21 kommande
418 1087 107 28 landtdag
541 1087 141 28 tvifvelsutan
695 1087 81 21 komme
787 1089 32 18 att
829 1093 38 14 an-

184 1122 47 20 visa
253 1122 81 27 nödiga
354 1122 74 25 medel,
444 1121 38 22 och
498 1121 65 22 hvars
578 1122 29 27 af
620 1121 124 21 Ständerna
759 1121 62 20 valde
835 1121 33 20 in-

185 1155 118 28 nehafvare
322 1155 74 26 skulle,
412 1156 47 21 med
474 1156 131 28 åtnjutande
619 1155 143 28 öfverhufvud
777 1155 30 27 af
818 1161 50 14 ena-

184 1189 74 22 handa
280 1190 134 28 rättigheter,
429 1197 44 14 som
490 1190 119 21 tillkomma
623 1190 152 21 Prokuratorn
791 1189 8 20 i
814 1188 54 28 Kej-

184 1224 82 27 serliga
282 1224 92 21 Senaten
384 1224 42 27 för
440 1224 105 26 Finland,
561 1225 14 20 å
591 1224 135 21 Ständernas
742 1225 84 26 vägnar
836 1225 33 18 ut-

184 1258 53 27 öfva
261 1259 97 20 inseende
380 1259 59 26 öfver
462 1259 177 27 handhafvandet
659 1258 30 27 af
706 1258 83 21 landets
805 1257 64 27 lagar

186 1295 55 18 samt
256 1299 53 14 vara
324 1293 85 28 skyldig
425 1295 32 18 att
468 1300 33 13 om
511 1294 35 19 sin
557 1293 132 20 verksamhet
697 1293 91 20 emellan
797 1291 71 21 landt-

185 1327 98 26 dagarne
299 1327 34 20 till
349 1327 124 20 Ständerna
488 1326 87 29 afgifva
591 1327 117 25 berättelse,
723 1333 54 18 men,
793 1325 56 28 sjelf
861 1325 8 20 i

184 1361 36 20 sin
240 1360 209 21 embetsverksamhet
465 1361 102 27 fritagen
580 1361 58 26 från
653 1367 25 14 en
694 1361 13 20 å
722 1360 146 27 Regeringens

184 1397 86 25 vägnar
284 1394 91 28 utöfvad
385 1395 101 25 kontroll,
498 1395 45 20 icke
553 1402 40 20 ega
604 1394 123 28 befogenhet
738 1396 32 19 att
780 1393 89 21 sträcka

184 1429 39 20 sitt
238 1429 100 20 inseende
353 1429 35 20 till
404 1429 238 27 Generalgavernörens
658 1428 38 21 och
706 1427 163 22 Prokuratorns

185 1465 62 21 samt,
255 1463 12 20 i
277 1463 101 20 händelse
393 1463 64 20 Hans
473 1462 126 28 Kejserliga
613 1463 104 27 Majestät
732 1462 69 20 skulle
813 1462 8 19 i
831 1461 38 21 nå-
