1070 1739
225 134 34 27 206

261 208 189 27 Undanrödjandet
465 209 23 20 af
499 209 138 20 förenämnde
649 209 134 27 betungande
794 209 69 21 vilkor
873 208 67 21 skulle

193 243 67 26 enligt
282 243 110 20 utskottets
418 243 56 27 äsigt
488 244 7 19 i
510 243 48 21 icke
578 244 61 27 ringa
659 244 49 20 män
724 243 97 21 befordra
833 245 108 25 jernvägs-

192 277 152 27 byggnaderna
360 278 38 20 och
415 278 61 20 ställa
486 279 75 26 sjelfva
572 278 108 27 företagen
693 278 27 27 pä
730 285 26 13 en
768 279 89 20 solidare
868 278 72 27 grund.

192 312 48 20 Med
257 312 157 21 äterhemtande
430 313 24 20 af
467 313 55 20 hvad
541 313 109 20 ofvanföre
666 313 71 20 blifvit
752 313 83 20 anfördt
849 313 32 20 får
896 313 44 20 All-

193 349 77 18 männa
285 347 192 20 Besvärsutskottet
491 347 83 20 derföre
589 348 107 19 vördsamt
712 347 84 20 föreslå:

328 395 32 18 att
377 392 125 22 Ständerna
517 393 50 21 ville
577 393 54 28 ingä
642 393 34 21 till
687 392 65 21 Hans
762 392 125 29 Kejserliga
895 392 46 21 Ma-

255 427 70 27 jestät
339 427 48 21 med
400 428 139 27 underdänig
549 428 113 24 anhållan,
674 430 34 18 att
718 427 123 27 lagförslag
848 427 95 21 rörande

260 461 25 21 de
304 462 150 27 grundvilkor,
475 462 123 21 hvarunder
613 462 125 21 koncession
752 462 35 20 mä
803 461 90 28 beviljas
907 468 35 14 en-

259 496 69 21 skilde
344 503 106 21 personer
468 497 52 21 eller
535 496 63 28 bolag
613 499 33 18 att
661 497 9 20 i
684 496 99 21 Finland
798 496 69 28 bygga
878 496 64 28 jern-

259 533 47 25 väg,
329 530 68 28 blefve
412 531 9 21 i
436 530 41 22 här
499 531 66 27 ofvan
584 531 92 21 nämndt
694 530 57 28 syfte
765 530 125 22 utarbetadt
905 530 35 21 och

258 566 38 20 vid
318 565 175 21 nästkommande
513 566 106 28 landtdag
637 567 9 19 i
660 566 103 27 afseende
777 566 14 20 å
805 565 136 28 granskning

259 600 39 21 och
313 600 124 28 antagande
454 600 124 21 Ständerna
588 600 123 28 förelagdt.

258 646 139 28 Helsingfors,
413 647 39 20 den
472 648 23 19 18
511 647 55 19 Mars
583 647 60 20 1872.

395 744 116 20 Finlands
529 744 113 20 Ständers
661 744 164 26 underdåniga
839 744 101 26 petition

326 785 30 14 om
377 779 32 26 lag
428 779 98 26 angående
544 779 95 25 vilkoren,
658 778 111 21 hvarunder
783 778 113 21 koncession
911 778 30 20 för

326 813 87 21 enskilde
428 819 93 21 personer
535 814 50 20 eller
599 813 57 27 bolag
670 814 30 20 att
709 813 8 20 i
728 812 76 21 Finland
819 812 60 27 bygga
885 813 55 26 jern-

325 848 35 26 väg
374 847 38 21 kan
428 847 22 21 af
461 848 120 26 Regeringen
596 848 103 20 meddelas.

190 911 208 26 Stormäktigste,
411 910 194 28 Allernädigste
619 911 107 26 Kejsare
740 910 39 21 och
793 910 146 21 Storfurste!

258 968 41 20 Vid
314 968 144 20 innevarande
475 968 100 26 landtdag
590 967 62 20 hafva
664 970 80 17 tvenne
754 968 185 26 petitionsförslag,

191 1003 35 20 det
242 1009 40 14 ena
297 1003 56 19 inom
369 1001 156 28 Ridderskapet
540 1002 40 20 och
596 1001 75 26 Adeln,
689 1001 37 20 det
740 1002 65 20 andra
820 1002 56 20 inom
888 1002 50 19 Bor-

191 1037 142 27 gareständet,
356 1036 69 21 blifvit
448 1036 136 25 framställda,
606 1036 29 20 uti
656 1036 75 20 hvilka
750 1036 26 27 pä
791 1036 88 20 anförda
894 1036 44 20 skäl

190 1071 102 24 anhälles,
314 1073 30 18 att
367 1070 118 21 Ständerna
504 1070 64 21 måtte
587 1070 49 27 ingå
650 1071 32 19 till
698 1070 79 20 Eders
793 1070 146 27 Kejserliga

190 1106 120 26 Majestät
325 1105 47 20 med
388 1105 132 26 underdänig
535 1105 89 26 petition
640 1111 33 14 om
690 1106 32 18 att
737 1107 29 18 ett
780 1105 121 27 lagförslag,
916 1105 23 20 sä

190 1140 40 20 fort
253 1140 33 27 sig
308 1142 51 25 göra
380 1139 61 24 läter,
465 1139 63 20 mätte
550 1139 118 20 Ständerna
688 1139 120 26 föreläggas
828 1139 110 27 angäende

189 1174 166 27 grundvilkoren
371 1174 34 20 vid
422 1173 160 21 koncessioners
598 1173 122 26 beviljande
736 1173 31 20 för
778 1173 97 20 enskilda
882 1174 56 25 jern-

188 1209 134 26 vägsföretag
338 1209 7 19 i
360 1208 97 20 Finland.

256 1243 43 20 Vid
321 1242 188 27 handläggningen
529 1242 22 20 af
569 1242 57 20 detta
645 1241 81 21 ärende
744 1241 63 20 hafva
821 1241 119 21 Ständerna

189 1278 68 19 funnit
280 1278 73 25 nyttan
373 1277 39 20 och
433 1276 156 27 behöfligheten
609 1276 23 20 af
645 1283 26 13 en
688 1276 65 20 sådan
770 1276 46 20 utaf
828 1276 110 26 petitionä-

188 1319 62 13 rerne
273 1311 74 20 afsedd
370 1311 41 26 lag.
442 1311 45 20 Den
507 1310 126 26 erfarenhet,
653 1317 45 14 som
721 1311 82 19 vunnits
819 1317 77 20 genom
913 1310 25 20 de

188 1346 74 20 hittills
281 1345 89 21 ansökta
385 1345 39 20 och
440 1345 105 26 beviljade
560 1345 182 20 koncessionerna
756 1345 31 19 till
800 1345 137 26 jernvägsan-

188 1380 132 27 läggningar,
336 1386 63 20 synes
415 1379 124 27 tillräckligt
554 1379 42 20 tala
610 1379 32 20 för
658 1386 26 13 en
701 1379 65 20 sädan
777 1379 34 26 lag
822 1380 54 18 samt
886 1381 51 24 göra

188 1414 40 20 den
248 1414 112 20 önskvärd.
390 1413 33 20 Då
438 1413 36 20 det
488 1413 65 20 sedan
569 1413 105 27 uråldriga
691 1413 55 20 tider
762 1413 121 20 tillkommit
898 1413 38 20 och

187 1451 57 17 ännu
263 1448 130 20 tillkommer
413 1448 35 20 det
466 1447 67 20 finska
547 1447 67 20 folket
628 1449 36 24 att,
680 1447 70 20 såsom
765 1447 171 27 Byggningabal-

186 1482 43 20 ken
244 1482 7 20 i
269 1482 53 20 1734
342 1481 34 20 års
394 1482 35 26 lag
447 1484 96 18 närmare
559 1482 152 26 ädagalägger,
728 1481 83 27 deltaga
826 1481 7 19 i
848 1480 88 28 lagstift-
