1070 1739
397 410 118 20 Allmänna
533 410 245 21 Besvårs-utskottets
793 410 147 20 betänkande

331 444 31 21 N:o
372 444 19 26 3,
402 444 6 20 i
418 444 105 26 anledning
530 444 22 20 af
557 450 24 14 en
589 444 51 20 inom
648 444 141 20 Bondeståndet
797 444 55 20 väckt
860 444 79 26 petition

329 484 31 14 om
375 478 117 20 förändrade
503 478 86 26 grunder
603 478 30 21 för
648 478 292 26 räntepersedleomsättningen.

247 541 9 19 I
272 542 30 18 ett
317 541 31 19 till
364 541 36 19 det
416 541 129 19 hedervärda
557 541 158 19 Bondeständet
731 541 90 26 ingifvet
832 541 107 19 memorial

191 574 37 20 har
244 574 205 27 landtdagsmannen
466 575 118 19 Pettersson
600 575 89 19 anhällit
704 576 30 18 att
750 575 81 19 ständet
848 575 48 19 ville
908 575 31 19 sä-

190 615 44 13 som
251 609 31 19 sin
298 611 77 24 antaga
390 616 26 13 en
433 609 131 26 underdänig
580 609 88 26 petition
685 609 6 19 i
707 609 35 20 det
758 609 61 26 syfte,
834 611 32 18 att
876 608 64 21 Hans

190 642 124 28 Kejserliga
330 642 104 28 Majestät
451 644 7 19 i
473 642 75 21 Näder
567 642 79 21 täcktes
661 642 71 21 under
747 644 60 19 ännu
819 642 121 28 pästäende

190 676 108 27 landtdag
315 676 42 27 för
382 676 106 21 Finlands
513 676 94 21 Ständer
623 676 132 28 framlägga
770 683 25 14 en
811 677 8 20 i
833 676 106 27 öfverens-

188 710 121 21 stämmelse
328 711 47 20 med
392 710 56 21 hvad
467 712 56 19 1868
537 711 38 20 års
590 710 132 21 komiterade
738 711 7 19 i
760 712 71 19 ämnet
841 710 98 28 föresla-

188 745 34 26 git
236 744 96 27 afattad
352 745 138 27 proposition
513 745 34 20 till
565 744 141 28 författning
728 745 112 27 angående
859 744 80 28 förän-

190 778 69 21 drade
274 778 96 28 grunder
380 778 42 27 för
437 779 327 27 räntepersedleomsättningen,
781 779 53 21 dock
844 779 94 21 sälunda

188 815 33 18 att
236 812 72 21 denna
318 812 140 28 författning
475 812 42 21 icke
533 812 69 21 skulle
613 813 65 20 träda
695 813 7 20 i
718 812 161 28 verkställighet
885 812 54 28 förr

188 848 30 19 än
234 846 55 25 efter
305 848 57 19 vissa
382 847 32 25 år,
428 848 31 26 pä
479 847 34 21 det
533 845 126 23 statsverket
682 846 29 21 då
734 847 34 20 mä
791 854 54 13 vara
868 846 70 21 beredt

185 881 32 27 pä
233 881 41 20 den
294 881 135 27 inträffande
453 881 152 27 minskningen
620 882 8 19 i
643 881 122 21 inkomster.
796 882 74 19 Denna
885 882 53 25 peti-

189 916 43 19 tion
257 916 37 19 har
316 915 158 20 Bondeständet
497 915 88 20 medelst
608 915 191 27 proutokollsutdrag
819 916 23 18 af
855 915 40 20 den
911 915 26 20 23

189 949 96 20 sistlidne
301 949 100 20 Februari
417 950 115 19 remitterat
547 950 31 19 till
595 950 114 19 Allmänna
724 950 196 19 Besvärsutskottet.

258 983 107 20 Utskottet
382 983 36 20 har
433 984 7 19 i
456 983 114 26 anledning
591 983 60 20 häraf
672 984 38 19 hos
733 983 118 26 Kejserliga
873 983 63 20 Sena-

189 1019 45 18 tens
250 1017 127 20 ordförande
393 1017 88 20 anhällit
496 1024 32 13 om
545 1017 178 20 utbekommande
738 1017 57 20 säväl
811 1017 24 20 af
847 1017 36 20 det
898 1017 39 20 för-

188 1051 45 26 slag
248 1051 6 19 i
271 1053 75 23 ämnet,
366 1057 44 14 som
432 1051 26 20 de
477 1051 22 20 år
519 1052 53 19 1868
589 1052 85 19 tillsatte
690 1051 141 20 komitterade
849 1051 89 26 afpifvit,

188 1091 44 14 som
249 1085 62 20 äfven
326 1085 24 20 af
364 1085 68 27 öfriga
448 1086 33 19 vid
497 1086 98 19 ärendets
611 1086 118 26 beredning
745 1086 6 19 i
767 1085 119 27 Kejserliga
901 1085 35 20 Se-

188 1121 62 18 naten
272 1119 110 20 tillkomna
402 1120 131 26 handlingar.
564 1120 29 19 Ur
612 1120 61 19 dessa
692 1120 84 25 intages
791 1119 38 20 här
844 1120 93 26 följande

187 1153 89 20 historik
292 1153 58 20 öfver
366 1153 83 26 frägan:

256 1187 82 20 Genom
354 1187 84 26 Nädiga
454 1187 119 20 Manifestet
587 1187 23 20 af
623 1187 40 20 den
680 1187 12 20 9
709 1187 60 26 April
789 1188 53 19 1840
858 1188 78 20 förord-

188 1221 64 20 nades
268 1223 31 18 att
313 1221 143 26 grundräntan
473 1221 67 20 skulle
557 1221 103 21 beräknas
676 1222 54 19 efter
740 1223 29 18 ett
779 1221 87 20 allmänt
881 1222 56 20 skat-

187 1255 49 19 tetal
252 1255 82 26 rubeln,
349 1255 118 26 hvarjemte
482 1255 69 20 tillika
569 1262 25 13 en
614 1255 54 20 enda
688 1255 248 28 persedelundervisning

187 1289 31 19 för
234 1289 49 19 hela
298 1289 70 19 landet
380 1289 48 20 med
441 1289 105 27 undantag
562 1289 23 20 af
598 1289 100 27 Wiborgs
714 1289 34 20 län
765 1289 39 20 och
820 1290 44 20 före
880 1290 58 20 detta

186 1322 85 20 Torneå
294 1322 64 20 härad
382 1323 23 20 af
430 1323 115 26 Uleåborgs
565 1323 33 20 län
618 1323 100 20 infördes.
753 1323 183 21 Persedleomsätt-

186 1356 79 26 ningen
282 1355 44 20 blef
339 1356 95 29 grundgd
450 1357 28 26 på
492 1357 118 26 beräkning
624 1357 23 20 af
661 1357 228 27 medelmarkegången
905 1358 32 20 för

185 1390 27 19 de
228 1389 127 27 föregående
375 1390 77 26 fjorton
473 1391 49 20 åren
545 1391 146 25 1825—1839,
710 1391 39 20 och
765 1393 73 18 räntan
855 1392 31 19 för
901 1392 36 20 det

185 1424 89 20 sålunda
292 1424 7 19 i
319 1424 59 20 rubel
399 1425 108 20 bestämda
526 1425 120 20 skattetalet
665 1425 120 20 fördelades
806 1425 66 20 under
894 1426 41 20 fem

185 1457 99 20 särskilta
299 1457 103 27 rubriker,
418 1459 115 26 nemligen:
549 1459 117 26 spannmål,
684 1459 80 19 hälften
780 1459 38 26 råg
833 1459 39 19 och
884 1460 51 20 hälf-
