1070 1739
235 145 23 17 50

203 209 75 26 seghet
303 209 107 20 bibehållit
432 209 31 26 sig
479 209 29 19 uti
525 216 25 12 nu
567 209 161 26 ifrågavarande
745 208 67 27 punkt
827 208 23 20 af
864 207 85 20 Ridder-

202 242 77 27 skapet
301 243 38 20 och
364 243 78 20 Adelns
463 243 128 26 privilegier,
612 246 23 17 är
655 243 123 26 visserligen
799 242 110 20 inskränkt
930 242 19 25 ej

202 277 81 20 mindre
299 283 75 21 genom
390 278 26 19 de
428 278 37 19 der
477 278 124 19 meddelade
612 277 166 26 föreskrifterna,
789 279 30 18 att
830 277 40 20 den
881 276 67 20 adels-

202 318 47 13 man
266 311 107 26 medgifna
388 312 126 27 rättigheten
531 312 31 20 till
579 312 125 27 utpantning
720 311 37 20 hos
774 311 47 20 dess
833 311 116 19 frälsebön-

202 346 37 19 der
255 345 37 20 bör
308 346 96 20 förrättas
419 347 23 19 af
456 346 34 20 två
505 347 92 26 ojäfvige
614 346 139 19 nämndemän
770 345 39 20 och
827 351 49 14 vara
887 351 60 20 grun-

201 380 40 20 dad
258 380 12 19 å
286 380 86 27 ostridig
388 381 84 19 fordran
488 381 23 19 af
525 381 41 19 viss
583 380 153 25 beskaffenhet,
752 381 53 18 samt
819 381 30 18 att
865 379 83 26 landbo,

201 421 44 13 som
270 415 104 19 förmenar
396 415 32 25 sig
449 421 50 13 vara
518 421 75 20 genom
613 414 63 20 sådan
694 414 117 26 utmätning
827 413 121 25 förorättad,

202 454 50 20 eger
273 450 41 18 rätt
333 450 29 18 att
377 448 7 19 i
400 448 48 26 laga
463 448 90 26 ordning
568 448 52 20 söka
636 448 139 26 återvinning,
792 450 25 16 än
834 448 61 19 äfven
913 454 34 20 ge-

201 488 47 14 nom
269 482 40 20 den
325 482 5 20 i
347 482 75 26 Kongl.
439 482 83 20 Brefvet
539 482 39 20 den
595 482 23 20 21
636 482 50 20 Juni
704 482 53 19 1792
773 482 124 20 meddelade
913 482 34 20 he-

200 517 106 26 stämning
321 523 33 13 om
371 516 119 20 adelsmans
505 516 123 26 skyldighet
643 518 30 18 att
689 516 45 20 föra
750 516 41 20 bok
807 516 39 20 och
857 516 91 26 räkning

200 550 60 20 öfver
276 550 74 27 dylika
365 550 118 27 fordringar
497 552 54 18 samt
565 552 37 24 att,
618 550 34 20 vid
669 550 59 26 fråga
739 556 33 14 om
784 550 68 20 bättre
864 553 41 17 rätt
915 551 32 19 för

200 584 81 20 kronan
298 585 50 20 eller
364 585 158 26 adelsmannen,
538 584 72 27 styrka
625 584 31 20 sin
669 584 94 20 fordrans
776 584 106 26 riktighet.
899 585 47 19 Men

199 618 75 20 sådant
294 619 86 20 oaktadt
399 619 94 26 qvarstår
513 619 66 19 likväl
595 618 67 20 såsom
679 625 26 13 en
721 618 102 20 afvikelse
839 618 53 20 ifrån
908 619 38 20 all-

200 655 47 17 män
272 653 41 27 lag,
335 655 31 18 att
389 653 162 20 adelsmannens
571 652 160 27 ifrågavarande
748 653 83 19 fordran
848 653 47 20 icke
911 653 35 20 be-

199 686 75 21 höfver
290 688 43 19 före
349 688 145 26 utmätningen
511 688 94 19 utdömas
620 688 40 19 och
676 688 19 25 ej
712 687 65 20 heller
793 688 6 19 i
815 688 70 26 vanlig
899 688 46 20 ord-

199 720 51 27 ning
273 720 21 20 af
313 721 158 21 vederbörande
492 722 102 20 exekutor
610 724 91 24 uttagas;
718 721 81 20 hvilket
814 722 132 26 naturligtvis

200 754 40 20 kan
264 755 58 26 gifva
344 756 116 26 anledning
480 756 31 19 till
531 762 43 14 mer
595 756 50 19 eller
661 755 81 20 mindre
758 755 60 20 svåra
835 756 110 26 missbruk,

199 789 26 19 de
242 789 36 19 der
294 789 47 20 icke
356 790 59 20 alltid
432 790 71 20 kunna
518 790 113 26 godtgöras
646 796 76 20 genom
734 790 159 20 frälsebondens
904 793 40 17 rät-

198 823 68 27 tighet
281 826 30 17 att
325 824 38 20 hos
379 824 89 20 domstol
484 824 51 20 söka
551 824 138 26 återvinning.

267 858 163 26 Upphäfvandet
445 858 22 20 af
480 858 41 20 den
536 858 7 19 i
559 858 55 20 förra
630 858 61 20 delen
708 858 22 19 af
744 858 24 20 18
780 858 93 26 punkten
884 860 7 18 i
902 859 42 20 Ad-

198 891 42 26 liga
263 891 151 27 privilegierna
438 892 107 27 medgifna
565 892 203 27 utpantningsrätten
789 892 65 20 borde
873 893 72 25 också,

198 924 66 27 enligt
280 925 128 21 Ständernas
424 926 71 26 tanke,
510 926 47 20 icke
573 926 71 20 kunna
662 926 94 20 medföra
772 926 69 27 någon
857 933 87 20 synner-

196 958 29 26 lig
241 959 113 26 olägenhet
370 960 31 19 för
417 960 25 19 de
453 960 111 26 jordegare
577 960 61 19 bland
651 959 155 26 Ridderskapet
817 961 39 19 och
869 961 75 26 Adeln,

196 999 44 13 som
258 993 62 20 hafva
336 994 159 26 underlydande
507 993 151 26 frälsebönder,
670 994 89 19 emedan
772 994 95 20 bemälde
879 995 63 20 Stånd

196 1027 6 18 i
218 1027 52 20 sista
293 1034 61 18 mom.
374 1028 23 19 af
415 1035 78 12 samma
509 1027 66 26 punkt
591 1028 5 19 i
613 1028 151 26 privilegierna
780 1028 37 19 har
832 1029 32 26 sig
880 1029 62 20 tiller-

196 1060 55 20 känd
276 1068 25 13 en
322 1061 113 28 ovilkorlig
454 1061 132 20 förmånsrätt
602 1062 85 19 framför
704 1062 177 26 oprivilegierade
898 1063 45 20 kre-

195 1095 79 20 ditorer
297 1095 29 20 till
350 1096 183 19 frälseböndernes
553 1096 102 26 egendom
677 1096 31 19 för
724 1095 79 20 sådana
819 1096 123 27 fordringar,

194 1135 44 13 som
265 1129 71 20 kunna
359 1130 57 26 gifva
438 1130 114 26 anledning
575 1130 30 19 till
628 1130 217 26 utpantningsrättens
866 1130 76 27 begag-

195 1163 75 25 nande,
291 1166 53 17 samt
364 1164 36 19 det
418 1171 26 12 nu
460 1163 47 20 icke
523 1167 22 16 är
560 1163 59 27 fråga
634 1170 33 13 om
685 1163 148 27 upphäfvande
849 1164 23 19 af
885 1164 57 20 detta

195 1199 99 18 moment.

262 1231 30 20 På
304 1231 60 20 dessa
380 1231 45 20 skäl
443 1232 20 19 få
478 1231 123 26 Ständerna,
614 1232 66 25 jemte
696 1231 132 26 underdänig
843 1233 97 19 anmälan

193 1266 30 18 att
240 1265 155 26 Ridderskapet
410 1266 39 19 och
465 1265 68 20 Adeln
551 1266 100 19 förklarat
666 1266 32 26 sig
716 1266 137 26 beredvillige
869 1269 30 17 att
912 1267 28 19 af-

192 1299 32 18 stå
240 1299 45 19 från
303 1299 39 19 den
358 1306 80 13 samma
454 1299 71 26 Stånd,
539 1300 83 25 jemlikt
638 1301 26 18 18
680 1300 93 26 punkten
789 1301 6 18 i
807 1300 78 26 Adliga
901 1301 39 25 pri-

195 1332 116 27 vilegierna
334 1334 23 19 af
378 1334 40 19 den
447 1335 22 18 16
489 1334 94 20 Oktober
605 1334 59 25 1723,
682 1341 27 12 nu
726 1334 159 20 tillkommande
903 1337 36 17 rätt

194 1367 30 18 till
249 1368 124 25 utpantning
397 1368 37 19 hos
457 1369 46 18 dess
525 1368 149 26 frälsebönder,
692 1369 5 18 i
715 1368 168 27 underdänighet
907 1376 34 13 an-

193 1399 68 20 hålla:
