1070 1739
199 122 21 17 72

166 184 61 20 deras
248 183 62 27 skatt,
326 191 47 14 som
396 184 161 27 ursprungligen
579 184 69 20 blifvit
667 184 54 29 äsatt
737 184 48 20 med
803 183 117 26 beräkning

166 218 23 21 af
202 220 30 19 ett
248 219 51 20 visst
315 219 150 25 mäldomräde,
481 219 40 19 blir
536 219 6 19 i
559 219 121 26 proportion
697 219 115 20 reducerad
828 213 48 26 utan
893 217 25 20 de

167 253 53 26 dyra
235 253 115 27 omgängar
366 253 32 20 för
413 259 153 20 gvarnegaren,
583 259 43 14 som
644 253 198 26 skatteförmedling
854 252 66 26 enligt

167 287 99 26 gällande
282 287 148 27 författningar
446 287 39 20 och
502 287 71 26 praxis
589 287 92 26 medför:

239 323 54 18 samt
307 323 30 18 att
352 321 36 20 det
404 322 28 19 uti
448 321 101 27 ekogrika
565 321 87 26 trakter,
668 321 38 20 der
722 321 51 27 berg
785 321 39 20 och
840 323 79 18 vatten-

168 355 36 20 fall
220 355 48 20 icke
284 355 72 26 finnas,
376 358 48 17 utan
446 355 72 20 tvifvel
539 362 51 13 vore
613 356 23 19 af
656 362 56 20 gagn
736 357 30 18 att
789 355 132 26 änggvarnar

169 389 70 20 blefve
254 389 111 26 inrättade,
383 395 45 15 men
446 393 32 17 om
496 389 71 20 dessas
587 390 125 25 rättigheter
736 389 39 20 och
799 389 122 26 skyldighe-

169 426 37 23 ter,
223 423 35 20 vid
275 425 133 25 upptagande
424 425 24 19 af
465 424 130 20 fremmande
616 424 63 25 mäld,
700 423 75 20 liksom
797 423 39 20 ock
858 423 63 26 angä-

170 458 54 19 ende
240 464 96 20 gvarnar,
352 464 44 14 som
412 458 107 20 bedrifvas
535 458 47 20 med
599 458 109 26 hästkraft,
732 458 41 20 alla
796 457 124 27 lagbestäm-

171 492 74 26 ningar
270 492 83 26 saknas,
377 492 62 28 hafva
464 492 119 21 Ständerna
607 494 69 18 ansett
698 492 32 26 sig
754 491 50 21 böra
826 498 44 13 som
894 493 30 18 ett

170 526 158 27 önskningsmäl
345 527 37 20 hos
398 527 79 20 Eders
501 527 148 27 Kejserliga.
671 527 120 25 Majestät
807 525 114 21 framställa

170 561 147 26 aflägsnandet
332 561 22 20 af
369 561 25 20 de
410 562 145 26 olägenheter,
571 568 44 13 som
636 561 62 27 gifvit
713 560 115 26 anledning
844 560 31 19 till
891 560 28 19 of-

171 595 129 20 vananförde
316 597 77 18 tvenne
410 596 179 26 petitionsförslag
608 596 38 20 och
663 595 21 20 få
699 595 82 19 derföre
798 595 6 19 i
820 594 101 20 underdä-

171 629 73 27 nighet
260 630 38 20 hos
313 630 78 20 Eders
407 630 146 27 Kejserliga
568 630 118 26 Majestät
702 629 95 25 anhälla;

310 666 32 18 att
357 670 26 14 en
398 664 94 21 revision
507 664 29 27 af
546 664 105 28 gällande
664 663 138 28 stadganden
813 663 109 27 angående

239 698 149 28 mjölgvarnar
403 698 39 21 och
457 698 124 27 stampverk
597 697 67 26 blefve
679 697 102 28 vidtagen
794 697 7 20 i
811 697 35 21 det
861 696 62 28 syfte,

240 734 33 18 att
288 732 26 20 de
330 733 120 27 omgängar
472 732 37 21 och
533 732 131 21 kostsamma
679 731 178 28 förrättningar,
879 738 44 14 som

240 772 30 14 nu
286 766 114 27 erfordras
410 766 43 27 för
468 768 33 19 att
521 766 119 28 berättigas
659 766 35 20 till
713 765 76 28 dylika
808 765 59 21 verks
886 772 38 14 an-

241 800 106 28 läggning
367 800 38 21 och
423 800 38 26 för
481 803 32 18 att
533 800 29 28 få
587 800 106 21 desamme
718 799 125 28 skattlagda
868 802 55 18 samt

241 834 8 20 i
264 834 115 28 synnerhet
389 834 41 27 för
446 837 32 18 att
493 834 85 21 erhälla
593 834 135 28 förmedling
743 834 29 27 af
783 834 68 20 redan
866 834 57 20 äsatt

241 868 133 28 gvarnskatt,
391 869 67 27 blefve
469 870 8 19 i
487 869 122 27 möjligaste
623 869 67 20 mätto
702 868 141 26 förenklade,
855 868 71 27 jemte

242 902 35 20 det
293 902 148 28 erforderliga
452 902 144 28 föreskrifter
610 902 70 21 skulle
692 902 111 20 meddelas
813 902 111 27 angäende

242 937 138 27 anläggning
395 937 37 20 och
448 937 165 27 skattläggning
628 936 30 28 af
669 942 102 22 gvarnar,
787 942 44 14 som
847 935 77 28 begag-

242 977 28 14 na
286 977 76 14 annan
378 971 111 27 drifkraft
505 973 29 18 än
549 971 45 27 luft
610 971 37 20 och
662 972 79 19 vatten.

242 1017 100 20 Finlands
358 1017 89 20 Ständer
463 1017 120 20 framhärda
598 1020 39 18 etc.

242 1057 138 27 Helsingfors,
396 1057 41 20 den
454 1058 11 19 9
481 1057 58 26 April
558 1058 60 19 1872.
