1070 1739
805 149 33 18 165

121 213 32 20 för
168 220 26 13 en
210 219 45 14 som
271 212 117 20 utkommer
404 212 13 20 3
433 212 51 20 eller
499 212 51 20 flere
566 213 88 26 gånger.
684 212 137 21 Oberäknadt
831 211 41 22 den

122 247 108 26 ojemnhet
244 247 6 19 i
267 246 278 27 betalningsskyldigheten,
566 246 23 20 så
607 247 31 19 till
659 247 49 19 vida
725 248 31 18 att
770 247 33 19 för
818 253 26 13 en
860 247 11 19 3

123 280 80 27 gånger
219 281 5 18 i
241 280 81 20 veckan
338 280 152 20 utkommande
507 281 82 26 tidning
606 280 66 20 måste
685 280 80 20 betalas
781 280 21 19 åt
817 283 55 23 post-

124 317 118 17 mästarena
257 314 44 19 lika
317 314 91 27 mycket,
424 321 44 13 som
485 315 32 19 för
533 321 25 13 en
575 321 45 13 som
632 314 118 20 utkommer
765 315 11 18 7
793 314 80 26 gånger

126 361 22 2 —
166 349 137 26 hvarigenom
322 349 70 19 denna
412 348 108 27 betalning
539 348 91 28 drabbar
649 355 26 13 en
691 348 61 26 billig
767 348 39 19 och
823 348 50 19 liten

124 382 82 26 tidning
220 382 7 19 i
243 384 66 18 större
324 383 122 25 proportion
462 383 6 18 i
485 382 131 20 förhållande
636 382 30 19 till
683 382 190 26 prenumerations-

125 416 65 26 priset
208 419 26 16 än
253 423 26 12 en
299 416 39 26 dyr
358 416 38 19 och
412 418 43 17 stor
471 416 67 19 tidning
572 428 22 2 —
612 415 23 20 så
651 415 37 20 har
703 415 79 26 följden
800 415 74 25 blifvit,

125 452 30 17 att
170 450 29 19 uti
215 449 45 20 vårt
275 449 47 20 land
340 449 66 20 finnas
421 419 129 61 tidningsbla
589 449 53 20 ifrän
663 449 83 19 hvilkas
764 455 109 20 prenume-

125 484 123 25 rationspris
270 483 49 26 afgä
342 483 26 19 34
388 484 23 25 ja
434 483 30 19 till
488 483 40 19 och
551 483 47 19 med
618 483 54 26 35'j,
689 490 55 19 proc.
774 483 64 20 Detta
852 486 23 16 är

126 518 113 26 onekligen
256 519 30 18 att
300 523 61 13 anses
376 517 69 20 såsom
461 523 25 13 en
503 517 70 19 alltför
587 517 125 27 öfverflödig
723 518 96 25 kostnad,
831 524 44 13 som

127 554 60 23 utgör
202 554 30 17 ett
248 551 103 26 betydligt
366 551 75 20 hinder
461 551 30 19 för
512 551 144 27 tidningarnes
676 552 139 26 redigerande
836 551 39 20 och

126 586 7 19 i
149 586 39 19 och
205 585 46 20 med
268 585 116 20 detsamma
399 586 32 19 för
446 585 61 20 deras
523 585 103 20 inverkan
642 586 27 25 pä
684 586 149 19 allmänheten.

195 620 29 19 Pä
239 620 66 26 grund
322 620 22 19 af
358 619 37 20 allt
414 619 57 20 detta
490 619 21 20 fä
534 620 20 18 vi
576 619 91 26 anhälla,
690 621 30 18 att
741 619 136 20 Hedervärda

128 653 158 21 Bondeständet
308 653 63 20 måtte
394 653 74 20 förena
490 654 33 24 sig
546 654 46 19 med
616 660 34 13 oss
665 653 6 20 i
688 660 25 13 en
736 654 89 26 petition
845 653 31 19 till

128 688 57 20 Hans
201 688 118 26 Kejserliga
334 688 103 25 Majestät,
453 687 36 20 vår
505 687 87 21 älskade
608 688 118 25 Storfurste,
742 688 43 19 ”att
800 688 76 20 tidnin-

129 729 64 20 garne
209 722 45 20 helt
269 722 38 20 och
324 722 64 19 hållet
405 720 79 21 befrias
503 721 53 20 ifrån
577 722 192 19 ofvanomnämnda
786 724 90 24 postmä-

129 756 151 25 stare-arvode,
303 756 79 19 hvilket
404 756 104 19 törhända
531 756 70 19 kunde
626 756 50 26 utgå
698 756 54 20 ifrån
771 756 107 19 allmänna

129 790 128 24 statsmedel,
274 790 38 20 och
331 792 30 17 att
380 790 142 26 tidningarne,
545 789 67 21 såsom
636 790 62 26 förut,
716 790 68 20 skulle
808 789 70 20 betala

130 824 74 20 endast
224 824 26 20 de
269 824 81 20 kronan
369 824 32 19 för
420 824 163 26 postforslingen
603 824 160 20 tillkommande
781 824 24 20 15
821 829 57 21 proc.

129 859 23 19 af
165 858 71 26 hvarje
253 858 59 20 blads
327 858 244 26 prenumerationspris.”

198 898 138 26 Helsingfors,
352 898 41 20 den
411 898 24 19 19
452 898 99 20 Februari
569 898 60 19 1872.

130 959 72 22 Adam
217 959 123 22 Halkilaks.
370 959 26 21 B.
412 959 78 21 Niemi.
519 958 22 21 J.
557 959 117 28 Merenoja.
704 959 24 20 P.
740 957 139 22 Niskakoski.

404 998 85 21 Henrik
504 997 104 22 Isotalo.”
717 993 3 2 |

200 1096 37 20 Att
252 1095 242 26 tidningspressen
436 1089 12 36 i
459 1089 37 36 vår
510 1095 29 20 tid
555 1098 23 17 är
593 1101 26 14 en
636 1095 22 20 af
672 1095 26 20 de
713 1095 113 26 vigtigaste
837 1093 44 20 fak-

132 1133 56 18 torer
208 1131 31 18 för
259 1129 181 27 folkbildningens
460 1129 91 26 höjande
571 1129 109 20 äfvensom
699 1129 31 19 för
746 1129 40 19 den
803 1127 80 20 sociala

134 1164 149 26 utvecklingen
299 1163 145 26 öfverhufvud,
460 1163 60 20 torde
540 1169 86 14 numera
641 1169 51 14 vara
706 1169 26 13 en
748 1162 89 20 allmänt
851 1167 31 14 er-

134 1198 54 20 känd
205 1197 44 20 sak.
280 1197 9 20 1
305 1197 73 20 länder
395 1197 46 20 med
458 1197 125 26 bristfälliga
595 1197 143 19 institutioner
753 1196 32 19 för
801 1195 82 20 folkun-

134 1232 149 25 dervisningen
304 1233 60 24 utgör
383 1231 41 20 den
445 1231 121 25 periodiska
584 1237 86 20 pressen
686 1230 29 19 till
732 1230 39 19 och
787 1229 48 20 med
851 1229 32 20 till

134 1268 42 18 stor
192 1266 33 19 del
241 1272 25 13 en
284 1265 116 26 ersättning
417 1265 31 19 för
463 1265 108 20 saknaden
588 1265 22 19 af
624 1264 76 26 skolor,
716 1265 55 18 samt
786 1263 98 20 utbreder

135 1299 89 21 vetande
247 1299 39 20 och
310 1299 128 26 upplysning
465 1299 31 19 till
519 1298 165 26 samhällslager,
710 1297 73 20 hvilka
807 1302 78 14 annars

135 1334 59 19 stode
214 1333 128 26 fullkomligt
364 1333 131 20 fremmande
511 1333 31 19 för
558 1333 110 19 nationens
691 1332 67 25 högre
783 1329 102 27 bildning.

135 1365 105 22 Öfverallt
255 1367 37 20 hos
308 1367 26 20 de
350 1367 84 20 bildade
450 1367 72 20 folken
534 1367 39 19 har
588 1366 36 20 det
635 1365 82 20 derföre
728 1365 79 20 ansetts
818 1363 67 20 makt-

136 1401 132 26 påliggande,
292 1403 29 17 att
344 1403 68 17 staten
438 1407 77 20 genom
541 1401 45 18 sina
612 1399 110 26 offentliga
746 1397 141 26 inrättningar

136 1435 92 20 skänker
243 1441 85 20 pressen
345 1435 36 19 det
396 1434 114 20 understöd
526 1440 44 13 som
587 1433 111 25 erfordras,
714 1433 33 19 för
762 1434 30 17 att
803 1431 82 26 möjlig-

135 1472 51 24 göra
201 1475 27 13 en
246 1469 38 19 lätt
299 1469 39 19 och
355 1469 59 25 billig
430 1468 111 26 spridning
555 1468 24 19 af
594 1467 47 20 dess
656 1467 75 25 alster;
754 1466 39 20 och
809 1471 80 14 samma
