1070 1739
226 153 34 19 356

196 217 23 20 så
236 217 150 28 påträngande,
402 219 30 18 att
447 217 46 21 icke
510 218 73 27 frågan
600 218 70 20 derom
686 218 72 19 kunde
773 217 122 27 uppskjutas
910 217 31 19 till

197 254 59 18 nästa
277 252 107 27 landtdag,
408 252 26 20 då
454 259 45 14 man
521 253 59 20 torde
595 253 72 20 kunna
682 253 53 26 hysa
750 252 141 26 förhoppning
907 258 32 13 om

197 288 28 18 att
236 286 118 21 Ständerna
368 286 60 21 skola
443 287 20 20 få
478 287 82 20 tillfälle
576 289 29 18 att
620 288 6 19 i
643 287 115 20 allmänhet
771 288 57 25 yttra
838 287 31 26 sig
880 286 6 19 i
898 289 41 17 äm-

196 323 42 18 net.
267 321 10 20 I
292 321 214 21 öfverensstämraelse
527 322 85 20 härmed
632 322 38 20 och
688 321 46 20 med
752 321 35 20 det
801 327 44 14 som
862 320 77 21 utskot-

196 357 30 19 tet
244 356 64 20 redan
324 355 55 20 förut
393 356 80 26 uttalat,
489 356 38 20 har
542 356 116 21 detsamma
674 355 101 27 enhälligt
791 355 93 27 godkänt
899 355 40 20 den

196 391 23 20 af
235 392 172 23 representanten
423 390 31 20 för
469 391 73 20 staden
558 391 83 26 Nyslott
656 390 92 20 uttalade
764 389 80 20 önskan
860 395 34 14 om
911 389 29 20 bi-

196 425 134 19 behållandet
344 423 24 21 af
381 425 65 27 högre
459 425 191 20 elementarskolan
662 424 113 24 derstädes,
788 424 85 20 hvilken
885 424 54 19 skol-

196 455 113 31 styrelsens
331 459 125 20 ordförande
475 461 67 18 ansett
563 459 51 20 böra
631 459 105 27 indragas,
752 460 49 18 utan
817 460 30 18 att
862 458 77 20 utskot-

195 496 31 18 tet
244 493 65 20 likväl
328 493 57 21 velat
403 494 49 26 ingå
466 494 27 26 på
508 494 65 27 några
590 494 156 26 bestämningar
760 493 89 20 rörande
864 492 74 20 under-

196 528 181 27 visningsspråket
387 528 7 20 i
404 528 127 26 densamma,
547 529 52 20 eller
609 528 27 27 på
645 528 143 28 upptagandet
800 528 23 19 af
832 527 35 20 det
877 534 62 14 even-

196 562 65 21 tuella
282 562 100 27 förslaget
404 569 34 13 om
459 563 119 20 inrättande
597 564 23 19 af
638 570 26 14 en
679 562 114 27 fyrklassig
808 562 110 26 realskola,
934 562 6 19 i

196 596 102 21 händelse
312 597 66 26 högre
394 597 189 21 elementarskolan
600 598 69 20 blefve
684 597 110 27 indragen.

264 631 59 21 Hvad
339 631 45 21 åter
399 632 72 27 frågan
487 639 32 13 om
535 632 127 20 inrättandet
673 632 5 20 i
691 625 47 27 Åbo
754 632 45 20 stad
815 632 23 19 af
851 633 28 18 ett
893 631 47 20 full-

196 666 93 26 ständigt
303 665 97 21 läroverk
416 666 47 20 med
478 666 81 21 finskan
575 667 67 21 såsom
658 666 225 27 undervisningsspråk
895 666 44 20 vid-

196 700 100 26 kommer,
315 700 23 20 så
352 707 63 20 synas
430 701 72 21 skälen
519 702 32 20 för
566 708 26 14 en
608 701 123 27 fullständig
747 700 53 20 finsk
818 700 122 20 läroanstalt

196 735 108 21 derstädes
326 735 24 20 så
372 735 83 21 talande
475 736 39 20 och
535 736 98 20 behofvet
649 736 61 21 deraf
722 735 65 21 redan
804 742 27 13 nu
847 735 22 20 så
885 737 54 18 trän-

195 770 76 27 gande,
287 771 30 19 att
331 770 102 20 utskottet
448 770 46 20 icke
509 773 65 18 annat
589 771 41 20 kan
645 774 33 23 än,
694 770 8 20 i
717 770 68 20 likhet
801 769 47 21 med
859 770 80 19 Preste-

196 804 94 20 ståndets
309 804 97 21 enskilda
420 805 176 26 Besvärsutskott,
612 806 30 20 dit
657 806 71 19 denna
742 804 60 27 fråga
817 804 55 20 förut
887 804 53 20 varit

195 839 129 26 remitterad,
347 839 105 27 tillstyrka
474 840 58 20 bifall
556 840 31 20 till
608 840 39 20 den
667 839 75 28 gjorda
757 838 105 21 anhållan.
893 832 47 27 Åbo

195 874 45 20 stad
261 874 102 26 omgifves
383 874 105 26 nämligen
509 874 53 20 intill
583 874 45 20 sina
643 875 71 26 portar
728 873 24 20 af
764 873 44 20 helt
823 873 38 20 och
877 873 65 20 hållet

195 908 68 20 finska
282 908 89 20 socknar
390 908 47 20 med
453 908 47 20 icke
515 909 61 27 ringa
591 908 131 27 folkmängd,
738 908 38 20 och
792 910 24 18 är
831 908 49 26 sjelf
893 908 46 20 med

195 944 81 19 inemot
297 943 76 25 20,000
392 942 100 21 invånare
511 943 30 20 till
558 944 31 19 sin
605 942 164 27 språkkarakter
785 942 155 27 öfvervägande

196 977 60 20 finsk.
290 976 30 20 Af
341 983 25 14 en
389 976 31 21 till
443 970 46 27 Åbo
512 977 244 26 domkyrkoförsamling
775 976 39 20 den
837 977 24 19 14
881 976 59 27 April

194 1011 97 20 sistlidne
310 1011 23 20 år
351 1011 93 27 ingifven
461 1011 110 21 skrifvelse
585 1012 46 19 från
646 1011 94 21 komitén
758 1011 31 20 för
805 1011 135 27 uppgörande

194 1046 23 20 af
237 1045 79 27 förslag
334 1045 32 20 till
386 1046 140 27 organisation
542 1046 23 20 af
578 1045 209 21 folkskoleväsendet
802 1045 7 20 i
824 1039 47 26 Åbo
887 1045 53 26 stad,

194 1081 40 20 och
254 1080 24 21 af
290 1079 86 21 hvilken
391 1080 110 21 skrifvelse
516 1083 29 17 ett
561 1082 111 19 transsumt
686 1080 70 26 åtföljt
770 1080 124 26 petitionen,
910 1080 30 20 in-

194 1115 82 20 hemtas
295 1116 30 19 att
344 1114 23 20 af
384 1115 62 25 2,334
462 1115 49 20 barn
528 1115 56 20 inom
600 1115 121 20 skolåldern
738 1114 68 19 6—14
822 1114 29 26 år,
867 1114 73 20 hvilka

194 1149 98 21 tillhörde
313 1149 26 20 de
359 1149 82 20 mindre
461 1149 122 20 bemedlade
599 1149 97 20 hemmen
712 1149 57 20 inom
785 1149 40 20 den
841 1155 16 13 s.
873 1149 19 19 k.
909 1155 30 14 ar-

194 1184 91 20 betande
305 1183 189 27 samhällsklassen,
513 1190 50 14 voro
579 1184 40 19 736
635 1183 93 21 svenska
742 1183 85 20 talande
842 1183 38 20 och
897 1190 43 13 mer

193 1221 27 17 än
240 1218 89 20 dubbelt
348 1218 57 20 detta
423 1219 55 19 antal
495 1219 52 19 eller
564 1219 58 25 1,598
638 1218 68 20 finska
722 1217 91 20 talande.
843 1217 36 20 Ett
894 1218 47 20 ord-

193 1253 51 20 nadt
267 1252 192 27 folkskolesystem,
482 1253 66 26 enligt
568 1253 82 19 hvilket
664 1253 6 19 i
686 1252 71 20 skilda
775 1251 73 21 skolor
866 1252 74 21 under-

193 1287 85 27 visning
302 1287 107 20 meddelas
429 1287 130 20 uteslutande
577 1287 27 26 på
618 1287 74 25 finska,
709 1286 76 20 liksom
801 1287 7 18 i
824 1287 66 20 andra
905 1293 35 14 en-

194 1321 47 20 dast
260 1321 28 27 på
307 1321 97 26 svenska,
424 1321 37 20 har
477 1328 86 13 numera
577 1322 6 19 i
600 1315 46 26 Åbo
662 1321 46 20 stad
724 1321 89 20 kommit
827 1321 31 20 till
873 1321 68 26 stånd,

192 1355 110 21 äfvensom
311 1355 59 27 lägre
382 1355 197 26 elementarskolan,
590 1356 7 19 i
608 1355 220 20 öfverensstämmelse
839 1355 48 20 med
898 1356 42 26 gäl-

192 1391 64 20 lande
281 1390 105 27 gymnasii
407 1390 39 20 och
461 1390 145 27 skolordning,
622 1390 58 20 alltid
697 1389 45 20 haft
757 1389 104 20 särskilda
876 1390 62 20 afdel-

191 1425 83 26 ningar,
290 1425 6 19 i
312 1424 73 21 hvilka
404 1424 22 20 åt
445 1424 67 21 finska
531 1425 83 20 talande
630 1431 73 20 gossar
719 1424 150 27 undervisning
885 1425 55 20 med-

192 1459 68 19 delats
283 1458 26 27 på
332 1459 60 19 deras
417 1459 132 20 modersmål.
579 1459 47 19 Men
646 1461 30 18 att
698 1460 47 24 taga
764 1460 30 18 ett
809 1460 45 25 steg
870 1459 71 27 längre

190 1493 28 26 på
233 1492 135 26 bildningens
384 1492 50 21 stråt
450 1493 37 20 har
502 1494 53 20 varit
571 1493 39 20 och
626 1496 22 17 är
663 1493 37 20 allt
717 1496 55 17 ännu
789 1492 61 20 dessa
865 1493 74 21 förme-
