1070 1739
200 132 11 17 8

167 202 41 20 ega
223 195 75 21 endast
312 197 35 20 två
362 198 67 19 röster
444 199 60 23 samt,
520 199 38 18 när
573 197 138 26 meningarne
722 203 50 14 voro
785 196 50 27 lika,
847 198 68 18 votum

168 230 122 20 decisivum.

235 264 43 20 När
294 264 120 20 sedermera
428 264 87 27 konung
531 264 76 20 Gustaf
619 264 31 20 III
665 264 67 27 ansåg
747 265 31 26 sig
795 264 72 20 kunna
882 264 33 20 vid

167 297 66 20 rikets
256 298 88 26 styrelse
366 298 87 20 umbära
475 298 82 21 biträde
577 299 23 19 af
613 299 110 25 riksrådet,
740 299 61 20 hvars
817 299 98 20 medlem-

168 337 51 20 mar,
232 332 85 25 jemlikt
332 333 12 18 4
360 334 10 22 $
385 333 7 18 i
408 332 199 27 Regeringsformen
623 333 23 19 af
659 332 23 20 år
699 333 60 25 1772,
770 332 69 21 skulle
849 332 23 21 af
880 333 36 20 ko-

170 372 84 19 nungen
275 366 66 26 väljas
356 366 64 20 bland
435 366 149 27 ridderskapet
599 366 39 21 och
653 366 69 26 adeln,
739 373 47 13 men
802 373 26 14 en
845 367 73 26 högsta

169 399 80 20 instans
269 399 32 20 för
313 400 200 26 justitieärenderna
528 400 65 20 likväl
609 400 23 20 så
648 400 86 27 mycket
750 401 80 19 mirdre
846 401 69 20 kunde

169 433 111 26 undvaras,
296 440 43 13 som
355 434 205 21 Justitierevisionen
577 434 110 20 efterhand
703 434 54 20 hade
773 434 96 20 alltmera
881 440 35 14 an-

169 467 52 26 tagit
243 467 126 21 karakteren
389 468 23 20 af
425 475 26 13 en
467 468 76 26 högsta
558 468 96 25 domstol,
671 468 45 20 blef
729 474 76 20 genom
822 468 13 20 2
850 468 66 26 punk-

169 501 57 19 ten
219 497 15 36 i
247 502 53 19 1789
322 502 33 20 ärs
377 502 126 26 Förenings-
526 502 40 20 och
589 502 151 20 Säkerhetsakt
763 502 104 26 stadgadt,
888 504 30 18 att

170 534 143 28 ”Konungens
332 536 75 26 högsta
422 536 109 26 domstol”,
546 536 7 20 i
569 536 86 20 hvilken
671 536 42 20 alla
725 536 192 26 justitie-revisions

170 569 89 20 ärender
274 569 68 21 skulle
357 570 83 26 afgöras
456 570 39 20 och
510 570 114 26 konungen
640 576 40 20 ega
695 570 35 20 tvä
745 572 73 24 röster,
834 571 84 19 komme

170 605 31 17 att
217 603 59 21 bestå
291 604 23 20 af
327 604 53 20 både
396 605 63 20 frälse
475 605 38 20 och
529 604 78 20 ofrälse
622 608 58 22 män;
694 604 7 20 i
712 605 106 19 anseende
834 605 83 19 hvartili

171 638 80 20 antalet
274 638 23 20 af
317 638 81 20 riksens
420 639 37 20 räd
478 639 91 19 derefter
588 639 66 19 skulle
670 638 113 20 ankomma
797 639 27 26 pä
840 639 79 19 konun-

171 678 53 20 gens
240 672 156 26 godtfinnande.
420 673 110 20 Tolkande
542 672 130 20 sistnämnda
682 673 133 27 bestämning
827 673 93 25 sålunda,

170 707 31 18 att
216 706 54 20 efter
285 706 170 21 rådkammarens
471 707 126 26 upplösning
612 707 65 26 några
692 706 82 20 riksråd
789 707 48 20 icke
848 707 72 19 vidare

171 740 133 25 utnämndes,
319 735 110 25 utfärdade
445 741 113 25 konungen
575 740 39 20 den
632 741 25 19 15
674 741 40 25 Maj
732 741 52 19 1789
795 741 36 19 sitt
841 741 78 20 förord-

171 774 69 19 nande
257 774 32 20 för
304 774 76 26 högsta
395 775 117 19 domstolen
529 774 38 20 och
580 774 106 20 bestämde
697 775 51 25 deri,
760 777 29 17 att
800 775 120 20 densamma

172 807 68 21 skulle
260 808 58 20 bestå
334 809 22 19 af
370 809 40 19 tolf
422 809 130 27 lagkunnige
568 809 122 25 ledamöter,
708 809 78 19 hälften
803 809 62 19 frälse
881 810 38 19 och

172 841 80 20 hälften
268 842 83 25 ofrälse,
367 849 48 13 men
430 845 31 17 att
476 843 23 19 af
512 843 47 19 dem
574 843 73 19 endast
658 843 43 19 åtta
712 842 66 20 skulle
789 843 27 26 på
827 850 25 13 en
864 843 56 27 gång

172 876 124 26 tjenstgöra,
319 877 39 19 och
379 879 31 18 att
429 877 22 19 af
465 877 61 20 desse
542 877 78 20 hälften
637 877 58 19 alltid
713 877 64 19 borde
793 884 50 13 vara
858 877 62 20 frälse

172 910 40 19 och
234 910 67 20 andra
320 911 77 20 hälften
417 911 83 20 ofrälse.
516 923 25 3 —
559 911 59 20 Hvad
634 911 7 19 i
656 912 13 18 4
684 913 10 22 $
710 911 23 19 af
746 911 174 27 Riksdagsbeslu-

172 946 31 17 tet
225 944 41 20 den
290 945 26 19 23
335 945 50 19 Juni
406 946 53 19 1786
479 946 54 19 hade
550 946 67 19 blifvit
633 945 104 20 bestämdt
752 945 110 26 angående
878 952 42 13 em-

173 978 107 19 betsmäns
299 979 143 26 oafsättlighet
456 981 54 18 samt
525 979 76 20 Gustaf
614 979 30 20 III
660 979 29 19 uti
705 979 31 19 sin
752 979 133 20 stadfästelse
901 979 22 19 af

171 1012 127 26 Förenings-
314 1013 39 19 och
369 1013 179 20 Säkerhetsakten
565 1013 142 26 uttryckligen
724 1013 52 19 hade
792 1013 83 19 hänfört
889 1013 31 19 till

172 1045 56 20 Palla
250 1046 86 20 domare
352 1047 4 19 i
374 1047 65 26 högre
461 1047 40 20 och
520 1047 58 26 lägre
593 1047 83 25 rätter”,
692 1047 107 26 nemligen
815 1049 30 17 att
861 1047 59 20 desse

172 1079 48 20 icke
240 1080 69 20 skulle
328 1083 49 17 utan
397 1081 49 26 laga
464 1081 129 26 ransakning
609 1081 39 20 och
664 1081 46 20 dom
727 1080 21 20 f&
763 1081 97 19 beröfvas
877 1081 45 19 sina

172 1114 106 25 embeten,
298 1114 133 27 tillämpade
441 1116 114 24 konungen
576 1115 34 20 vid
626 1115 151 26 utnämningen
793 1115 24 19 af
830 1115 91 20 ledamö-

172 1149 32 18 ter
219 1148 6 19 i
242 1147 89 27 *högsta
346 1149 131 20 domstolen”
493 1149 90 20 allenast
598 1149 94 26 sälunda,
708 1151 31 17 att
754 1149 39 19 han
810 1149 69 19 dertill
895 1149 27 26 pä

173 1180 94 21 bestämd
284 1182 29 20 tid
329 1183 127 20 förordnade
471 1183 94 27 lagfarne
581 1183 139 20 innehafvare
734 1183 24 19 af
770 1183 65 19 andra
851 1183 69 20 embe-

172 1216 42 24 ten,
231 1215 31 20 till
279 1216 72 20 hvilka
366 1217 26 20 de
408 1217 53 20 efter
477 1217 68 20 slutad
561 1217 141 26 tjenstgöring
716 1217 7 18 i
739 1216 76 27 högsta
830 1217 90 19 domsto-

173 1248 34 20 len
224 1249 117 27 ätergingo.

242 1283 48 20 Med
307 1284 59 20 bifall
381 1285 24 19 af
417 1285 100 20 Finlands
533 1285 23 19 år
568 1285 52 20 1809
631 1285 6 19 i
645 1284 71 26 Borgå
726 1284 126 20 församlade
863 1284 59 20 Stän-

173 1317 38 20 der
234 1317 110 27 öfvergick
364 1319 99 26 slutligen
479 1319 6 19 i
501 1319 89 19 Finland
610 1319 40 19 den
666 1318 24 20 af
704 1318 130 27 Konungens
849 1318 73 27 högsta

172 1351 92 20 domstol
280 1352 98 19 utöfvade
394 1352 76 27 högsta
484 1353 102 19 domsrätt
601 1352 31 19 till
647 1351 255 27 Justitiedepartementet
916 1353 6 18 i

172 1385 238 27 Regeringskonseljen,
432 1387 120 19 sedermera
574 1386 118 27 Kejserliga
712 1385 91 21 Senaten
824 1387 32 19 för
875 1387 47 19 Fin-

171 1419 57 25 land,
252 1419 63 20 hvars
336 1420 123 26 ledamöter,
481 1420 84 26 jemlikt
584 1420 148 27 Reglementet
750 1420 31 19 för
796 1420 127 27 Regerings-

172 1453 110 25 konseljen
302 1453 23 20 af
338 1453 40 20 den
397 1455 24 18 18
437 1454 89 26 Augusti
543 1455 61 25 1809,
619 1455 21 19 af
655 1454 57 20 Hans
727 1454 118 26 Kejserliga
860 1454 63 26 Maje-
