1070 1739
864 131 10 16 7

158 194 30 17 att
211 191 112 26 konungen
347 191 55 20 hölle
426 191 39 20 den
489 192 33 25 ed,
545 192 41 19 han
609 193 65 19 svurit
696 193 62 26 riket,
777 196 54 17 samt
845 195 61 19 äfven

158 225 138 27 grundsatsen
316 231 32 13 om
365 225 184 20 embetsmännens
565 227 145 26 oafsättlighet
725 227 93 20 alltifrån
835 227 72 26 början

158 259 23 20 af
201 259 112 20 1400:talet
332 259 74 26 gjorde
422 259 31 26 sig
467 259 38 20 allt
521 266 57 13 mera
593 261 105 25 gällande.
728 261 43 20 När
787 261 120 20 sedermera

163 305 22 2 —
201 293 53 19 efter
278 293 140 26 misslyckade
441 293 70 20 försök
535 294 22 19 af
574 294 50 19 Erik
645 294 49 20 XIV
714 295 39 20 och
770 295 48 20 Carl
833 295 29 20 IX
878 297 30 18 att

159 329 77 17 ersätta
258 327 72 20 räfste-
354 327 39 20 och
417 328 151 26 rättaretingen
589 328 47 19 med
658 329 114 19 domstolar
791 329 24 19 af
829 329 78 20 mindre

158 361 151 20 ambulatorisk
326 361 147 20 beskaffenhet
493 371 21 4 —
532 361 104 20 hofrätten
652 363 7 18 i
676 362 121 21 Stockholm
814 363 23 20 år
853 363 54 20 1614

158 395 23 20 af
194 395 76 20 Gustaf
283 395 19 19 II
318 395 65 20 Adolf
396 395 40 20 och
451 395 90 20 Riksens
557 395 89 21 Ständer
657 397 123 25 inrättades,
791 400 54 17 samt
856 397 50 20 den-

158 435 79 13 samma
252 429 6 19 i
275 429 262 25 Rättegångsordinantien
561 429 23 19 af
604 430 40 19 den
667 431 25 19 10
712 431 99 19 Februari
828 437 79 13 samma

158 462 22 20 år
200 462 135 20 tillerkändes
351 464 40 18 rätt
406 464 38 24 att,
459 464 48 18 utan
525 463 99 20 afseende
640 464 12 19 å
666 464 125 26 konungens
807 464 54 20 från-
878 465 28 19 el-

158 497 30 19 ler
209 500 95 22 närvaro,
324 496 50 20 fälla
390 497 152 26 konungsdom,
559 497 48 26 blef,
624 498 47 19 med
687 498 134 20 vidhållande
837 498 24 20 af
874 498 31 20 rå-

158 531 46 19 dets
220 531 125 26 deltagande
357 531 6 19 i
375 531 41 19 den
432 531 75 26 högsta
522 531 171 27 lagskipningen,
703 533 79 25 jemväl
796 532 110 26 bestämdt,

158 567 30 18 att
210 565 124 20 riksdrotset
353 565 67 19 skulle
439 571 50 13 vara
504 565 107 26 president
626 566 39 20 och
682 566 46 26 fyra
740 566 68 21 andra
823 566 82 20 riksråd

158 599 116 20 ledamöter
290 600 5 18 i
311 599 69 20 denna
403 599 23 19 af
444 599 76 26 fjorton
542 606 100 19 personer
660 600 113 20 bestående
789 600 116 26 ”konungs-

158 634 43 24 liga
224 634 96 25 nämnd”,
343 634 61 18 hvars
428 633 97 27 samtlige
548 634 122 26 ledamöter,
690 634 85 26 jemlikt
793 634 78 20 Gustaf
886 634 20 20 II

160 668 72 20 Adolfs
248 667 209 27 konungaförsäkran
473 668 23 19 af
509 668 40 19 den
566 668 24 19 31
608 668 118 20 December
744 669 59 25 1611,
818 669 7 19 i
839 668 68 20 likhet

159 703 46 19 med
222 702 42 20 alla
279 702 66 26 öfrige
361 702 86 20 domare
463 702 39 19 och
518 702 130 20 embetsmän
659 702 7 19 i
678 702 60 26 riket,
755 709 50 13 voro
820 703 85 19 oafsätt-

157 737 49 26 lige.
227 748 18 2 —
264 736 72 20 Redan
361 736 45 19 året
425 736 53 19 efter
496 736 116 20 hofrättens
627 736 121 20 inrättande
763 736 80 20 erhöllo
859 743 46 19 par-

157 773 31 17 ter
210 770 66 20 likväl
295 776 76 20 genom
392 769 242 27 Rättegångsprocessen
650 770 24 20 af
687 770 39 20 den
744 771 25 19 23
785 770 49 20 Juni
852 771 52 19 1615

158 805 100 26 rättighet
277 806 30 18 att
322 804 36 19 hos
374 804 113 26 konungen
503 804 52 20 söka
570 804 117 20 ”revision”
702 804 23 20 af
739 804 115 20 hofrättens
869 804 35 20 do-

158 845 53 19 mar;
234 838 39 20 och
296 838 122 26 härigenom
442 844 36 13 var
497 838 94 26 grunden
612 838 49 26 lagd
681 837 33 21 till
732 845 26 13 en
775 845 27 19 ny
818 838 87 25 instans,

158 872 94 25 hvilken,
268 872 122 26 isynnerhet
406 872 52 19 efter
473 872 37 20 det
525 872 52 20 flera
591 872 107 26 hofrätter,
714 872 39 20 och
769 872 63 20 bland
844 872 62 20 dessa

157 907 73 20 främst
252 907 41 19 den
308 906 6 20 i
329 899 48 27 Äbo
400 906 32 26 (är
457 906 63 25 1623)
542 906 126 26 tillkommit,
686 906 46 20 icke
749 906 70 20 kunde
835 906 70 27 undgä

157 943 30 18 att
206 940 66 20 blifva
292 940 84 26 mycket
394 940 85 19 anlitad.
510 940 45 19 Den
571 946 42 19 nya
628 940 107 19 instansen
752 940 106 26 utgjordes
875 940 30 19 till

157 981 26 14 en
202 975 72 25 början
291 974 22 19 af
326 974 114 25 konungen
454 973 66 26 jemte
536 973 49 20 hela
600 974 51 19 hans
667 974 44 25 räd,
727 975 42 19 tills
784 976 30 18 att
829 976 29 17 ett
873 981 31 13 re-

156 1009 40 20 dan
212 1009 23 19 år
254 1009 51 19 1634
321 1007 127 27 uppkastadt
463 1007 86 26 förslag,
565 1009 29 18 att
609 1008 173 20 revisionsmälen
795 1008 68 20 skulle
875 1008 30 19 af-

157 1045 61 24 göras
238 1042 23 20 af
279 1049 26 12 en
320 1041 89 20 särskild
425 1041 108 27 afdelning
549 1042 23 19 af
585 1042 66 26 rådet,
666 1049 77 20 genom
762 1043 23 18 17
802 1044 9 22 $
827 1043 6 18 i
852 1043 53 19 1720

157 1078 33 19 års
210 1076 168 27 Regeringsform
400 1076 44 20 blef
458 1076 132 26 fullständigt
604 1076 142 26 genomfördt;
762 1077 39 26 och
819 1083 36 12 var
870 1076 35 20 det

158 1112 39 19 den
218 1111 124 26 härigenom
364 1110 121 26 uppkomna
499 1110 110 26 afdelning
624 1110 22 19 af
660 1110 59 20 rädet
735 1111 50 19 eller
801 1117 15 12 s.
833 1110 20 19 k.
869 1110 35 19 Ju-

157 1145 155 25 stitierevision,
330 1145 59 19 hvari
406 1144 62 19 minst
483 1144 32 25 sju
530 1144 82 20 riksräd
627 1144 69 20 skulle
709 1145 66 25 jemte
791 1144 113 26 konungen

158 1179 61 20 döma
242 1179 153 26 konungsdom,
416 1184 43 14 som
480 1179 30 18 uti
528 1179 23 19 13
569 1180 9 22 $
593 1179 27 19 30
636 1178 47 26 kap.
699 1179 24 19 R.
740 1179 22 18 B.
779 1179 5 18 i
803 1178 53 19 1734
871 1178 34 19 ärs

156 1214 35 26 lag
206 1213 76 26 afsägs.
302 1225 21 2 —
340 1213 9 18 I
366 1213 12 19 8
393 1215 11 21 $
420 1212 23 20 af
457 1212 55 20 1772
527 1212 33 20 års
576 1212 171 27 Regeringsform
763 1211 60 20 inflöt
837 1212 67 19 deref-

156 1250 30 17 ter
202 1247 111 20 enahanda
327 1247 133 25 bestämning
475 1252 34 14 om
523 1247 208 25 justitieärendernas
747 1246 84 26 slutliga
847 1246 58 26 afgö-

155 1281 65 20 rande
236 1282 5 18 i
258 1281 211 24 Justitierevisionen,
492 1287 45 13 som
561 1281 67 19 skulle
651 1280 59 20 bestä
733 1280 23 20 af
772 1281 31 23 sju
822 1280 83 19 riksens

156 1314 44 27 räd,
220 1315 47 20 med
283 1315 73 26 tillägg
371 1314 62 25 dock,
449 1316 30 17 att
494 1314 61 20 desse
572 1314 64 20 borde
651 1314 63 20 hafva
730 1314 54 19 varit
798 1313 107 20 ”brukade

156 1351 6 18 i
178 1348 198 21 domareembeten”
400 1350 54 17 samt
476 1354 51 13 vara
549 1348 83 20 Ykände
654 1348 32 19 för
704 1349 87 18 rättvise
807 1347 39 20 och
862 1347 43 26 lag-

156 1383 58 20 farne
231 1383 72 24 män”;
318 1382 118 26 hvarjemte
452 1382 41 25 det,
509 1383 53 19 efter
581 1383 23 19 15
620 1385 10 21 $
645 1383 6 18 i
670 1382 52 19 1720
734 1382 33 19 &rs
777 1381 127 26 Regerings-

156 1418 60 24 form,
239 1416 139 27 upprepades,
400 1418 30 18 att
453 1417 114 26 konungen
591 1416 67 20 skulle
678 1416 6 20 i
699 1415 206 21 Justitierevisionen
