1070 1739
215 159 34 18 286

182 222 66 21 såsom
272 223 125 20 ordförande
419 223 39 20 och
481 223 133 28 domprosten
638 223 67 21 såsom
730 223 45 20 vice
796 221 132 26 ordförande,

183 259 52 18 samt
254 264 26 13 en
298 257 99 27 juridiskt
416 258 39 20 och
475 257 34 20 två
528 257 141 28 pedagogiskt
684 257 91 27 bildade,
791 258 24 20 af
827 257 101 20 skollära-

183 298 49 14 rene
252 293 56 19 inom
329 293 72 26 hvarje
421 293 45 19 stift
484 292 32 21 för
534 295 31 18 tre
581 293 23 20 år
619 293 69 25 valde,
704 292 95 20 skolmän
816 292 67 20 såsom
900 291 28 20 le-

184 326 100 21 damöter.

250 361 30 20 På
294 361 65 27 grund
376 361 23 20 af
412 361 40 20 alla
468 361 62 21 dessa
545 361 88 20 sålunda
647 361 111 20 tillkomna
769 361 77 27 förslag
857 359 70 28 ingick

183 395 24 21 K.
224 395 90 21 Senaten
336 396 39 20 den
396 396 24 20 12
437 396 54 20 Mars
510 396 51 20 1869
578 396 29 20 till
624 396 58 20 Hans
701 395 117 27 Kejserliga
834 395 96 26 Majestät

184 430 46 20 med
246 430 131 27 underdånig
394 431 123 19 hemställan
533 431 39 19 och
589 431 79 26 förslag
684 431 32 19 till
732 430 119 20 inrättande
866 429 23 20 af
903 435 25 13 en

184 461 153 30 Öfverstyrelse
360 465 31 19 för
415 464 150 21 skolväsendet
584 465 7 19 i
610 464 200 21 Storfurstendömet
833 463 97 26 Finland,

180 500 66 25 jemte
265 499 84 20 dermed
370 499 208 27 sammanhängande
598 500 148 26 förändringar
761 500 5 19 i
782 498 146 27 inspektionen

183 534 58 19 öfver
257 533 179 27 läroanstalterna,
452 536 53 18 samt
520 534 79 26 förslag
618 534 110 26 angående
750 533 105 21 blifvande
874 532 54 20 skol-

184 568 78 19 lärares
283 568 95 27 bildning
398 568 33 20 vid
451 568 145 20 universitetet
611 568 39 20 och
666 568 26 20 de
709 567 161 27 kunskapsprof,
886 573 42 14 som

183 602 23 19 af
218 601 94 21 sökande
331 602 29 20 till
380 602 179 27 skolläraretjenst
579 602 59 21 skola
652 602 101 27 afläggas.
784 602 74 20 Denna
873 601 56 20 hem-

183 636 83 27 ställan,
282 643 42 14 som
341 637 120 20 tillkommit
476 639 47 18 utan
539 640 31 17 att
585 638 131 26 omröstning
732 636 33 20 vid
782 636 97 20 ärendets
895 635 33 20 be-

184 671 101 27 handling
300 672 6 19 i
323 671 91 21 Senaten
430 675 35 23 egt
481 678 51 19 rum,
548 672 198 20 öfverensstämmer
761 671 7 19 i
784 670 143 28 grundprinci-

183 712 65 20 perna
264 706 46 20 med
326 706 25 20 de
366 706 24 20 af
406 706 149 26 skolkomitén,
575 706 112 20 skolmötet
702 706 39 20 och
758 705 47 21 dess
821 704 107 20 ordföran-

184 740 25 20 de
224 743 55 17 samt
294 740 142 27 domkapitlen
456 740 119 27 föreslagna
595 740 156 26 bestämningar
770 739 87 20 rörande
873 738 55 20 skol-

183 775 114 27 styrelsens
313 775 95 27 bildning
423 775 39 20 och
478 775 193 27 sammansättning.
701 774 29 20 På
746 774 25 20 de
787 774 34 20 vid
837 773 91 20 skolmö-

183 812 29 17 tet
227 810 39 20 och
282 809 23 20 af
314 810 142 26 domkapitlen
468 809 87 21 anförda
565 810 44 19 skäl
621 809 94 26 föreslås,
726 811 30 18 att
767 808 162 27 skolstyrelsens

183 844 118 26 befattning
324 845 18 25 ej
368 844 64 20 borde
459 844 116 20 utsträckas
603 844 29 20 till
658 844 54 20 real-
736 844 39 20 och
801 842 127 21 fackskolor.

184 878 155 28 Skolstyrelsen
356 879 68 19 skulle
440 881 83 25 utgöras
539 879 22 19 af
570 886 26 12 en
612 878 154 20 öfverdirektor
785 878 38 20 och
840 878 46 26 fyra
902 876 27 20 le-

184 912 100 22 damöter.
315 913 133 20 Beträffande
469 915 62 18 sättet
551 914 31 19 för
601 912 180 21 öfverdirektorns
801 911 128 21 tillsättande

184 946 86 20 föreslår
286 947 97 26 Senaten,
400 950 29 17 att
444 948 68 19 denne
529 948 63 19 måtte
612 948 22 19 af
651 947 58 20 Hans
732 947 95 25 Majestät
849 948 79 17 utnäm-

183 987 37 14 nas
236 981 27 26 på
278 981 101 20 Senatens
395 982 144 26 underdåniga
555 981 166 27 framställning;
739 981 67 19 såsom
822 979 107 27 qvalifika-

183 1015 42 20 tion
243 1015 86 26 fordras,
344 1018 30 18 att
389 1016 168 20 öfverdirektorn
578 1016 50 20 ”bör
646 1023 40 20 ega
703 1015 64 27 högre
784 1014 146 26 vetenskaplig

185 1049 95 26 bildning
293 1050 65 26 jemte
374 1051 64 26 insigt
453 1051 38 20 och
508 1050 121 20 erfarenhet
648 1051 28 19 uti
695 1049 168 20 skolväsendet.”
894 1044 35 24 Öf-

183 1084 205 27 verinspektorerna,
404 1091 43 14 som
457 1085 78 26 jemväl
553 1087 109 18 utnämnes
677 1084 24 20 af
714 1084 57 19 Hans
787 1083 96 26 Majestät
897 1089 32 13 se-

183 1118 39 19 dan
239 1118 83 27 förslag,
338 1119 53 20 efter
406 1119 129 27 föregången
552 1119 66 20 skedd
634 1119 126 26 ansökning,
776 1119 6 19 i
799 1117 70 27 vanlig
882 1117 46 20 ord-

183 1152 51 27 ning
254 1155 114 24 upprättats
386 1153 24 20 af
425 1153 170 27 öfverstyrelsen,
614 1153 68 20 skulle
702 1155 84 24 utgöras
805 1152 22 20 af
839 1152 89 20 öfverin-

183 1187 99 26 spektorn
295 1187 31 20 för
337 1187 146 21 folkskolorna
491 1190 53 18 samt
554 1190 73 17 trenne
638 1188 69 27 öfriga
718 1187 142 25 medlemmar,
869 1187 59 19 hvar-

182 1221 24 20 af
218 1228 26 13 en
261 1221 64 20 borde
341 1228 39 21 ega
396 1222 95 27 kunskap
510 1223 39 20 och
568 1222 120 20 erfarenhet
703 1222 6 19 i
726 1221 34 20 det
775 1227 44 14 som
835 1221 30 19 till
882 1220 46 20 reli-

182 1255 240 28 gionsundervisningen
438 1257 61 19 hörer
511 1257 66 26 jemte
593 1257 63 26 insigt
671 1257 6 19 i
694 1256 26 20 de
736 1255 111 20 historiska
858 1257 70 18 veten-

183 1289 112 27 skaperna,
318 1297 25 13 en
366 1291 100 26 grundlig
488 1291 65 26 insigt
570 1291 7 19 i
597 1291 25 20 de
646 1290 119 27 filologiska
785 1289 38 20 och
839 1296 25 13 en
881 1289 6 19 i
903 1289 26 20 de

182 1324 226 27 fysisk-matematiska
430 1325 174 26 vetenskaperna.
635 1325 103 24 Samtliga
761 1324 64 19 borde
841 1323 6 20 i
863 1323 67 20 likhet

183 1359 47 19 med
246 1359 168 20 öfverdirektorn
430 1359 114 20 innehafva
559 1359 148 26 vetenskaplig
724 1358 95 26 bildning
835 1359 52 18 samt
898 1363 30 14 er-

180 1393 98 20 farenhet
295 1394 7 19 i
322 1393 269 27 undervisningsväsendet.
626 1393 66 20 Deras
716 1393 64 19 första
801 1392 128 19 tillsättande

181 1427 66 26 ansåg
271 1427 90 20 Senaten
384 1427 72 20 kunna
477 1427 92 27 försiggä
584 1428 6 19 i
607 1427 38 20 den
662 1427 97 26 ordning,
775 1427 30 19 att
820 1426 39 19 den
875 1426 55 19 förut

181 1461 114 20 utnämnde
318 1461 167 21 öfverdirektorn
509 1461 117 27 kungjorde
646 1468 26 13 en
692 1460 160 26 ansökningstid
876 1462 53 18 samt

182 1495 92 21 derefter
290 1496 116 26 uppgjorde
426 1496 140 26 underdänigt
581 1496 84 26 förslag.
695 1496 32 19 En
743 1484 118 41 väsendtlig
877 1494 51 20 afvi-
