1070 1739
841 147 34 18 325

157 212 30 18 att
203 209 53 21 Både
273 209 81 20 finskan
370 209 38 20 och
425 210 104 20 svenskan
546 210 37 20 der
603 211 75 20 införts
697 210 69 21 såsom
785 210 122 27 obligatori-

157 245 39 20 ska
208 244 129 19 läroämnen.
353 243 37 20 Att
401 244 120 20 emellertid
534 244 26 21 de
569 244 74 26 lärare,
659 251 44 14 som
720 245 61 20 skola
796 244 113 20 undervisa

157 279 6 19 i
182 277 92 21 svenska
294 277 91 26 språket,
408 278 76 26 sjelfve
508 278 34 20 vid
567 279 145 20 universitetet
734 279 89 26 nödgats
841 278 68 20 sakna

158 311 147 27 vetenskaplig
323 311 143 28 handledning
481 313 7 19 i
504 312 35 20 sitt
558 313 115 26 läroämne,
694 313 66 20 måste
775 313 33 20 väl
825 312 82 21 betrak-

158 349 31 18 tas
205 346 69 20 såsom
290 352 25 14 en
331 346 120 27 olägenhet,
467 346 87 20 hvilken
570 347 7 19 i
593 346 43 21 lika
651 347 43 27 hög
709 347 52 27 grad
772 349 39 24 gör
821 347 33 26 sig
864 346 43 27 gäl-

160 381 76 20 lande
227 373 13 37 i
249 381 41 19 den
306 380 74 26 finska,
396 387 44 13 som
457 381 6 19 i
479 381 40 20 den
535 380 92 21 svenska
642 381 82 21 skolan.
755 377 70 24 Äfven
839 387 23 13 ur
873 387 36 13 an-

158 415 38 19 dra
211 414 131 26 synpunkter
358 414 74 21 blifver
448 421 25 13 en
490 414 40 20 fast
544 415 86 19 lärostol
646 415 7 19 i
668 415 92 20 svenska
775 414 86 27 språket
874 414 35 20 vid

160 448 146 20 universitetet
323 448 22 20 af
361 450 43 18 stor
424 450 65 24 nytta.
521 444 141 31 Öfverflödigt
679 449 59 20 torde
759 455 50 14 vara
827 450 31 18 att
873 448 37 20 här

160 483 52 19 orda
227 488 33 14 om
276 482 130 20 sistnämnda
424 482 73 27 språks
522 482 134 26 fortfarande,
679 483 107 20 allmänna
808 482 101 20 kulturhi-

161 516 90 21 storiska
267 516 107 26 betydelse
391 516 31 20 för
438 516 45 20 vårt
499 516 57 27 land,
572 524 47 13 men
636 517 95 20 deremot
751 517 41 21 kan
812 516 100 21 särskildt

162 551 50 20 böra
227 551 79 19 erinras
322 557 33 13 om
372 550 34 20 det
422 557 63 21 gagn,
501 557 44 14 som
563 551 25 20 de
601 551 105 27 juridiska
721 551 108 21 studierna
843 550 68 21 skulle

162 588 51 17 röna
228 585 23 20 af
264 592 25 13 en
307 584 145 28 vetenskaplig
468 585 151 27 undervisning
630 586 6 19 i
648 586 91 20 svenska
752 585 93 27 språket,
856 584 56 28 uppå

162 620 81 19 hvilket
259 619 49 20 våra
323 619 57 20 äldre
396 619 40 20 och
452 626 65 20 nyare
533 620 60 26 lagar
609 620 69 20 blifvit
693 620 86 20 skrifna.

229 654 73 26 Enligt
321 653 142 26 förenämnda,
479 654 24 19 af
517 653 151 21 Consistorium
686 654 150 20 Academicum
854 653 57 20 med-

161 688 83 26 delade,
266 688 152 26 upplysningar
440 690 36 18 äro
499 688 116 20 emellertid
637 688 37 20 hos
690 688 26 20 de
731 688 128 20 studerande
876 688 35 19 vid

163 723 45 19 vårt
228 722 122 20 universitet
373 722 40 20 den
436 722 131 20 theoretiska
590 722 91 27 insigten
697 722 7 20 i
719 722 92 20 svenska
826 722 87 26 språket

164 757 48 19 vida
228 762 57 14 mera
301 756 109 26 bristfällig
426 758 26 18 än
468 756 61 20 deras
545 756 96 26 förmåga
651 758 31 18 att
695 756 105 27 praktiskt
815 756 98 26 begagna

163 792 123 24 detsamma,
308 790 88 20 likasom
420 790 39 20 ock
483 790 179 26 undervisningen
678 790 7 20 i
700 797 81 13 samma
798 790 63 26 språk
877 790 36 20 vid

163 825 145 20 universitetet
327 824 23 20 af
368 824 151 20 Consistorium
543 824 111 26 uppgifves
676 824 67 20 sakna
765 824 149 26 vetenskaplig

163 860 39 20 och
219 858 113 21 bestående
348 858 59 20 form.
438 858 31 20 Då
487 858 103 26 derjemte
606 858 6 20 i
628 858 158 27 öfvervägande
805 860 60 24 tages
883 859 31 19 att

164 894 35 20 det
215 892 92 20 svenska
322 892 130 27 tungomålet
467 892 37 20 hos
521 899 34 13 oss
570 895 23 17 är
609 894 29 18 ett
653 892 107 20 inhemskt
775 892 72 26 språk,
861 892 51 19 hvil-

164 930 37 18 ket
220 927 31 20 för
272 927 87 20 flertalet
380 926 22 20 af
420 926 25 20 de
461 926 85 20 bildade
562 929 22 17 är
601 926 37 20 allt
653 929 64 17 annat
732 929 27 17 än
776 925 137 26 fremmande,

164 961 23 20 så
202 961 93 26 framgår
311 960 59 20 häraf
380 960 46 20 med
440 960 157 26 nödvändighet
607 962 30 18 att
648 960 180 27 undervisningen
839 960 6 20 i
857 959 58 20 detta

164 995 63 26 språk
243 995 39 20 bör
297 1001 49 13 vara
361 994 23 20 af
398 993 147 28 vetenskaplig
565 996 32 17 art
617 994 39 20 och
677 994 98 20 utveckla
790 993 26 21 de
832 993 81 20 theore-

164 1029 56 20 tiska
238 1029 120 26 grunderna
376 1028 32 20 för
426 1034 80 14 samma
529 1027 74 27 språks
626 1027 96 22 studium,
754 1028 37 19 Att
806 1028 33 19 för
855 1027 58 20 ernå-

165 1063 53 21 ende
232 1063 23 20 af
264 1063 56 20 detta
336 1062 97 27 syftemål
450 1062 33 20 vid
500 1062 147 20 universitetet
662 1062 64 20 borde
743 1061 108 26 anställas,
866 1061 48 20 icke

164 1105 26 13 en
206 1097 156 27 språkmästare
383 1097 31 20 för
432 1097 41 20 den
489 1096 110 27 praktiska
613 1096 187 27 undervisningen,
820 1097 49 18 utan
888 1101 26 14 en

164 1131 184 27 vetenskapsman,
368 1131 85 20 hvilken
477 1131 108 20 förmådde
609 1131 97 26 bibringa
727 1130 83 26 verklig
831 1129 27 26 på
880 1136 35 13 ve-

164 1166 136 27 tenskapliga
313 1166 91 26 grunder
419 1165 56 27 bygd
492 1165 65 27 insigt
573 1165 29 20 uti
617 1165 92 20 svenska
723 1164 92 27 språket,
831 1166 23 17 är
869 1163 46 20 här-

164 1201 23 20 af
200 1200 62 26 klart,
282 1200 106 20 äfvensom
413 1201 35 19 det
470 1199 35 20 vid
529 1199 74 20 sådant
625 1199 131 20 förhållande
771 1201 24 17 är
809 1197 107 26 sjelffallet

164 1236 30 19 att
211 1234 70 21 denna
303 1234 123 26 lärareplats
446 1234 81 26 jemväl
551 1233 64 21 borde
639 1233 87 20 omfatta
742 1233 26 20 de
784 1232 47 20 med
854 1238 61 13 sven-

165 1269 53 19 skan
234 1271 52 17 nära
309 1268 121 27 beslägtade
452 1268 150 20 fornnordiska
623 1268 98 26 språken.
751 1266 48 20 Med
815 1265 101 20 afseende

166 1303 44 19 åter
225 1302 13 20 å
253 1302 40 20 den
311 1303 160 26 vetenskapliga
485 1302 119 27 forskning,
620 1309 43 13 som
681 1301 69 20 tillika
765 1300 66 20 borde
846 1299 70 27 åligga

164 1337 152 20 innehafvaren
332 1337 22 20 af
368 1343 25 13 en
410 1337 59 26 dylik
484 1336 95 26 lärostol,
596 1336 58 20 torde
674 1335 74 20 härvid
764 1333 101 21 särskildt
880 1340 34 13 en-

166 1371 46 20 dast
227 1371 91 20 behöfva
332 1370 102 27 påpekas,
449 1371 98 19 hurusom
569 1370 62 20 äfven
652 1369 45 20 vårt
716 1369 48 20 land
786 1368 32 19 för
833 1374 26 13 en
875 1367 40 20 for-

165 1405 61 20 skare
242 1405 6 19 i
266 1405 98 20 nordiska
380 1405 62 26 språk
459 1405 100 26 erbjuder
575 1404 82 20 tillfälle
669 1403 30 20 till
711 1401 136 22 verksamhet
862 1401 54 20 deri-

164 1445 82 20 genom,
262 1440 30 18 att
307 1439 37 20 hos
359 1445 34 14 oss
408 1439 23 20 af
444 1439 58 20 ålder
518 1445 26 13 en
565 1438 76 20 svensk
662 1437 124 25 befolkning
805 1438 23 17 är
849 1435 68 20 bosatt
