1070 1739
227 139 24 17 96

194 201 152 26 förhållanden,
370 209 47 14 men
440 202 102 21 utskottet
564 205 43 18 tror
629 203 32 26 sig
684 203 101 26 derjemte
805 203 51 19 böra
871 201 72 20 anföra

195 236 27 20 de
245 236 171 27 betänkligheter
438 237 40 19 och
501 237 97 25 motskäl,
620 243 45 14 som
686 237 85 19 uttalats
790 237 34 19 vid
845 235 97 21 ärendets

194 270 166 27 handläggning.
391 270 195 27 Sägningsafgiften
609 271 37 19 har
669 271 106 26 nemligen
800 273 79 18 ansetts
897 269 45 20 dels

195 304 121 27 nödvändig
339 305 31 19 för
392 307 29 17 att
445 305 47 20 icke
512 311 26 14 en
559 305 70 20 alltför
648 305 85 26 mycket
747 305 84 26 gynnad
848 304 93 27 skogsaf-

194 339 105 26 verkning
314 339 56 20 inom
387 339 48 20 kort
450 339 35 20 mä
499 342 52 23 göra
567 339 40 20 slut
623 339 27 26 pä
665 345 26 14 en
707 339 23 20 af
744 339 44 20 värt
804 339 60 20 lands
880 339 60 26 vigti-

192 375 60 24 gaste
276 372 182 27 naturprodukter,
481 373 44 20 dels
546 373 71 20 kunna
636 373 129 20 fortfarande
784 373 50 26 utgå
852 373 30 19 till
897 373 44 19 lika

193 407 52 25 högt
260 407 76 25 belopp
352 413 44 14 som
413 413 34 19 nu,
463 409 50 18 enär
529 407 40 20 den
586 407 126 26 utvidgning
723 407 131 26 sägrörelsen
866 407 74 19 under-

193 440 45 27 gätt
260 441 39 19 och
322 441 26 19 de
372 440 67 21 bättre
462 440 153 26 konjunkturer
630 441 7 19 i
652 441 95 19 utlandet
766 440 32 20 för
818 440 122 20 densamma

192 475 87 27 nyligen
302 475 78 20 inträdt
403 475 64 20 borde
490 475 71 19 lemna
581 474 151 21 trafikanterne
752 474 113 27 tillräcklig
885 475 54 19 vinst

192 511 54 18 samt
266 516 46 13 man
332 509 49 20 icke
400 509 91 20 behöfde
507 509 72 20 befara
594 511 30 18 att
639 509 200 27 trädvaruexporten
856 509 83 20 komme

192 546 30 18 att
242 544 93 25 upphöra
350 543 88 27 sålänge
453 543 77 27 skogar
545 543 67 20 finnas
628 549 57 20 qvar.
717 543 76 20 Härvid
810 544 59 19 torde
884 543 54 20 dock

192 578 18 25 ej
228 577 67 20 heller
311 577 50 20 böra
376 577 90 20 förbises
481 580 30 17 att
526 578 35 20 det
577 577 87 27 kapital,
680 584 44 13 som
740 578 32 19 för
788 578 82 19 utförda
885 577 53 20 träd-

192 617 61 14 varor
269 611 84 27 inflyter
369 612 31 19 till
416 612 78 26 landet,
510 612 6 19 i
533 612 31 20 sin
580 614 32 17 tur
629 612 90 26 mäktigt
734 612 98 26 bidrager
847 614 30 17 att
891 611 49 26 höja

191 645 69 27 öfriga
282 646 112 19 industrier
417 646 39 19 och
479 646 226 20 affärsverksamheten
722 646 6 19 i
744 646 121 20 allmänhet.
899 646 41 19 Det

192 680 115 19 förnämsta
327 680 84 19 hindret
426 682 57 18 emot
497 680 201 27 sågningsafgiftens
714 680 64 20 totala
792 680 52 20 eller
859 680 81 19 delvisa

191 713 132 21 afskaffande
339 714 37 20 har
393 714 101 20 utskottet
509 714 118 20 emellertid
642 716 50 18 trott
708 714 31 27 sig
755 714 56 20 finna
825 714 73 25 deruti,
909 716 29 17 att

190 748 127 20 statsverket
340 748 88 20 sålunda
450 748 82 20 komme
555 750 30 18 att
606 749 61 19 mista
686 755 26 13 en
730 748 95 26 betydlig
840 748 99 25 inkomst,

190 788 44 13 som
257 782 28 25 på
304 784 64 18 annat
387 784 41 18 sätt
449 782 64 20 borde
529 784 95 24 ersättas,
640 782 82 20 hvilket
737 783 65 19 under
818 782 120 20 nuvarande

190 816 154 26 förhållanden,
360 816 26 20 då
402 822 42 20 nya
459 817 74 26 anslag
547 817 105 20 erfordras
668 817 32 19 till
716 817 51 20 flera
782 817 81 27 vigtiga
873 817 64 19 refor-

190 856 50 19 mer,
264 850 60 20 faller
344 850 32 27 sig
396 850 23 20 så
439 851 85 26 mycket
539 851 90 20 svårare.
660 851 60 20 Dock
736 851 59 20 torde
811 851 125 25 det-jemväl

189 884 51 20 böra
256 886 58 25 tagas
329 885 6 19 i
352 884 139 21 betraktande
501 887 31 18 att
547 885 191 27 sågningsafgiften
755 885 104 27 betydligt
869 885 67 20 öfver-

188 919 66 27 stiger
275 919 41 20 den
334 918 99 28 sågränta
448 919 127 20 statsverket
590 920 44 19 före
650 919 24 20 år
690 919 52 20 1861
760 919 81 27 uppbar
856 920 37 19 och
910 926 26 12 nu

188 953 68 20 skulle
279 953 95 26 uppbära
396 959 34 14 om
454 953 69 20 dertill
543 953 58 20 lades
620 955 75 18 räntan
714 953 46 20 från
775 954 26 19 de
817 954 121 19 sedermera

188 986 112 21 tillkomna
322 993 42 20 nya
386 986 51 27 ång-
461 987 39 20 och
522 987 169 26 vattensågarne,
710 988 6 19 i
732 987 51 26 följd
806 987 75 20 hvaraf
901 987 36 20 det

187 1021 71 20 kunde
282 1028 23 13 ur
328 1021 106 20 finansiell
456 1021 108 27 synpunkt
587 1021 103 20 försvaras
714 1023 30 18 att
765 1021 40 20 den
825 1021 112 20 framdeles

188 1055 70 20 blefve
274 1055 89 20 nedsatt.

255 1089 194 27 Sågningsafgiften
466 1090 37 19 har
518 1089 106 27 nemligen
640 1089 68 27 enligt
722 1089 107 20 allmänna
839 1089 96 20 statsfon-

187 1123 52 20 dens
255 1123 140 20 summariska
410 1123 115 27 räkningar
539 1123 92 27 inbragt:

358 1157 24 20 år
400 1158 85 22 1862...
505 1173 4 4 .
539 1173 5 5 .
575 1157 68 47 cd
658 1158 98 25 220,073.

360 1191 12 12 ”
400 1192 74 19 1863.
505 1207 4 4 .
541 1207 4 4 .
577 1207 4 4 .
658 1192 98 25 308,502.

361 1225 11 12 ”
398 1225 55 20 1864
470 1241 4 4 .
610 1226 12 12 ”
656 1225 99 26 274,594.

362 1259 11 12 ”
400 1260 74 19 1865.
611 1260 11 12 ”
657 1260 98 25 417,19.

360 1293 11 12 ”
400 1293 74 20 1866.
505 1309 5 4 .
541 1309 4 4 .
577 1309 4 4 .
611 1294 11 12 ”
658 1293 97 24 349,953.

360 1327 12 12 ”
400 1327 73 20 1867.
513 1343 1 4 0
575 1343 4 5 0.
609 1327 11 12 ”
656 1327 98 26 315,684.

360 1360 11 11 ”
399 1361 74 20 1868.
503 1377 4 4 .
539 1377 4 4 .
574 1376 4 5 .
609 1361 11 12 »
656 1361 98 26 341,127.

360 1395 11 12 ”
399 1395 74 20 1869.
503 1411 4 4 .
539 1411 4 4 .
576 1411 2 4 i
609 1395 11 12 ”
655 1395 99 26 388,461.

360 1428 12 12 ”
398 1429 74 20 1870.
609 1429 11 12 ”
656 1429 98 25 340,042.

253 1462 102 26 Slutligen
376 1462 38 20 har
434 1440 109 54 utskottet
553 1445 48 38 icke
618 1463 45 19 bort
678 1463 72 19 lemna
764 1461 117 26 oanmärkt,
897 1463 35 19 hu-
