1070 1739
787 151 34 18 189

106 215 118 26 Kejserliga
240 215 106 24 Majestäte
363 213 114 26 befallning
489 213 90 20 okulära
587 213 184 27 undersökningar
787 214 69 20 blifvit

105 249 112 20 anställda:
235 249 31 18 1:o
282 247 32 20 för
328 254 26 13 en
372 247 152 26 jernvägslinie
545 247 44 20 från
611 247 131 27 Wiljakkala
763 248 69 27 kapell
849 250 5 19 i

106 277 47 26 Åbo
169 283 42 24 län,
227 282 37 19 der
279 282 23 19 är
319 281 49 20 1871
387 281 145 20 instrumental
549 281 157 27 undersökning
722 282 32 19 för
763 289 25 12 en
797 283 58 26 jern-

106 320 40 23 väg
161 316 46 20 frän
224 316 140 20 Tammerfors
379 315 31 20 till
431 315 132 27 Björneborg
586 315 104 26 framgätt,
706 316 22 19 ät
744 323 47 13 norr
807 317 47 19 med

107 351 77 20 bibana
199 350 31 19 till
245 350 123 24 Jakobstad,
382 350 48 19 2:do
442 350 31 19 för
484 356 26 13 en
519 350 233 26 jernvägsanläggning
762 350 46 19 frän
820 350 35 20 nä-

106 391 41 20 gon
171 383 67 27 punkt
253 383 13 20 å
280 384 142 26 nyssnämnde
444 384 58 25 linie,
527 384 107 19 eventuelt
655 384 71 26 Lappo
747 384 107 26 socken,
843 379 15 36 i

107 418 116 26 nordostlig
239 418 93 26 rigtning
348 418 58 19 öfver
422 418 25 19 de
458 417 166 20 österbottniska
634 418 105 19 elfvarnes
750 418 44 19 öfre
805 418 50 26 lopp

106 452 32 19 till
152 452 84 20 trakten
252 452 22 19 af
288 451 97 20 Pulkkila
400 452 70 26 kapell
486 452 39 19 och
543 452 71 19 vidare
631 452 31 19 till
674 452 113 26 Uleåborg,
803 454 53 17 samt

108 486 49 20 3:tio
173 486 45 19 från
235 486 93 26 Kaipiais
341 486 178 26 jernvägsstation
535 492 75 20 genom
627 486 31 20 S:t
672 486 77 20 Michel
760 486 31 20 till
800 486 55 20 Kuo-

107 520 34 26 pio
160 520 52 20 stad.
243 520 32 20 Då
297 520 117 20 emellertid
436 520 61 20 dessa
519 520 183 26 undersökningar
726 520 129 20 vidhanden-

109 554 61 26 gifvit
187 556 31 17 att
237 560 139 20 ogynsamma
398 554 234 26 terrängförhällanden
655 554 105 26 uppställa
781 554 75 20 hinder

108 590 56 17 emot
179 588 130 20 sistnämnda
321 588 208 26 jernvägsbyggnad,
552 588 84 20 väcktes
652 588 7 19 i
675 588 47 20 dess
738 588 60 20 ställe
815 588 40 20 för-

108 621 44 27 slag
168 622 30 19 till
215 622 134 26 anläggande
368 622 23 19 af
407 628 24 13 en
455 622 64 26 ostlig
538 622 61 25 bana,
615 628 43 14 som
676 622 44 20 frän
736 622 84 21 trakten
835 622 24 20 af

109 656 70 20 Säiniö
202 656 52 20 eller
276 656 105 20 Galifsina
399 656 99 19 stationer
514 656 12 19 &
541 656 30 20 S:t
586 656 271 26 Petersburg
723 652 10 35 —
743 656 114 26 Riihimäki

109 690 67 20 banan
199 690 69 20 skulle
290 690 6 19 i
317 690 101 20 närheten
441 690 23 19 af
483 690 79 19 Imatra
585 690 108 20 vattenfall
716 690 58 20 ledas
797 691 59 19 öfver

109 724 108 20 Wuoksen
234 724 38 20 och
289 724 91 20 derefter
391 724 71 20 vidare
473 724 7 19 i
491 724 84 26 nordlig
587 724 123 26 sträckning
721 724 31 20 till
763 725 92 19 Joensuu

109 760 51 18 samt
176 758 61 20 söder
253 764 33 14 om
302 758 117 26 Pielisjärvi
434 758 31 26 sjö
481 764 76 20 genom
577 758 114 20 Idensalmi
707 758 30 20 till
753 759 103 26 Piippola,

109 793 37 19 der
161 793 40 19 den
218 792 68 20 skulle
302 792 73 20 förena
394 793 32 25 sig
445 792 46 20 med
512 794 70 18 vestra
601 792 123 20 stambanan
744 793 30 19 till
793 792 62 20 Uleå-

110 826 58 27 borg.
198 826 146 20 Förenämnde
362 829 56 17 östra
435 827 153 27 jernvägslinie
606 827 37 19 har
662 827 101 26 derjemte
778 829 79 18 ansetts

109 861 123 26 ytterligare
248 861 71 19 kunna
334 861 82 19 förenas
432 861 47 19 med
499 861 40 25 den
559 860 163 21 österbottniska
738 862 118 26 jernvägen

110 896 121 20 förmedelst
246 902 26 13 en
288 895 61 26 bana,
370 902 44 12 som
433 895 44 19 från
499 895 96 25 Alajärvi
614 896 77 19 socken
712 895 68 20 skulle
799 896 58 20 ledas

109 930 32 19 till
156 930 84 19 trakten
256 930 22 19 af
290 929 117 26 Jyväskylä
422 930 38 19 och
480 930 74 19 vidare
573 930 101 26 antingen
695 930 59 20 öfver
773 930 86 26 Nyslott

110 963 39 20 och
163 963 142 26 Punkaharju,
321 963 51 20 eller
388 963 58 20 öfver
461 963 101 20 Puumala
578 963 52 20 sund
642 963 39 20 och
693 963 90 27 Käyhkä
794 963 63 20 kanal

109 997 30 20 till
156 997 70 26 någon
243 997 66 26 punkt
324 997 12 19 å
352 997 95 20 sträckan
464 997 93 20 emellan
573 997 85 26 Ladoga
673 997 39 20 och
727 997 90 20 Saimen.
849 997 9 20 I

109 1031 40 20 den
166 1031 31 20 till
213 1031 119 20 Ständerna
347 1031 81 26 afgifna
441 1031 118 20 Berättelse
575 1038 32 13 om
624 1032 114 26 styrelsens
750 1032 107 26 tillgöran-

111 1065 39 20 den
167 1066 6 19 i
190 1065 115 26 anledning
320 1065 24 20 af
357 1065 26 20 de
399 1065 33 20 vid
448 1065 111 20 sisthållna
574 1065 101 27 landtdag
690 1066 78 19 fattade
785 1065 73 25 beslut,

111 1099 105 20 meddelas
232 1101 30 18 att
277 1099 139 20 förevarande
431 1099 89 20 ärendes
536 1099 158 27 handläggning
710 1099 115 20 tillsvidare
836 1102 23 17 är

111 1133 105 21 beroende
237 1133 27 26 på
282 1133 36 20 det
337 1133 113 26 utlåtande,
465 1133 165 26 öfverstyrelsen
647 1133 31 20 för
694 1136 48 24 väg-
759 1134 38 19 och
813 1136 44 17 vat-

110 1167 272 20 tenkommunikationerna
396 1169 23 17 är
434 1167 108 20 anbefalld
558 1169 30 18 att
603 1167 86 26 afgifva,
708 1167 108 21 äfvensom
832 1167 28 26 på

111 1205 96 17 närmare
223 1201 182 27 undersökningar
420 1201 22 20 af
455 1201 26 20 de
496 1201 69 25 linier,
581 1201 73 20 hvilka
668 1208 62 13 anses
746 1202 51 19 böra
809 1201 50 20 hän-

111 1236 55 19 föras
189 1235 31 20 till
243 1235 149 20 stambanorna
407 1235 6 20 i
429 1237 29 18 ett
478 1236 139 26 jernvägsnät
637 1235 57 20 inom
714 1235 77 20 landet.
821 1235 38 25 Då,

109 1270 67 19 såsom
194 1269 62 20 häraf
268 1269 99 26 framgår,
383 1269 160 20 instrumentala
559 1269 182 26 undersökningar
754 1269 24 20 af
786 1269 73 20 ofvan-

110 1303 87 20 änförda
210 1303 164 26 jernvägslinier
389 1303 48 20 icke
453 1303 68 20 blifvit
537 1303 110 25 anställda,
664 1303 37 20 har
716 1303 101 20 utskottet
829 1303 31 19 för

109 1338 31 19 sin
156 1337 34 20 del
206 1337 73 20 tvekat
294 1340 30 17 att
339 1337 65 20 uttala
419 1337 31 26 sig
465 1337 112 26 angående
593 1337 118 20 desammas
724 1337 135 26 lämpligaste

109 1372 100 26 rigtning.
239 1371 108 20 Utskottet
362 1371 38 20 har
415 1371 46 20 icke
479 1371 66 20 heller
562 1365 80 26 Khnat
660 1371 109 20 underlåta
784 1373 31 18 att
830 1371 29 19 fä-

109 1407 32 18 sta
155 1405 214 26 uppmärksamheten
385 1405 27 26 på
427 1405 39 20 den
483 1408 58 17 stora
558 1408 65 23 nytta,
639 1411 43 14 som
699 1405 70 20 blefve
780 1405 80 25 följden

110 1439 23 20 af
147 1446 24 13 en
186 1440 90 25 jernväg
292 1439 45 20 från
354 1439 93 26 Kaipiais
462 1440 78 19 station
557 1440 59 19 öfver
627 1439 31 20 S:t
667 1439 77 20 Michel
755 1439 39 20 och
806 1439 55 20 Kuo-

109 1474 35 25 pio
167 1473 83 19 trakten
273 1473 31 19 till
329 1473 112 26 Uleäborg,
464 1475 55 17 samt
543 1474 36 19 har
602 1474 83 19 derföre
708 1473 60 19 äfven
793 1475 69 18 ansett
