1070 1739
834 125 23 18 39

344 185 119 21 Finlands
478 186 113 21 Stånders
607 187 165 28 underdåniga
785 189 104 26 petition

275 219 97 26 angående
395 219 113 27 förändring
528 221 22 20 af
565 221 131 26 stadgandena
710 228 30 14 om
756 223 77 20 makars
847 223 42 20 lika

275 253 87 26 giflorätt
380 253 4 20 i
399 253 25 21 bo
439 255 48 19 samt
501 255 73 26 arftägt
588 255 51 20 efter
654 255 69 21 afliden
737 263 77 20 person.

140 322 208 27 Stormäktigste,
359 320 195 28 Allernådigste
565 321 106 27 Kejsare
682 323 45 20 och
738 323 151 21 Storfurste!

204 390 41 20 Vid
269 389 143 21 innevarande
432 389 101 28 landtdag
551 390 38 20 har
604 391 57 19 inom
678 391 155 27 Ridderskapet
848 392 39 20 och

136 425 69 20 Adeln
222 425 69 19 blifvit
306 424 118 20 framstäldt
439 426 29 18 ett
484 425 186 26 petitionsförslag,
682 424 109 27 angående
803 426 84 26 åtgärds

136 459 128 26 vidtagande
286 458 86 26 derhän,
392 460 30 18 att
441 458 106 20 allmänna
563 458 72 27 lagens
650 459 132 27 stadganden
798 460 7 20 i
822 461 9 19 1
849 463 10 22 $
875 461 12 19 2

136 493 48 26 kap.
195 489 26 23 Ä.
232 493 23 19 B.
265 493 65 26 jemte
346 492 55 21 vissa
417 492 58 20 delar
490 492 43 20 af
526 485 11 39 3
545 492 48 27 kap.
610 499 80 14 samma
705 493 57 27 balk;
777 494 108 20 äfvensom

135 528 19 25 2,
174 528 20 25 3,
214 528 19 25 4,
254 528 12 19 5
286 527 38 19 och
342 527 10 20 6
369 528 22 23 $$
412 527 24 19 10
460 526 48 27 kap.
525 527 24 19 G.
566 527 23 19 B.
605 527 71 20 blefve
691 528 6 19 i
712 528 174 27 grundlagsenlig

136 564 40 24 väg
198 561 94 20 ändrade
314 561 39 26 och
376 561 108 26 upphäfna
499 561 7 19 i
522 561 23 20 så
561 561 71 26 måtto,
655 564 30 17 att
704 562 70 26 någon
796 563 90 20 skillnad

136 596 77 20 mellan
233 596 34 20 arf
285 596 39 20 och
338 596 96 26 giftorätt
450 596 53 19 efter
518 596 66 19 stads-
601 596 39 20 och
655 596 103 20 landsrätt
773 597 114 20 framdeles

135 630 48 20 icke
204 630 64 20 måtte
288 632 40 24 äga
343 636 54 20 rum,
414 631 48 18 utan
478 629 125 21 frälsemans
618 630 39 20 och
674 630 80 20 bondes
769 633 62 17 söner
847 631 39 20 och

136 665 78 19 döttrar
230 664 59 20 ärfva
304 664 45 19 lika
364 665 54 18 samt
432 663 61 20 deras
509 664 66 20 enkor
591 664 6 19 i
613 664 95 26 giftorätt
724 664 115 28 berättigas
849 666 36 19 'till

135 699 80 20 hälften
230 699 7 19 i
254 698 111 20 makarnes
381 704 157 20 gemensamma
554 698 26 20 bo
597 698 51 20 eller
664 699 23 19 af
700 699 61 20 deras
776 699 60 20 ärfda
847 699 39 20 och

135 733 107 21 förvärfda
260 733 84 19 "lösören
364 734 55 18 samt
437 732 40 20 den
493 732 54 20 fasta
562 732 111 27 egendom,
689 740 45 13 som
750 734 25 19 de
791 734 7 19 i
814 734 72 25 hjone-

136 768 34 26 lag
185 767 41 20 afla
241 773 105 19 samman;
361 766 69 20 såsom
447 766 51 26 följd
515 766 76 20 hvaraf
603 767 61 19 äfven
681 767 205 20 bestämmelserne
876 762 15 36 i

137 802 23 20 17
184 801 48 26 kap.
253 796 26 24 Ä.
299 801 23 19 B.
343 800 89 20 rörande
448 802 123 18 testaments
587 802 67 18 rätten
671 801 53 20 efter
739 802 103 19 landsrätt
857 801 29 19 äf-

135 842 39 14 ven
199 835 64 21 borde
288 835 116 26 upphäfvas
428 835 38 19 och
490 835 82 19 ändras.
607 835 111 20 Likaledes
738 836 38 20 har
791 836 30 18 uti
837 842 49 13 ena-

135 870 70 20 handa
220 870 55 26 syfte
291 870 56 19 inom
363 869 158 21 Presteståndet
537 870 113 20 framstälts
666 872 30 18 ett
706 870 180 26 petitionsförslag

134 904 111 26 angående
266 904 62 19 sådan
342 900 128 30 förändring
485 904 24 19 af
522 904 13 20 2
551 904 39 20 och
606 904 11 19 3
634 904 48 24 kap.
698 900 25 24 Ä.
739 904 23 20 B.
778 906 33 18 att
827 904 60 27 qvin-

134 944 55 14 nans
212 938 96 26 arfsrätt
330 936 68 27 blefve
420 936 99 21 likställd
534 938 47 19 med
596 944 104 19 mannens
718 938 7 19 i
744 938 41 19 alla
801 938 26 19 de
843 938 44 25 fall,

134 972 38 20 der
191 979 26 12 en
236 971 66 20 sådan
321 971 138 26 likställighet
473 971 49 20 icke
537 972 66 19 redan
618 975 52 23 äger
685 979 51 18 rum,
754 972 38 19 och
809 973 30 18 att
855 971 30 20 sä-

134 1007 57 20 ledes
207 1006 73 26 lagens
297 1005 116 26 stadgande
430 1011 34 14 om
480 1006 35 19 arf
527 1005 54 20 efter
596 1006 136 20 landsrätt
748 1006 69 20 blefve
835 1012 50 20 upp-

134 1041 84 25 häfven,
229 1041 55 19 samt
294 1039 111 27 stadgarne
414 1046 34 13 om
465 1040 34 19 arf
513 1040 52 19 efter
575 1040 134 20 stadsrätt
720 1040 70 20 blefve
801 1040 32 19 för
843 1040 44 19 alla

133 1075 81 20 landets
227 1073 146 27 innebyggare
386 1073 106 27 gällande,
503 1074 107 20 äfvensom
624 1076 30 18 att
671 1075 25 18 10
711 1074 49 26 kap.
771 1074 25 19 G.
808 1074 30 25 B.,
849 1080 36 13 an-

133 1109 83 26 gående
232 1115 102 13 mannens
350 1108 39 19 och
406 1108 98 19 hustruns
519 1108 96 27 giftorätt
630 1109 6 19 i
652 1109 60 19 deras
728 1114 158 21 gemensamma

135 1143 32 26 bo,
187 1142 71 20 blefve
273 1142 139 19 sammaledes
427 1142 130 26 förändradt,
573 1142 23 20 sä
610 1144 31 18 att
655 1142 53 20 blott
723 1142 96 27 giftorätt
833 1142 53 19 efter

133 1177 99 20 stadsrätt
246 1176 71 20 blefve
332 1176 32 19 för
380 1176 42 19 alla
436 1175 105 27 gällande.

202 1210 40 20 Vid
266 1210 156 26 öfvervägande
446 1210 22 19 af
486 1210 62 20 dessa
567 1210 159 26 önskningsmäl
747 1209 63 20 hafva
825 1209 60 20 Stän-

132 1245 72 25 derna,
215 1245 7 18 i
233 1244 68 20 likhet
316 1244 46 20 med
379 1244 55 19 hvad
450 1245 29 18 uti
496 1244 239 26 petitionsmemorialen
752 1243 135 26 framhållits,

132 1279 68 19 funnit
221 1285 29 12 nu
273 1278 98 27 gällande
395 1278 168 26 lagstadganden
586 1279 7 18 i
616 1280 70 18 ämnet
708 1277 103 21 innebära
833 1277 52 20 obil-

132 1313 73 26 lighet,
225 1312 47 26 och,
288 1318 33 14 om
338 1315 24 16 än
379 1318 116 20 uppvuxna
511 1319 23 12 ur
549 1312 113 20 historiska
680 1311 153 26 förhållanden,
849 1318 36 13 nu-

132 1353 58 13 mera
204 1346 48 20 icke
268 1352 41 20 ega
319 1345 65 27 något
396 1346 45 19 stöd
454 1346 6 19 i
471 1345 116 26 bestående
599 1346 210 19 samhällsintressen.
826 1345 59 20 Stän-

131 1381 65 19 derna
212 1380 63 19 hafva
290 1380 90 25 derföre,
396 1379 127 20 anslutande
539 1380 32 26 sig
584 1380 30 19 till
626 1379 139 20 omförmälda
775 1379 110 26 petitions-

131 1415 85 25 förslag,
240 1415 69 18 ansett
330 1420 26 13 en
380 1413 218 27 lagstiftningsåtgärd
620 1414 30 19 uti
674 1420 27 13 nu
723 1412 163 27 ifrågavarande

131 1449 55 25 syfte
206 1454 51 13 vara
275 1447 111 26 högeligen
404 1447 107 26 påkallad.
541 1447 67 20 Bland
625 1447 26 20 de
666 1447 78 27 frågor,
760 1447 11 22 i
783 1446 101 21 afseende
