1070 1739
821 140 33 18 105

129 205 67 22 medel
219 204 66 20 borde
304 204 120 20 förstärkas.
455 204 68 19 Häraf
540 203 92 27 framgår
652 205 31 18 att
698 205 49 18 utan
763 202 112 27 kapitalets
898 215 3 4 -

127 239 108 20 anlitande
258 239 62 25 ingen
344 238 111 26 möjlighet
474 238 121 26 förefinnes,
614 240 30 18 att
664 237 112 27 tillgodose
792 237 26 20 de
833 243 43 20 nya

129 272 65 20 behof
211 272 23 19 af
250 271 148 20 lärarekrafter
417 279 26 12 m.
460 279 34 18 m.,
509 279 44 13 som
570 272 65 20 redan
652 272 54 26 gjort
722 272 33 26 sig
770 271 106 26 gällande,

128 306 73 19 såvida
225 305 68 20 medel
313 306 31 19 för
362 306 62 20 dessa
439 305 97 20 ändamål
552 305 48 20 icke
616 305 45 20 från
677 306 67 19 andra
759 305 42 20 håll
817 305 58 19 anvi-

128 346 38 13 sas.
199 339 38 20 Om
258 339 82 20 derföre
360 339 155 20 universitetets
535 341 40 18 rätt
591 339 30 20 till
638 339 152 26 tullskillingen
807 338 68 20 skulle

129 373 47 20 med
198 373 22 20 år
242 373 53 20 1878
311 373 100 26 upphöra,
428 373 65 20 borde
508 373 49 20 icke
572 373 54 20 blott
642 380 25 13 en
684 373 34 20 del
733 372 23 21 af
769 373 26 19 de
811 371 64 20 redan

128 407 98 26 ständiga
249 407 113 27 utgifterna
384 407 27 20 då
430 408 23 19 af
470 408 128 20 statsverket
617 408 127 25 öfvertagas,
761 409 48 18 utan
825 407 50 25 hög-

129 441 75 19 skolan
220 440 68 21 skulle
304 441 101 26 derjemte
420 441 67 20 sakna
502 442 72 25 hvarje
590 443 63 25 utväg
669 443 30 18 att
713 443 49 17 utan
775 440 101 20 förökade

129 475 126 26 statsanslag
271 474 91 21 bestrida
373 475 27 20 de
411 482 42 19 nya
464 475 92 27 utgifter,
567 481 45 14 som
624 474 179 27 vetenskapernas
813 473 63 20 fram-

129 510 46 25 steg
191 509 47 20 med
256 508 98 28 oafvislig
369 509 160 27 nödvändighet
544 509 91 27 påkalla.

197 542 32 20 Då
252 542 61 20 alltså
334 543 36 20 det
391 543 68 26 behof,
480 549 44 14 som
545 549 76 21 genom
637 542 161 27 ifrågavarande
814 541 62 27 afgift

129 577 69 26 fylles,
213 577 6 19 i
236 576 34 20 fall
295 577 121 20 densamma
436 577 35 20 vid
492 577 120 27 föreslagna
627 577 99 26 tidpunkt
740 575 136 25 afskaffades,

128 611 48 20 icke
199 610 68 21 skulle
287 611 70 20 kunna
377 611 70 27 undgå
462 613 31 18 att
509 611 109 20 föranleda
633 611 31 20 till
680 610 88 21 förökad
785 610 91 20 beskatt-

129 646 50 25 ning
194 645 67 20 under
277 645 68 27 någon
358 652 72 13 annan
447 645 52 26 titel,
515 646 60 19 torde
590 646 31 19 till
637 645 81 20 försvar
733 645 33 19 för
777 644 99 26 afgiftens

130 679 149 20 bibehållande
300 679 49 20 böra
368 681 116 24 yttermera
499 680 90 25 anföras,
605 681 31 17 att
650 685 25 13 en
692 679 81 26 pålaga,
790 677 85 21 hvilken

129 713 64 20 redan
209 714 7 19 i
231 714 74 26 längre
320 714 30 19 tid
366 715 48 18 utan
431 713 135 20 märkbarare
582 713 114 27 olägenhet
712 712 74 27 utgått,
801 712 75 20 lättare

129 748 59 20 bäres
204 750 26 17 än
246 754 26 13 en
289 754 27 20 ny
332 747 73 20 sådan.

197 781 29 20 På
241 781 66 27 grund
323 782 23 19 af
360 782 36 19 det
410 781 89 20 anförda
513 781 32 20 får
561 781 101 20 utskottet
676 781 83 20 derföre
770 780 107 20 vördsamt

131 816 114 26 tillstyrka:

265 857 33 19 att
308 854 149 28 förevarande
469 854 193 28 petitionsförslag
673 854 62 28 finge
746 853 106 28 förfalla.

196 906 137 27 Helsingfors,
350 907 40 19 den
406 907 25 19 27
448 906 55 20 Mars
522 906 60 21 1872.
