1070 1739
199 139 25 17 IV

175 201 89 20 Finlands
276 201 87 18 Ständers
382 201 129 24 underdäniga
529 202 80 23 petition
622 201 96 24 angående
731 200 76 24 upphäf-

244 230 60 18 vande
316 231 21 17 af
346 231 36 17 den
400 230 95 18 adelsman
513 230 143 17 tillkommande
676 231 130 22 utpantnings-

245 261 37 15 rätt
293 259 33 18 hos
340 259 40 18 dess
393 259 130 17 frälsebönder
553 272 4 5 .
582 272 3 3 .
610 272 3 3 .
667 272 3 3 +
695 272 4 5 +
724 272 4 5 +
752 272 5 5 >
768 264 42 17 PG

176 287 139 23 Lagutskottets
325 288 118 17 betänkande
456 288 34 17 N:o
502 288 29 20 25,
545 289 6 16 i
563 272 102 38 anledning
678 288 35 16 af
712 293 48 12 inom
772 287 34 18 He-

244 316 92 18 dervärda
342 317 138 18 Bondeståndet
487 316 66 18 väckta
566 316 70 23 förslag
648 321 30 12 om
693 315 116 24 underdånig

245 345 86 22 petition,
345 345 95 23 angående
452 345 82 22 ändring
546 345 20 17 af
577 345 63 22 lagens
654 344 114 23 stadganden
779 349 29 12 om

246 373 56 18 oäkta
313 373 55 18 barns
380 374 87 17 arfsrätt.
497 386 4 4 .
526 386 3 3 .
554 386 5 5 .
583 385 4 4 «
694 385 6 6 +
724 386 4 3 +
752 385 4 5 .
768 378 41 17 Pag.

176 401 88 18 Finlands
278 401 86 18 Ständers
377 401 130 23 underdåniga
518 401 82 22 petition
610 385 102 38 angående
730 401 80 23 ändring

245 430 21 16 af
276 430 64 22 lagens
353 430 116 22 stadganden
487 434 30 13 om
536 429 55 17 oäkta
603 430 57 16 barns
672 430 76 17 arfsrätt
767 435 41 17 pag.

176 457 152 19 Statsutskottets
346 458 119 18 betänkande
477 458 34 18 N:o
529 458 18 21 2,
563 458 6 17 i
582 458 102 22 anledning
702 458 20 17 af
739 460 67 16 tvenne

245 486 93 18 särskilda
354 486 195 23 petitionsmemorial,
563 486 31 18 det
610 492 35 12 ena
664 486 96 23 angående
777 488 31 16 än-

245 515 55 23 dring
305 511 22 31 af
334 515 8 17 4
352 516 5 20 $
364 515 34 17 och
406 515 133 23 upphäfvande
552 516 35 16 af
576 511 10 31 5
596 515 38 21 $20
646 515 42 22 kap.
701 515 20 18 B.
733 515 21 17 B.
762 517 47 15 samt

244 543 202 23 sädesförmalningens
464 544 116 17 hänförande
601 543 28 17 till
648 543 24 17 de
689 544 37 16 fria
748 544 60 16 närin-

244 577 65 17 garne,
323 572 31 17 det
366 572 58 18 andra
436 572 79 18 rörande
532 572 90 23 utvidgad
634 574 37 15 rätt
683 574 27 15 att
722 572 86 18 förvand-

244 600 19 17 la
279 600 183 23 husbehofsgvarnar
477 601 29 17 till
522 601 124 23 tullgvarnar,
662 601 54 17 äfven
730 606 30 12 om
773 601 35 17 den

245 629 105 17 fastställda
367 630 140 16 minimiräntan
526 630 41 17 icke
583 630 63 17 kunde
664 629 42 17 från
726 629 83 18 densam-

245 662 27 12 ma
288 656 92 24 päräknas
408 670 3 4 .
436 671 4 5 .
465 671 4 3 .
493 671 5 5 0
522 670 147 6 00.
696 671 4 4 +
722 671 4 3 +
750 671 4 5 »
767 664 42 17 Pag.

176 684 88 18 Finlands
272 685 86 18 Ständers
368 686 129 23 underdåniga
507 687 81 22 petition
599 692 30 12 om
645 687 83 17 revision
740 687 20 16 af
770 686 37 23 gäl-

244 713 55 18 lande
312 714 116 23 stadganden
440 714 95 23 angående
551 714 129 23 mjölqvarnar
692 714 34 18 och
740 716 66 22 stamp-

245 742 45 17 verk
320 756 4 4 .
351 756 2 2 .
579 756 4 3 a
692 756 5 5 <
721 756 4 5 0.
750 756 3 4 »
766 749 42 17 Pag.

176 766 152 31 Statsutskottets
348 756 121 32 betänkande
485 756 40 32 N:o
537 756 19 36 3,
569 772 5 16 i
591 756 99 38 anledning
710 772 21 17 af
741 772 67 17 Heder-

245 799 58 17 värda
320 799 147 18 Bondeståndets
485 800 169 22 petitionsförslag,
668 802 28 15 att
713 800 32 17 vid
758 802 47 16 näst-

245 827 111 18 kommande
365 828 96 23 Landtdag
469 828 104 18 Ständerna
584 828 61 17 skulle
661 828 104 23 föreläggas
773 828 34 18 Nå-

245 854 33 24 dig
285 856 118 22 proposition
412 862 31 12 om
452 856 113 23 försäljning
573 857 20 17 af
603 857 22 17 de
638 857 73 17 mindre
719 857 36 18 och
763 858 44 17 kon-

245 884 44 17 troll
302 886 52 16 ötver
374 884 22 18 de
414 886 60 16 större
493 885 42 17 utaf
545 885 75 17 militie-
639 886 35 17 och
693 886 116 18 civilstatens

245 909 93 41 boställen
351 926 4 4 +
380 926 4 4 +
397 909 16 41 os
438 909 31 41 «os
494 926 4 5 +
522 926 4 4 <
551 926 7 20 6
580 926 3 4 <
608 926 32 6 66
665 927 5 5 +
694 927 4 4 +
722 927 5 5 +
750 928 4 3 >
766 909 42 41 Dä.

176 940 153 18 Statsutskottets
340 942 119 17 betänkande
468 942 33 17 N:o
512 942 27 20 11,
553 942 6 16 i
572 942 103 23 anledning
687 943 21 16 af
718 944 27 15 ett
756 944 51 16 inom

244 969 120 18 Hedervärda
375 969 139 18 Bondeståndet
525 970 56 17 väckt
599 971 167 23 petitionsförslag,
779 974 27 15 att

246 997 55 18 den
295 993 13 33 i
319 998 88 23 Wiborgs
425 998 31 17 län
476 999 59 16 under
555 1004 56 11 namn
629 1000 21 17 af
666 1000 142 22 gärdehömedel

245 1026 99 23 uppburna
356 1027 50 16 skatt
418 1026 57 18 måtte
487 1027 86 18 afskaffas
608 1041 4 3 =.
636 1041 4 5 .
664 1041 5 4 .
693 1041 5 5 .
722 1041 5 5 .
750 1041 6 5 .
767 1034 42 17 Pag.

176 1054 137 18 Sammansatta
324 1055 57 17 Stats-
394 1055 35 17 och
437 1055 195 18 Ekonomiutskottets
646 1057 116 17 betänkande
774 1057 34 18 N:o

244 1083 18 21 4,
276 1083 6 16 i
295 1083 101 22 anledning
408 1083 22 17 af
440 1086 68 15 tvenne
521 1084 29 17 till
563 1084 121 18 Hedervärda
696 1085 113 18 Bondestån-

244 1111 32 17 det
294 1111 106 18 inlemnade
422 1112 209 22 petitionsmemorialer
650 1113 96 24 angående
763 1119 44 18 aug-

244 1141 159 16 mentsräntornas
416 1140 115 23 indragning
549 1141 29 17 till
591 1141 73 18 kronan
680 1142 35 17 och
728 1142 79 18 rusthäl-

243 1168 41 17 lens
297 1168 121 17 likställande
442 1169 41 17 med
508 1169 62 23 öfriga
594 1170 140 23 skattskyldiga
758 1171 49 18 hem-

245 1195 61 55 maa
323 1209 32 6 GE
395 1210 19 5 Oc
443 1195 197 55 Ek0comluikofiote
653 1195 42 55 ble
708 1195 101 55 könen

175 1224 137 19 Sammansatta
324 1225 56 18 Stats-
392 1225 36 18 och
441 1226 195 18 Ekonomiutskottets
648 1227 142 18 betänkande
771 1220 24 34 N:

244 1253 17 21 5,
275 1254 6 16 i
300 1253 102 24 anledning
420 1255 21 17 af
457 1255 101 23 Vällofliga
579 1255 164 23 Borgareständets
762 1234 47 45 pet

245 1282 148 18 tionsmemorial
417 1283 96 23 angående
537 1279 181 54 sågningsafgiftens
737 1285 70 23 upphö-

245 1310 57 17 VANAO
312 1306 12 33 14
348 1323 4 4 s
386 1306 37 33 10
435 1325 32 5 FR
492 1325 32 5 Wa
694 1319 115 18 +.
744 1310 11 31 .
767 1319 42 18 pag:

175 1337 138 18 Sammansatta
324 1339 56 18 Stats-
390 1340 35 17 och
437 1321 203 47 Ekonomiutskottets.
643 1327 118 32 betänkande
773 1342 34 17 N:o

243 1366 18 22 8,
274 1367 6 16 i
293 1367 101 24 anledning
406 1369 22 16 af
438 1371 26 15 ett
476 1369 52 18 inom
538 1369 101 24 Vällofliga
651 1370 156 23 Borgareståndet

244 1395 56 17 väckt
311 1397 188 21 petitionsmemorial
512 1400 27 15 att
551 1398 37 17 den
600 1399 118 18 Alexanders
731 1399 76 18 Univer-

244 1423 63 17 sitetet
318 1424 79 23 tillagda
409 1426 55 22 afgift
471 1427 30 16 för
508 1427 76 17 utförda
591 1427 162 24 skogsprodukter
764 1428 46 17 måt-

243 1452 19 16 te
274 1451 42 19 med
328 1452 45 17 1878
385 1452 29 19 års
428 1453 71 24 utgång
512 1455 97 23 upphöra.
634 1469 4 3 .
663 1469 5 5 .
693 1471 3 3 .
723 1470 3 3 .
750 1470 3 3 .
766 1462 41 17 pag.

856 257 73 18 49—51.

856 372 73 17 52—55.

855 429 73 18 55—56.

855 658 41 17 59—
901 658 27 18 69,

853 744 73 18 69—72.

856 916 71 17 13—71.

856 1029 72 17 78—82.

855 1201 73 18 85—90.

844 1315 85 18 9—100.

832 1457 95 19 101—105.
