1070 1739
236 137 22 18 12

201 201 41 19 tets
265 201 70 26 tanke,
359 207 50 14 vara
429 201 90 26 fritagne
538 201 46 20 från
601 201 149 27 skyldigheten
767 201 39 20 och
824 201 126 26 rättigheten

201 237 31 17 att
250 235 115 20 ömsesides
383 235 128 20 kontrollera
526 235 130 25 hvarandra;
673 235 116 26 hvarjemte
805 235 35 20 det
855 235 23 20 af
891 234 58 20 Stän-

201 268 76 20 dernas
296 269 130 20 embetsman
445 269 98 20 utöfvade
559 263 101 26 inseende
677 269 77 26 kunde,
770 269 27 26 på
812 271 41 18 sätt
869 268 81 27 petitio-

202 305 88 18 närerne
309 303 116 26 föreslagit,
444 303 115 26 begränsas
575 303 47 20 med
639 303 121 19 hänseende
777 303 29 19 till
823 303 127 26 rättigheten

201 339 30 17 att
246 337 128 20 kontrollera
390 337 238 26 Generalguvernörens
643 340 54 17 samt
712 337 84 20 kanske
812 337 137 20 öfverhufvud

201 371 41 19 den
258 371 75 26 högsta
348 371 115 26 styrelsens
480 370 187 27 embetsåtgärder,
684 371 6 19 i
706 371 35 19 fall
758 371 106 26 nemligen
877 371 73 20 endast

202 405 66 20 under
290 405 57 20 detta
370 405 68 20 vilkor
458 405 73 26 nådigt
551 405 59 20 bifall
630 405 70 20 kunde
717 405 107 20 meddelas
840 405 30 20 till
886 405 63 20 inrät-

201 439 63 19 tande
280 439 23 19 af
315 439 161 26 ifrågavarande
491 439 90 25 embete,
597 439 31 19 till
645 439 61 20 hvars
722 439 94 26 aflöning
832 441 53 17 samt
899 439 49 19 kan-

201 473 33 19 sli-
260 473 40 20 och
324 473 162 20 resekostnader
511 472 118 20 Ständerna
651 473 33 19 väl
708 473 48 19 icke
779 473 68 19 skulle
870 474 78 18 undan-

202 506 66 27 draga
283 507 31 26 sig
330 509 30 17 att
376 507 33 20 vid
426 514 26 13 en
469 507 127 20 kommande
611 507 102 26 landtdag
728 507 73 20 anvisa
812 507 138 27 erforderliga

202 540 76 20 medel.

271 575 40 20 Det
325 576 23 19 af
361 582 26 13 en
403 576 113 26 petitionär
532 576 76 19 väckta
623 576 108 26 förslaget,
747 578 30 17 att
787 575 161 26 ifrågavarande

201 609 130 20 embetsman
352 610 64 20 borde
431 610 7 19 i
454 610 31 19 sin
506 610 112 20 berättelse
635 610 30 19 till
681 610 117 20 Ständerna
813 610 80 26 afgifva
907 610 40 19 för-

200 643 46 27 slag
268 644 32 19 till
318 644 136 26 afhjelpande
473 644 22 19 af
508 644 26 19 de
551 644 81 25 brister,
648 650 44 14 som
708 644 6 19 i
731 644 85 26 lagarne
833 644 70 19 kunna
918 644 29 19 fö-

201 677 115 26 rekomma,
339 684 61 13 anser
422 678 107 20 Utskottet
551 678 125 26 visserligen
696 684 50 14 vara
765 678 60 20 desto
841 684 56 13 mera
913 678 34 19 be-

201 711 161 26 hjertansvärdt,
384 718 44 14 som
449 712 82 20 landets
551 712 95 26 styrelse,
662 712 7 19 i
685 712 79 20 saknad
784 712 23 20 af
820 718 25 14 en
859 712 88 26 justitie-

201 746 122 25 expedition
334 746 7 20 i
352 746 119 27 Kejserliga
486 746 99 25 Senaten,
601 747 19 25 ej
636 753 51 20 eger
702 753 26 13 en
744 746 89 20 särskild
846 746 101 20 målsman

201 779 32 20 för
255 780 107 20 allmänna
384 780 220 27 lagstiftningsfrågor.
639 781 47 19 Men
710 781 89 19 emedan
819 781 128 26 Landtdags-

201 814 117 26 ordningen
334 814 48 20 icke
397 814 137 20 tillerkänner
549 814 117 20 Ständerna
682 816 137 24 motionsrätt,
836 814 65 20 håller
912 814 35 20 Ut-

200 848 80 19 skottet
295 848 50 25 före,
361 850 30 18 att
406 843 65 31 sagde
486 848 77 27 förslag
579 855 28 13 nu
621 848 48 20 icke
684 849 65 19 borde
760 848 107 20 föranleda
879 848 67 27 någon

200 882 133 27 underdånig
349 882 154 26 framställning
518 882 45 20 från
580 882 128 21 Ständernas
724 883 51 20 sida.

269 916 40 20 För
332 916 39 20 den
392 917 100 19 händelse
512 919 30 17 att
560 917 128 19 inrättandet
703 917 23 19 af
740 916 149 20 meranämnda
905 923 41 13 em-

201 950 48 19 bete
272 950 47 19 icke
342 957 37 13 ens
402 951 46 19 med
469 951 157 20 ofvannämnda
645 951 142 26 begränsning
802 952 7 18 i
824 950 123 26 rättigheter

200 983 72 20 kunde
282 984 7 19 i
301 983 64 20 nåder
382 984 89 26 bifallas,
486 985 88 19 emedan
591 985 153 20 Prokuratorns
755 985 190 20 embetsverksam-

201 1017 35 20 het
251 1017 89 27 ansåges
356 1021 52 23 göra
423 1018 116 20 detsamma
553 1019 142 26 öfverflödigt,
711 1022 43 17 tror
769 1019 108 19 Utskottet
887 1018 59 20 Stän-

200 1051 66 20 derna
281 1051 51 20 böra
347 1053 5 18 i
370 1052 165 27 underdånighet
552 1053 84 19 anhålla
652 1059 33 14 om
702 1055 30 18 ett
747 1053 74 26 nådigt
834 1053 114 26 lagförslag

200 1085 87 25 derhän,
310 1088 30 17 att
363 1086 140 20 Prokuratorn
526 1087 5 19 i
549 1087 118 26 Kejserliga
690 1087 91 21 Senaten
804 1087 32 19 för
858 1087 88 20 Finland

200 1119 71 20 blefve
294 1120 112 26 förpligtad
429 1123 29 17 att
474 1121 7 18 i
497 1121 72 25 början
593 1121 23 19 af
633 1121 72 26 hvarje
725 1121 101 25 landtdag
841 1121 31 19 till
888 1121 58 19 Stän-

199 1153 66 20 derna
287 1153 79 27 afgifva
389 1154 112 20 berättelse
521 1161 33 13 om
575 1155 36 19 sitt
629 1155 101 20 inseende
746 1155 90 20 emellan
853 1150 93 24 landtda-

198 1193 67 20 garne
287 1187 59 20 öfver
366 1188 162 27 lagskipningen
544 1189 7 19 i
567 1189 75 26 högsta
661 1189 118 20 domstolen
795 1188 39 21 och
849 1189 97 25 lagarnes

199 1221 163 20 handhafvande
377 1222 57 20 inom
451 1223 70 19 landet
537 1223 145 20 öfverhufvud.

267 1255 103 27 Slutligen
386 1256 94 20 anhäller
495 1257 108 20 Utskottet
617 1259 30 18 att
662 1257 21 20 fä
697 1257 54 20 fästa
762 1257 115 26 höglofliga
887 1257 58 20 Stän-

199 1289 76 20 dernas
298 1290 187 26 uppmärksamhet
507 1291 80 25 dervid,
607 1293 35 24 att,
662 1291 101 20 ehuruväl
779 1291 72 26 frågan
868 1297 32 14 om
915 1291 32 19 in-

198 1323 97 20 rättande
315 1324 22 19 af
350 1330 26 13 en
393 1324 75 25 högsta
483 1325 88 20 domstol
587 1325 38 20 och
642 1327 29 18 ett
687 1327 47 24 nytt
750 1325 83 20 embete
849 1325 31 19 för
896 1325 50 20 kon-

199 1357 75 20 trollen
297 1357 58 20 öfver
378 1357 164 28 lagskipningen
558 1359 6 19 i
581 1359 72 20 landet
675 1359 48 20 icke
743 1359 132 20 omedelbart
889 1361 57 18 rörer

198 1391 74 26 frägan
289 1397 33 14 om
338 1392 182 25 styrelseverkens
537 1393 173 26 reorganisation,
727 1393 26 20 de
769 1393 68 26 begge
849 1392 97 27 frägorna

198 1425 66 19 likväl
279 1425 32 20 stä
326 1426 6 19 i
348 1427 30 18 ett
392 1426 23 19 sä
431 1429 51 17 nära
497 1427 153 26 sammanhang
666 1427 47 20 med
730 1427 125 25 hvarandra,
867 1429 30 17 att
906 1427 40 20 lös-

198 1459 79 27 ningen
300 1459 23 19 af
344 1460 40 19 den
404 1467 41 13 ena
464 1461 47 19 icke
531 1461 42 19 kan
589 1461 71 26 undgä
674 1463 31 17 att
720 1461 71 19 utöfva
806 1461 65 26 nägot
885 1461 61 27 infly-
