1070 1739
836 137 22 17 37

208 199 147 27 Lagutskottet
378 199 40 19 kan
443 199 120 20 alltderföre
586 199 48 20 icke
657 202 63 18 annat
740 203 25 16 än
788 207 54 20 egna
857 200 36 19 sitt

142 235 104 19 varmaste
262 233 69 19 förord
348 232 21 20 åt
384 233 139 20 omförmälde
539 233 186 27 petitionsförslag.

209 267 163 26 Ifrägavarande
400 267 216 26 lagstiftningsätgärd
642 267 68 20 skulle
737 267 60 26 dock,
825 267 67 26 enligt

141 301 157 27 Lagutskottets
319 301 71 25 tanke,
414 301 78 20 förlora
515 301 107 26 mycket
615 297 12 35 i
639 302 70 25 värde,
729 308 34 14 om
784 301 40 21 den
844 301 48 20 icke

142 335 92 21 sträckte
250 336 32 26 sig
298 335 61 20 äfven
376 335 30 20 till
423 335 26 20 de
465 335 58 20 delar
539 336 22 19 af
575 336 106 20 allmänna
696 336 69 27 lagen,
781 343 44 13 som
840 336 53 26 tagit

142 369 84 27 intryck
245 370 22 20 af
288 369 52 20 1734
359 369 33 20 &rs
409 369 127 27 lagstiftares
552 369 55 28 äsigt
624 370 131 21 beträffande
770 370 121 27 giftorätten

141 405 40 20 och
202 404 118 20 arfsrätten.
350 404 9 19 I
380 404 57 20 delta
460 404 99 20 afseende
581 411 61 13 anser
661 404 105 21 Utskottet
786 405 107 19 allmänna

142 439 72 26 lagens
230 437 130 27 stadganden
377 438 111 26 angäende
505 438 82 20 hustrus
604 438 150 27 morgongäfva
770 438 73 20 främst
856 438 35 26 pä-

143 473 55 20 kalla
217 479 26 13 en
264 472 147 20 motsvarande
430 472 96 27 ändring.
556 472 82 27 Lagens
654 473 130 26 stadganden
801 479 34 13 om
851 474 39 18 rät-

143 507 93 27 tigheten
253 508 30 18 att
298 512 75 21 genom
390 508 125 18 testamente
532 506 104 27 bortgifva
652 506 104 28 egendom
771 506 64 20 hafva
845 506 46 20 här-

143 541 34 20 vid
193 540 48 21 icke
256 540 67 20 heller
339 540 88 27 undgätt
439 540 118 20 Utskottets
567 540 193 27 uppmärksamhet.
776 541 47 19 Men
836 547 55 13 eme-

143 575 41 20 dan
208 575 137 20 stadsrättens
367 575 98 27 gällande
487 575 157 27 bestämningar
659 576 6 18 i
682 575 127 26 denna-del,
826 574 67 27 enligt

143 609 117 21 Utskottets
284 610 92 26 mening,
396 609 48 20 icke
463 612 36 17 äro
515 609 23 20 af
550 609 94 20 innehäll
659 611 30 18 att
704 609 71 20 kunna
791 609 102 27 förordas,

143 644 40 20 och
198 643 27 20 dä
240 650 25 13 en
282 643 89 27 ändring
387 644 23 19 af
423 643 106 20 allmänna
543 644 73 26 lagens
632 644 130 26 stadganden
779 649 33 14 om
830 645 61 18 testa-

145 680 134 18 mentsrätten
300 678 52 19 efter
372 677 103 20 landsrätt
495 678 48 20 icke
559 678 59 20 torde
636 678 50 20 böra
700 684 41 20 ega
756 684 44 13 rum
817 684 75 13 annor-

144 712 64 20 lunda
222 715 27 17 än
265 712 7 19 i
288 712 152 26 sammanhang
456 712 47 20 med
519 719 26 13 en
561 712 123 27 fullständig
699 712 92 20 revision
807 712 23 20 af
838 712 55 20 hvad

144 746 62 27 lagen
228 746 40 21 och
290 746 88 20 sednare
399 746 102 20 utkomna
519 746 146 27 författningar
680 746 108 20 innehålla
803 752 34 14 om
853 748 40 18 rät-

145 781 94 25 tigheten
262 782 30 18 att
313 787 76 20 genom
413 780 62 26 gäfva
495 780 52 20 eller
567 782 125 19 testamente
712 780 81 27 förfoga
813 786 33 14 om
862 780 31 20 sin

145 815 53 20 fasta
217 815 111 26 egendom,
350 814 37 20 har
407 814 106 20 Utskottet
528 814 72 21 afstätt
615 814 46 20 frän
676 816 30 18 att
721 814 78 21 föreslä
815 821 26 13 en
857 821 36 13 un-

146 849 101 26 derdänig
263 849 88 26 petition
367 849 7 19 i
390 848 122 20 förberörda
527 849 62 26 syfte.

212 883 30 19 Pä
257 882 67 27 grund
340 884 24 18 af
376 883 36 19 det
427 883 88 20 anförda
531 883 78 20 tilläter
624 883 147 27 Lagutskottet
786 883 32 26 sig
833 882 61 20 vörd-

146 919 53 18 samt
217 917 84 25 föreslä,
320 919 31 18 att
367 917 81 20 landets
464 917 122 27 Höglofliga
601 917 89 21 Ständer
706 917 63 20 mätte
785 917 38 20 hos
838 916 58 20 Hans

147 952 117 26 Kejserliga
280 952 97 25 Majestät
392 952 7 19 i
414 951 170 26 underdänighet
599 952 94 19 anhälla:
845 950 5 3 N

282 993 33 18 att
324 990 65 21 Hans
399 990 125 29 Kejserliga
535 990 105 28 Majestät
652 991 48 20 ville
703 990 120 27 förelägga
833 989 64 22 Stän-

214 1025 70 20 derna
305 1025 37 20 vid
360 1025 178 20 nästkommande
558 1025 106 27 landtdag
680 1024 67 28 nädig
759 1024 139 27 proposition

214 1065 34 14 om
262 1059 125 28 antagande
402 1059 30 27 af
442 1065 26 15 en
474 1059 143 28 förordning,
629 1058 143 28 hvarigenom,
783 1058 49 21 med
842 1057 56 22 änd-

213 1094 51 27 ring
287 1093 37 21 och
346 1093 156 28 upphäfvande
525 1093 30 27 af
571 1100 29 14 nu
618 1093 103 28 gällande
738 1092 162 29 stadganden
887 1088 16 37 i

214 1127 62 22 dessa
292 1129 83 23 ämnen,

282 1163 23 24 a)
320 1161 108 22 hvardera
450 1161 83 26 maken,
557 1163 53 19 utan
630 1161 100 28 afseende
746 1161 13 20 ä
774 1161 42 20 den
837 1160 64 21 deras

214 1196 24 21 bo
255 1195 113 28 tillhöriga
383 1196 140 27 egendomens
539 1196 48 27 läge
598 1195 39 22 och
648 1195 151 28 beskaffenhet,
812 1194 88 21 tillades

215 1230 46 21 lika
275 1230 109 28 giftorätt,
400 1230 39 21 der
454 1230 25 21 de
493 1230 46 21 icke
550 1230 55 21 hade
614 1236 76 21 genom
700 1230 52 27 laga
762 1228 139 27 äktenskaps-

210 1265 83 27 förord
307 1265 141 20 annorlunda
463 1264 187 25 öfverenskommit
665 1264 38 21 och
713 1263 133 28 förordnat;

283 1299 24 26 b)
322 1298 105 22 hustruns
442 1300 46 19 rätt
504 1299 35 20 till
552 1298 156 29 morgongäfva
718 1296 138 23 inskränktes
867 1297 36 20 till

215 1334 27 21 de
256 1333 50 27 fall,
321 1333 29 21 dä
365 1333 43 21 hon
423 1333 44 20 icke
483 1332 56 22 barn
554 1333 55 27 efter
622 1339 94 14 mannen
730 1331 91 28 hafver;
835 1333 58 18 samt

284 1367 20 28 €)
320 1367 156 31 arfslotternas
491 1367 82 21 storlek
586 1367 88 28 gjordes
690 1365 115 22 oberoende
817 1364 30 28 af
853 1365 49 26 arf-

215 1402 117 27 vingarnes
346 1401 49 22 kön.

216 1442 138 27 Helsingfors,
370 1442 42 20 den
428 1442 26 20 28
470 1441 43 26 Maj
532 1441 59 20 1872.
