1070 1739
208 152 33 18 382

174 215 102 22 innebure
295 217 97 26 anspråk,
407 224 43 13 som
467 217 104 21 måhända
588 218 68 21 blefve
672 219 61 20 svåra
748 220 29 18 att
793 218 124 20 åtminstone

175 250 31 19 till
223 257 25 13 en
265 250 71 27 början
353 251 156 21 tillfredsställa.
540 253 31 19 En
588 253 53 20 finsk
658 252 224 27 vetenskapsakademi
896 254 22 17 är

175 284 53 20 dock
246 287 29 17 ett
291 285 141 26 framtidsmål,
448 287 83 20 hvartill
547 294 46 13 man
610 294 75 20 genom
700 287 127 27 antagandet
839 288 23 19 af
872 287 46 19 herr

175 318 106 21 Lindelöfs
297 320 77 27 förslag
389 321 67 20 skulle
467 322 6 19 i
484 321 47 20 icke
547 322 109 27 obetydlig
672 329 48 13 mon
737 325 71 16 närma
823 322 37 25 sig.
890 321 28 19 På

174 353 67 26 grund
264 353 61 21 häraf
346 355 31 19 får
399 355 100 20 utskottet
521 356 106 20 vördsamt
647 357 36 19 hos
704 356 81 19 landets
804 355 114 27 höglofliga

174 387 90 20 Ständer
279 389 105 26 tillstyrka

308 429 26 13 en
348 423 137 28 underdånig
496 424 93 26 petition
605 425 35 19 till
654 424 63 20 Hans
733 423 122 28 Kejserliga
870 423 48 21 Ma-

236 456 70 26 jestät
324 459 32 19 att
375 457 82 21 Finska
481 458 238 27 Vetenskapssocieteten
736 458 65 20 måtte
816 458 35 20 till
865 458 53 26 aflö-

239 491 72 21 nande
334 491 29 27 af
380 499 25 14 en
426 493 133 27 meteorolog,
580 500 25 13 en
624 494 74 27 geoloy
714 492 39 21 och
768 500 25 13 en
809 492 109 28 arkäolog,

239 524 110 28 äfvensom
368 527 36 20 till
422 526 127 22 bekostande
564 527 29 27 af
603 534 60 14 resor
678 527 38 21 och
730 526 188 28 undersökningar

240 560 58 20 inom
313 560 74 21 landet
398 561 8 20 i
417 560 86 22 berörde
518 562 188 27 vetenskapsmäns
716 560 202 29 forskningsområ-

239 594 42 21 den
302 598 56 18 samt
378 596 35 20 till
430 596 140 28 tryckningen
585 596 29 27 af
624 596 173 28 redogörelserne
811 595 105 27 deröfver,

238 628 92 26 erhålla,
350 629 84 28 utöfver
453 630 35 21 det
507 630 123 21 densamma
646 630 78 22 hittills
736 630 127 27 förunnade
878 636 38 14 un-

238 663 92 27 derstöd,
351 667 29 18 ett
400 665 67 27 årligt
486 666 134 27 statsanslag
634 665 30 27 af
675 665 160 29 tjugusjutusen
849 664 67 25 mark,

237 700 56 18 samt
315 700 32 19 att
366 699 46 21 alla
432 700 25 20 de
476 700 137 27 åligganden,
628 706 44 14 som
687 706 76 21 genom
778 699 41 21 den
833 698 83 28 nådiga

234 733 164 26 propositionen
420 734 111 27 angående
547 734 105 27 forntida
670 733 184 26 minnesmärkens
867 732 49 28 fre-

238 766 71 21 dande
324 766 36 22 och
376 767 118 21 bevarande
509 768 115 27 åhvälfvas
640 768 155 21 Consistorium
811 768 36 20 vid
861 766 55 28 Kej-

236 801 81 27 serliga
332 802 134 21 Alexanders
480 803 151 25 universitetet,
646 802 69 28 blefve
725 802 152 28 öfverflyttade
884 802 31 26 på

241 835 248 28 Vetenskapssocieteten,
509 838 69 20 under
592 837 64 21 hvars
671 837 101 21 inseende
787 836 65 27 äfven
867 836 47 20 uni-

236 871 116 20 versitetets
367 872 132 26 magnetiska
513 872 39 20 och
562 870 175 29 meteorologiska
749 870 166 22 observatorium

236 903 68 22 skulle
318 904 83 22 komma
416 908 32 18 att
463 906 83 21 ställas.

236 945 136 27 Helsingfors,
388 947 22 19 af
424 946 111 20 Allmänna
550 947 191 20 Besvärsutskottet
756 946 39 20 den
813 946 26 19 26
854 946 59 25 April

170 979 60 20 1872.

424 1077 230 23 Reservationer.

304 1134 30 20 Af
347 1134 47 20 herr
409 1134 61 21 Rein.

236 1179 33 20 Då
289 1181 37 26 jag
350 1180 62 27 hyser
432 1181 39 19 den
492 1181 154 26 öfvertygelsen
666 1182 32 18 att
714 1180 71 26 hvarje
800 1179 51 26 folk,
867 1186 43 13 som

167 1213 36 20 vill
222 1213 96 20 försäkra
333 1215 31 26 sig
381 1221 32 14 om
430 1222 26 13 en
471 1215 90 26 framtid,
578 1215 36 20 bör
629 1215 65 20 hedra
710 1215 39 19 och
766 1214 45 19 med
828 1220 84 19 omsorg

166 1247 66 20 vårda
255 1248 46 20 sina
322 1248 118 27 förgångna
461 1249 74 26 dagars
553 1249 91 25 minnen,
664 1249 42 19 kan
724 1249 38 26 jag
776 1248 48 20 icke
839 1248 73 19 förena

166 1282 43 26 mig
232 1288 34 13 om
289 1282 35 20 det
343 1283 113 25 utlåtande,
475 1289 43 14 som
535 1283 100 20 utskottet
650 1285 50 18 trott
716 1283 32 25 sig
765 1282 50 20 böra
830 1282 79 26 afgifva

165 1322 34 13 om
215 1316 36 19 det
266 1316 23 19 af
303 1323 25 13 en
340 1317 62 20 bland
414 1318 169 25 petitionärerne,
595 1317 133 26 professoren
740 1317 107 24 Forsman,
860 1323 49 19 upp-

165 1349 89 21 kastade
270 1350 100 27 förslaget
384 1357 33 14 om
433 1352 126 19 inrättandet
574 1352 22 19 af
609 1354 29 17 ett
652 1351 101 20 särskildt
767 1350 96 20 samfund
880 1350 31 19 för

165 1383 78 21 vården
260 1385 23 19 af
296 1385 178 20 fäderneslandets
490 1386 86 19 historia
591 1385 38 20 och
644 1385 142 26 antigviteter.
816 1384 94 20 Delande

165 1418 112 21 utskottets
300 1420 84 26 mening
407 1426 33 13 om
461 1422 77 24 gagnet
557 1420 65 25 deraf,
637 1422 29 17 att
683 1426 25 13 en
726 1419 129 25 meteorolog
870 1418 39 20 och

164 1459 25 13 en
213 1453 77 27 geolog
309 1454 99 19 anställas
428 1455 34 19 vid
481 1454 274 26 Vetenskaps-Societetens
771 1453 54 20 båda
840 1455 68 17 natur-

163 1487 163 27 vetenskapliga
344 1488 113 26 sektioner,
473 1491 42 17 tror
527 1489 37 26 jag
580 1488 94 20 deremot
688 1490 31 17 att
734 1488 40 19 den
791 1487 118 26 föreslagne
