1070 1739
225 152 34 19 194

193 217 94 26 tynande
312 217 70 20 blefve
404 216 117 21 emellertid
545 223 26 13 en
594 215 126 27 oundviklig
742 215 58 28 följd,
821 216 46 20 ifall
887 216 56 26 jern-

194 254 69 23 vägen
283 251 89 20 emellan
394 251 142 20 Tammerfors
552 251 39 20 och
610 250 132 21 Tavastehus
765 257 72 14 ensam
859 251 85 20 komme

194 285 32 20 till
241 285 61 20 stånd
318 286 38 20 och
373 286 68 20 banan
459 285 30 20 till
506 279 47 26 Åbo
569 285 109 20 lemnades
695 284 92 27 obyggd.
811 285 132 20 Sistnämnde

194 321 46 20 stad
256 321 70 20 blefve
345 321 125 26 härigenom
490 320 100 20 beröfvad
607 326 25 13 en
648 319 99 27 betydlig
762 319 32 20 del
811 320 23 19 af
847 320 35 19 sitt
897 319 45 21 sek-

194 355 104 26 lergamla
313 354 183 26 handelsområde,
512 354 39 20 och
567 354 47 20 dess
630 356 84 24 export,
729 360 43 13 som
788 353 30 20 till
833 356 66 18 större
911 354 33 20 del

194 392 27 17 än
244 389 70 26 någon
336 395 70 14 annan
429 389 56 20 stads
501 389 7 20 i
523 389 72 20 landet
615 391 86 24 utgöres
722 388 23 20 af
763 387 126 21 åkerbruks-
905 389 38 19 och

194 423 228 27 ladugärdsprodukter
446 426 53 17 samt
521 423 64 20 alster
604 423 22 20 af
644 423 141 25 handslöjder,
804 423 67 20 skulle
887 423 5 19 i
910 426 32 16 vä-

195 458 92 26 sendtlig
302 458 50 26 grad
369 458 100 20 minskas.
492 458 41 20 Det
543 457 42 20 kan
596 457 134 27 ifrägasättas
741 463 32 13 om
785 457 70 20 denna
865 457 77 20 minsk-

195 492 53 27 ning
263 492 83 20 komme
362 495 29 17 att
406 495 107 24 uppvägas
529 492 23 20 af
566 498 24 14 en
607 492 6 20 i
629 498 81 14 samma
725 492 120 26 proportion
861 492 81 26 stegrad

195 526 167 21 handelsrörelse
379 527 6 20 i
401 527 70 27 nägon
490 534 69 13 annan
576 527 52 25 stad,
644 528 55 18 samt
714 532 33 14 om
763 526 48 20 icke
827 528 30 18 ett
871 526 73 20 endast

196 562 23 19 af
232 561 26 20 de
274 561 93 20 ändrade
378 561 236 21 kommunikationerna
629 560 136 21 framkalladt
779 561 85 26 ombyte
879 561 23 19 af
915 561 28 19 af-

196 596 136 26 sättningsort
348 596 62 20 äfven
426 596 67 20 skulle
510 596 65 20 verka
590 596 89 26 menligt
695 595 27 27 pä
738 595 74 26 sjelfva
822 595 120 27 produktio-

196 636 48 15 nen.
274 630 33 20 Dä
321 630 70 20 härtill
407 630 96 20 kommer
517 632 30 18 att
563 630 40 20 den
618 630 103 25 landsdel,
737 636 43 14 som
797 629 66 20 skulle
880 630 64 26 draga

195 666 61 25 nytta
270 664 24 20 af
307 671 27 13 nu
349 664 162 27 ifrågavarande
527 664 60 26 bana,
604 664 138 20 kontribuera
764 664 30 20 till
818 664 126 20 statsverket

195 699 48 20 med
260 698 74 27 bidrag
348 698 74 21 hvilka
438 699 165 27 proportionsvis
620 698 48 20 vida
684 698 115 27 öfverstiga
810 698 25 20 de
847 698 45 20 frän
907 705 35 13 an-

196 734 38 19 dra
249 733 59 20 delar
322 734 22 19 af
358 733 72 20 landet
445 733 104 27 utgäende
566 733 111 20 enahanda
694 733 73 27 bidrag
780 736 53 17 samt
849 726 46 27 Åbo
912 733 30 19 sä-

195 774 45 14 som
267 768 121 20 handelsort
413 768 83 26 intager
518 770 30 18 ett
570 767 137 27 synnerligen
733 768 140 19 framstående
897 774 45 13 rum

195 802 65 20 bland
276 802 98 20 Finlands
390 802 77 26 städer,
482 808 62 20 synes
565 802 34 20 det
614 801 132 27 berättigade
762 802 6 20 i
783 802 118 26 anspräken
917 801 27 27 pä

195 836 35 20 det
245 843 62 14 snara
322 836 113 28 byggande
450 836 24 20 af
486 843 25 13 en
525 837 90 26 jernväg
630 836 31 20 till
677 836 139 21 nästnämnde
832 837 46 20 stad
893 837 49 26 föga

195 872 72 19 kunna
282 871 138 27 ifrägasättas.

264 905 133 21 Beträffande
416 905 89 21 trafiken
526 905 27 27 pä
572 906 40 20 den
632 905 109 21 blifvande
762 905 67 20 banan
847 906 60 20 torde
922 905 20 20 fä

194 939 102 27 påpekas,
311 942 30 17 att
356 940 40 19 den
416 940 48 19 icke
484 940 53 19 blott
555 940 68 19 skulle
644 940 74 19 förena
733 942 77 17 tvenne
825 940 23 19 af
861 940 81 20 landets

194 975 78 19 största
287 974 97 20 handels-
400 974 40 20 och
456 973 151 21 fabriksstäder
625 976 53 18 samt
699 974 136 27 deromkring
854 974 89 26 belägna

195 1008 153 21 tättbefolkade
364 1009 39 20 och
423 1008 88 27 bördiga
533 1009 89 27 bygder,
645 1011 49 18 utan
718 1009 61 20 äfven
802 1008 140 27 genomskära

194 1036 48 27 Åbo
257 1043 47 20 läns
319 1043 139 20 sädesrikaste
474 1043 78 20 trakter
573 1043 26 26 på
619 1043 76 20 endast
716 1043 65 27 några
798 1043 46 20 mils
860 1043 81 20 afstånd

194 1077 46 20 från
256 1080 66 17 större
337 1077 124 21 industriela
476 1078 139 27 inrättningar
630 1078 6 19 i
652 1077 97 20 derinvid
769 1077 90 27 belägna
873 1077 68 20 lands-

194 1114 38 19 ort.
263 1112 44 20 Den
328 1112 83 20 tillvext
429 1112 7 19 i
451 1112 121 26 inkomster,
591 1118 43 14 som
656 1113 120 26 jernvägen
792 1112 91 20 emellan
903 1111 38 20 Ta-

195 1147 99 20 vastehus
311 1147 39 20 och
366 1147 31 20 S:t
414 1147 125 26 Petersburg
555 1146 157 27 otvifvelaktigt
726 1147 66 20 skulle
808 1147 79 20 erhålla
907 1153 34 20 ge-

195 1187 49 14 nom
260 1181 49 20 hela
328 1181 110 26 sydvestra
459 1181 101 20 Finlands
583 1181 121 27 anslutning
726 1181 31 20 till
777 1181 165 27 jernvägsnätet,

194 1222 64 20 synes
284 1215 72 20 härvid
380 1216 62 20 äfven
465 1215 51 21 böra
538 1217 59 25 tagas
619 1215 7 20 i
649 1215 126 27 beräkning.
815 1215 8 20 I
849 1215 35 20 det
910 1215 31 20 till

193 1248 81 23 Eders
283 1250 147 27 Kejserliga
438 1251 117 26 Majestät
566 1250 80 27 afgifna
656 1250 145 27 underdåniga
812 1257 47 13 svar
870 1249 23 21 af
901 1250 39 20 den

195 1286 25 19 14
235 1285 62 27 April
314 1285 53 20 1864
383 1285 63 20 hafva
460 1285 117 20 Ständerna
592 1285 61 20 äfven
669 1285 65 20 fästat
744 1285 99 20 afseende
858 1285 27 26 på
900 1285 40 20 den

192 1327 28 12 nu
243 1319 121 27 föreslagna
384 1320 127 26 jernvägens
536 1319 50 27 vigt,
601 1319 7 20 i
624 1319 35 20 det
675 1319 27 20 de
718 1321 67 18 ansett
800 1321 31 18 att
846 1319 40 20 den
902 1325 40 14 ena

193 1354 23 19 af
229 1354 100 20 Finlands
348 1353 70 28 begge
440 1353 121 21 stambanor
585 1353 63 20 borde
672 1353 59 20 ledas
754 1353 43 20 från
821 1347 47 27 Åbo
892 1353 49 21 eller

192 1387 83 21 landets
290 1388 110 27 sydvestra
416 1388 47 20 kust
479 1388 31 20 till
525 1388 48 20 dess
588 1390 56 18 östra
658 1391 71 23 gräns.

261 1422 29 20 På
309 1423 68 26 grund
394 1423 23 20 af
430 1423 54 20 hvad
499 1423 7 19 i
522 1422 35 20 det
573 1422 128 27 föregående
720 1423 78 20 anförts
813 1429 51 14 anse
882 1422 58 21 Stän-

194 1457 66 19 derna
276 1457 32 26 sig
323 1457 52 20 böra
391 1457 37 20 hos
448 1457 77 20 Eders
543 1457 143 26 Kejserliga
706 1457 116 26 Majestät
840 1457 101 21 underdå-

192 1491 56 27 nigst
263 1490 95 22 anhålla;
