1070 1739
842 151 33 18 107

148 214 86 19 hvilken
251 213 48 20 icke
314 213 83 21 tillkom
414 214 64 27 sagde
496 214 110 20 förmåner.
637 214 142 21 Innehafvare
794 215 23 20 af
830 214 67 21 krono

149 248 138 20 lotshemman
311 254 36 13 var
367 248 75 27 enligt'
454 248 119 27 åberopade
592 248 124 27 författning
732 249 94 20 deremot
841 249 56 26 skyl-

149 282 35 26 dig
199 283 31 18 att
245 282 99 26 antingen
361 282 50 26 sjelf
421 282 57 26 lotsa
493 283 59 22 eller,
568 283 37 20 der
620 283 42 20 han
678 283 35 20 det
723 283 48 20 icke
782 282 115 26 förmådde,

149 315 103 20 öfverlåta
274 315 108 21 åborätten
406 316 20 19 åt
449 316 69 27 någon
541 317 32 19 sin
595 323 37 13 son
653 317 52 20 eller
726 317 114 26 lotsdreng,
859 317 38 20 och

148 350 71 20 kunde
235 349 82 21 således
332 351 6 18 i
354 351 64 26 ingen
434 351 101 20 händelse
551 351 62 20 ställa
628 351 82 20 vikarie
726 351 32 20 för
773 351 32 26 sig
820 351 40 20 och
871 353 26 18 än

149 384 81 20 mindre
253 384 84 26 åläggas
360 386 30 18 att
412 384 161 21 tillhandahålla
595 385 78 20 honom
694 385 204 20 ofvanomförmälda

149 418 113 20 förmåner.
287 418 68 20 Sedan
372 418 117 20 emellertid
506 419 25 19 de
548 419 136 19 kommunala
699 425 72 20 onera,
787 419 46 19 från
845 419 52 19 hvil-

150 452 37 20 kas
207 452 115 26 utgörande
338 452 164 20 lotshemmanen
519 455 36 17 äro
571 453 103 26 befriade,
690 454 66 26 enligt
770 460 26 13 en
813 453 40 20 den
873 454 24 19 17

150 486 40 26 Maj
216 487 52 19 1812
288 486 102 20 fastställd
412 488 40 18 stat
467 486 32 20 för
515 486 114 20 lotsverket
644 487 6 19 i
667 487 78 27 landet,
762 487 69 20 blifvit
847 494 50 19 upp-

150 520 95 20 skattade
258 520 39 20 till
317 522 29 18 ett
366 520 53 20 efter
436 520 195 20 mantalsstorleken
648 521 184 27 proportioneradt
847 528 50 20 pen-

150 554 137 26 ningevärde,
310 552 80 22 hvilket
411 554 221 27 tillgodoberäknades
650 556 72 25 hvarje
738 556 159 20 lotshemmans-

150 596 62 19 egare
233 588 51 21 eller
302 589 137 19 innehafvare
452 590 66 25 jemte
534 595 26 14 en
577 589 95 20 bestämd
690 589 109 26 kronolön,
815 590 82 26 stadga-

150 623 36 20 des
202 623 6 19 i
224 630 26 13 en
272 623 39 20 den
327 623 26 19 30
368 622 86 20 Januari
473 623 60 25 1850,
550 623 100 19 utfärdad
665 630 26 19 ny
708 626 41 17 stat
764 624 31 19 för
810 623 87 20 lotsver-

151 657 41 25 ket,
212 658 31 20 att
263 657 26 20 de
307 657 70 26 lotsar,
393 663 43 14 som
453 663 40 21 ega
508 657 51 20 ler
575 657 76 20 besitta
667 657 144 26 lotshemman,
828 657 69 20 skulle

151 691 64 20 undfä
234 691 40 20 den
290 691 31 20 för
341 691 41 29 dem
401 692 6 18 i
423 691 70 20 denna
509 694 40 17 stat
564 691 118 20 fastställda
697 692 92 26 aflöning
805 692 47 20 med
868 692 29 20 af-

151 725 51 27 drag
225 725 23 20 af
268 726 24 19 sä
311 727 41 18 stor
373 725 33 20 del
428 725 64 26 deraf,
511 732 44 13 som
573 726 131 19 motsvarade
720 726 101 26 beloppet
836 726 23 20 af
873 726 26 20 de

151 766 70 19 onera.
242 759 45 20 från
308 759 72 20 hvilka
399 759 60 20 deras
474 759 125 27 lägenheter
614 766 50 13 vore
681 760 121 24 frikallade;
818 760 82 20 hvilket

151 793 117 27 stadgande
291 794 105 19 såtillvida
417 791 120 22 bibehållits
556 793 3 19 i
575 793 26 20 de
622 794 28 19 uti
671 796 71 17 ämnet
758 800 26 13 nu
800 794 98 26 gällande

152 828 148 26 författningar
315 828 22 19 af
350 828 40 20 den
402 828 12 19 9
427 828 39 26 Maj
485 828 60 24 1870,
561 829 30 18 att
607 828 73 19 värdet
696 828 31 19 för
743 828 156 20 lotsfriheterna

152 863 5 18 i
173 862 41 20 alla
233 862 111 20 händelser
360 862 38 20 bör
414 862 30 19 till
460 862 81 19 kronan
557 861 129 20 inlevereras
702 862 40 20 och
758 862 65 20 lotsen
841 862 58 20 dere-

151 898 42 18 mot
209 898 49 18 utan
274 896 122 26 afkortning
413 896 64 19 undfä
493 896 40 19 den
550 895 117 20 fastställda
682 896 70 20 lönen.
778 896 70 26 Sagde
859 896 40 20 för-

152 930 114 26 fattningar
282 930 75 26 ålägga
373 930 102 25 derjemte
491 936 62 19 egare
569 930 40 19 och
620 930 137 20 innehafvare
768 930 23 20 af
799 930 101 20 lotshem-

152 971 54 18 man,
218 966 49 18 utan
278 964 100 20 afseende
390 963 12 20 &
413 964 130 19 hemmanets
555 965 66 24 natur,
633 965 36 24 att,
680 963 38 20 der
728 964 26 19 de
765 963 48 20 icke
825 963 75 26 sjelfve

152 999 72 19 utöfva
244 998 110 25 lotstjenst,
374 1004 89 13 ansvara
478 998 32 19 för
525 998 131 19 hemmanets
672 997 228 27 lotsningsskyldighet

151 1039 77 20 genom
244 1039 69 13 annan
329 1032 69 20 dertill
414 1032 88 27 behörig
519 1038 86 20 person;
615 1033 5 18 i
632 1033 152 25 sammanhang
798 1032 101 19 hvarmed

152 1066 125 25 förordnats,
293 1069 29 16 att
338 1066 26 20 de
379 1066 92 19 lotsarne
483 1066 29 19 uti
523 1068 68 18 staten
603 1066 85 26 tillagde
700 1065 141 28 hyresmedel,
851 1066 48 19 icke

152 1101 68 19 skulle
240 1100 102 20 utbetalas
362 1100 22 19 ät
401 1100 78 19 sädane
496 1100 71 26 lotsar,
582 1107 44 13 som
642 1100 74 26 sjelfve
732 1100 55 27 egde
802 1100 51 20 eller
869 1100 30 19 in-

153 1135 81 20 nehade
250 1135 146 23 lotshemman,
413 1135 18 24 ej
449 1134 65 19 heller
530 1134 21 19 åt
566 1134 70 19 desses
654 1134 98 25 vikarier,
768 1134 89 20 emedan
874 1134 26 19 de

152 1169 130 19 sistnämnde
305 1168 65 20 borde
390 1168 23 19 af
430 1168 263 20 hemmansinnehafvaren
714 1168 66 20 förses
801 1168 48 19 med
867 1168 34 19 bo-

152 1203 123 26 ningsstuga
295 1203 65 25 jemte
384 1202 77 26 nödiga
483 1202 62 20 uthus
561 1209 26 12 m.
605 1209 25 12 m.
665 1201 81 20 Genom
767 1202 58 19 detta
845 1202 55 19 stad-

152 1237 69 26 gande
238 1236 43 20 blef
295 1236 81 19 säledes
392 1242 63 20 egare
471 1235 22 20 af
508 1236 71 19 frälse-
594 1236 39 19 och
644 1235 210 20 skattelotshemman
867 1235 34 20 be-

152 1273 63 24 tagne
238 1270 39 19 den
300 1270 46 19 dem
367 1270 65 26 enligt
452 1269 184 27 ofvanäberopade
652 1269 74 26 Kongl.
743 1269 122 26 förordning
881 1270 23 19 af

154 1305 52 19 1783
230 1303 127 20 tillerkända
379 1306 42 17 rätt
440 1306 29 17 att
485 1304 32 19 för
532 1304 32 26 sig
579 1304 7 19 i
602 1304 39 19 och
658 1303 31 20 för
704 1303 121 27 lotsningen
841 1303 62 20 ställa

152 1338 100 27 godkänd
276 1337 113 27 lotsdreng,
413 1344 43 13 som
478 1337 48 20 icke
546 1337 81 20 tillkom
644 1337 88 20 särskild
751 1337 152 27 boningsstuga

152 1379 27 13 m.
200 1379 34 18 m.,
254 1374 53 17 samt
330 1371 220 20 kronolotshemmans
570 1371 137 20 innehafvare
726 1371 46 20 äter
787 1371 62 26 älagd
866 1374 36 23 att,

151 1406 37 19 der
211 1406 41 19 han
273 1406 19 25 ej
312 1405 49 26 sjelf
380 1405 87 25 lotsade,
487 1405 62 20 ställa
565 1405 39 20 lots
620 1405 31 20 för
666 1405 32 26 sig
713 1405 39 20 och
768 1404 133 27 följaktligen

151 1440 61 19 äfven
236 1439 160 19 tillhandahålla
419 1439 76 19 honom
520 1438 153 21 ofvanberörda
696 1439 113 24 förmoner,
831 1438 72 21 hvilka

152 1473 106 26 vanligen,
271 1472 33 19 'så
326 1473 63 18 framt
409 1472 25 19 de
454 1472 47 20 icke
521 1473 88 25 utgjorts
624 1473 20 18 in
663 1475 78 23 natura,
758 1471 60 20 skola
835 1471 68 21 blifvit
