1070 1739
210 134 34 18 168

178 198 110 26 exemplar
310 199 23 20 af
354 199 39 20 317
419 206 56 20 proc.
509 193 31 26 År
561 199 50 20 1861
633 199 43 20 höll
692 199 33 26 sig
740 199 71 20 siffran
827 202 55 17 ännu
899 199 31 19 för

178 232 108 27 tidningar
303 233 26 26 på
344 234 25 20 29
386 234 39 20 och
442 234 109 26 exemplar
569 233 81 26 15,859,
666 239 48 14 men
731 233 91 26 nedgick
839 233 91 20 derefter

180 265 95 27 sålunda,
290 269 30 18 att
335 267 23 20 år
376 269 52 19 1870
444 268 28 26 på
487 269 25 19 33
529 267 111 20 inhemska
663 267 108 27 tidningar
795 267 83 27 belöpte
898 267 32 26 sig

180 300 75 19 endast
279 301 72 25 11,571
377 301 186 27 helårsexemplar,
582 301 112 27 utvisande
714 301 26 26 på
756 303 83 18 senaste
854 301 75 20 decen-

181 334 56 19 nium
254 341 26 13 en
297 335 119 27 minskning
432 337 5 18 i
454 336 79 20 antalet
551 335 113 26 exemplar
679 335 23 20 af
718 336 26 19 26
763 342 65 19 proc.,
844 335 88 20 oaktadt

181 368 26 20 de
224 368 35 20 två
274 369 64 20 första
353 369 152 28 landtdagarne
521 370 39 20 och
577 370 35 19 det
626 370 90 19 intresse
730 369 32 20 för
777 369 108 20 allmänna
895 376 35 13 an-

182 402 152 27 gelägenheter
349 404 62 20 dessa
426 404 120 20 framkallat
561 404 50 19 falla
626 404 57 19 inom
700 410 79 13 samma
794 403 80 26 period.

251 436 75 20 Denna
341 437 152 27 förminskning
508 438 7 20 i
531 438 242 26 tidningsexemplarens
788 437 64 25 antal,
863 437 23 20 så
897 437 34 20 be-

183 470 89 26 klaglig,
289 470 26 20 då
330 478 48 13 man
394 472 99 20 besinnar
507 474 30 18 att
553 472 201 26 folkupplysningen
773 474 22 17 är
811 478 26 13 en
853 471 23 20 af
889 472 42 19 lan-

183 504 46 20 dets
245 504 113 27 lifsfrägor,
374 506 37 20 har
426 508 30 18 att
476 506 88 27 uppvisa
583 506 32 19 sin
636 506 151 26 motsvarighet
807 506 61 19 äfven
884 506 6 19 i
907 506 25 19 de

183 545 93 14 summor
291 540 121 25 postverket
428 541 67 20 såsom
511 540 252 27 prenumerationsmedel
777 540 98 26 uppburit
886 540 46 25 och,

183 573 55 20 hvad
254 580 44 13 som
315 576 22 18 är
352 577 56 17 ännu
424 582 57 13 mera
496 574 154 26 betecknande,
666 574 62 20 äfven
740 575 6 19 i
758 574 132 26 postverkets
901 574 30 19 in-

185 607 93 21 komster
297 614 75 20 genom
392 609 265 27 tidningsförsändningen.
687 608 107 20 Utskottet
814 609 36 19 har
865 610 69 18 ansett

184 641 32 19 för
230 642 67 20 saken
320 642 131 27 upplysande
473 645 30 17 att
526 643 37 19 här
586 643 72 26 intaga
676 649 26 13 en
723 642 57 20 tablå
798 643 59 19 öfver
873 643 61 19 dessa

185 675 144 21 förhållanden
346 677 66 19 under
427 680 82 17 senaste
526 677 35 20 två
575 677 119 25 årtionden,
711 677 103 26 uppgjord
831 677 47 19 med
889 677 43 19 led-

185 710 51 26 ning
252 710 23 19 af
288 710 27 20 de
330 710 38 20 hos
383 711 180 25 postdirektionen
580 711 110 20 förvarade
706 711 151 26 räkenskaper.
887 711 46 19 Den

184 750 77 20 genom
282 744 122 26 postverket
423 745 110 26 uppburna
553 745 147 27 totalsumman
717 745 31 19 för
763 745 170 26 prenumeration

185 777 13 19 å
212 778 31 19 in-
265 778 39 20 och
325 778 111 21 utländska
459 780 106 26 tidningar
588 781 103 25 upptages
711 779 6 19 i
733 779 64 19 första
820 778 113 20 kolumnen

185 811 39 20 och
241 812 41 20 den
298 812 123 26 postverket
436 813 61 20 deraf
511 813 167 27 tillgodokomna
698 813 236 27 försändningsprocen-

186 848 33 17 ten
236 846 6 19 i
258 846 41 20 den
315 846 72 20 andra.
417 847 124 20 Summorna
556 847 107 27 utgjorde:

300 907 28 23 År
436 914 43 18 hela
490 914 111 23 uppbörden
659 914 118 23 postverkets
789 914 89 18 inkomst.

292 949 53 19 1850
464 950 75 25 61,804
555 950 35 19 mk
710 950 61 25 8,400
788 949 42 20 mk.

293 983 49 19 1851
464 984 75 25 54,624
565 998 12 12 »
710 983 61 25 6,768
797 999 12 10 ,

292 1017 53 19 1852
464 1017 75 26 59,992
565 1032 12 13 »
711 1018 62 25 8,144
798 1032 12 12 »

293 1051 51 20 1853
465 1052 75 24 62,824
698 1052 75 24 11,700
798 1065 11 12 »

293 1085 52 19 1854
464 1085 76 24 89,548
700 1085 73 25 12,108
799 1099 12 12 »

293 1119 52 19 1855
452 1120 88 24 105,112
565 1134 12 9 +
698 1120 74 24 13,184
797 1134 12 11 »

294 1153 52 19 1856
453 1154 88 25 111,432
566 1168 11 11 ,
699 1153 74 26 14,480
799 1168 12 12 »

294 1187 51 19 1857
452 1188 88 25 117,644
565 1203 12 11 »
698 1188 74 25 13,584
797 1201 12 13 »

293 1221 53 19 1858
454 1221 86 26 122,716
566 1237 12 12 »
699 1221 74 26 14,856
800 1236 12 11 ,

295 1255 50 19 1859
453 1255 88 25 132,112
568 1271 11 11 »
701 1255 74 26 17,972
802 1271 11 11 »

293 1288 53 20 1860
453 1289 89 26 145,472
698 1289 76 25 21,084
801 1305 11 10 ,,

294 1323 49 19 1861
454 1323 88 26 145,440
567 1339 12 11 ,
700 1323 74 26 17,904
801 1338 11 12 »

294 1356 52 19 1862
453 1357 88 25 162,524
567 1372 11 11 »
701 1357 72 25 15,936
798 1372 11 11 »

293 1390 52 19 1863
453 1391 124 26 171425»
696 1391 77 25 21,360
798 1405 11 12 ,

294 1423 53 20 1864
455 1425 86 25 172,659
567 1441 11 11 ,,
696 1425 77 25 21,024
799 1440 11 11 >

294 1457 52 20 1865
454 1459 87 25 171,807
569 1473 11 12 +
700 1459 77 24 21,985
802 1473 11 11 ,
