1070 1739
231 125 34 17 142

199 192 32 17 est
247 189 62 20 dessa
324 189 128 20 fortfarande
469 189 74 26 utgått,
558 189 124 20 föranledde
698 189 121 20 sedermera
834 188 56 20 Hans
901 187 48 26 Kej-

199 223 78 27 serliga
291 223 96 26 Majestät
402 225 30 18 att
448 223 31 20 till
493 223 84 20 landets
593 223 22 20 är
634 223 52 20 1863
702 222 179 21 sammankallade
890 221 59 21 Stän-

199 257 47 20 ders
269 257 114 27 afgörande
406 257 120 26 hänskjuta,
550 258 103 19 huruvida
675 264 26 13 en
721 257 122 27 förändring
863 257 22 20 af
902 256 25 20 de
944 256 5 18 i

199 291 184 27 ofvanåberopade
399 292 98 19 manifest
513 291 40 20 den
570 292 11 19 9
598 291 60 27 April
677 292 53 19 1840
745 291 102 27 stadgade
858 290 92 27 grunder

199 325 32 20 för
247 325 313 28 räntepersedleomsättningen
577 326 70 20 kunde
665 326 66 20 blifva
746 326 72 26 nödig,
834 325 46 25 och,
895 325 7 19 i
918 324 30 20 så-

199 361 51 19 dant
273 360 42 26 fall,
335 366 33 13 om
392 360 46 20 icke
458 360 57 20 detta
529 360 87 26 ärende,
629 361 67 25 jemte
712 360 40 20 den
769 360 62 20 deraf
845 359 104 20 beroende

199 393 73 27 frågan
288 394 7 19 i
311 394 54 20 hvad
390 394 46 20 mån
463 394 124 26 stadgandet
610 395 28 19 uti
662 394 84 27 Nådiga
769 393 141 27 kungörelsen
930 393 22 19 af

200 428 40 19 den
262 428 23 19 31
308 429 54 19 Mars
388 429 60 25 1840,
471 428 110 27 angående
604 429 207 26 rentepersedlarnes
835 427 114 27 utgörande

200 462 52 20 efter
268 462 207 27 medelmarkegång,
494 462 120 20 erfordrade
631 462 66 27 några
713 463 23 19 af
749 462 149 26 förändringen
915 461 35 27 på-

200 496 84 20 kallade
308 499 94 17 närmare
426 496 180 26 bestämmanden,
630 496 71 21 kunde
724 497 30 19 till
773 496 129 26 behandling
920 496 30 20 öf-

201 530 118 20 verlemnas
342 531 18 19 åt
388 531 22 19 af
431 531 106 26 Regering
560 531 39 20 och
622 531 97 25 Ständer,
738 531 29 19 till
792 531 44 19 lika
855 530 56 20 antal
930 530 22 20 af

200 565 109 25 hvardera,
330 565 88 20 utsedda
439 572 105 19 personer,
561 565 78 26 hvilka,
656 566 54 19 efter
726 565 81 20 samråd
825 564 47 20 med
889 564 61 20 valda

200 599 77 20 ombud
298 599 31 20 för
348 600 72 25 hvarje
437 600 33 19 län
487 600 54 26 egde
557 602 30 17 att
605 600 3 19 i
624 600 140 20 omförmälda
779 602 76 17 ämnen
871 598 79 27 afgifva

200 634 84 26 förslag,
303 640 43 14 som
370 634 34 19 vid
428 634 168 26 nästpåföljande
619 634 100 26 landtdag
742 634 69 19 skulle
833 633 117 20 Ständerna

200 668 30 20 till
256 667 97 27 pröfning
377 668 125 26 föreläggas.
538 668 34 20 Uti
595 668 142 26 underdånigt
758 674 47 13 svar
823 668 23 19 af
862 667 39 20 den
923 667 25 19 26

200 702 101 20 Februari
320 702 58 25 1864,
394 702 85 20 anhöllo
494 702 117 20 Ständerna
628 702 46 20 med
692 702 58 20 bifall
766 702 31 19 till
813 702 40 20 den
867 701 82 25 Nädiga

200 736 166 26 propositionen,
382 736 84 20 särskilt
481 739 36 21 att,
533 737 6 19 i
555 736 220 20 öfverensstämmelse
792 736 46 20 med
855 736 94 20 densam-

200 777 40 19 ma,
257 771 26 19 de
303 770 176 25 förtroendemän,
502 777 43 13 som
570 770 88 20 sålunda
681 770 70 20 blefve
773 770 23 20 af
817 770 132 26 Regeringen

200 805 40 20 och
260 804 118 21 Ständerna
397 804 92 26 utsedde,
510 804 56 26 finge
583 805 5 19 i
605 805 95 26 uppdrag
718 807 30 17 att
768 805 81 25 pröfva,
868 804 81 20 huruvi-

200 840 28 19 da
243 846 27 13 en
284 840 57 24 jemn
365 838 39 20 och
429 838 59 26 billig
512 838 117 27 beräkning
647 839 23 19 af
683 838 200 26 jordeboksräntan,
903 838 47 19 med

202 873 149 20 bibehållande
366 873 23 19 af
403 873 118 20 nuvarande
541 872 95 26 rubeltal,
653 872 72 20 kunde
744 872 155 20 åstadkommas
916 878 34 19 ge-

201 915 48 13 nom
273 907 122 26 förändring
418 907 74 20 endast
510 907 23 19 af
551 907 149 25 propurtionen
722 907 91 19 emellan
837 906 25 20 de
883 907 5 19 i
909 906 40 20 den

200 942 107 19 allmänna
329 941 176 26 undervisningen
529 944 107 23 upptagne
659 941 108 25 persedlar
790 941 39 19 och
854 940 97 25 beloppet

200 975 23 20 af
236 975 45 20 deri
297 975 105 26 ingäende
419 975 101 20 kontanta
535 975 124 26 penningar,
674 975 54 19 eller
742 981 32 13 om
787 975 26 25 ej,
825 974 125 20 ätminstone

201 1009 31 20 för
248 1009 72 26 hvarje
339 1009 42 25 län,
401 1009 64 20 borde
480 1009 78 20 införas
574 1016 25 13 en
615 1009 86 20 särskilt
717 1009 158 25 undervisning,
891 1008 58 19 hvar-

201 1043 35 26 uti,
253 1043 52 20 efter
321 1043 135 26 nedsättning
477 1043 50 20 eller
547 1043 130 20 uteslutande
696 1043 24 19 af
737 1049 25 13 en
779 1043 51 19 eller
846 1048 68 14 annan
930 1042 24 19 af

200 1077 26 20 de
244 1077 120 20 nuvarande
387 1077 141 26 persedlarne,
549 1077 67 20 skulle
632 1077 68 20 under
719 1078 5 18 |
744 1076 70 20 rubels
829 1076 56 20 skatt
901 1082 49 19 upp-

200 1114 59 23 tagas
283 1111 65 26 nägra
371 1111 50 20 flere
444 1111 39 20 och
507 1111 65 20 andra
595 1111 93 26 artiklar,
717 1111 61 19 valde
807 1110 61 20 bland
897 1110 54 23 dem,

200 1145 74 20 hvilka
289 1145 6 19 i
311 1147 57 18 orten
385 1145 182 26 hufvudsakligast
582 1145 133 26 produceras.

270 1179 31 20 De
316 1179 31 20 till
362 1179 52 26 följd
430 1179 61 20 häraf
504 1179 87 20 utsedde
612 1179 214 20 förtroendemännen
849 1185 102 12 samman-

201 1213 73 20 trädde
290 1214 7 19 i
315 1214 64 19 slutet
402 1214 22 19 af
445 1213 24 20 &r
492 1214 52 19 1864
568 1214 38 19 och
630 1214 86 26 afgäfvo
739 1213 40 20 den
805 1213 31 22 10.
853 1212 99 20 Februari

202 1247 53 20 1865
272 1247 53 20 efter
344 1247 83 20 samräd
448 1247 47 20 med
516 1248 61 19 valda
597 1248 127 19 läneombud
744 1247 141 26 underdänigt
901 1247 50 19 utlä-

200 1281 71 26 tande,
288 1281 61 20 hvars
364 1281 95 20 innehäll
475 1285 22 16 är
512 1281 177 27 hufvudsakligen
706 1281 104 26 följande:

269 1315 134 20 Beträffande
424 1315 51 20 först
495 1315 80 27 frägan,
596 1316 104 19 huruvida
718 1316 26 19 de
759 1316 6 19 i
781 1315 116 20 allmänhet
912 1315 39 19 för-

200 1349 64 26 höjda
287 1349 212 26 markegängsprisen
522 1350 76 25 allena,
619 1350 51 20 eller
691 1356 34 13 om
745 1349 38 20 och
801 1349 30 20 till
848 1349 53 19 hvad
918 1349 33 19 del

200 1383 57 20 valet
277 1383 23 20 af
316 1383 26 20 de
361 1384 7 19 i
384 1383 41 20 den
449 1391 42 18 nya
513 1384 177 26 undervisningen
716 1383 106 26 ingäende
846 1383 106 26 persedlar

200 1417 39 19 och
265 1417 60 20 deras
349 1417 131 20 förhällande
497 1418 30 19 till
543 1419 26 19 de
585 1419 56 19 förra
663 1418 103 26 derjemte
787 1417 54 20 varit
863 1417 88 20 orsaken

200 1450 31 20 till
248 1451 40 20 den
307 1451 112 20 anmärkta
442 1452 120 26 stegringen
586 1452 23 19 af
626 1451 201 26 jordeboksräntan,
848 1451 53 19 hade
919 1451 33 20 be-
