1070 1739
810 153 33 18 365

130 216 182 27 kyrkoherdarne,
327 217 6 18 i
350 216 67 20 likhet
433 216 46 20 med
496 215 138 21 innehafvare
649 216 23 20 af
685 215 67 20 andra
767 215 110 24 boställen,

132 251 71 20 ålades
219 251 74 26 sjelfve
308 250 100 27 bebygga
430 251 40 20 och
492 250 124 21 underhålla
640 249 167 28 prestgårdarne,
823 249 54 20 dock

132 285 47 20 med
196 285 74 26 vilkor,
286 286 29 19 att
330 285 38 20 der
382 285 149 26 prestgårdens
546 285 52 26 skog
608 285 48 20 icke
667 285 91 26 försloge
769 284 31 20 till
811 284 66 26 bygg-

132 319 136 26 nadsämnen,
284 319 77 20 socken
377 319 68 20 skulle
461 319 96 20 anskaffa
572 319 116 25 desamma;

201 353 44 20 dels
256 355 30 18 att
296 353 166 27 presterskapets
478 353 93 27 aflöning
587 353 67 20 skulle
671 353 104 20 beräknas
790 353 87 20 hufvud-

133 388 101 27 sakligast
248 388 6 19 i
270 388 102 26 spanmål,
388 388 79 20 hälften
491 388 38 27 råg
545 388 39 20 och
600 387 79 21 hälften
702 388 60 25 korn,
778 390 54 17 samt
847 387 31 20 till

133 423 81 19 mindre
230 422 33 20 del
280 423 5 18 i
302 423 126 26 penningar;
444 424 30 18 att
489 422 27 20 all
532 423 79 25 tionde,
627 429 50 13 vare
693 423 32 25 sig
740 422 23 20 af
777 421 101 27 spanmål,

133 459 55 17 smör
204 456 51 20 eller
270 456 47 26 fisk,
332 458 54 18 samt
400 456 41 21 den
457 463 16 13 s.
486 456 20 20 k.
518 456 159 27 qvicktionden,
692 456 67 20 skulle
775 462 103 15 samman-

132 491 40 20 slås
192 491 38 20 och
253 491 83 26 utbytas
358 494 57 17 emot
430 498 26 13 en
477 492 42 19 viss
538 491 61 27 afgift
617 492 3 19 i
636 491 96 27 spanmäl
755 490 51 21 eller
828 496 49 20 pen-

133 526 81 26 ningar,
230 525 34 20 vid
282 525 166 21 bestämmandet
466 526 23 19 af
505 526 61 20 hvars
589 526 79 20 storlek
691 525 99 20 afseende
813 525 65 21 borde

133 560 63 20 fästas
212 560 11 19 &
239 560 55 20 hvad
310 560 7 19 i
332 560 56 20 säväl
405 560 113 26 allmänna,
539 567 44 13 som
603 560 32 20 för
653 560 97 20 enskilda
764 562 56 18 orter
835 559 43 27 gäl-

132 594 62 20 lande
218 594 144 27 författningar
386 594 68 20 finnes
477 594 145 26 föreskrifvet;
648 596 31 18 att
701 594 177 27 päskpenningar,

133 628 131 28 dagsverken
280 629 38 20 och
334 629 98 27 samtliga
448 629 82 20 mindre
545 629 157 27 lönepersedlar
724 629 67 20 likasä
810 628 69 20 skulle

133 664 84 26 utbytas
232 665 56 19 emot
307 664 61 26 vissa,
389 663 110 21 bestämda
520 664 85 26 afgifter
627 664 54 20 efter
703 670 80 14 samma
804 663 75 27 grund,

132 704 44 14 som
192 704 34 14 om
243 698 84 20 tionden
344 698 54 20 förut
413 701 23 17 är
452 698 95 26 nämndt,
563 698 73 20 hvilka
650 698 85 27 afgifter
756 698 65 20 borde
843 698 35 20 be-

132 733 76 20 räknas
224 733 22 20 sä
261 733 97 27 rundligt,
381 735 31 18 att
432 735 109 25 presterne
564 733 123 27 derigenom
708 732 78 27 jemväl
809 732 70 20 blefve

133 769 78 18 ersatta
226 767 31 20 för
272 768 47 19 dem
335 774 27 13 nu
379 767 162 21 tillkommande
559 767 211 27 likstols-penningar
785 767 40 20 och
840 766 39 20 kor

133 804 53 18 samt
204 802 92 20 arvoden
316 802 31 19 för
362 801 126 27 sjukbesök;
505 804 30 18 att
550 802 116 27 ersättning
688 802 32 20 för
741 801 138 21 förenämnde

133 836 109 26 utskylder
264 836 68 20 skulle
355 836 126 20 bestämmas
497 837 6 19 i
519 836 94 27 enlighet
631 836 48 20 med
699 837 29 19 tio
747 836 34 20 års
801 836 77 20 medel-

133 870 70 26 värde,
226 870 86 20 sålunda
336 872 30 18 att
388 871 26 19 de
436 870 91 27 afgifter,
551 871 73 20 hvilka
648 871 35 20 det
706 870 79 20 härtills
809 870 70 27 älegat

133 905 187 27 hemmansegarne
335 907 30 18 att
384 912 107 13 ensamme
512 906 93 26 erlägga,
627 905 68 20 skulle
718 905 90 20 fördelas
831 904 48 20 dem

133 940 96 25 emellan,
256 940 39 19 och
318 942 100 24 torpares,
441 940 136 27 inhysingars
600 940 38 19 och
663 939 164 20 handtverkares
849 939 30 20 af-

134 974 62 27 gifter
211 974 27 27 pä
253 974 44 20 lika
311 976 41 17 sätt
366 973 96 28 erläggas
473 974 24 19 af
509 974 62 20 dessa
581 974 129 20 sistnämnde
721 973 90 26 klasser;
826 975 54 18 samt

133 1010 30 18 att
178 1009 96 26 samtliga
289 1008 27 27 pä
334 1008 22 20 sä
375 1010 41 18 sätt
435 1008 127 21 förändrade
580 1009 116 20 inkomster
716 1008 67 21 skulle
801 1008 78 27 uppbä-

134 1049 32 14 ras
182 1043 23 20 af
218 1045 106 24 presterne
344 1043 80 26 sjelfva,
446 1043 90 20 emedan
555 1043 134 27 uppbördens
709 1043 170 20 öfverlemnande

133 1079 14 17 t.
164 1084 33 13 ex.
214 1077 21 20 ät
249 1077 226 27 kommunalstyrelsen
495 1078 74 20 erdast
592 1078 66 20 skulle
681 1077 109 20 föranleda
811 1077 69 20 ökade

133 1112 124 25 kostnader
248 1108 12 34 ;

201 1147 45 20 dels
262 1149 36 23 att,
313 1147 27 19 dä
354 1147 169 26 presterskapets
539 1147 74 20 besvär
628 1152 77 21 genom
718 1146 161 21 kommunalför-

133 1181 132 27 valtningens
286 1181 107 20 införande
412 1181 7 19 i
439 1181 97 27 betydlig
559 1187 47 14 mon
630 1181 101 20 minskats
749 1181 39 20 och
808 1187 25 14 en
850 1181 29 19 in-

133 1215 130 27 skränkning
275 1215 6 20 i
292 1217 117 25 presternes
421 1215 120 21 lönevilkor
557 1216 83 19 derföre
655 1222 49 13 vore
720 1215 159 20 öfverensstäm-

133 1249 75 20 mande
224 1249 48 20 med
288 1249 102 27 billighet,
406 1250 115 27 afgifterna
537 1251 32 19 för
584 1250 150 27 kyrktagning,
749 1249 131 27 begrafning,

134 1284 102 26 barndop,
259 1284 65 27 vigsel
348 1284 39 20 och
410 1285 116 26 sjukbesök
550 1284 64 21 mätte
637 1285 99 26 upphöra,
752 1284 23 20 sä
789 1286 30 18 att
833 1290 46 21 pre-

132 1321 69 17 sterne
217 1318 31 19 för
264 1318 62 20 dessa
340 1318 159 27 förrättningar,
513 1319 46 20 ifall
575 1319 26 19 de
617 1318 93 27 försiggä
726 1321 34 18 ute
770 1318 6 20 i
787 1318 92 21 socknen

133 1353 56 27 finge
212 1353 94 20 beräkna
328 1353 74 20 endast
425 1353 74 26 skjuts,
521 1359 47 14 men
584 1359 33 14 om
634 1353 26 20 de
675 1353 38 20 ske
729 1359 33 14 om
777 1353 81 26 söndag
873 1353 6 18 i

133 1388 89 26 kyrkan,
238 1387 63 27 ingen
317 1388 123 26 ersättning,
455 1387 111 20 äfvensom
583 1390 29 17 att
630 1387 177 27 päskpenningar,
823 1387 56 26 isyn-

133 1422 73 20 nerhet
229 1421 25 20 de
277 1428 43 13 som
344 1421 50 27 utgä
416 1422 23 19 af
459 1421 192 27 spanmälstorpare
677 1421 39 20 och
738 1422 23 19 af
780 1427 101 21 personer

132 1456 80 20 skrifne
228 1456 27 26 pä
270 1456 256 26 lägenhetsinnehafvare,
543 1457 23 19 sä
583 1456 41 20 ock
643 1455 148 27 likstolsafgift,
811 1456 70 20 denna

133 1490 129 20 sistnämnda
277 1490 53 20 dock
347 1492 56 18 emot
419 1490 82 26 mättiig
517 1490 55 27 ärlig
585 1490 123 26 ersättning,
724 1490 63 20 mätte
803 1490 76 20 afskaf-
