<?xml version="1.0" encoding="UTF-8"?>
<alto xmlns="http://www.loc.gov/standards/alto/ns-v3#" xmlns:xlink="http://www.w3.org/1999/xlink" xmlns:xsi="http://www.w3.org/2001/XMLSchema-instance" xsi:schemaLocation="http://www.loc.gov/standards/alto/ns-v3# http://www.loc.gov/alto/v3/alto-3-0.xsd">
	<Description>
		<MeasurementUnit>pixel</MeasurementUnit>
		<sourceImageInformation>
			<fileName>/tmp/tess_lmbb248o_input.PNG</fileName>
		</sourceImageInformation>
		<OCRProcessing ID="OCR_0">
			<ocrProcessingStep>
				<processingSoftware>
					<softwareName>tesseract 5.3.4</softwareName>
				</processingSoftware>
			</ocrProcessingStep>
		</OCRProcessing>
	</Description>
	<Layout>
		<Page WIDTH="1070" HEIGHT="1739" PHYSICAL_IMG_NR="0" ID="page_0">
			<PrintSpace HPOS="0" VPOS="0" WIDTH="1070" HEIGHT="1739">
				<ComposedBlock ID="cblock_0" HPOS="834" VPOS="123" WIDTH="23" HEIGHT="17">
					<TextBlock ID="block_0" HPOS="834" VPOS="123" WIDTH="23" HEIGHT="17">
						<TextLine ID="line_0" HPOS="834" VPOS="123" WIDTH="23" HEIGHT="17">
							<String ID="string_0" HPOS="834" VPOS="123" WIDTH="23" HEIGHT="17" WC="0.95" CONTENT="35"/>
						</TextLine>
					</TextBlock>
				</ComposedBlock>
				<ComposedBlock ID="cblock_1" HPOS="140" VPOS="184" WIDTH="759" HEIGHT="1296">
					<TextBlock ID="block_1" HPOS="140" VPOS="184" WIDTH="750" HEIGHT="133">
						<TextLine ID="line_1" HPOS="141" VPOS="184" WIDTH="749" HEIGHT="27">
							<String ID="string_1" HPOS="141" VPOS="184" WIDTH="47" HEIGHT="20" WC="0.91" CONTENT="med"/><SP WIDTH="20" VPOS="184" HPOS="188"/>
							<String ID="string_2" HPOS="208" VPOS="184" WIDTH="204" HEIGHT="26" WC="0.91" CONTENT="tillkännagifvande"/><SP WIDTH="20" VPOS="184" HPOS="412"/>
							<String ID="string_3" HPOS="432" VPOS="186" WIDTH="30" HEIGHT="18" WC="0.96" CONTENT="att"/><SP WIDTH="15" VPOS="186" HPOS="462"/>
							<String ID="string_4" HPOS="477" VPOS="185" WIDTH="108" HEIGHT="19" WC="0.96" CONTENT="Utskottet"/><SP WIDTH="16" VPOS="185" HPOS="585"/>
							<String ID="string_5" HPOS="601" VPOS="185" WIDTH="65" HEIGHT="26" WC="0.95" CONTENT="ansåg"/><SP WIDTH="16" VPOS="185" HPOS="666"/>
							<String ID="string_6" HPOS="682" VPOS="185" WIDTH="142" HEIGHT="26" WC="0.93" CONTENT="lagstiftarens"/><SP WIDTH="17" VPOS="185" HPOS="824"/>
							<String ID="string_7" HPOS="841" VPOS="185" WIDTH="49" HEIGHT="20" WC="0.92" CONTENT="mel-"/>
						</TextLine>
						<TextLine ID="line_2" HPOS="141" VPOS="218" WIDTH="749" HEIGHT="21">
							<String ID="string_8" HPOS="141" VPOS="218" WIDTH="106" HEIGHT="20" WC="0.89" CONTENT="lankomst"/><SP WIDTH="14" VPOS="218" HPOS="247"/>
							<String ID="string_9" HPOS="261" VPOS="219" WIDTH="6" HEIGHT="18" WC="0.93" CONTENT="i"/><SP WIDTH="17" VPOS="219" HPOS="267"/>
							<String ID="string_10" HPOS="284" VPOS="218" WIDTH="118" HEIGHT="20" WC="0.93" CONTENT="änberörda"/><SP WIDTH="22" VPOS="218" HPOS="402"/>
							<String ID="string_11" HPOS="424" VPOS="221" WIDTH="76" HEIGHT="18" WC="0.96" CONTENT="ämnen"/><SP WIDTH="20" VPOS="221" HPOS="500"/>
							<String ID="string_12" HPOS="520" VPOS="219" WIDTH="49" HEIGHT="20" WC="0.96" CONTENT="icke"/><SP WIDTH="20" VPOS="219" HPOS="569"/>
							<String ID="string_13" HPOS="589" VPOS="225" WIDTH="51" HEIGHT="14" WC="0.96" CONTENT="vara"/><SP WIDTH="18" VPOS="225" HPOS="640"/>
							<String ID="string_14" HPOS="658" VPOS="219" WIDTH="24" HEIGHT="20" WC="0.96" CONTENT="så"/><SP WIDTH="15" VPOS="219" HPOS="682"/>
							<String ID="string_15" HPOS="697" VPOS="219" WIDTH="134" HEIGHT="20" WC="0.96" CONTENT="brådskande"/><SP WIDTH="16" VPOS="219" HPOS="831"/>
							<String ID="string_16" HPOS="847" VPOS="225" WIDTH="43" HEIGHT="14" WC="0.96" CONTENT="som"/>
						</TextLine>
						<TextLine ID="line_3" HPOS="140" VPOS="251" WIDTH="750" HEIGHT="28">
							<String ID="string_17" HPOS="140" VPOS="253" WIDTH="6" HEIGHT="18" WC="0.96" CONTENT="i"/><SP WIDTH="16" VPOS="253" HPOS="146"/>
							<String ID="string_18" HPOS="162" VPOS="259" WIDTH="26" HEIGHT="12" WC="0.95" CONTENT="en"/><SP WIDTH="16" VPOS="259" HPOS="188"/>
							<String ID="string_19" HPOS="204" VPOS="252" WIDTH="35" HEIGHT="20" WC="0.95" CONTENT="del"/><SP WIDTH="15" VPOS="252" HPOS="239"/>
							<String ID="string_20" HPOS="254" VPOS="252" WIDTH="23" HEIGHT="19" WC="0.95" CONTENT="af"/><SP WIDTH="13" VPOS="252" HPOS="277"/>
							<String ID="string_21" HPOS="290" VPOS="252" WIDTH="68" HEIGHT="26" WC="0.96" CONTENT="öfriga"/><SP WIDTH="15" VPOS="252" HPOS="358"/>
							<String ID="string_22" HPOS="373" VPOS="251" WIDTH="108" HEIGHT="21" WC="0.93" CONTENT="Utskottet"/><SP WIDTH="15" VPOS="251" HPOS="481"/>
							<String ID="string_23" HPOS="496" VPOS="253" WIDTH="111" HEIGHT="26" WC="0.91" CONTENT="förelagda"/><SP WIDTH="14" VPOS="253" HPOS="607"/>
							<String ID="string_24" HPOS="621" VPOS="253" WIDTH="77" HEIGHT="26" WC="0.91" CONTENT="frågor,"/><SP WIDTH="17" VPOS="253" HPOS="698"/>
							<String ID="string_25" HPOS="715" VPOS="253" WIDTH="100" HEIGHT="20" WC="0.91" CONTENT="behofvet"/><SP WIDTH="14" VPOS="253" HPOS="815"/>
							<String ID="string_26" HPOS="829" VPOS="253" WIDTH="23" HEIGHT="20" WC="0.96" CONTENT="af"/><SP WIDTH="13" VPOS="253" HPOS="852"/>
							<String ID="string_27" HPOS="865" VPOS="253" WIDTH="25" HEIGHT="20" WC="0.96" CONTENT="de"/>
						</TextLine>
						<TextLine ID="line_4" HPOS="142" VPOS="286" WIDTH="413" HEIGHT="31">
							<String ID="string_28" HPOS="142" VPOS="286" WIDTH="122" HEIGHT="27" WC="0.93" CONTENT="ifrågasatta"/><SP WIDTH="14" VPOS="286" HPOS="264"/>
							<String ID="string_29" HPOS="278" VPOS="286" WIDTH="277" HEIGHT="31" WC="0.91" CONTENT="lagstiftningsåtgärderna."/>
						</TextLine>
					</TextBlock>
					<TextBlock ID="block_2" HPOS="142" VPOS="321" WIDTH="751" HEIGHT="361">
						<TextLine ID="line_5" HPOS="209" VPOS="321" WIDTH="682" HEIGHT="27">
							<String ID="string_30" HPOS="209" VPOS="321" WIDTH="39" HEIGHT="20" WC="0.96" CONTENT="Tio"/><SP WIDTH="23" VPOS="321" HPOS="248"/>
							<String ID="string_31" HPOS="271" VPOS="321" WIDTH="23" HEIGHT="19" WC="0.95" CONTENT="år"/><SP WIDTH="21" VPOS="321" HPOS="294"/>
							<String ID="string_32" HPOS="315" VPOS="323" WIDTH="36" HEIGHT="18" WC="0.96" CONTENT="äro"/><SP WIDTH="20" VPOS="323" HPOS="351"/>
							<String ID="string_33" HPOS="371" VPOS="327" WIDTH="87" HEIGHT="14" WC="0.95" CONTENT="numera"/><SP WIDTH="19" VPOS="327" HPOS="458"/>
							<String ID="string_34" HPOS="477" VPOS="321" WIDTH="105" HEIGHT="26" WC="0.96" CONTENT="förflutna,"/><SP WIDTH="20" VPOS="321" HPOS="582"/>
							<String ID="string_35" HPOS="602" VPOS="321" WIDTH="64" HEIGHT="20" WC="0.96" CONTENT="sedan"/><SP WIDTH="20" VPOS="321" HPOS="666"/>
							<String ID="string_36" HPOS="686" VPOS="321" WIDTH="82" HEIGHT="20" WC="0.96" CONTENT="landets"/><SP WIDTH="16" VPOS="321" HPOS="768"/>
							<String ID="string_37" HPOS="784" VPOS="321" WIDTH="107" HEIGHT="27" WC="0.95" CONTENT="Regering"/>
						</TextLine>
						<TextLine ID="line_6" HPOS="142" VPOS="355" WIDTH="748" HEIGHT="27">
							<String ID="string_38" HPOS="142" VPOS="355" WIDTH="88" HEIGHT="20" WC="0.96" CONTENT="sålunda"/><SP WIDTH="22" VPOS="355" HPOS="230"/>
							<String ID="string_39" HPOS="252" VPOS="355" WIDTH="116" HEIGHT="26" WC="0.96" CONTENT="ådagalade"/><SP WIDTH="20" VPOS="355" HPOS="368"/>
							<String ID="string_40" HPOS="388" VPOS="355" WIDTH="30" HEIGHT="20" WC="0.96" CONTENT="sin"/><SP WIDTH="23" VPOS="355" HPOS="418"/>
							<String ID="string_41" HPOS="441" VPOS="355" WIDTH="133" HEIGHT="27" WC="0.96" CONTENT="benägenhet"/><SP WIDTH="16" VPOS="355" HPOS="574"/>
							<String ID="string_42" HPOS="590" VPOS="355" WIDTH="31" HEIGHT="20" WC="0.96" CONTENT="för"/><SP WIDTH="15" VPOS="355" HPOS="621"/>
							<String ID="string_43" HPOS="636" VPOS="355" WIDTH="26" HEIGHT="20" WC="0.93" CONTENT="de"/><SP WIDTH="16" VPOS="355" HPOS="662"/>
							<String ID="string_44" HPOS="678" VPOS="355" WIDTH="212" HEIGHT="27" WC="0.92" CONTENT="lagstiftningsåtgär-"/>
						</TextLine>
						<TextLine ID="line_7" HPOS="142" VPOS="389" WIDTH="748" HEIGHT="27">
							<String ID="string_45" HPOS="142" VPOS="389" WIDTH="44" HEIGHT="24" WC="0.95" CONTENT="der,"/><SP WIDTH="20" VPOS="389" HPOS="186"/>
							<String ID="string_46" HPOS="206" VPOS="395" WIDTH="44" HEIGHT="14" WC="0.92" CONTENT="som"/><SP WIDTH="18" VPOS="395" HPOS="250"/>
							<String ID="string_47" HPOS="268" VPOS="389" WIDTH="132" HEIGHT="20" WC="0.93" CONTENT="förestående"/><SP WIDTH="16" VPOS="389" HPOS="400"/>
							<String ID="string_48" HPOS="416" VPOS="389" WIDTH="179" HEIGHT="27" WC="0.93" CONTENT="petitionsförslag"/><SP WIDTH="16" VPOS="389" HPOS="595"/>
							<String ID="string_49" HPOS="611" VPOS="389" WIDTH="75" HEIGHT="27" WC="0.96" CONTENT="åsyfta,"/><SP WIDTH="17" VPOS="389" HPOS="686"/>
							<String ID="string_50" HPOS="703" VPOS="391" WIDTH="39" HEIGHT="19" WC="0.96" CONTENT="och"/><SP WIDTH="16" VPOS="391" HPOS="742"/>
							<String ID="string_51" HPOS="758" VPOS="397" WIDTH="76" HEIGHT="19" WC="0.96" CONTENT="genom"/><SP WIDTH="17" VPOS="397" HPOS="834"/>
							<String ID="string_52" HPOS="851" VPOS="391" WIDTH="39" HEIGHT="19" WC="0.96" CONTENT="den"/>
						</TextLine>
						<TextLine ID="line_8" HPOS="142" VPOS="423" WIDTH="750" HEIGHT="28">
							<String ID="string_53" HPOS="142" VPOS="423" WIDTH="138" HEIGHT="26" WC="0.94" CONTENT="offentlighet,"/><SP WIDTH="22" VPOS="423" HPOS="280"/>
							<String ID="string_54" HPOS="302" VPOS="429" WIDTH="42" HEIGHT="13" WC="0.96" CONTENT="som"/><SP WIDTH="20" VPOS="429" HPOS="344"/>
							<String ID="string_55" HPOS="364" VPOS="423" WIDTH="90" HEIGHT="20" WC="0.93" CONTENT="kommit"/><SP WIDTH="14" VPOS="423" HPOS="454"/>
							<String ID="string_56" HPOS="468" VPOS="424" WIDTH="141" HEIGHT="19" WC="0.91" CONTENT="nästnämnda"/><SP WIDTH="14" VPOS="424" HPOS="609"/>
							<String ID="string_57" HPOS="623" VPOS="424" WIDTH="95" HEIGHT="20" WC="0.91" CONTENT="Utskotts"/><SP WIDTH="16" VPOS="424" HPOS="718"/>
							<String ID="string_58" HPOS="734" VPOS="424" WIDTH="158" HEIGHT="27" WC="0.95" CONTENT="förhandlingar"/>
						</TextLine>
						<TextLine ID="line_9" HPOS="142" VPOS="457" WIDTH="749" HEIGHT="28">
							<String ID="string_59" HPOS="142" VPOS="457" WIDTH="29" HEIGHT="19" WC="0.96" CONTENT="till"/><SP WIDTH="17" VPOS="457" HPOS="171"/>
							<String ID="string_60" HPOS="188" VPOS="457" WIDTH="40" HEIGHT="25" WC="0.96" CONTENT="del,"/><SP WIDTH="17" VPOS="457" HPOS="228"/>
							<String ID="string_61" HPOS="245" VPOS="460" WIDTH="22" HEIGHT="16" WC="0.96" CONTENT="är"/><SP WIDTH="17" VPOS="460" HPOS="267"/>
							<String ID="string_62" HPOS="284" VPOS="457" WIDTH="38" HEIGHT="20" WC="0.96" CONTENT="den"/><SP WIDTH="17" VPOS="457" HPOS="322"/>
							<String ID="string_63" HPOS="339" VPOS="457" WIDTH="107" HEIGHT="20" WC="0.96" CONTENT="allmänna"/><SP WIDTH="15" VPOS="457" HPOS="446"/>
							<String ID="string_64" HPOS="461" VPOS="458" WIDTH="113" HEIGHT="26" WC="0.96" CONTENT="meningen"/><SP WIDTH="12" VPOS="458" HPOS="574"/>
							<String ID="string_65" HPOS="586" VPOS="458" WIDTH="6" HEIGHT="19" WC="0.96" CONTENT="i"/><SP WIDTH="12" VPOS="458" HPOS="592"/>
							<String ID="string_66" HPOS="604" VPOS="458" WIDTH="72" HEIGHT="20" WC="0.96" CONTENT="landet"/><SP WIDTH="16" VPOS="458" HPOS="676"/>
							<String ID="string_67" HPOS="692" VPOS="458" WIDTH="64" HEIGHT="20" WC="0.96" CONTENT="sedan"/><SP WIDTH="16" VPOS="458" HPOS="756"/>
							<String ID="string_68" HPOS="772" VPOS="458" WIDTH="62" HEIGHT="27" WC="0.93" CONTENT="länge"/><SP WIDTH="17" VPOS="458" HPOS="834"/>
							<String ID="string_69" HPOS="851" VPOS="458" WIDTH="40" HEIGHT="20" WC="0.93" CONTENT="för-"/>
						</TextLine>
						<TextLine ID="line_10" HPOS="143" VPOS="492" WIDTH="748" HEIGHT="26">
							<String ID="string_70" HPOS="143" VPOS="492" WIDTH="76" HEIGHT="19" WC="0.96" CONTENT="beredd"/><SP WIDTH="24" VPOS="492" HPOS="219"/>
							<String ID="string_71" HPOS="243" VPOS="492" WIDTH="27" HEIGHT="26" WC="0.95" CONTENT="på"/><SP WIDTH="22" VPOS="492" HPOS="270"/>
							<String ID="string_72" HPOS="292" VPOS="492" WIDTH="76" HEIGHT="26" WC="0.95" CONTENT="nådiga"/><SP WIDTH="16" VPOS="492" HPOS="368"/>
							<String ID="string_73" HPOS="384" VPOS="492" WIDTH="178" HEIGHT="26" WC="0.96" CONTENT="framställningar"/><SP WIDTH="15" VPOS="492" HPOS="562"/>
							<String ID="string_74" HPOS="577" VPOS="492" WIDTH="7" HEIGHT="19" WC="0.96" CONTENT="i"/><SP WIDTH="16" VPOS="492" HPOS="584"/>
							<String ID="string_75" HPOS="600" VPOS="498" WIDTH="80" HEIGHT="14" WC="0.95" CONTENT="samma"/><SP WIDTH="15" VPOS="498" HPOS="680"/>
							<String ID="string_76" HPOS="695" VPOS="492" WIDTH="61" HEIGHT="26" WC="0.96" CONTENT="syfte."/><SP WIDTH="30" VPOS="492" HPOS="756"/>
							<String ID="string_77" HPOS="786" VPOS="493" WIDTH="46" HEIGHT="19" WC="0.93" CONTENT="Den"/><SP WIDTH="16" VPOS="493" HPOS="832"/>
							<String ID="string_78" HPOS="848" VPOS="499" WIDTH="43" HEIGHT="13" WC="0.92" CONTENT="om-"/>
						</TextLine>
						<TextLine ID="line_11" HPOS="142" VPOS="526" WIDTH="749" HEIGHT="26">
							<String ID="string_79" HPOS="142" VPOS="526" WIDTH="156" HEIGHT="26" WC="0.88" CONTENT="ständigheten,"/><SP WIDTH="22" VPOS="526" HPOS="298"/>
							<String ID="string_80" HPOS="320" VPOS="528" WIDTH="30" HEIGHT="18" WC="0.96" CONTENT="att"/><SP WIDTH="20" VPOS="528" HPOS="350"/>
							<String ID="string_81" HPOS="370" VPOS="528" WIDTH="30" HEIGHT="18" WC="0.95" CONTENT="ett"/><SP WIDTH="14" VPOS="528" HPOS="400"/>
							<String ID="string_82" HPOS="414" VPOS="526" WIDTH="45" HEIGHT="20" WC="0.96" CONTENT="folk"/><SP WIDTH="17" VPOS="526" HPOS="459"/>
							<String ID="string_83" HPOS="476" VPOS="526" WIDTH="46" HEIGHT="20" WC="0.96" CONTENT="med"/><SP WIDTH="17" VPOS="526" HPOS="522"/>
							<String ID="string_84" HPOS="539" VPOS="533" WIDTH="25" HEIGHT="13" WC="0.96" CONTENT="en"/><SP WIDTH="17" VPOS="533" HPOS="564"/>
							<String ID="string_85" HPOS="581" VPOS="527" WIDTH="42" HEIGHT="19" WC="0.93" CONTENT="viss"/><SP WIDTH="16" VPOS="527" HPOS="623"/>
							<String ID="string_86" HPOS="639" VPOS="526" WIDTH="162" HEIGHT="21" WC="0.90" CONTENT="betänksamhet"/><SP WIDTH="16" VPOS="526" HPOS="801"/>
							<String ID="string_87" HPOS="817" VPOS="529" WIDTH="74" HEIGHT="18" WC="0.90" CONTENT="motta-"/>
						</TextLine>
						<TextLine ID="line_12" HPOS="142" VPOS="560" WIDTH="749" HEIGHT="27">
							<String ID="string_88" HPOS="142" VPOS="566" WIDTH="37" HEIGHT="20" WC="0.96" CONTENT="ger"/><SP WIDTH="24" VPOS="566" HPOS="179"/>
							<String ID="string_89" HPOS="203" VPOS="560" WIDTH="77" HEIGHT="26" WC="0.96" CONTENT="förslag"/><SP WIDTH="21" VPOS="560" HPOS="280"/>
							<String ID="string_90" HPOS="301" VPOS="560" WIDTH="31" HEIGHT="20" WC="0.96" CONTENT="till"/><SP WIDTH="20" VPOS="560" HPOS="332"/>
							<String ID="string_91" HPOS="352" VPOS="560" WIDTH="113" HEIGHT="27" WC="0.96" CONTENT="ändringar"/><SP WIDTH="15" VPOS="560" HPOS="465"/>
							<String ID="string_92" HPOS="480" VPOS="561" WIDTH="7" HEIGHT="19" WC="0.96" CONTENT="i"/><SP WIDTH="17" VPOS="561" HPOS="487"/>
							<String ID="string_93" HPOS="504" VPOS="560" WIDTH="114" HEIGHT="20" WC="0.96" CONTENT="bestående"/><SP WIDTH="16" VPOS="560" HPOS="618"/>
							<String ID="string_94" HPOS="634" VPOS="561" WIDTH="35" HEIGHT="26" WC="0.96" CONTENT="lag"/><SP WIDTH="17" VPOS="561" HPOS="669"/>
							<String ID="string_95" HPOS="686" VPOS="561" WIDTH="38" HEIGHT="20" WC="0.96" CONTENT="och"/><SP WIDTH="17" VPOS="561" HPOS="724"/>
							<String ID="string_96" HPOS="741" VPOS="561" WIDTH="47" HEIGHT="20" WC="0.96" CONTENT="icke"/><SP WIDTH="16" VPOS="561" HPOS="788"/>
							<String ID="string_97" HPOS="804" VPOS="561" WIDTH="36" HEIGHT="19" WC="0.93" CONTENT="vill"/><SP WIDTH="16" VPOS="561" HPOS="840"/>
							<String ID="string_98" HPOS="856" VPOS="567" WIDTH="35" HEIGHT="13" WC="0.92" CONTENT="an-"/>
						</TextLine>
						<TextLine ID="line_13" HPOS="142" VPOS="594" WIDTH="749" HEIGHT="27">
							<String ID="string_99" HPOS="142" VPOS="594" WIDTH="103" HEIGHT="20" WC="0.92" CONTENT="norlunda"/><SP WIDTH="19" VPOS="594" HPOS="245"/>
							<String ID="string_100" HPOS="264" VPOS="597" WIDTH="25" HEIGHT="17" WC="0.96" CONTENT="än"/><SP WIDTH="17" VPOS="597" HPOS="289"/>
							<String ID="string_101" HPOS="306" VPOS="595" WIDTH="53" HEIGHT="19" WC="0.96" CONTENT="efter"/><SP WIDTH="16" VPOS="595" HPOS="359"/>
							<String ID="string_102" HPOS="375" VPOS="601" WIDTH="76" HEIGHT="20" WC="0.93" CONTENT="mogen"/><SP WIDTH="17" VPOS="601" HPOS="451"/>
							<String ID="string_103" HPOS="468" VPOS="595" WIDTH="98" HEIGHT="26" WC="0.92" CONTENT="pröfning"/><SP WIDTH="16" VPOS="595" HPOS="566"/>
							<String ID="string_104" HPOS="582" VPOS="595" WIDTH="70" HEIGHT="20" WC="0.96" CONTENT="lemna"/><SP WIDTH="16" VPOS="595" HPOS="652"/>
							<String ID="string_105" HPOS="668" VPOS="596" WIDTH="31" HEIGHT="18" WC="0.96" CONTENT="sin"/><SP WIDTH="17" VPOS="596" HPOS="699"/>
							<String ID="string_106" HPOS="716" VPOS="595" WIDTH="128" HEIGHT="20" WC="0.96" CONTENT="medverkan"/><SP WIDTH="17" VPOS="595" HPOS="844"/>
							<String ID="string_107" HPOS="861" VPOS="595" WIDTH="30" HEIGHT="19" WC="0.96" CONTENT="till"/>
						</TextLine>
						<TextLine ID="line_14" HPOS="143" VPOS="624" WIDTH="750" HEIGHT="32">
							<String ID="string_108" HPOS="143" VPOS="628" WIDTH="113" HEIGHT="27" WC="0.96" CONTENT="desamma,"/><SP WIDTH="16" VPOS="628" HPOS="256"/>
							<String ID="string_109" HPOS="272" VPOS="629" WIDTH="38" HEIGHT="20" WC="0.96" CONTENT="bör"/><SP WIDTH="14" VPOS="629" HPOS="310"/>
							<String ID="string_110" HPOS="324" VPOS="629" WIDTH="82" HEIGHT="20" WC="0.96" CONTENT="således"/><SP WIDTH="15" VPOS="629" HPOS="406"/>
							<String ID="string_111" HPOS="421" VPOS="628" WIDTH="48" HEIGHT="21" WC="0.95" CONTENT="icke"/><SP WIDTH="16" VPOS="628" HPOS="469"/>
							<String ID="string_112" HPOS="485" VPOS="628" WIDTH="21" HEIGHT="20" WC="0.93" CONTENT="få"/><SP WIDTH="15" VPOS="628" HPOS="506"/>
							<String ID="string_113" HPOS="521" VPOS="629" WIDTH="73" HEIGHT="19" WC="0.93" CONTENT="utöfva"/><SP WIDTH="15" VPOS="629" HPOS="594"/>
							<String ID="string_114" HPOS="609" VPOS="629" WIDTH="65" HEIGHT="26" WC="0.95" CONTENT="något"/><SP WIDTH="14" VPOS="629" HPOS="674"/>
							<String ID="string_115" HPOS="688" VPOS="624" WIDTH="118" HEIGHT="31" WC="0.96" CONTENT="inflytande"/><SP WIDTH="15" VPOS="624" HPOS="806"/>
							<String ID="string_116" HPOS="821" VPOS="629" WIDTH="28" HEIGHT="27" WC="0.96" CONTENT="på"/><SP WIDTH="14" VPOS="629" HPOS="849"/>
							<String ID="string_117" HPOS="863" VPOS="629" WIDTH="30" HEIGHT="19" WC="0.97" CONTENT="hit"/>
						</TextLine>
						<TextLine ID="line_15" HPOS="144" VPOS="662" WIDTH="182" HEIGHT="20">
							<String ID="string_118" HPOS="144" VPOS="662" WIDTH="93" HEIGHT="20" WC="0.96" CONTENT="hörande"/><SP WIDTH="16" VPOS="662" HPOS="237"/>
							<String ID="string_119" HPOS="253" VPOS="662" WIDTH="73" HEIGHT="20" WC="0.96" CONTENT="beslut."/>
						</TextLine>
					</TextBlock>
					<TextBlock ID="block_3" HPOS="143" VPOS="696" WIDTH="752" HEIGHT="404">
						<TextLine ID="line_16" HPOS="210" VPOS="696" WIDTH="681" HEIGHT="28">
							<String ID="string_120" HPOS="210" VPOS="697" WIDTH="78" HEIGHT="27" WC="0.93" CONTENT="Många"/><SP WIDTH="22" VPOS="697" HPOS="288"/>
							<String ID="string_121" HPOS="310" VPOS="697" WIDTH="31" HEIGHT="19" WC="0.94" CONTENT="till"/><SP WIDTH="19" VPOS="697" HPOS="341"/>
							<String ID="string_122" HPOS="360" VPOS="697" WIDTH="81" HEIGHT="19" WC="0.96" CONTENT="antalet"/><SP WIDTH="18" VPOS="697" HPOS="441"/>
							<String ID="string_123" HPOS="459" VPOS="700" WIDTH="36" HEIGHT="16" WC="0.96" CONTENT="äro"/><SP WIDTH="16" VPOS="700" HPOS="495"/>
							<String ID="string_124" HPOS="511" VPOS="697" WIDTH="48" HEIGHT="19" WC="0.96" CONTENT="icke"/><SP WIDTH="16" VPOS="697" HPOS="559"/>
							<String ID="string_125" HPOS="575" VPOS="697" WIDTH="27" HEIGHT="19" WC="0.96" CONTENT="de"/><SP WIDTH="15" VPOS="697" HPOS="602"/>
							<String ID="string_126" HPOS="617" VPOS="696" WIDTH="53" HEIGHT="26" WC="0.96" CONTENT="skäl,"/><SP WIDTH="16" VPOS="696" HPOS="670"/>
							<String ID="string_127" HPOS="686" VPOS="703" WIDTH="44" HEIGHT="14" WC="0.96" CONTENT="som"/><SP WIDTH="16" VPOS="703" HPOS="730"/>
							<String ID="string_128" HPOS="746" VPOS="698" WIDTH="72" HEIGHT="19" WC="0.91" CONTENT="kunna"/><SP WIDTH="15" VPOS="698" HPOS="818"/>
							<String ID="string_129" HPOS="833" VPOS="698" WIDTH="58" HEIGHT="20" WC="0.91" CONTENT="anfö-"/>
						</TextLine>
						<TextLine ID="line_17" HPOS="143" VPOS="731" WIDTH="750" HEIGHT="27">
							<String ID="string_130" HPOS="143" VPOS="738" WIDTH="32" HEIGHT="14" WC="0.95" CONTENT="ras"/><SP WIDTH="16" VPOS="738" HPOS="175"/>
							<String ID="string_131" HPOS="191" VPOS="732" WIDTH="31" HEIGHT="20" WC="0.96" CONTENT="till"/><SP WIDTH="13" VPOS="732" HPOS="222"/>
							<String ID="string_132" HPOS="235" VPOS="732" WIDTH="80" HEIGHT="20" WC="0.96" CONTENT="försvar"/><SP WIDTH="11" VPOS="732" HPOS="315"/>
							<String ID="string_133" HPOS="326" VPOS="732" WIDTH="32" HEIGHT="19" WC="0.96" CONTENT="för"/><SP WIDTH="10" VPOS="732" HPOS="358"/>
							<String ID="string_134" HPOS="368" VPOS="732" WIDTH="40" HEIGHT="19" WC="0.96" CONTENT="den"/><SP WIDTH="12" VPOS="732" HPOS="408"/>
							<String ID="string_135" HPOS="420" VPOS="731" WIDTH="142" HEIGHT="27" WC="0.93" CONTENT="lagstiftarens"/><SP WIDTH="12" VPOS="731" HPOS="562"/>
							<String ID="string_136" HPOS="574" VPOS="731" WIDTH="154" HEIGHT="26" WC="0.90" CONTENT="mellankomst,"/><SP WIDTH="10" VPOS="731" HPOS="728"/>
							<String ID="string_137" HPOS="738" VPOS="732" WIDTH="85" HEIGHT="20" WC="0.91" CONTENT="hvarom"/><SP WIDTH="9" VPOS="732" HPOS="823"/>
							<String ID="string_138" HPOS="832" VPOS="732" WIDTH="61" HEIGHT="26" WC="0.96" CONTENT="fråga"/>
						</TextLine>
						<TextLine ID="line_18" HPOS="143" VPOS="765" WIDTH="751" HEIGHT="27">
							<String ID="string_139" HPOS="143" VPOS="769" WIDTH="29" HEIGHT="17" WC="0.96" CONTENT="är."/><SP WIDTH="30" VPOS="769" HPOS="172"/>
							<String ID="string_140" HPOS="202" VPOS="766" WIDTH="49" HEIGHT="20" WC="0.96" CONTENT="Men"/><SP WIDTH="20" VPOS="766" HPOS="251"/>
							<String ID="string_141" HPOS="271" VPOS="766" WIDTH="36" HEIGHT="20" WC="0.96" CONTENT="det"/><SP WIDTH="18" VPOS="766" HPOS="307"/>
							<String ID="string_142" HPOS="325" VPOS="766" WIDTH="55" HEIGHT="20" WC="0.96" CONTENT="enda"/><SP WIDTH="18" VPOS="766" HPOS="380"/>
							<String ID="string_143" HPOS="398" VPOS="765" WIDTH="53" HEIGHT="26" WC="0.96" CONTENT="skäl,"/><SP WIDTH="16" VPOS="765" HPOS="451"/>
							<String ID="string_144" HPOS="467" VPOS="772" WIDTH="44" HEIGHT="13" WC="0.96" CONTENT="som"/><SP WIDTH="17" VPOS="772" HPOS="511"/>
							<String ID="string_145" HPOS="528" VPOS="766" WIDTH="70" HEIGHT="19" WC="0.96" CONTENT="derför"/><SP WIDTH="14" VPOS="766" HPOS="598"/>
							<String ID="string_146" HPOS="612" VPOS="765" WIDTH="42" HEIGHT="20" WC="0.96" CONTENT="kan"/><SP WIDTH="17" VPOS="765" HPOS="654"/>
							<String ID="string_147" HPOS="671" VPOS="766" WIDTH="109" HEIGHT="26" WC="0.96" CONTENT="åberopas,"/><SP WIDTH="17" VPOS="766" HPOS="780"/>
							<String ID="string_148" HPOS="797" VPOS="766" WIDTH="52" HEIGHT="20" WC="0.95" CONTENT="eller"/><SP WIDTH="14" VPOS="766" HPOS="849"/>
							<String ID="string_149" HPOS="863" VPOS="768" WIDTH="31" HEIGHT="17" WC="0.95" CONTENT="att"/>
						</TextLine>
						<TextLine ID="line_19" HPOS="143" VPOS="800" WIDTH="750" HEIGHT="26">
							<String ID="string_150" HPOS="143" VPOS="800" WIDTH="162" HEIGHT="26" WC="0.93" CONTENT="ifrågavarande"/><SP WIDTH="23" VPOS="800" HPOS="305"/>
							<String ID="string_151" HPOS="328" VPOS="800" WIDTH="243" HEIGHT="26" WC="0.91" CONTENT="lagstiftningsätgärder"/><SP WIDTH="21" VPOS="800" HPOS="571"/>
							<String ID="string_152" HPOS="592" VPOS="800" WIDTH="69" HEIGHT="20" WC="0.92" CONTENT="blefve"/><SP WIDTH="20" VPOS="800" HPOS="661"/>
							<String ID="string_153" HPOS="681" VPOS="800" WIDTH="126" HEIGHT="26" WC="0.96" CONTENT="handlingar"/><SP WIDTH="19" VPOS="800" HPOS="807"/>
							<String ID="string_154" HPOS="826" VPOS="800" WIDTH="24" HEIGHT="20" WC="0.96" CONTENT="af"/><SP WIDTH="17" VPOS="800" HPOS="850"/>
							<String ID="string_155" HPOS="867" VPOS="806" WIDTH="26" HEIGHT="13" WC="0.96" CONTENT="en"/>
						</TextLine>
						<TextLine ID="line_20" HPOS="144" VPOS="834" WIDTH="751" HEIGHT="26">
							<String ID="string_156" HPOS="144" VPOS="834" WIDTH="62" HEIGHT="26" WC="0.96" CONTENT="länge"/><SP WIDTH="20" VPOS="834" HPOS="206"/>
							<String ID="string_157" HPOS="226" VPOS="834" WIDTH="92" HEIGHT="26" WC="0.96" CONTENT="fördröjd"/><SP WIDTH="22" VPOS="834" HPOS="318"/>
							<String ID="string_158" HPOS="340" VPOS="834" WIDTH="86" HEIGHT="20" WC="0.95" CONTENT="rättvisa"/><SP WIDTH="20" VPOS="834" HPOS="426"/>
							<String ID="string_159" HPOS="446" VPOS="836" WIDTH="43" HEIGHT="18" WC="0.96" CONTENT="mot"/><SP WIDTH="16" VPOS="836" HPOS="489"/>
							<String ID="string_160" HPOS="505" VPOS="835" WIDTH="35" HEIGHT="19" WC="0.96" CONTENT="det"/><SP WIDTH="15" VPOS="835" HPOS="540"/>
							<String ID="string_161" HPOS="555" VPOS="834" WIDTH="50" HEIGHT="26" WC="0.96" CONTENT="kön,"/><SP WIDTH="16" VPOS="834" HPOS="605"/>
							<String ID="string_162" HPOS="621" VPOS="840" WIDTH="44" HEIGHT="14" WC="0.96" CONTENT="som"/><SP WIDTH="16" VPOS="840" HPOS="665"/>
							<String ID="string_163" HPOS="681" VPOS="841" WIDTH="46" HEIGHT="13" WC="0.93" CONTENT="man"/><SP WIDTH="17" VPOS="841" HPOS="727"/>
							<String ID="string_164" HPOS="744" VPOS="835" WIDTH="59" HEIGHT="25" WC="0.92" CONTENT="vänjt"/><SP WIDTH="14" VPOS="835" HPOS="803"/>
							<String ID="string_165" HPOS="817" VPOS="834" WIDTH="32" HEIGHT="26" WC="0.96" CONTENT="sig"/><SP WIDTH="16" VPOS="834" HPOS="849"/>
							<String ID="string_166" HPOS="865" VPOS="835" WIDTH="30" HEIGHT="18" WC="0.96" CONTENT="att"/>
						</TextLine>
						<TextLine ID="line_21" HPOS="145" VPOS="868" WIDTH="748" HEIGHT="27">
							<String ID="string_167" HPOS="145" VPOS="869" WIDTH="105" HEIGHT="20" WC="0.96" CONTENT="benämna"/><SP WIDTH="14" VPOS="869" HPOS="250"/>
							<String ID="string_168" HPOS="264" VPOS="869" WIDTH="36" HEIGHT="19" WC="0.96" CONTENT="det"/><SP WIDTH="15" VPOS="869" HPOS="300"/>
							<String ID="string_169" HPOS="315" VPOS="875" WIDTH="93" HEIGHT="20" WC="0.96" CONTENT="svagare,"/><SP WIDTH="17" VPOS="875" HPOS="408"/>
							<String ID="string_170" HPOS="425" VPOS="875" WIDTH="50" HEIGHT="20" WC="0.96" CONTENT="eger"/><SP WIDTH="16" VPOS="875" HPOS="475"/>
							<String ID="string_171" HPOS="491" VPOS="875" WIDTH="25" HEIGHT="13" WC="0.96" CONTENT="en"/><SP WIDTH="17" VPOS="875" HPOS="516"/>
							<String ID="string_172" HPOS="533" VPOS="868" WIDTH="105" HEIGHT="27" WC="0.96" CONTENT="giltighet,"/><SP WIDTH="16" VPOS="868" HPOS="638"/>
							<String ID="string_173" HPOS="654" VPOS="875" WIDTH="44" HEIGHT="13" WC="0.96" CONTENT="som"/><SP WIDTH="17" VPOS="875" HPOS="698"/>
							<String ID="string_174" HPOS="715" VPOS="875" WIDTH="43" HEIGHT="13" WC="0.96" CONTENT="mer"/><SP WIDTH="15" VPOS="875" HPOS="758"/>
							<String ID="string_175" HPOS="773" VPOS="871" WIDTH="27" HEIGHT="17" WC="0.93" CONTENT="än"/><SP WIDTH="15" VPOS="871" HPOS="800"/>
							<String ID="string_176" HPOS="815" VPOS="870" WIDTH="78" HEIGHT="24" WC="0.91" CONTENT="uppvä-"/>
						</TextLine>
						<TextLine ID="line_22" HPOS="144" VPOS="902" WIDTH="749" HEIGHT="27">
							<String ID="string_177" HPOS="144" VPOS="910" WIDTH="37" HEIGHT="19" WC="0.96" CONTENT="ger"/><SP WIDTH="23" VPOS="910" HPOS="181"/>
							<String ID="string_178" HPOS="204" VPOS="903" WIDTH="36" HEIGHT="19" WC="0.96" CONTENT="det"/><SP WIDTH="21" VPOS="903" HPOS="240"/>
							<String ID="string_179" HPOS="261" VPOS="903" WIDTH="107" HEIGHT="20" WC="0.96" CONTENT="bristande"/><SP WIDTH="16" VPOS="903" HPOS="368"/>
							<String ID="string_180" HPOS="384" VPOS="903" WIDTH="6" HEIGHT="19" WC="0.96" CONTENT="i"/><SP WIDTH="16" VPOS="903" HPOS="390"/>
							<String ID="string_181" HPOS="406" VPOS="902" WIDTH="85" HEIGHT="20" WC="0.95" CONTENT="antalet."/><SP WIDTH="34" VPOS="902" HPOS="491"/>
							<String ID="string_182" HPOS="525" VPOS="903" WIDTH="36" HEIGHT="19" WC="0.95" CONTENT="Ett"/><SP WIDTH="22" VPOS="903" HPOS="561"/>
							<String ID="string_183" HPOS="583" VPOS="903" WIDTH="123" HEIGHT="26" WC="0.93" CONTENT="ytterligare"/><SP WIDTH="20" VPOS="903" HPOS="706"/>
							<String ID="string_184" HPOS="726" VPOS="902" WIDTH="98" HEIGHT="27" WC="0.96" CONTENT="dröjsmål"/><SP WIDTH="22" VPOS="902" HPOS="824"/>
							<String ID="string_185" HPOS="846" VPOS="902" WIDTH="47" HEIGHT="20" WC="0.96" CONTENT="med"/>
						</TextLine>
						<TextLine ID="line_23" HPOS="145" VPOS="936" WIDTH="750" HEIGHT="27">
							<String ID="string_186" HPOS="145" VPOS="937" WIDTH="61" HEIGHT="20" WC="0.96" CONTENT="dessa"/><SP WIDTH="20" VPOS="937" HPOS="206"/>
							<String ID="string_187" HPOS="226" VPOS="937" WIDTH="108" HEIGHT="26" WC="0.96" CONTENT="reformer,"/><SP WIDTH="20" VPOS="937" HPOS="334"/>
							<String ID="string_188" HPOS="354" VPOS="937" WIDTH="72" HEIGHT="19" WC="0.96" CONTENT="hvilka"/><SP WIDTH="13" VPOS="937" HPOS="426"/>
							<String ID="string_189" HPOS="439" VPOS="937" WIDTH="44" HEIGHT="25" WC="0.92" CONTENT="just"/><SP WIDTH="16" VPOS="937" HPOS="483"/>
							<String ID="string_190" HPOS="499" VPOS="937" WIDTH="83" HEIGHT="19" WC="0.92" CONTENT="derföre"/><SP WIDTH="17" VPOS="937" HPOS="582"/>
							<String ID="string_191" HPOS="599" VPOS="936" WIDTH="65" HEIGHT="20" WC="0.96" CONTENT="måste"/><SP WIDTH="16" VPOS="936" HPOS="664"/>
							<String ID="string_192" HPOS="680" VPOS="937" WIDTH="42" HEIGHT="19" WC="0.96" CONTENT="förr"/><SP WIDTH="16" VPOS="937" HPOS="722"/>
							<String ID="string_193" HPOS="738" VPOS="937" WIDTH="52" HEIGHT="20" WC="0.93" CONTENT="eller"/><SP WIDTH="15" VPOS="937" HPOS="790"/>
							<String ID="string_194" HPOS="805" VPOS="936" WIDTH="90" HEIGHT="20" WC="0.91" CONTENT="sednare"/>
						</TextLine>
						<TextLine ID="line_24" HPOS="146" VPOS="970" WIDTH="749" HEIGHT="27">
							<String ID="string_195" HPOS="146" VPOS="971" WIDTH="102" HEIGHT="26" WC="0.96" CONTENT="vidtagas,"/><SP WIDTH="22" VPOS="971" HPOS="248"/>
							<String ID="string_196" HPOS="270" VPOS="971" WIDTH="67" HEIGHT="20" WC="0.96" CONTENT="skulle"/><SP WIDTH="20" VPOS="971" HPOS="337"/>
							<String ID="string_197" HPOS="357" VPOS="971" WIDTH="48" HEIGHT="20" WC="0.96" CONTENT="icke"/><SP WIDTH="20" VPOS="971" HPOS="405"/>
							<String ID="string_198" HPOS="425" VPOS="970" WIDTH="67" HEIGHT="20" WC="0.96" CONTENT="heller"/><SP WIDTH="15" VPOS="970" HPOS="492"/>
							<String ID="string_199" HPOS="507" VPOS="971" WIDTH="44" HEIGHT="19" WC="0.96" CONTENT="låta"/><SP WIDTH="14" VPOS="971" HPOS="551"/>
							<String ID="string_200" HPOS="565" VPOS="971" WIDTH="73" HEIGHT="19" WC="0.96" CONTENT="förena"/><SP WIDTH="16" VPOS="971" HPOS="638"/>
							<String ID="string_201" HPOS="654" VPOS="971" WIDTH="32" HEIGHT="26" WC="0.96" CONTENT="sig"/><SP WIDTH="15" VPOS="971" HPOS="686"/>
							<String ID="string_202" HPOS="701" VPOS="971" WIDTH="46" HEIGHT="20" WC="0.96" CONTENT="med"/><SP WIDTH="16" VPOS="971" HPOS="747"/>
							<String ID="string_203" HPOS="763" VPOS="971" WIDTH="26" HEIGHT="20" WC="0.96" CONTENT="de"/><SP WIDTH="16" VPOS="971" HPOS="789"/>
							<String ID="string_204" HPOS="805" VPOS="970" WIDTH="90" HEIGHT="20" WC="0.96" CONTENT="sundare"/>
						</TextLine>
						<TextLine ID="line_25" HPOS="144" VPOS="1005" WIDTH="751" HEIGHT="26">
							<String ID="string_205" HPOS="144" VPOS="1005" WIDTH="84" HEIGHT="26" WC="0.85" CONTENT="åsigter,"/><SP WIDTH="20" VPOS="1005" HPOS="228"/>
							<String ID="string_206" HPOS="248" VPOS="1011" WIDTH="52" HEIGHT="20" WC="0.96" CONTENT="som,"/><SP WIDTH="20" VPOS="1011" HPOS="300"/>
							<String ID="string_207" HPOS="320" VPOS="1005" WIDTH="130" HEIGHT="20" WC="0.93" CONTENT="beträffande"/><SP WIDTH="19" VPOS="1005" HPOS="450"/>
							<String ID="string_208" HPOS="469" VPOS="1005" WIDTH="105" HEIGHT="26" WC="0.91" CONTENT="qvinnans"/><SP WIDTH="16" VPOS="1005" HPOS="574"/>
							<String ID="string_209" HPOS="590" VPOS="1005" WIDTH="100" HEIGHT="26" WC="0.96" CONTENT="ställning"/><SP WIDTH="15" VPOS="1005" HPOS="690"/>
							<String ID="string_210" HPOS="705" VPOS="1005" WIDTH="56" HEIGHT="20" WC="0.96" CONTENT="inom"/><SP WIDTH="17" VPOS="1005" HPOS="761"/>
							<String ID="string_211" HPOS="778" VPOS="1005" WIDTH="117" HEIGHT="24" WC="0.95" CONTENT="samhället,"/>
						</TextLine>
						<TextLine ID="line_26" HPOS="145" VPOS="1038" WIDTH="750" HEIGHT="28">
							<String ID="string_212" HPOS="145" VPOS="1040" WIDTH="61" HEIGHT="19" WC="0.96" CONTENT="äfven"/><SP WIDTH="21" VPOS="1040" HPOS="206"/>
							<String ID="string_213" HPOS="227" VPOS="1040" WIDTH="37" HEIGHT="20" WC="0.96" CONTENT="hos"/><SP WIDTH="21" VPOS="1040" HPOS="264"/>
							<String ID="string_214" HPOS="285" VPOS="1046" WIDTH="33" HEIGHT="13" WC="0.93" CONTENT="oss"/><SP WIDTH="20" VPOS="1046" HPOS="318"/>
							<String ID="string_215" HPOS="338" VPOS="1039" WIDTH="80" HEIGHT="27" WC="0.92" CONTENT="begynt"/><SP WIDTH="16" VPOS="1039" HPOS="418"/>
							<String ID="string_216" HPOS="434" VPOS="1041" WIDTH="52" HEIGHT="24" WC="0.96" CONTENT="göra"/><SP WIDTH="15" VPOS="1041" HPOS="486"/>
							<String ID="string_217" HPOS="501" VPOS="1040" WIDTH="32" HEIGHT="25" WC="0.96" CONTENT="sig"/><SP WIDTH="16" VPOS="1040" HPOS="533"/>
							<String ID="string_218" HPOS="549" VPOS="1039" WIDTH="99" HEIGHT="26" WC="0.96" CONTENT="gällande"/><SP WIDTH="17" VPOS="1039" HPOS="648"/>
							<String ID="string_219" HPOS="665" VPOS="1039" WIDTH="53" HEIGHT="20" WC="0.97" CONTENT="både"/><SP WIDTH="15" VPOS="1039" HPOS="718"/>
							<String ID="string_220" HPOS="733" VPOS="1039" WIDTH="58" HEIGHT="20" WC="0.89" CONTENT="inom"/><SP WIDTH="15" VPOS="1039" HPOS="791"/>
							<String ID="string_221" HPOS="806" VPOS="1038" WIDTH="89" HEIGHT="27" WC="0.89" CONTENT="lagstift-"/>
						</TextLine>
						<TextLine ID="line_27" HPOS="146" VPOS="1073" WIDTH="523" HEIGHT="27">
							<String ID="string_222" HPOS="146" VPOS="1074" WIDTH="89" HEIGHT="26" WC="0.95" CONTENT="ningens"/><SP WIDTH="15" VPOS="1074" HPOS="235"/>
							<String ID="string_223" HPOS="250" VPOS="1074" WIDTH="40" HEIGHT="19" WC="0.96" CONTENT="och"/><SP WIDTH="15" VPOS="1074" HPOS="290"/>
							<String ID="string_224" HPOS="305" VPOS="1074" WIDTH="57" HEIGHT="19" WC="0.96" CONTENT="inom"/><SP WIDTH="16" VPOS="1074" HPOS="362"/>
							<String ID="string_225" HPOS="378" VPOS="1073" WIDTH="168" HEIGHT="27" WC="0.96" CONTENT="förvaltningens"/><SP WIDTH="15" VPOS="1073" HPOS="546"/>
							<String ID="string_226" HPOS="561" VPOS="1073" WIDTH="108" HEIGHT="20" WC="0.95" CONTENT="områden."/>
						</TextLine>
					</TextBlock>
					<TextBlock ID="block_4" HPOS="146" VPOS="1107" WIDTH="753" HEIGHT="373">
						<TextLine ID="line_28" HPOS="214" VPOS="1107" WIDTH="683" HEIGHT="28">
							<String ID="string_227" HPOS="214" VPOS="1108" WIDTH="146" HEIGHT="27" WC="0.92" CONTENT="Lagutskottet"/><SP WIDTH="22" VPOS="1108" HPOS="360"/>
							<String ID="string_228" HPOS="382" VPOS="1108" WIDTH="68" HEIGHT="20" WC="0.96" CONTENT="skulle"/><SP WIDTH="20" VPOS="1108" HPOS="450"/>
							<String ID="string_229" HPOS="470" VPOS="1108" WIDTH="55" HEIGHT="20" WC="0.96" CONTENT="dock"/><SP WIDTH="20" VPOS="1108" HPOS="525"/>
							<String ID="string_230" HPOS="545" VPOS="1108" WIDTH="37" HEIGHT="20" WC="0.96" CONTENT="illa"/><SP WIDTH="18" VPOS="1108" HPOS="582"/>
							<String ID="string_231" HPOS="600" VPOS="1108" WIDTH="44" HEIGHT="19" WC="0.96" CONTENT="lösa"/><SP WIDTH="15" VPOS="1108" HPOS="644"/>
							<String ID="string_232" HPOS="659" VPOS="1108" WIDTH="32" HEIGHT="19" WC="0.96" CONTENT="sin"/><SP WIDTH="16" VPOS="1108" HPOS="691"/>
							<String ID="string_233" HPOS="707" VPOS="1107" WIDTH="83" HEIGHT="27" WC="0.95" CONTENT="uppgift"/><SP WIDTH="15" VPOS="1107" HPOS="790"/>
							<String ID="string_234" HPOS="805" VPOS="1107" WIDTH="6" HEIGHT="20" WC="0.95" CONTENT="i"/><SP WIDTH="16" VPOS="1107" HPOS="811"/>
							<String ID="string_235" HPOS="827" VPOS="1107" WIDTH="70" HEIGHT="20" WC="0.96" CONTENT="denna"/>
						</TextLine>
						<TextLine ID="line_29" HPOS="146" VPOS="1141" WIDTH="751" HEIGHT="28">
							<String ID="string_236" HPOS="146" VPOS="1142" WIDTH="163" HEIGHT="26" WC="0.95" CONTENT="angelägenhet,"/><SP WIDTH="22" VPOS="1142" HPOS="309"/>
							<String ID="string_237" HPOS="331" VPOS="1149" WIDTH="33" HEIGHT="13" WC="0.92" CONTENT="om"/><SP WIDTH="23" VPOS="1149" HPOS="364"/>
							<String ID="string_238" HPOS="387" VPOS="1142" WIDTH="148" HEIGHT="27" WC="0.91" CONTENT="Lagutskottet"/><SP WIDTH="18" VPOS="1142" HPOS="535"/>
							<String ID="string_239" HPOS="553" VPOS="1142" WIDTH="48" HEIGHT="20" WC="0.95" CONTENT="icke"/><SP WIDTH="20" VPOS="1142" HPOS="601"/>
							<String ID="string_240" HPOS="621" VPOS="1142" WIDTH="31" HEIGHT="19" WC="0.95" CONTENT="till"/><SP WIDTH="19" VPOS="1142" HPOS="652"/>
							<String ID="string_241" HPOS="671" VPOS="1141" WIDTH="130" HEIGHT="27" WC="0.96" CONTENT="granskning"/><SP WIDTH="16" VPOS="1141" HPOS="801"/>
							<String ID="string_242" HPOS="817" VPOS="1142" WIDTH="80" HEIGHT="25" WC="0.96" CONTENT="upptog"/>
						</TextLine>
						<TextLine ID="line_30" HPOS="147" VPOS="1175" WIDTH="748" HEIGHT="28">
							<String ID="string_243" HPOS="147" VPOS="1177" WIDTH="25" HEIGHT="19" WC="0.96" CONTENT="de"/><SP WIDTH="21" VPOS="1177" HPOS="172"/>
							<String ID="string_244" HPOS="193" VPOS="1177" WIDTH="184" HEIGHT="26" WC="0.96" CONTENT="omständigheter,"/><SP WIDTH="17" VPOS="1177" HPOS="377"/>
							<String ID="string_245" HPOS="394" VPOS="1183" WIDTH="44" HEIGHT="14" WC="0.96" CONTENT="som"/><SP WIDTH="16" VPOS="1183" HPOS="438"/>
							<String ID="string_246" HPOS="454" VPOS="1183" WIDTH="48" HEIGHT="14" WC="0.96" CONTENT="man"/><SP WIDTH="17" VPOS="1183" HPOS="502"/>
							<String ID="string_247" HPOS="519" VPOS="1177" WIDTH="69" HEIGHT="26" WC="0.96" CONTENT="någon"/><SP WIDTH="17" VPOS="1177" HPOS="588"/>
							<String ID="string_248" HPOS="605" VPOS="1176" WIDTH="57" HEIGHT="27" WC="0.95" CONTENT="gång"/><SP WIDTH="15" VPOS="1176" HPOS="662"/>
							<String ID="string_249" HPOS="677" VPOS="1176" WIDTH="41" HEIGHT="20" WC="0.96" CONTENT="kan"/><SP WIDTH="16" VPOS="1176" HPOS="718"/>
							<String ID="string_250" HPOS="734" VPOS="1176" WIDTH="22" HEIGHT="20" WC="0.96" CONTENT="få"/><SP WIDTH="15" VPOS="1176" HPOS="756"/>
							<String ID="string_251" HPOS="771" VPOS="1176" WIDTH="52" HEIGHT="19" WC="0.93" CONTENT="höra"/><SP WIDTH="14" VPOS="1176" HPOS="823"/>
							<String ID="string_252" HPOS="837" VPOS="1175" WIDTH="58" HEIGHT="20" WC="0.91" CONTENT="anfö-"/>
						</TextLine>
						<TextLine ID="line_31" HPOS="146" VPOS="1209" WIDTH="750" HEIGHT="28">
							<String ID="string_253" HPOS="146" VPOS="1211" WIDTH="32" HEIGHT="20" WC="0.96" CONTENT="ras"/><SP WIDTH="16" VPOS="1211" HPOS="178"/>
							<String ID="string_254" HPOS="194" VPOS="1211" WIDTH="32" HEIGHT="20" WC="0.96" CONTENT="till"/><SP WIDTH="16" VPOS="1211" HPOS="226"/>
							<String ID="string_255" HPOS="242" VPOS="1211" WIDTH="45" HEIGHT="20" WC="0.96" CONTENT="stöd"/><SP WIDTH="17" VPOS="1211" HPOS="287"/>
							<String ID="string_256" HPOS="304" VPOS="1211" WIDTH="30" HEIGHT="20" WC="0.93" CONTENT="för"/><SP WIDTH="18" VPOS="1211" HPOS="334"/>
							<String ID="string_257" HPOS="352" VPOS="1211" WIDTH="159" HEIGHT="20" WC="0.91" CONTENT="bibehållandet"/><SP WIDTH="15" VPOS="1211" HPOS="511"/>
							<String ID="string_258" HPOS="526" VPOS="1211" WIDTH="24" HEIGHT="20" WC="0.93" CONTENT="af"/><SP WIDTH="13" VPOS="1211" HPOS="550"/>
							<String ID="string_259" HPOS="563" VPOS="1211" WIDTH="141" HEIGHT="20" WC="0.89" CONTENT="landsrättens"/><SP WIDTH="13" VPOS="1211" HPOS="704"/>
							<String ID="string_260" HPOS="717" VPOS="1209" WIDTH="132" HEIGHT="28" WC="0.93" CONTENT="stadganden"/><SP WIDTH="11" VPOS="1209" HPOS="849"/>
							<String ID="string_261" HPOS="860" VPOS="1215" WIDTH="36" HEIGHT="14" WC="0.90" CONTENT="an-"/>
						</TextLine>
						<TextLine ID="line_32" HPOS="146" VPOS="1238" WIDTH="750" HEIGHT="33">
							<String ID="string_262" HPOS="146" VPOS="1245" WIDTH="82" HEIGHT="26" WC="0.79" CONTENT="gående"/><SP WIDTH="23" VPOS="1245" HPOS="228"/>
							<String ID="string_263" HPOS="251" VPOS="1245" WIDTH="95" HEIGHT="26" WC="0.90" CONTENT="giftorätt"/><SP WIDTH="22" VPOS="1245" HPOS="346"/>
							<String ID="string_264" HPOS="368" VPOS="1245" WIDTH="40" HEIGHT="20" WC="0.92" CONTENT="och"/><SP WIDTH="19" VPOS="1245" HPOS="408"/>
							<String ID="string_265" HPOS="427" VPOS="1245" WIDTH="91" HEIGHT="20" WC="0.92" CONTENT="arfsrätt."/><SP WIDTH="31" VPOS="1245" HPOS="518"/>
							<String ID="string_266" HPOS="549" VPOS="1245" WIDTH="9" HEIGHT="19" WC="0.93" CONTENT="I"/><SP WIDTH="15" VPOS="1245" HPOS="558"/>
							<String ID="string_267" HPOS="573" VPOS="1238" WIDTH="75" HEIGHT="27" WC="0.93" CONTENT="sädant"/><SP WIDTH="20" VPOS="1238" HPOS="648"/>
							<String ID="string_268" HPOS="668" VPOS="1244" WIDTH="54" HEIGHT="26" WC="0.92" CONTENT="syfte"/><SP WIDTH="15" VPOS="1244" HPOS="722"/>
							<String ID="string_269" HPOS="737" VPOS="1244" WIDTH="108" HEIGHT="20" WC="0.92" CONTENT="förebäres"/><SP WIDTH="16" VPOS="1244" HPOS="845"/>
							<String ID="string_270" HPOS="861" VPOS="1249" WIDTH="35" HEIGHT="20" WC="0.93" CONTENT="ge-"/>
						</TextLine>
						<TextLine ID="line_33" HPOS="147" VPOS="1277" WIDTH="750" HEIGHT="28">
							<String ID="string_271" HPOS="147" VPOS="1279" WIDTH="113" HEIGHT="26" WC="0.92" CONTENT="menligen,"/><SP WIDTH="20" VPOS="1279" HPOS="260"/>
							<String ID="string_272" HPOS="280" VPOS="1281" WIDTH="30" HEIGHT="18" WC="0.93" CONTENT="att"/><SP WIDTH="14" VPOS="1281" HPOS="310"/>
							<String ID="string_273" HPOS="324" VPOS="1279" WIDTH="103" HEIGHT="26" WC="0.91" CONTENT="gvinnans"/><SP WIDTH="17" VPOS="1279" HPOS="427"/>
							<String ID="string_274" HPOS="444" VPOS="1279" WIDTH="72" HEIGHT="20" WC="0.96" CONTENT="arbete"/><SP WIDTH="16" VPOS="1279" HPOS="516"/>
							<String ID="string_275" HPOS="532" VPOS="1279" WIDTH="6" HEIGHT="20" WC="0.96" CONTENT="i"/><SP WIDTH="17" VPOS="1279" HPOS="538"/>
							<String ID="string_276" HPOS="555" VPOS="1279" WIDTH="39" HEIGHT="20" WC="0.96" CONTENT="och"/><SP WIDTH="16" VPOS="1279" HPOS="594"/>
							<String ID="string_277" HPOS="610" VPOS="1279" WIDTH="32" HEIGHT="19" WC="0.96" CONTENT="för"/><SP WIDTH="16" VPOS="1279" HPOS="642"/>
							<String ID="string_278" HPOS="658" VPOS="1279" WIDTH="36" HEIGHT="19" WC="0.96" CONTENT="det"/><SP WIDTH="15" VPOS="1279" HPOS="694"/>
							<String ID="string_279" HPOS="709" VPOS="1278" WIDTH="48" HEIGHT="20" WC="0.96" CONTENT="hem"/><SP WIDTH="15" VPOS="1278" HPOS="757"/>
							<String ID="string_280" HPOS="772" VPOS="1278" WIDTH="41" HEIGHT="19" WC="0.93" CONTENT="hon"/><SP WIDTH="12" VPOS="1278" HPOS="813"/>
							<String ID="string_281" HPOS="825" VPOS="1277" WIDTH="72" HEIGHT="20" WC="0.92" CONTENT="tillhör"/>
						</TextLine>
						<TextLine ID="line_34" HPOS="147" VPOS="1311" WIDTH="749" HEIGHT="26">
							<String ID="string_282" HPOS="147" VPOS="1313" WIDTH="94" HEIGHT="20" WC="0.87" CONTENT="hvarken"/><SP WIDTH="23" VPOS="1313" HPOS="241"/>
							<String ID="string_283" HPOS="264" VPOS="1320" WIDTH="49" HEIGHT="13" WC="0.96" CONTENT="vore"/><SP WIDTH="24" VPOS="1320" HPOS="313"/>
							<String ID="string_284" HPOS="337" VPOS="1313" WIDTH="51" HEIGHT="20" WC="0.92" CONTENT="eller"/><SP WIDTH="19" VPOS="1313" HPOS="388"/>
							<String ID="string_285" HPOS="407" VPOS="1313" WIDTH="70" HEIGHT="20" WC="0.96" CONTENT="kunde"/><SP WIDTH="21" VPOS="1313" HPOS="477"/>
							<String ID="string_286" HPOS="498" VPOS="1320" WIDTH="51" HEIGHT="13" WC="0.96" CONTENT="vara"/><SP WIDTH="20" VPOS="1320" HPOS="549"/>
							<String ID="string_287" HPOS="569" VPOS="1313" WIDTH="23" HEIGHT="20" WC="0.96" CONTENT="af"/><SP WIDTH="16" VPOS="1313" HPOS="592"/>
							<String ID="string_288" HPOS="608" VPOS="1319" WIDTH="79" HEIGHT="14" WC="0.96" CONTENT="samma"/><SP WIDTH="15" VPOS="1319" HPOS="687"/>
							<String ID="string_289" HPOS="702" VPOS="1313" WIDTH="63" HEIGHT="20" WC="0.96" CONTENT="värde"/><SP WIDTH="16" VPOS="1313" HPOS="765"/>
							<String ID="string_290" HPOS="781" VPOS="1312" WIDTH="39" HEIGHT="20" WC="0.93" CONTENT="och"/><SP WIDTH="17" VPOS="1312" HPOS="820"/>
							<String ID="string_291" HPOS="837" VPOS="1311" WIDTH="59" HEIGHT="26" WC="0.92" CONTENT="bety-"/>
						</TextLine>
						<TextLine ID="line_35" HPOS="147" VPOS="1347" WIDTH="751" HEIGHT="26">
							<String ID="string_292" HPOS="147" VPOS="1347" WIDTH="57" HEIGHT="20" WC="0.92" CONTENT="delse"/><SP WIDTH="16" VPOS="1347" HPOS="204"/>
							<String ID="string_293" HPOS="220" VPOS="1353" WIDTH="44" HEIGHT="14" WC="0.92" CONTENT="som"/><SP WIDTH="17" VPOS="1353" HPOS="264"/>
							<String ID="string_294" HPOS="281" VPOS="1354" WIDTH="107" HEIGHT="13" WC="0.92" CONTENT="mannens."/><SP WIDTH="23" VPOS="1354" HPOS="388"/>
							<String ID="string_295" HPOS="411" VPOS="1347" WIDTH="31" HEIGHT="20" WC="0.93" CONTENT="En"/><SP WIDTH="17" VPOS="1347" HPOS="442"/>
							<String ID="string_296" HPOS="459" VPOS="1350" WIDTH="98" HEIGHT="17" WC="0.92" CONTENT="närmare"/><SP WIDTH="16" VPOS="1350" HPOS="557"/>
							<String ID="string_297" HPOS="573" VPOS="1347" WIDTH="158" HEIGHT="26" WC="0.93" CONTENT="undersökning"/><SP WIDTH="15" VPOS="1347" HPOS="731"/>
							<String ID="string_298" HPOS="746" VPOS="1347" WIDTH="63" HEIGHT="25" WC="0.93" CONTENT="visar,"/><SP WIDTH="15" VPOS="1347" HPOS="809"/>
							<String ID="string_299" HPOS="824" VPOS="1347" WIDTH="31" HEIGHT="18" WC="0.85" CONTENT="att"/><SP WIDTH="13" VPOS="1347" HPOS="855"/>
							<String ID="string_300" HPOS="868" VPOS="1347" WIDTH="30" HEIGHT="18" WC="0.96" CONTENT="ett"/>
						</TextLine>
						<TextLine ID="line_36" HPOS="147" VPOS="1380" WIDTH="750" HEIGHT="27">
							<String ID="string_301" HPOS="147" VPOS="1381" WIDTH="50" HEIGHT="20" WC="0.92" CONTENT="slikt"/><SP WIDTH="15" VPOS="1381" HPOS="197"/>
							<String ID="string_302" HPOS="212" VPOS="1381" WIDTH="136" HEIGHT="20" WC="0.92" CONTENT="förmenande"/><SP WIDTH="16" VPOS="1381" HPOS="348"/>
							<String ID="string_303" HPOS="364" VPOS="1381" WIDTH="68" HEIGHT="20" WC="0.92" CONTENT="hvilar"/><SP WIDTH="12" VPOS="1381" HPOS="432"/>
							<String ID="string_304" HPOS="444" VPOS="1381" WIDTH="27" HEIGHT="26" WC="0.96" CONTENT="pä"/><SP WIDTH="12" VPOS="1381" HPOS="471"/>
							<String ID="string_305" HPOS="483" VPOS="1383" WIDTH="30" HEIGHT="18" WC="0.93" CONTENT="ett"/><SP WIDTH="11" VPOS="1383" HPOS="513"/>
							<String ID="string_306" HPOS="524" VPOS="1381" WIDTH="92" HEIGHT="20" WC="0.92" CONTENT="tanklöst"/><SP WIDTH="11" VPOS="1381" HPOS="616"/>
							<String ID="string_307" HPOS="627" VPOS="1380" WIDTH="170" HEIGHT="21" WC="0.92" CONTENT="öfverskattande"/><SP WIDTH="11" VPOS="1380" HPOS="797"/>
							<String ID="string_308" HPOS="808" VPOS="1380" WIDTH="23" HEIGHT="19" WC="0.93" CONTENT="af"/><SP WIDTH="9" VPOS="1380" HPOS="831"/>
							<String ID="string_309" HPOS="840" VPOS="1385" WIDTH="57" HEIGHT="14" WC="0.90" CONTENT="man-"/>
						</TextLine>
						<TextLine ID="line_37" HPOS="147" VPOS="1413" WIDTH="750" HEIGHT="29">
							<String ID="string_310" HPOS="147" VPOS="1421" WIDTH="51" HEIGHT="14" WC="0.92" CONTENT="nens"/><SP WIDTH="17" VPOS="1421" HPOS="198"/>
							<String ID="string_311" HPOS="215" VPOS="1415" WIDTH="39" HEIGHT="20" WC="0.95" CONTENT="och"/><SP WIDTH="16" VPOS="1415" HPOS="254"/>
							<String ID="string_312" HPOS="270" VPOS="1417" WIDTH="30" HEIGHT="18" WC="0.96" CONTENT="ett"/><SP WIDTH="15" VPOS="1417" HPOS="300"/>
							<String ID="string_313" HPOS="315" VPOS="1416" WIDTH="43" HEIGHT="19" WC="0.93" CONTENT="lika"/><SP WIDTH="15" VPOS="1416" HPOS="358"/>
							<String ID="string_314" HPOS="373" VPOS="1415" WIDTH="115" HEIGHT="27" WC="0.92" CONTENT="obefogadt"/><SP WIDTH="14" VPOS="1415" HPOS="488"/>
							<String ID="string_315" HPOS="502" VPOS="1415" WIDTH="179" HEIGHT="20" WC="0.92" CONTENT="underskattande"/><SP WIDTH="11" VPOS="1415" HPOS="681"/>
							<String ID="string_316" HPOS="692" VPOS="1415" WIDTH="22" HEIGHT="20" WC="0.93" CONTENT="af"/><SP WIDTH="8" VPOS="1415" HPOS="714"/>
							<String ID="string_317" HPOS="722" VPOS="1415" WIDTH="103" HEIGHT="26" WC="0.91" CONTENT="gvinnans"/><SP WIDTH="11" VPOS="1415" HPOS="825"/>
							<String ID="string_318" HPOS="836" VPOS="1413" WIDTH="61" HEIGHT="20" WC="0.93" CONTENT="verk-"/>
						</TextLine>
						<TextLine ID="line_38" HPOS="147" VPOS="1446" WIDTH="752" HEIGHT="34">
							<String ID="string_319" HPOS="147" VPOS="1449" WIDTH="87" HEIGHT="20" WC="0.87" CONTENT="samhet."/><SP WIDTH="30" VPOS="1449" HPOS="234"/>
							<String ID="string_320" HPOS="264" VPOS="1449" WIDTH="67" HEIGHT="20" WC="0.90" CONTENT="Bädas"/><SP WIDTH="23" VPOS="1449" HPOS="331"/>
							<String ID="string_321" HPOS="354" VPOS="1449" WIDTH="78" HEIGHT="26" WC="0.95" CONTENT="arbete,"/><SP WIDTH="24" VPOS="1449" HPOS="432"/>
							<String ID="string_322" HPOS="456" VPOS="1455" WIDTH="34" HEIGHT="25" WC="0.93" CONTENT="om"/><SP WIDTH="21" VPOS="1455" HPOS="490"/>
							<String ID="string_323" HPOS="511" VPOS="1450" WIDTH="40" HEIGHT="20" WC="0.91" CONTENT="ock"/><SP WIDTH="21" VPOS="1450" HPOS="551"/>
							<String ID="string_324" HPOS="572" VPOS="1449" WIDTH="120" HEIGHT="26" WC="0.91" CONTENT="olikartadt,"/><SP WIDTH="22" VPOS="1449" HPOS="692"/>
							<String ID="string_325" HPOS="714" VPOS="1451" WIDTH="22" HEIGHT="17" WC="0.95" CONTENT="är"/><SP WIDTH="16" VPOS="1451" HPOS="736"/>
							<String ID="string_326" HPOS="752" VPOS="1447" WIDTH="87" HEIGHT="20" WC="0.96" CONTENT="alldeles"/><SP WIDTH="16" VPOS="1447" HPOS="839"/>
							<String ID="string_327" HPOS="855" VPOS="1446" WIDTH="44" HEIGHT="20" WC="0.97" CONTENT="lika"/>
						</TextLine>
					</TextBlock>
				</ComposedBlock>
				<GraphicalElement ID="cblock_2" HPOS="1063" VPOS="663" WIDTH="7" HEIGHT="353"></GraphicalElement >
			</PrintSpace>
		</Page>
	</Layout>
</alto>
