1070 1739
809 153 33 19 301

132 220 105 25 läroverk,
260 219 46 20 med
329 219 107 26 undantag
459 218 74 20 endast
554 218 23 20 af
593 217 215 20 fruntimmersskolor
828 217 48 20 med

133 252 46 29 fyra
202 254 85 20 klasser.
316 253 36 20 Uti
374 253 136 26 fullständiga
532 253 71 26 lyceer
626 251 75 26 skulle,
716 252 6 19 i
739 251 67 20 likhet
829 251 46 20 med

133 289 54 20 hvad
208 288 161 26 öfverstyrelsen
385 287 116 27 föreslagit,
516 287 64 27 ryska
595 287 85 26 språket
695 285 27 27 på
738 286 25 20 de
779 288 30 18 tre
825 286 50 26 hög-

133 326 32 17 sta
183 323 109 19 klasserna
312 329 49 13 vara
380 321 82 20 valbart
477 323 57 18 emot
548 321 121 27 grekiskan,
685 320 89 21 emedan
789 322 87 25 antagas

133 357 71 26 måste,
224 358 30 19 att
274 357 52 19 efter
346 363 25 13 en
387 356 64 20 sådan
467 356 118 26 anordning
600 355 49 20 vida
664 355 50 20 flere
731 355 70 20 elever
817 355 60 20 skola

133 391 56 26 välja
203 391 85 26 ryskan,
304 393 24 18 än
346 397 33 14 om
396 391 57 19 detta
467 390 69 27 språk,
553 390 68 20 såsom
636 389 141 20 ordföranden
791 389 7 20 i
809 389 66 20 öfver-

133 425 103 26 styrelsen
259 425 113 27 föreslagit,
392 425 84 27 gjordes
497 425 82 19 valbart
594 426 57 18 emot
666 424 35 20 det
716 424 66 20 andra
795 424 80 20 inhem-

133 459 37 21 ska
185 459 91 27 språket.

200 494 32 20 Då
246 494 69 27 någon
331 494 141 27 begränsning
487 494 24 19 af
523 494 109 20 elevernes
648 493 56 20 antal
719 494 6 19 i
739 493 137 21 läroverkens

133 528 68 20 skilda
216 528 80 21 klasser
310 528 74 20 hittills
398 528 48 21 icke
461 531 37 24 egt
513 535 50 19 rum,
579 528 65 26 ansåg
660 530 86 18 senaten
762 528 35 20 det
812 528 23 20 af
845 528 30 20 öf-

132 563 140 27 verstyrelsen
284 563 119 27 föreslagna
414 563 187 27 maximibeloppet
609 563 12 20 å
629 563 68 27 lägsta
708 563 83 20 klassen
803 563 72 20 kunna

132 598 92 26 förhöjas
239 598 30 20 till
285 598 83 26 fyratio.
389 598 229 27 Inskrifningsafgiften
635 598 35 20 vid
685 598 190 20 fruntimmerssko-

131 632 32 20 lor
177 632 66 20 borde
259 632 106 20 nedsättas
380 632 30 20 till
426 638 80 14 samma
522 632 75 26 belopp
613 638 43 14 som
672 632 34 20 vid
718 632 77 27 lyceer.
815 632 60 20 Hvad

131 666 45 21 åter
198 666 76 28 angick
297 666 181 27 terminsafgiften,
498 666 65 28 ansåg
583 668 86 18 senaten
689 666 77 28 skäligt
780 669 30 18 att
824 666 51 21 ned-

131 703 54 19 sätta
206 702 123 20 densamma
349 702 34 20 vid
402 701 71 27 lyceer
488 702 40 19 och
543 701 127 27 fyrklassiga
685 700 190 21 fruntimmerssko-

131 736 31 20 lor
184 736 31 20 till
238 736 58 26 tjugu
318 738 54 18 samt
390 736 35 20 vid
445 735 215 21 fruntimmersskolan
676 736 7 19 i
698 735 131 27 Helsingfors
844 735 30 20 till

131 770 77 27 fyratio
223 770 58 20 mark
297 771 31 19 för
343 770 72 27 hvarje
430 770 127 20 läsetermin.
587 770 100 20 Befrielse
703 770 45 20 från
762 770 41 20 alla
813 769 62 27 afgif-

131 807 31 18 ter
182 804 70 21 kunde
273 805 27 27 på
315 805 25 20 de
356 805 22 20 af
391 805 164 26 öfverstyrelsen
571 804 120 27 föreslagna
706 804 68 20 vilkor
789 804 85 20 medde-

131 839 37 27 las,
184 839 54 20 dock
254 840 20 26 ej
290 839 21 20 åt
325 839 51 20 flere
391 842 26 17 än
434 840 12 19 8
461 840 72 20 elever
548 839 27 27 på
590 839 72 26 hvarje
673 838 62 21 klass.
755 839 10 19 I
775 838 99 21 afseende

131 874 13 20 å
158 874 125 26 stadgandet
301 880 31 14 om
348 874 82 20 rektors
446 874 128 20 tillsättande
589 874 35 20 vid
639 874 132 26 fullständigt
785 874 90 26 lyceum,

114 906 4 5 *
131 908 66 27 ansåg
212 910 86 18 senaten
315 908 31 27 sig
362 908 51 20 böra
428 908 84 20 förorda
527 908 74 21 endast
616 908 41 20 den
672 908 104 20 afvikelse
787 908 45 20 från
844 907 30 21 öf-

131 943 151 25 verstyrelsens
304 942 84 27 förslag,
411 944 30 18 att
463 942 65 21 sådan
548 943 71 20 rektor
639 942 67 21 skulle
725 942 149 26 tillförordnas,

130 976 47 20 icke
192 976 33 20 för
240 977 48 25 fem,
305 979 47 17 utan
368 977 53 20 blott
434 977 32 20 för
481 979 32 18 tre
529 977 22 20 år
566 977 72 26 hvarje
654 977 62 27 gång.

198 1011 170 20 Vidkommande
390 1011 72 27 frågan
485 1017 35 14 om
543 1011 79 20 antalet
640 1011 39 20 och
700 1012 133 26 placeringen
854 1011 23 20 af

130 1045 104 26 läroverk,
255 1045 49 20 ville
322 1047 86 18 senaten
429 1045 77 27 föreslå
521 1046 101 26 följande:
639 1048 56 18 utom
711 1046 35 20 två
761 1045 113 27 normally-

130 1087 54 19 ceer,
200 1080 36 20 det
250 1086 40 14 ena
305 1080 46 20 med
368 1079 104 20 svenskan
488 1079 69 21 såsom
573 1080 224 27 undervisningsspråk
807 1080 7 19 i
825 1079 49 21 Hel-

130 1115 96 26 singfors,
242 1115 40 20 och
298 1115 34 20 det
347 1114 66 21 andra
428 1114 47 20 med
491 1114 66 21 finskt
571 1114 225 27 undervisningsspråk
812 1115 6 19 i
834 1114 39 20 Ta-

130 1149 104 26 vastehus,
257 1149 107 20 äfvensom
388 1149 35 20 det
442 1149 63 20 ofvan
527 1149 139 20 omförmälda
680 1151 149 18 sammansatta
843 1149 30 26 ly-

130 1190 58 14 ceum
199 1183 7 20 i
218 1183 94 27 Wiborg,
328 1183 68 20 skulle
412 1183 29 20 uti
452 1183 25 20 de
489 1183 68 27 öfriga
566 1183 243 21 läneresidensstäderna
819 1177 55 32 Åbo,

129 1217 141 27 Nikolaistad,
284 1217 89 27 Kuopio,
389 1217 106 27 Uleåborg
511 1217 40 20 och
567 1217 30 21 S:t
610 1217 77 21 Michel
702 1218 84 20 komma
796 1220 30 17 att
836 1217 38 20 fin-

130 1259 36 13 nas
182 1252 135 26 fullständiga
331 1252 69 27 lyceer
417 1252 46 19 med
479 1251 88 20 svenskt
582 1252 225 27 undervisningsspråk
818 1254 55 18 utom

130 1287 69 26 lyceet
214 1286 6 19 i
236 1286 88 27 Kuopio,
344 1293 44 13 som
409 1285 83 21 komme
513 1288 30 18 att
561 1286 59 20 bestå
634 1286 24 20 af
670 1286 34 20 två
719 1286 154 27 parallelafdel-

129 1321 81 26 ningar,
231 1320 41 20 den
293 1327 39 13 ena
351 1320 48 20 med
415 1320 113 26 svenskan,
544 1320 40 20 den
600 1320 66 21 andra
680 1321 48 20 med
743 1321 82 20 finskan
841 1320 31 20 så-

129 1361 43 14 som
195 1348 233 33 undervisningsspråk.
457 1354 108 26 Derjemte
588 1354 68 21 skulle
675 1355 32 20 för
725 1355 95 27 Nylands
839 1355 34 20 län

128 1389 122 27 ytterligare
274 1391 30 18 ett
324 1389 132 26 fullständigt
475 1389 89 19 svenskt
582 1389 82 26 lyceum
686 1389 66 20 finnas
772 1390 6 19 i
798 1389 75 27 Borgå.

128 1423 100 20 Deremot
250 1423 77 25 kunde,
350 1423 45 20 ifall
414 1423 138 27 fullständiga
570 1423 68 20 finska
653 1423 71 27 lyceer
738 1424 113 20 inrättades
867 1424 5 19 i

128 1457 130 20 Tavastehus
273 1457 39 19 och
327 1457 89 26 Kuopio,
433 1457 35 20 det
483 1457 122 20 nuvarande
620 1457 253 21 elementarläroverket
863 1453 14 35 i

126 1491 124 26 Jyväskylä,
272 1490 28 27 på
322 1493 40 17 sätt
384 1491 165 26 öfverstyrelsen
569 1492 114 26 föreslagit,
703 1492 124 20 förminskas
843 1493 30 19 till
