1070 1739
813 150 33 18 277

130 215 36 20 tid.
196 215 48 20 Men
256 215 6 19 i
274 214 104 20 anseende
395 215 30 19 till
442 214 35 20 det
493 214 48 20 kort
556 215 66 26 derpä
637 215 99 20 utbrutna
751 214 70 26 kriget
836 213 45 21 blef

131 249 123 20 densamma
268 249 68 26 aldrig
351 249 68 20 införd
435 249 7 19 i
457 249 95 20 Finland.
576 249 41 21 Det
633 256 36 14 var
684 249 52 20 först
750 255 75 20 genom
837 248 40 20 för-

131 283 141 27 ordningarne
296 283 22 20 af
338 283 40 20 den
399 284 24 19 21
446 283 49 20 Juni
512 284 50 19 1841
581 284 109 26 angående
706 282 171 21 elementarläro-

131 318 78 20 verken
226 318 7 19 i
248 317 95 26 Finland,
364 324 43 13 som
423 318 6 19 i
446 317 61 20 deras
522 318 166 26 väsendtligaste
705 317 59 20 delar
779 316 98 21 fastställ-

131 353 37 19 des
183 352 6 19 i
206 352 216 20 öfverensstämmelse
444 352 47 20 med
511 352 26 20 de
557 353 85 26 förslag,
662 352 72 19 hvilka
750 351 92 26 afgifvits
857 351 23 20 af

131 393 26 13 en
173 386 23 19 är
213 387 52 19 1835
282 386 74 20 tillsatt
370 386 191 25 skolkommission,
577 388 54 19 samt
641 386 119 27 Gymnasii-
771 387 39 19 och
821 386 56 20 skol-

131 420 117 26 ordningen
271 421 23 19 af
311 421 40 19 den
367 421 12 19 6
394 421 121 19 November
536 421 60 25 1843,
616 427 44 13 som
678 421 45 19 värt
738 421 139 19 skolväsende

131 454 44 20 åter
190 454 96 21 inträdde
302 455 26 26 pä
344 455 25 20 de
386 456 167 19 administrativa
568 456 140 20 reformernas
724 455 61 20 bana.
808 454 68 20 Sedan

131 490 47 19 dess
195 489 63 20 hafva
273 492 42 17 täta
330 489 147 27 förändringar
491 490 28 26 pä
535 490 57 20 detta
607 489 85 21 område
709 491 36 25 egt
759 496 51 12 rum.

199 524 31 19 En
247 524 34 20 del
296 524 22 20 af
332 524 25 20 de
372 523 155 27 förändringar,
543 530 44 14 som
603 530 76 20 genom
696 523 150 27 författningen
858 523 23 19 af

135 559 51 19 1843
208 558 99 25 infördes,
330 565 50 13 voro
403 560 49 18 utan
475 558 73 20 tvifvel
568 558 112 27 påkallade
699 558 23 20 af
738 557 141 21 framskridna

132 593 192 26 tidsförhållanden,
348 600 47 13 men
416 593 65 20 andra
501 593 54 20 hade
575 593 95 20 deremot
684 593 32 19 sin
732 592 65 27 grund
813 592 7 19 i
836 592 41 19 till-

130 628 74 26 fälliga
222 628 39 20 och
282 628 107 20 ohållbara
408 628 79 26 äsigter
505 628 39 20 och
560 628 160 24 förmenanden,
735 626 97 20 hvarföre
848 626 29 20 ät-

131 662 85 28 skilliga
236 662 63 20 bland
315 662 161 26 författningens
492 662 158 26 bestämningar
666 661 34 20 vid
717 661 160 27 tillämpningen

132 697 64 20 måste
213 696 123 21 modifieras.
359 696 29 20 På
406 696 57 20 detta
478 698 41 18 sätt
529 696 54 20 hade
595 695 54 21 dock
660 696 74 20 skolan
746 696 129 26 småningom

132 731 80 27 begynt
230 732 108 19 återvinna
354 737 25 14 en
395 731 68 26 stadig
479 731 74 26 grund,
570 730 27 20 dä
611 730 45 20 åter
672 736 25 14 en
714 737 27 19 ny
758 730 118 26 Gymnasii-

131 766 39 20 och
190 766 136 26 skolordning
342 766 40 19 den
398 766 10 19 7
426 765 60 27 April
505 766 52 19 1856
574 764 133 21 emanerade.
738 764 45 20 Den
799 764 32 19 för
847 766 29 17 ut-

131 800 114 20 arbetande
265 800 22 20 af
304 807 42 19 nya
360 802 88 18 statuter
464 800 32 20 för
513 800 144 20 universitetet
672 799 23 19 är
713 799 51 19 1849
781 798 96 20 nedsatta

131 835 79 19 komit6
230 834 53 20 hade
302 834 113 27 nämligen,
431 835 65 19 sedan
513 835 60 19 dessa
589 836 86 18 statuter
692 834 54 20 1852
763 833 114 26 fastställts,

131 870 27 26 pä
179 869 98 20 särskildt
299 869 93 27 uppdrag
415 869 105 20 utarbetat
542 868 78 26 förslag
644 868 31 20 till
695 868 26 20 de
742 868 135 26 ändringar
865 864 15 36 i

131 904 172 26 skolordningen,
318 910 44 14 som
379 904 47 19 med
442 904 115 26 anledning
572 903 61 20 deraf
647 903 69 20 blefve
731 902 85 27 nödiga.
846 902 32 20 Dä

131 938 87 20 ärendet
233 938 6 19 i
255 938 117 26 Kejserliga
392 938 91 19 Senaten
505 938 150 25 behandlades,
672 937 124 20 hemställde
811 936 65 20 Sena-

131 975 45 18 tens
192 972 106 27 pluralitet
313 972 37 20 hos
366 972 56 20 Hans
438 972 97 26 Majestät
550 978 33 13 om
600 971 148 20 nedsättandet
762 971 23 20 af
798 977 26 14 en
841 971 35 20 ko-

132 1008 49 19 mit6
196 1007 23 20 af
232 1006 132 27 sakkunniga
380 1013 107 19 personer,
504 1007 31 19 för
549 1008 30 18 att
590 1009 94 24 uppgöra
694 1006 131 26 fullständigt
836 1005 42 20 för-

131 1042 45 25 slag
196 1041 31 20 till
242 1041 166 26 reorganisation
425 1041 23 20 af
461 1041 82 20 landets
559 1040 271 27 undervisningsanstalter,
847 1046 31 13 se-

131 1077 39 19 dan
194 1077 30 18 ett
246 1075 22 20 af
286 1075 26 20 dä
331 1075 79 20 vordne
428 1075 216 20 Eeclesiastikehefen
660 1074 117 20 framstäldt
792 1073 86 27 förslag,

131 1113 30 18 att
175 1109 288 26 Ecclesiastikexpeditionen
480 1116 71 13 ensam
567 1109 31 20 till
614 1109 90 20 Senaten
721 1109 64 20 borde
796 1108 80 20 inkom-

132 1151 33 14 ma
188 1144 46 20 med
257 1144 77 26 förslag
349 1144 6 19 i
371 1145 77 24 ämnet,
471 1143 24 20 af
512 1143 102 21 Senatens
634 1143 107 26 pluralitet
759 1143 118 20 förkastats.

131 1180 58 19 Efter
212 1179 35 19 det
267 1179 46 19 med
333 1179 58 19 Hans
410 1178 119 27 Kejserliga
544 1178 106 26 Majestäts
666 1177 93 20 tillständ
775 1177 104 20 särskilda

131 1214 104 20 komitéer
254 1213 103 20 utarbetat
371 1213 46 20 sina
432 1212 149 20 betänkanden
597 1213 7 18 i
620 1215 70 17 ämnet
705 1212 39 20 och
760 1211 119 27 Kejserliga

131 1249 91 20 Senaten
245 1249 64 25 yttrat
331 1248 32 26 sig
386 1247 104 25 deröfver,
511 1247 120 20 utfärdades
650 1247 40 19 den
706 1246 64 20 redan
787 1246 92 20 nämnda

132 1282 164 27 skolordningen
313 1282 22 19 af
351 1282 59 26 1856,
426 1283 30 19 att
471 1281 57 27 gälla
543 1281 45 20 från
604 1281 40 20 den
662 1282 9 18 1
684 1280 123 27 September
817 1281 60 19 1857.

131 1317 59 20 Hade
207 1317 63 19 redan
288 1316 52 19 1843
356 1315 32 20 års
405 1315 140 27 skolordning
555 1316 6 19 i
572 1315 48 20 icke
636 1315 60 26 ringa
706 1315 52 26 grad
769 1315 44 26 gått
824 1315 55 19 ifrån

132 1351 26 20 de
173 1351 140 26 grundsatser,
328 1350 29 19 uti
374 1350 72 20 hvilka
461 1350 40 20 den
519 1349 68 20 finska
601 1349 75 20 skolan
692 1349 22 19 af
728 1349 58 20 ålder
797 1351 36 24 egt
843 1349 36 19 sitt

131 1386 53 25 stöd,
204 1385 22 20 så
246 1384 131 27 öfvergåfvos
397 1385 25 19 de
440 1391 26 12 nu
482 1386 74 18 nästan
572 1384 44 19 helt
630 1383 39 20 och
686 1383 70 20 hållet.
786 1382 93 21 Sålunda

131 1419 104 26 skapades
258 1421 30 18 ett
310 1419 86 19 alldeles
420 1421 47 24 nytt
485 1419 46 26 slag
553 1418 22 19 af
588 1417 106 20 läroverk:
710 1417 121 26 gymnasier
847 1417 32 20 för

131 1454 48 19 civil
200 1453 258 26 tjenstemannabildning,
480 1452 100 21 hvarmed
599 1459 48 13 man
663 1451 97 27 åsyftade
775 1451 104 26 fyllandet

131 1488 23 20 af
174 1489 80 18 statens
274 1486 66 21 behof
357 1487 23 19 af
392 1487 135 27 tjenstemän,
541 1488 48 19 utan
605 1488 30 18 att
650 1486 92 27 betunga
756 1485 61 19 dessa
832 1485 47 20 med
