1070 1739
19 1042 10 23 nr

819 145 20 16 31

125 209 6 19 i
148 209 96 26 djupaste
260 207 124 26 ödmjukhet
399 207 116 20 framställa
530 207 69 20 såsom
615 207 179 27 petitionsförslag
805 214 25 13 en
843 208 31 19 så-

125 243 40 20 dan
187 242 123 26 förändring
330 241 22 20 af
365 242 13 20 2
393 241 39 20 och
450 241 11 20 3
477 241 48 26 kap.
545 237 154 30 Ärfdabalken,
720 243 33 18 att
768 241 107 28 gvinnans

125 277 97 27 arfsrätt
238 275 66 28 blefve
319 275 100 21 likställd
434 275 47 21 med
496 281 112 20 mannens,
619 275 6 20 i
637 275 41 20 alla
694 275 26 20 de
736 275 43 24 fall,
795 276 37 19 der
848 282 25 13 en

126 312 64 19 sådan
211 310 139 26 likställighet
365 310 47 20 icke
429 310 63 19 redan
509 316 52 20 eger
576 316 54 18 rum;
646 310 40 19 och
702 311 30 18 att
748 310 81 19 således
845 310 28 19 la-

125 352 52 19 gens
200 345 116 26 stadgande
336 351 32 13 om
390 345 33 18 arf
440 345 54 19 efter
514 344 128 20 landsrätt
662 343 68 21 blefve
747 344 127 26 upphäfven,

125 381 53 18 samt
201 379 112 26 stadgarne
332 385 33 13 om
387 378 33 19 arf
433 378 53 20 efter
501 378 124 20 stadsrätt
640 377 70 21 blefve
726 378 32 20 för
773 379 42 19 alla
831 379 42 19 lan-

125 413 45 19 dets
193 413 145 26 innebyggare
360 412 110 26 gällande;
490 413 109 19 äfvensom
620 419 25 13 en
666 413 123 26 förändring
803 413 6 19 i
825 420 49 13 ena-

125 447 70 20 handa
210 446 55 27 syfte
281 446 23 20 af
320 446 24 20 10
359 446 48 26 kap.
424 446 208 26 Giftermålsbalken,
648 446 110 26 angående
775 453 100 13 mannens

125 481 40 20 och
184 481 98 19 hustruns
298 480 94 26 giftorätt
407 480 6 20 i
430 480 61 20 deras
507 487 158 20 gemensamma
682 480 32 26 bo,
730 481 22 19 så
767 482 31 18 att
813 481 60 19 äfven

126 515 73 19 härvid
216 515 53 19 blott
284 514 94 27 giftorätt
392 514 53 20 efter
460 514 99 20 stadsrätt
575 514 68 20 blefve
659 514 32 20 för
706 514 42 20 alla
763 515 104 26 gällande.

194 549 46 20 Den
260 548 119 27 föreslagna
398 548 185 27 lagförändringen
603 552 29 21 är,
648 549 68 20 såsom
732 549 39 20 lätt
785 550 41 19 kan
842 550 32 19 in-

125 590 40 19 ses,
188 583 23 20 af
229 583 40 19 den
291 584 53 18 mest
358 582 107 20 allmänna
480 582 38 20 och
535 583 130 19 omfattande
682 583 116 26 betydelse.
828 584 46 20 Den

125 617 67 27 gäller
210 617 47 20 icke
274 617 58 25 blott,
349 617 66 19 såsom
432 617 5 19 i
454 616 25 20 de
495 616 120 27 åberopade
631 617 128 27 lagrummen
775 617 100 21 särskildt

127 654 93 24 nämnes,
236 651 75 20 Adels-
327 651 38 19 och
382 650 171 26 Bondestånden,
569 653 49 17 utan
634 651 42 20 alla
687 652 6 18 i
704 658 83 20 gemen,
803 652 73 19 hvilka

126 686 27 26 på
175 686 72 20 landet
270 685 26 20 bo
316 685 39 19 och
377 685 77 27 bygga,
470 684 83 21 således
569 685 61 19 äfven
648 685 120 21 derboende
784 686 90 20 embets-

125 721 39 19 och
188 720 239 26 tjenstemannaklassen
447 719 38 20 och
506 719 67 27 öfrige
590 719 179 29 ståndspersoner,
785 720 89 20 fabriks-

126 755 38 19 och
188 754 179 26 industri-idkare,
387 754 185 25 landthandlande,
593 754 161 26 handtverkare,
773 754 38 20 och
827 754 48 20 hela

125 788 40 20 den
182 788 31 20 till
229 788 154 20 arbetsklassen
399 788 94 20 hörande
510 788 158 26 befolkningen.

194 822 108 26 Qvinnans
325 822 45 26 lott,
387 822 91 26 jemförd
500 822 47 20 med
566 828 107 19 mannens,
690 822 36 20 har
742 823 7 19 i
764 823 42 19 alla
821 823 54 20 tider

126 857 53 20 varit
202 857 48 25 den,
270 858 30 18 att
315 856 42 20 lida
372 856 39 20 och
427 856 92 26 försaka,
535 856 40 20 och
592 856 58 20 torde
667 862 41 20 nog
723 858 72 25 tyvärr
810 856 66 20 blifva

125 891 64 20 sådan
208 890 62 20 äfven
286 890 32 20 för
333 890 119 20 framtiden.
483 890 88 20 Derföre
588 890 64 20 borde
668 890 127 21 åtminstone
811 897 25 14 en
853 890 23 20 så

125 928 43 17 stor
190 925 108 25 orättvisa,
320 930 44 14 som
385 924 40 20 den
447 924 58 20 olika
524 924 111 20 arfsrätten
656 924 95 27 innebär,
767 932 26 12 nu
809 925 66 20 redan

126 958 122 27 upphäfvas.
279 959 40 19 För
343 965 89 13 mannen
454 958 32 20 stå
506 959 31 19 till
553 958 149 20 förvärfvande
717 959 23 19 af
754 959 35 20 sitt
804 959 71 26 lifsup-

126 993 84 25 pehälle
226 993 41 19 alla
282 992 70 20 lifvets
369 992 65 20 banor
450 995 77 24 öppna,
543 993 31 19 för
589 993 93 26 qvinnan
698 993 94 20 deremot
802 995 36 18 äro
850 993 26 20 de

126 1027 61 19 flesta
206 1027 95 26 stängda.
331 1022 69 24 Äfven
421 1027 34 19 vid
472 1027 35 19 det
523 1027 122 26 kroppsliga
661 1025 87 28 arbetet,
764 1027 37 20 der
817 1027 59 26 qvin-

127 1067 51 14 nans
197 1060 166 27 arbetsförmåga
378 1061 42 19 kan
437 1061 58 19 finna
511 1061 143 26 användning,
670 1063 22 17 är
709 1061 79 20 hennes
804 1061 73 20 arbete

126 1095 99 26 vanligen
250 1094 80 21 mindre
352 1094 93 20 skattadt
467 1097 26 17 än
518 1101 108 20 mannens,
645 1094 39 20 och
705 1095 31 19 till
752 1095 50 26 följe
819 1095 61 20 deraf

126 1129 81 20 hennes
223 1129 167 25 arbetsförtjenst
405 1129 49 19 vida
471 1128 81 20 mindre
568 1131 26 18 än
612 1128 58 20 hans.
682 1141 18 2 —
722 1129 73 20 Redan
811 1129 67 20 under

127 1163 73 20 barna-
224 1163 39 19 och
286 1162 154 26 ungdomsåren
462 1163 92 26 åtnjuter
574 1162 44 20 ofta
632 1169 65 13 sonen
714 1163 45 20 från
775 1163 101 20 föräldra-

127 1197 93 20 hemmet
235 1197 150 26 broderlotten,
401 1203 77 20 genom
494 1197 41 20 den
552 1197 152 20 vidsträcktare
720 1197 40 20 och
774 1197 102 20 kostsam-

126 1237 56 14 mare
204 1231 129 26 uppfostran,
354 1231 78 20 honom
448 1231 96 20 kommer
559 1231 31 20 till
607 1231 41 26 del,
664 1231 85 20 hvilken
765 1233 42 18 stor
824 1231 52 20 obil-

127 1265 65 26 lighet
212 1265 32 24 då,
265 1266 31 18 att
309 1264 61 20 äfven
387 1265 53 19 efter
456 1265 141 20 föräldrarnes
612 1265 41 20 död
669 1271 77 14 sonens
762 1265 116 20 broderlott

125 1298 54 20 skall
195 1305 51 13 vara
262 1298 76 20 dubbel
355 1301 44 17 mot
414 1299 102 26 dottrens,
529 1299 81 26 jemväl
625 1299 6 20 i
648 1299 35 20 det
697 1299 43 26 fall,
758 1299 26 20 då
799 1305 78 14 sonens

125 1333 83 19 framtid
225 1332 65 20 redan
306 1335 22 17 är
344 1333 126 26 betryggad,
486 1339 48 14 men
551 1333 94 20 dottrens
661 1333 95 20 deremot
771 1333 6 20 i
793 1333 43 20 alla
847 1333 29 20 af-

125 1367 92 20 seenden
242 1366 114 20 nödställd!
386 1363 30 23 Är
439 1367 48 20 icke
511 1367 82 20 dottren
613 1367 85 20 fadrens
718 1367 39 20 och
778 1367 99 20 modrens

127 1401 50 19 barn
194 1400 57 20 såväl
269 1407 43 13 som
329 1401 80 19 sonen?
430 1401 102 20 Hvarföre
548 1401 54 20 skall
618 1401 27 20 då
661 1401 60 26 lagen
737 1403 54 18 sätta
802 1401 76 20 hinder

125 1435 6 18 i
148 1437 68 24 vägen
237 1434 31 19 för
284 1434 195 21 föräldrakärleken
495 1437 32 18 att
541 1435 85 20 sträcka
641 1435 32 26 sig
688 1435 43 20 lika
747 1435 32 20 till
795 1435 83 27 bägge?

194 1468 73 20 Såsom
290 1468 142 20 hufvudorsak
453 1469 31 19 till
505 1469 74 27 lagens
595 1469 115 26 stadgande
726 1475 33 13 om
776 1475 102 15 mannens
