1070 1739
228 141 35 20 300

262 206 69 21 Sedan
344 207 56 21 detta
414 207 224 28 skolöfverstyrelsens
654 207 78 27 förslag
745 207 66 26 jemte
826 206 114 27 åtföljande

195 242 153 20 reservationer
364 242 69 21 blifvit
448 243 30 20 till
495 242 118 27 Kejserliga
627 243 91 20 Senaten
735 242 95 26 ingifvet,
845 241 94 21 nedsatte

194 275 91 21 Senaten
301 276 39 20 den
356 277 27 20 22
399 277 54 20 Mars
473 277 51 20 1871
546 278 56 19 inom
619 278 33 26 sig
667 280 29 17 ett
712 276 80 20 utskott
801 276 24 20 af
833 276 46 27 fyra
893 282 45 20 per-

193 316 61 14 soner
274 311 32 19 för
324 313 30 18 att
368 311 93 27 granska
475 311 155 21 ofvanberörda
645 311 78 26 förslag
739 310 38 21 och
798 310 45 20 deri
863 309 75 21 föreslå

193 344 138 27 tilläfventyrs
357 346 77 27 nödiga
456 346 121 26 ändringar.
614 345 70 21 Sedan
710 345 59 20 detta
791 345 79 20 utskott
892 344 44 20 full-

192 379 55 26 gjort
272 379 35 20 sitt
329 380 101 26 uppdrag,
451 380 48 20 fann
522 380 120 27 Kejserliga
664 380 91 20 Senaten
778 379 35 20 vid
835 385 102 14 samman-

192 413 58 19 träde
272 413 39 20 den
336 414 27 20 22
386 414 60 26 April
470 415 50 19 1871
547 414 51 27 godt
613 416 30 18 att
658 414 50 26 gilla
724 416 30 17 ett
769 413 12 20 å
796 413 140 20 Ecklesiastik

190 446 156 27 Expeditionen
366 448 119 27 upprättadt
504 448 79 27 förslag
601 448 30 20 till
648 447 139 27 skolordning
801 447 32 20 för
848 446 87 21 Storfur-

190 481 118 21 stendömet
324 482 98 26 Finland,
440 490 46 13 som
500 484 7 19 i
523 483 103 20 särskilda
646 483 58 20 delar
725 482 62 20 afvek
804 482 45 20 från
865 482 35 20 det
914 482 24 20 af

189 515 210 28 skolöfverstyrelsen
415 518 122 26 uppgjorda.

256 551 73 27 Enligt
350 552 175 27 öfverstyrelsens
548 552 79 27 förslag
649 552 68 20 skulle
738 552 33 19 vid
792 551 36 20 det
846 551 88 27 lyceum,

188 591 44 14 som
252 586 68 20 tillika
340 588 60 25 utgör
419 587 148 26 normalskola,
586 587 67 20 finnas
671 593 26 14 en
718 586 22 20 af
755 586 35 20 två
805 585 79 21 klasser
898 585 35 20 be-

188 619 87 21 stående
290 620 98 20 förskola.
418 621 49 20 Men
483 621 89 20 emedan
588 621 120 26 utbildning
722 620 24 20 af
754 620 67 20 lärare
837 619 97 21 särskildt

187 654 32 20 för
234 654 58 20 detta
307 655 91 26 primära
413 656 90 20 stadium
519 656 18 26 ej
554 658 72 24 syntes
642 662 50 14 vara
707 654 24 20 af
745 654 76 26 nöden,
831 657 51 17 enär
892 654 41 20 alla

186 688 68 27 öfriga
275 689 213 21 elementarläroverk
508 690 85 20 komme
612 692 30 18 att
660 690 68 20 sakna
748 696 55 20 egna
822 689 109 26 förskolor,

185 722 65 28 ansåg
266 723 65 20 likväl
350 724 91 20 Senaten
459 724 126 27 stadgandet
603 731 33 13 om
652 731 26 13 en
695 724 66 20 sådan
779 723 152 21 förberedande

185 758 77 19 anstalt
277 758 34 20 vid
330 759 173 27 normal-lyceum
523 759 52 20 böra
592 759 122 20 utelemnas.
745 758 29 20 På
789 758 26 20 de
830 758 23 20 af
866 758 64 20 mino-

184 792 76 20 riteten
276 793 6 19 i
298 792 162 28 öfverstyrelsen
476 794 88 20 anförda
582 794 113 26 fullgiltiga
714 792 46 20 skäl
775 792 49 20 fann
841 792 89 20 Senaten

184 832 26 14 en
224 826 130 27 läroanstalt,
369 828 37 20 der
421 828 82 20 tillfälle
519 827 31 21 till
566 828 136 26 grundligare
717 827 136 20 inhemtande
868 826 23 20 af
899 826 30 20 så-

184 860 34 20 väl
232 860 79 27 ryskan
327 868 44 14 som
387 862 69 27 öfriga
473 862 100 21 moderna
591 862 63 26 språk
672 861 70 21 skulle
760 861 103 26 erbjudas,
882 867 50 13 vara

183 895 23 20 af
226 895 99 21 behofvet
344 896 97 26 påkallad
458 897 39 20 och
514 897 120 27 lämpligast
652 896 109 26 förläggas
781 896 30 19 till
831 895 99 30 Wiborgs

182 930 55 25 stad;
257 936 48 14 men
324 930 106 22 dessutom
449 933 71 25 syntes
535 932 65 26 sagde
616 934 38 23 ort,
669 931 71 21 såsom
756 930 172 27 centralpunkten

182 964 32 19 för
230 964 48 20 hela
292 965 96 26 sydöstra
403 965 62 21 delen
480 966 23 20 af
516 966 78 26 landet,
609 966 47 20 icke
672 965 69 20 heller
757 965 51 20 böra
823 965 65 20 sakna
900 966 29 18 ett

182 998 132 28 fallständigt
328 999 83 26 lyceum
427 1000 32 20 för
475 1000 173 26 grundläggande
663 1000 23 20 af
700 999 46 20 lärd
764 999 107 26 bildning;
889 999 38 20 och

181 1033 67 26 ansåg
270 1033 90 20 Senaten
384 1034 58 20 detta
463 1034 78 20 dubbla
559 1034 97 21 ändamål
671 1035 49 19 bäst
736 1033 38 20 och
790 1033 48 20 med
853 1033 75 20 minsta

181 1066 89 21 kostnad
286 1067 70 20 kunna
371 1068 81 27 vinnas,
468 1075 33 13 om
516 1069 7 19 i
539 1068 90 27 Wiborg
647 1067 118 21 inrättades
780 1069 30 18 ett
825 1074 102 14 samman-

180 1103 41 18 satt
235 1102 82 25 lyceum
334 1102 48 20 med
397 1103 31 26 sju
445 1103 80 20 klasser
539 1102 7 20 i
557 1103 36 20 två
608 1103 140 26 afdelningar,
763 1102 24 20 af
799 1102 73 20 hvilka
887 1103 39 20 den

179 1141 51 14 enas
244 1136 94 26 läroplan
354 1139 80 24 upptog
445 1137 26 20 de
482 1137 104 20 klassiska
600 1137 92 26 språken
706 1137 66 26 jemte
787 1137 81 20 mindre
883 1143 42 14 om-

178 1169 94 21 fattande
287 1170 118 21 lärokurser
420 1171 6 20 i
442 1171 69 26 ryska,
526 1171 86 20 franska
626 1171 39 20 och
684 1171 70 27 tyska,
771 1177 48 14 men
835 1171 40 20 den
889 1177 35 14 an-

178 1204 54 27 dras,
256 1205 46 20 med
324 1205 132 20 uteslutande
475 1206 23 20 af
511 1206 26 20 de
556 1206 110 26 klassiska,
690 1205 83 27 egnade
795 1205 24 20 så
841 1205 85 27 mycket

178 1238 51 21 flera
243 1239 129 20 lärotimmar
388 1239 21 20 åt
424 1240 26 20 de
466 1240 91 20 nämnda
572 1242 31 18 tre
618 1241 103 20 moderna
736 1239 97 27 språken.

245 1273 33 20 Då
292 1273 163 28 öfverstyrelsen
470 1275 7 20 i
492 1275 122 20 lärokursen
630 1275 35 20 vid
685 1275 75 26 lyceer
779 1275 96 26 upptagit
893 1277 30 24 ty-

176 1307 52 20 skan
245 1314 48 13 men
308 1308 94 20 uteslutit
416 1309 107 26 franskan,
539 1309 66 27 ansåg
620 1310 99 20 deremot
730 1308 91 21 Senaten
837 1311 30 18 att
881 1309 41 20 val-

176 1341 63 20 frihet
255 1341 75 21 mellan
347 1342 62 21 dessa
425 1343 67 27 begge
507 1343 64 27 språk
591 1343 65 21 borde
679 1349 44 21 ega
745 1350 55 18 rum;
823 1343 54 20 dock
892 1343 30 20 så-

175 1376 65 20 lunda
254 1378 30 18 att
298 1377 20 19 åt
334 1377 26 20 de
376 1377 76 26 elever,
471 1384 43 14 som
536 1378 43 20 valt
596 1379 82 20 ettdera
702 1377 93 27 språket,
817 1377 106 20 lemnades

175 1410 81 20 tillfälle
272 1413 30 17 att
316 1411 28 26 på
358 1411 26 20 de
401 1412 65 27 högre
484 1412 109 21 klasserna
611 1413 98 20 inhemta
724 1412 62 19 äfven
802 1412 36 19 det
853 1412 69 20 andra.

174 1444 134 21 Beträffande
330 1445 65 27 ryska
417 1446 84 27 språket
525 1447 50 20 ville
590 1447 91 20 Senaten
700 1446 79 20 bereda
793 1446 81 21 tillfälle
890 1447 30 20 till

172 1478 151 28 undervisning
338 1480 6 19 i
360 1480 59 20 detta
434 1480 61 27 språk
514 1481 35 20 vid
567 1481 43 20 alla
627 1480 59 21 såväl
711 1480 64 27 högre
797 1486 45 14 som
864 1480 58 28 lägre
