1070 1739
232 151 34 18 292

201 215 59 27 borg,
282 216 66 21 Wasa
370 217 39 20 och
428 217 100 26 Joensuu,
548 219 54 18 samt
616 217 76 26 fjorton
708 216 131 27 tvåklassiga
853 217 16 19 i:
885 215 60 20 Uleå-

200 249 60 28 borg,
282 250 123 27 Jakobstad,
427 251 147 26 Kristinestad,
594 251 136 27 Björneborg,
749 251 86 28 Nystad,
855 251 91 25 Ekenäs,

200 284 141 21 Tammerfors
360 285 135 28 (eventuelt),
514 286 82 26 Lovisa,
616 285 122 26 Sordavala,
753 285 29 21 St.
799 286 82 25 Michel,
896 285 48 20 Hei-

200 319 49 20 nola
271 320 133 26 (eventuelt),
426 320 89 27 Kuopio,
539 320 84 20 Torneå
642 321 38 20 och
701 320 134 21 Mariehamn.
869 319 75 21 Härtill

199 353 68 21 skulle
282 357 56 17 ännu
353 354 85 21 komma
452 361 26 14 en
494 357 66 18 större
575 355 204 20 fruntimmersskola
793 355 7 19 i
813 355 131 26 Helsingfors

199 388 40 20 och
258 389 42 19 fem
315 388 128 28 fyrklassiga
458 389 213 21 fruntimmersskolor
686 389 6 20 i
709 378 53 42 Åbo,
777 389 97 27 Wiborg,
889 389 54 20 Kuo-

199 423 41 25 pio,
263 423 65 19 Wasa
347 423 39 20 och
406 423 111 27 Uleåborg.
547 424 100 20 Deremot
666 424 84 19 komme
766 423 93 27 följande
874 423 70 20 städer

198 459 30 17 att
242 457 67 20 sakna
323 457 109 27 offentliga
447 458 76 26 skolor,
539 458 118 26 nämligen:
672 458 121 26 Brahestad,
804 458 87 26 Kajana,
900 458 42 26 Ny-

198 491 97 27 karleby,
315 492 78 26 Kaskö,
412 492 87 26 Raumo,
516 492 117 26 Nådendal,
648 492 169 26 Fredrikshamn,
832 490 109 22 Willman-

198 526 71 20 strand
285 526 39 20 och
338 526 112 20 Kexholm.

266 561 44 20 Mot
324 561 36 20 det
375 561 23 20 af
410 561 163 26 öfverstyrelsen
589 562 6 19 i
612 568 27 13 nu
654 561 81 27 antydd
750 561 95 27 syftning
860 560 81 21 utarbe-

198 594 48 21 tade
269 595 78 27 förslag
369 595 130 21 inlemnades
519 596 153 20 reservationer
690 596 26 20 af
731 598 77 18 tvenne
823 596 48 20 dess
886 596 54 20 leda-

199 631 73 25 möter,
295 630 105 27 nämligen
422 630 173 26 öfverstyrelsens
614 630 126 21 ordförande
760 630 87 20 friherre
863 630 22 20 C.
902 636 38 14 von

197 663 84 21 Kothen
296 664 39 20 och
350 666 98 18 senatorn
463 664 20 21 8.
498 664 25 20 H.
539 664 78 21 Antell.

264 699 98 20 Friherre
381 706 41 14 von
442 700 93 20 Kothens
550 700 128 20 reservation
694 699 118 21 innehåller
827 701 36 25 att,
876 700 65 26 jemte

197 732 35 21 det
251 733 103 21 friherren
370 734 6 19 i
392 734 115 20 allmänhet
525 734 121 21 instämmer
661 735 6 19 i
683 734 36 20 det
739 734 116 27 uppgjorda
870 734 70 20 försla-

196 769 36 25 get
251 768 40 20 och
306 768 116 26 tillstyrker
438 769 47 20 dess
499 769 119 27 antagande
634 776 44 13 som
694 769 103 27 regulativ
813 769 32 19 för
861 768 79 20 landets

196 801 88 27 publika
305 802 71 20 skolor
396 802 45 21 från
461 805 60 18 nästa
535 803 79 20 läseärs
629 803 81 27 början,
726 803 39 20 han
781 802 54 21 dock
851 802 89 20 rörande

195 836 186 21 rektorsembetets
396 837 129 27 besättande,
539 838 149 26 läroplanerna
702 838 108 20 äfvensom
821 838 7 19 i
839 837 55 19 vissa
904 836 34 20 de-

195 870 31 20 lar
242 871 109 20 skolornas
366 872 109 20 blifvande
489 872 109 26 placering
613 874 68 19 ansett
691 872 33 27 sig
735 872 50 20 böra
796 872 53 26 hysa
859 878 25 14 en
893 871 45 19 från

195 904 133 27 pluraliteten
344 906 113 20 afvikande
472 907 91 26 mening.
589 906 116 21 Motiverna
720 906 32 20 för
767 906 70 20 denna
847 912 91 14 reserva-

194 939 51 26 tion,
269 940 86 19 hvilken
370 941 7 19 i
393 941 117 26 väsendtlig
532 941 51 26 grad
606 941 82 20 afviker
711 941 45 19 frän
779 940 160 26 skolstyrelsens

194 973 87 27 förslag,
300 974 75 20 uttalar
395 969 124 26 friherren
510 965 11 40 i
534 975 92 26 följande
642 975 47 20 ord:
710 975 54 20 ”Vid
780 974 124 21 besättande
918 974 24 20 af

194 1007 176 22 rektorsembetet
389 1015 61 14 anser
467 1010 37 26 jag
524 1009 183 28 lärarekollegium
724 1009 18 26 ej
760 1009 50 20 böra
825 1009 63 20 hafva
904 1008 34 20 nä-

194 1049 42 20 gon
259 1043 64 26 talan,
347 1043 93 21 hvarken
456 1044 7 19 i
478 1044 52 20 form
551 1044 22 19 af
590 1044 34 20 val
639 1044 54 20 eller
708 1043 138 27 upprättande
862 1043 24 20 af
898 1043 40 20 för-

194 1077 51 26 slag.
276 1077 10 20 I
301 1077 99 21 händelse
423 1085 26 14 en
472 1078 64 21 sådan
559 1079 101 26 rättighet
678 1078 117 20 detsamma
810 1077 128 27 medgäfves,

193 1117 64 20 synes
280 1113 43 26 mig
345 1112 41 20 den
408 1113 47 20 fara
473 1113 58 26 ligga
550 1115 57 24 nära,
622 1115 31 18 att
667 1113 27 20 de
709 1113 69 20 lärare
793 1118 44 14 som
853 1111 85 20 framför

193 1146 67 20 andra
279 1147 54 20 hade
348 1147 66 20 behof
426 1147 23 20 af
461 1154 26 13 en
502 1147 82 20 rektors
599 1147 157 20 öfvervakande
772 1147 92 20 kontroll
879 1147 58 19 lätte-

192 1180 56 27 ligen
267 1181 71 20 kunde
353 1181 31 20 till
400 1181 58 20 detta
473 1181 81 21 embete
569 1181 57 27 välja
641 1188 24 13 en
684 1181 110 26 beskedlig
809 1180 128 21 embetsbro-

192 1214 43 27 der,
251 1215 28 26 på
294 1215 62 20 hvars
370 1215 131 21 tacksamhet
516 1215 27 20 de
559 1216 100 27 möjligen
675 1215 51 20 ville
741 1218 51 24 göra
805 1215 91 26 anspråk
907 1215 31 20 för

192 1248 41 20 den
252 1249 35 20 del
302 1249 26 20 de
343 1249 45 20 haft
403 1250 34 20 vid
454 1249 101 21 embetets
571 1250 130 20 besättande.
730 1249 41 27 Jag
785 1249 41 20 kan
843 1249 23 20 så
881 1256 56 19 myc-

190 1283 38 20 ket
245 1284 81 20 mindre
341 1284 75 20 förena
431 1285 43 26 mig
489 1291 32 14 om
537 1285 41 20 den
593 1285 61 26 åsigt,
669 1291 46 14 som
732 1284 35 19 vill
782 1283 43 20 låta
840 1283 96 27 underly-

190 1317 70 21 dande
282 1319 68 20 lärare
372 1319 65 20 uttala
458 1319 31 27 sig
509 1319 32 20 för
561 1319 40 20 den
617 1319 27 20 de
659 1318 68 21 önska
743 1318 30 20 till
788 1318 89 25 förman,
893 1324 43 13 som

186 1352 38 27 jag
240 1352 60 27 tyckt
315 1353 43 26 mig
373 1353 58 20 finna
445 1355 30 18 att
489 1353 128 20 läroståndet
627 1353 7 20 i
645 1353 97 26 Finland,
754 1352 121 20 måhända
861 1348 12 36 i
886 1352 50 26 följd

188 1385 24 20 af
228 1386 42 21 den
290 1387 126 26 bristfälliga
434 1387 92 20 kontroll
541 1388 115 20 detsamma
671 1387 106 20 härintills
792 1387 55 20 varit
861 1387 74 20 under-

188 1420 91 27 kastadt,
298 1421 131 28 småningom
446 1424 49 18 vant
509 1422 32 27 sig
556 1422 35 20 vid
607 1424 30 18 att
652 1422 48 20 icke
716 1428 51 13 anse
782 1421 72 20 rektor
869 1421 65 20 såsom

187 1461 26 14 en
230 1455 120 27 auktoritet,
366 1457 22 19 af
402 1457 87 19 hvilken
505 1457 26 19 de
547 1457 56 25 bero,
619 1459 49 17 utan
679 1456 88 20 fastmer
777 1455 69 20 såsom
857 1455 23 20 af
888 1456 47 20 dem

187 1495 45 13 mer
248 1490 52 20 eller
315 1490 81 20 mindre
412 1490 112 28 beroende,
539 1490 81 20 hvilket
630 1490 133 20 förhållande
774 1490 109 26 lätteligen
895 1490 39 20 kan
