1070 1739
222 147 34 19 364

325 214 32 19 att
380 211 64 22 Hans
470 211 126 28 Kejserliga
618 211 105 28 Majestät
747 212 7 21 i
774 211 77 22 Näder
871 213 67 24 måtte

248 246 119 29 förelägga
389 247 84 20 landets
496 246 92 21 härnäst
610 246 208 21 sammanträdande
842 246 94 21 Ständer

250 281 136 28 proposition
402 287 34 14 om
450 281 127 28 grunderna
587 280 42 27 för
643 281 109 28 reglering
767 281 30 26 af
802 280 135 28 presterska-

250 318 49 25 pets
314 315 98 28 aflöning
427 316 9 20 i
451 315 84 21 landets
551 314 244 28 evangelisk-lutherska
805 314 132 27 församlin-

252 357 48 20 gar,
315 352 56 18 samt
386 351 32 19 att
433 350 9 20 i
456 349 67 28 sagde
538 350 139 27 proposition
692 349 83 28 jemväl
799 350 65 20 måtte
885 350 51 27 ingå

254 384 160 28 bestämningar
436 383 93 22 rörande
553 383 123 28 byggnads-
695 383 37 22 och
751 383 185 28 underhållsskyl-

253 418 98 28 digheten
366 418 29 27 af
402 417 131 29 prestabohl.

257 471 138 27 Helsingfors,
410 470 23 20 af
447 470 113 20 Allmänna
575 470 192 20 Besvärsutskottet
781 470 41 20 den
838 470 27 20 15
876 470 59 26 April

190 506 60 20 1872.

392 626 111 20 Finlands
522 626 116 20 Ständers
657 625 163 27 underdäniga
834 626 100 26 petition

324 660 83 21 rörande
422 660 97 26 reglering
535 660 20 20 af
569 660 153 27 presterskapets
742 660 82 26 aflöning
839 661 48 21 samt
902 660 32 20 be-

326 695 106 27 byggandet
446 694 36 22 och
497 694 121 21 underhållet
632 694 22 21 af
666 694 165 27 presteboställen.

188 764 208 27 Stormäktigste,
408 764 194 27 Allernädigste
613 764 105 26 Kejsare
734 764 40 20 och
785 764 148 20 Storfurste!

257 833 41 20 Vid
309 834 142 20 innevarande
463 833 100 27 landtdag
579 833 63 20 hafva
655 834 57 19 inom
729 832 81 21 Preste-
826 832 39 21 och
881 833 53 20 Bon-

188 868 117 20 destånden
321 868 69 20 blifvit
406 868 121 20 framstälda
537 867 99 21 särskilta
645 867 186 27 petitionsförslag,
842 868 30 19 uti
882 867 52 20 hvil-

188 902 34 26 ka,
239 902 49 20 med
310 902 98 20 afseende
431 902 50 20 derå
496 904 31 18 att
542 902 35 20 det
592 902 27 26 på
634 902 26 20 de
676 902 61 20 flesta
752 904 56 18 orter
824 902 6 19 i
845 902 90 20 Finland

188 936 99 27 brukliga
302 939 62 17 sättet
379 937 31 19 för
426 936 121 27 uppbörden
563 937 24 19 af
600 936 167 27 presterskapets
782 936 7 19 i
806 936 26 20 de
843 942 90 20 evange-

188 971 159 20 lisk-lutherska
366 971 172 26 församlingarne
557 971 93 27 aflöning
666 971 40 20 tidt
722 970 39 20 och
777 970 43 20 ofta
835 970 99 20 framkal-

187 1005 30 20 lat
233 1005 121 28 beklagliga
368 1006 155 27 förvecklingar
539 1006 89 20 emellan
645 1006 68 20 lärare
725 1005 40 20 och
776 1005 94 26 åhörare,
881 1008 54 17 samt

187 1040 66 20 andra
268 1040 142 27 olägenheter,
426 1041 93 20 förordas
535 1047 44 13 mer
594 1040 52 21 eller
666 1040 83 20 mindre
771 1040 162 27 genomgripan-

188 1075 26 20 de
239 1075 100 20 reformer
362 1075 130 20 härutinnan.
527 1075 31 20 De
581 1075 163 26 hufvudsakliga
769 1074 165 27 önskningsmål,

187 1109 74 20 hvilka
275 1109 117 20 innehållas
408 1110 6 19 i
432 1109 87 20 berörda
533 1109 180 26 petitionsförslag
729 1112 45 17 äro:

256 1143 46 21 dels
317 1145 29 18 att
360 1144 79 20 Eders
461 1144 146 27 Kejserliga
629 1144 120 27 Majestät
763 1143 90 21 rörande
868 1143 66 27 regle-

188 1178 75 27 ringen
279 1177 23 21 af
313 1178 166 27 presterskapets
495 1178 94 27 aflöning
605 1179 63 20 måtte
688 1178 111 27 förelägga
819 1177 117 21 Ständerna

188 1219 26 13 en
230 1212 69 27 Nädig
313 1213 137 26 proposition,
466 1213 57 20 hvari
541 1213 79 26 jemväl
643 1213 70 20 skulle
736 1212 49 27 ingä
808 1212 126 20 bestämnin-

187 1253 41 20 gen
244 1249 31 18 att
289 1247 180 27 församlingarne,
485 1249 56 18 emot
559 1247 143 26 tilläfventyrs
721 1246 114 27 betingade
855 1246 79 20 modifi-

187 1282 98 20 kationer
300 1282 5 19 i
322 1281 210 28 aflöningsbeloppet,
548 1282 65 20 borde
632 1281 169 27 skyldigkännas
821 1283 30 18 att
866 1281 70 26 bygga

187 1315 41 20 och
236 1316 123 20 underhålla
366 1316 166 27 äbyggnaderna
544 1317 13 19 å
565 1317 119 26 kapellans-
694 1315 41 21 och
747 1315 187 27 sockneadjunkts-

188 1350 129 26 boställena;

256 1385 46 20 dels
317 1388 35 23 att,
368 1386 88 20 emedan
472 1385 257 27 kyrkoherdeboställena
744 1385 100 26 vanligen
863 1385 72 26 uppfö-

187 1426 33 14 ras
237 1419 104 28 betydligt
356 1423 65 18 större
436 1421 39 19 och
490 1421 160 26 kostsammare,
666 1423 28 16 än
715 1419 54 20 hvad
789 1419 35 26 lag
844 1419 91 27 stadgar,

186 1454 66 21 sädan
268 1455 89 26 ändring
372 1455 23 20 af
407 1455 13 20 2
435 1457 10 22 $
460 1455 26 20 26
501 1455 48 27 kap.
566 1455 23 20 B.
600 1455 31 26 B.,
646 1454 72 20 sävidt
733 1453 65 27 angär
814 1453 120 27 bebyggan-

186 1489 37 20 det
238 1488 40 21 och
293 1489 132 21 underhället
439 1490 22 20 af
474 1489 60 21 dessa
557 1489 111 26 boställen,
689 1488 71 20 blefve
780 1487 107 27 vidtagen,
906 1490 30 19 att
