1070 1739
207 139 32 18 392

173 204 27 19 24
218 203 94 26 punkten
332 206 30 17 att
380 204 113 25 studenter,
517 203 141 27 gymnasister
680 203 39 20 och
742 202 89 27 djekner
854 202 65 21 skulle

174 237 33 20 vid
223 237 31 20 sin
270 237 105 21 ordinarie
390 238 39 20 och
445 237 73 21 dittills
537 237 110 27 brukeliga
670 239 40 18 rätt
733 237 34 20 vid
791 237 129 25 akademier,

174 272 120 27 gymnasier
309 272 38 20 och
363 272 72 21 skolor
450 272 65 20 varda
531 271 127 21 bibehållne.

241 307 9 19 I
266 306 68 20 stället
348 307 32 19 för
395 307 35 20 det
446 306 68 20 finska
533 306 156 20 universitetets
708 305 71 27 gamla
794 306 39 20 och
850 306 70 26 mång-

174 340 101 27 pröfvade
291 341 192 26 ”constitutioner”,
499 340 73 21 hvilka
588 341 53 19 varit
656 340 99 27 gällande
771 343 95 17 närmare
878 339 41 21 tvä-

175 375 107 20 hundrade
298 375 28 25 år,
342 375 121 20 utfärdades
483 375 40 20 den
541 375 25 20 10
583 375 117 20 December
717 374 52 20 1828
786 381 42 20 nya
844 375 76 20 ”statu-

175 410 43 19 ter”
234 409 32 20 för
282 409 121 27 detsamma,
419 409 63 21 sedan
499 416 26 13 en
547 409 79 20 komité
646 409 99 26 uppgjort
763 409 79 27 förslag
858 410 5 19 i
879 412 41 17 äm-

176 446 35 17 net
226 443 38 21 och
281 443 61 21 dessa
357 444 23 20 af
392 450 26 14 en
434 450 68 14 annan
519 443 81 21 komité
616 444 68 19 blifvit
698 443 119 26 granskade
833 444 38 20 och
887 450 35 20 ge-

177 478 121 20 nomsedda.
327 478 9 20 I
352 478 35 20 det
403 478 28 20 uti
449 478 76 26 många
547 478 87 26 stycken
659 477 130 21 föråldrades
812 478 60 20 ställe
891 478 30 20 in-

177 512 69 20 fördes
262 512 51 20 flera
328 512 133 26 väsendtliga
481 512 156 27 förbättringar,
659 512 73 20 främst
756 512 45 20 med
825 512 98 20 afseende

176 546 13 20 å
204 546 206 27 lärarepersonalens
425 547 123 25 förökande,
559 549 54 18 samt
624 546 66 20 bättre
702 546 119 21 lönevilkor
832 547 31 20 för
874 547 48 20 den-

177 587 85 13 samma.
294 581 71 20 Redan
392 582 48 20 1811
467 581 53 21 hade
544 581 70 27 kejsar
629 580 122 21 Alexander
767 581 8 19 I
792 581 91 20 utfärdat
897 588 25 13 en

177 622 27 20 ny
221 615 114 21 förbättrad
351 619 41 17 stat
407 616 31 20 för
458 616 151 26 universitetet,
629 615 133 27 upptagande
778 616 27 20 20
821 616 102 26 professo-

178 656 38 19 rer,
234 650 24 20 19
276 650 117 26 adjunkter,
409 651 11 19 4
437 650 91 20 lektorer
543 650 40 20 och
594 651 13 19 4
618 650 200 20 exercitiemästare.
842 650 80 20 Genom

177 683 26 20 de
220 690 41 20 nya
277 686 115 18 statuterna
406 684 22 20 af
448 685 52 20 1828
522 685 118 20 bestämdes
662 684 26 20 de
710 684 98 20 aflönade
832 684 91 20 lärarnes

177 718 56 20 antal
257 719 31 19 till
311 720 23 19 21
359 719 104 20 ordinarie
482 719 39 20 och
537 719 12 20 1
565 726 19 13 e.
600 726 18 14 o.
634 719 114 27 professor,
766 720 24 19 15
806 719 118 26 adjunkter,

179 754 11 18 5
206 752 92 21 lektorer
317 754 39 19 och
375 754 12 19 4
407 754 199 25 exercitiemästare,
627 756 54 17 utom
698 752 106 21 docenter.
835 754 9 19 I
860 754 65 19 andra

178 787 113 21 afseenden
307 788 44 20 åter
366 788 63 20 afvek
446 794 46 14 man
509 788 6 19 i
531 788 42 26 hög
591 788 52 26 grad
663 787 45 20 från
727 788 26 19 de
772 788 111 26 principer,
899 788 26 26 på

179 822 71 20 hvilka
274 822 275 27 universitetsinrättningen
574 822 67 20 blifvit
660 822 102 26 grundad.
791 822 68 20 Sedan
876 822 48 20 aka-

179 856 69 20 demin
264 856 7 20 i
286 850 47 26 Åbo
348 856 54 20 efter
417 856 100 20 Finlands
533 857 95 26 förening
645 856 46 20 med
708 856 103 26 Ryssland
832 856 94 26 anhållit,

179 892 30 18 att
231 890 58 20 Hans
312 891 95 26 Majestät
430 891 49 20 ville
499 893 44 17 utse
559 891 48 19 dess
623 891 63 19 förste
702 890 91 26 kansler,
809 891 38 19 och
863 892 40 19 den
920 892 6 18 i

180 925 116 26 Rysslands
321 925 138 20 rättshistorie
484 925 146 20 minnesvärde
656 924 78 20 Mikael
760 924 120 27 Speransky
905 926 23 19 af

179 958 122 21 Alexander
318 959 9 20 I
346 958 69 21 dertill
439 961 72 18 utsetts
532 959 40 20 den
598 960 23 18 17
644 959 62 26 April
731 959 59 24 1809,
810 959 37 20 har
870 959 56 20 Hans

180 993 96 26 Majestät
291 993 91 20 derefter
397 993 97 20 förunnat
510 993 144 20 universitetet
669 992 109 20 förmånen
793 995 31 18 att
835 993 30 20 till
877 993 48 20 kan-

180 1027 41 20 sler
236 1027 64 20 hafva
322 1027 82 20 erhållit
427 1027 50 20 först
495 1034 26 13 en
537 1027 23 20 af
577 1027 155 25 storfurstarne,
756 1027 92 20 derefter
870 1027 57 20 Hans

181 1061 119 27 Kejserliga
314 1061 83 27 Höghet
412 1061 156 26 thronföljaren.
599 1061 8 20 1
623 1061 25 20 de
661 1067 42 20 nya
714 1063 115 18 statuterna
840 1062 23 19 af
874 1062 52 20 1828

181 1098 89 24 upptogs
287 1103 25 12 nu
328 1096 40 19 den
386 1096 138 26 bestämning,
540 1098 29 17 att
585 1095 84 20 kansler
691 1097 49 18 utan
763 1095 65 27 något
851 1096 76 27 förslag

182 1132 109 18 utnämnes
307 1130 22 20 af
342 1130 104 26 kejsaren,
462 1137 43 12 som
521 1130 107 20 eventuelt
643 1130 63 19 äfven
723 1129 39 20 kan
779 1132 45 18 utse
840 1137 25 13 en
883 1131 45 20 vice

182 1164 91 19 kansler.
303 1164 79 20 Rektor
396 1164 75 26 skulle,
487 1164 120 20 oberoende
618 1165 23 19 af
650 1164 90 20 fakultet
752 1164 52 20 eller
819 1165 108 27 ordnings-

182 1198 57 26 följd,
255 1198 23 20 af
292 1198 147 20 konsistorium
456 1199 87 26 utväljas
559 1198 26 27 på
601 1199 10 19 3
628 1199 29 25 år,
673 1198 40 20 och
730 1198 84 20 kansler
830 1199 53 26 egde
899 1202 29 17 att

181 1232 102 20 stadfästa
297 1232 67 20 såsom
380 1233 71 20 rektor
466 1233 47 25 den,
534 1233 84 20 hvilken
634 1232 86 21 erhållit
736 1232 25 20 de
777 1232 61 20 flesta
854 1235 73 18 röster-

182 1273 38 19 na;
235 1266 75 20 endast
325 1267 33 19 vid
375 1267 43 20 lika
432 1267 85 20 röstetal
534 1267 69 20 kunde
624 1267 40 20 han
688 1267 56 26 välja
769 1267 88 20 emellan
881 1268 46 19 dem

182 1307 44 13 som
242 1300 84 20 erhållit
341 1301 67 20 dessa.
438 1301 159 20 Fakulteternas
612 1301 95 20 dekaner
723 1301 104 26 ombyttes
841 1301 87 27 årligen,

182 1334 23 20 så
220 1337 31 17 att
269 1335 41 20 alla
329 1335 104 20 ordinarie
456 1336 127 26 professorer
606 1336 55 19 inom
686 1335 117 20 fakulteten
818 1335 7 20 i
841 1336 88 27 ordning

183 1368 84 20 kommo
283 1371 30 18 att
328 1369 90 20 bekläda
438 1369 56 20 detta
512 1369 92 26 embete;
626 1370 98 19 deremot
742 1369 67 20 skulle
829 1370 34 19 vid
882 1377 46 19 pro-

183 1403 111 20 fessorsval
317 1403 154 27 konsistorium,
493 1403 23 20 så
537 1404 44 19 vidt
609 1403 96 21 sökande
732 1403 82 26 funnos,
842 1405 87 26 uppföra

183 1439 73 18 trenne
272 1437 27 26 på
314 1437 84 27 förslag.
428 1438 31 20 De
474 1438 145 27 förändringar
634 1439 6 18 i
657 1437 156 20 universitetets
824 1439 105 26 organisa-

183 1471 52 25 tion,
250 1477 45 14 som
311 1478 75 20 genom
404 1472 37 20 allt
456 1472 57 20 detta
535 1472 99 26 infördes,
656 1472 71 20 blefvo
750 1472 124 26 ytterligare
890 1473 38 20 för-
