1070 1739
222 149 34 26 366

191 213 37 26 fas,
242 213 61 27 ”samt
320 214 7 19 i
348 213 26 21 de
392 214 43 26 fall,
456 215 25 19 då
500 221 25 14 en
543 215 123 27 församling
689 215 80 20 betalar
791 215 94 26 aflöning
907 213 31 20 för

191 247 51 21 flere
258 250 86 24 prester,
360 255 47 14 men
422 249 65 20 likväl
503 249 43 20 ofta
563 250 32 20 får
610 251 49 25 nöja
674 251 32 26 sig
721 250 47 20 med
785 256 25 13 en
827 249 38 20 och
881 251 55 17 stun-

190 282 48 20 dom
261 282 47 21 icke
330 283 38 20 har
388 283 68 27 någon
476 284 55 19 enda
551 286 30 18 att
597 284 65 27 tillgå,
678 291 26 13 en
720 284 133 27 betydligare
869 283 32 20 del
917 282 23 20 af

190 317 121 26 aflöningen
326 313 74 36 skulle.
411 317 102 27 indragas,
534 319 32 20 för
585 321 29 18 att
634 319 109 20 användas
759 319 32 19 till
807 318 66 20 andra
888 317 49 20 nöd-

190 351 92 26 vändiga
304 351 88 27 företag,
416 353 38 19 och
477 353 47 20 icke
548 352 68 21 såsom
640 354 73 19 hittills
736 353 83 20 tillfalla
839 359 24 13 en
884 352 54 20 enda

190 392 87 20 person;
293 389 53 17 samt
577 407 2 2 E

258 421 45 20 dels
318 424 36 22 att,
370 421 27 20 dä
412 422 40 19 den
467 422 56 26 äsigt
543 423 96 19 alltmera
656 424 55 25 gjort
733 423 33 25 sig
788 422 104 26 gällande,
908 423 30 17 att

190 455 148 27 folkmängden
356 456 36 20 bör
407 459 74 24 utgöra
499 457 94 26 grunden
615 457 31 20 för
664 456 186 28 prestaflöningen,
870 456 67 26 regle-

190 490 74 26 ringen
281 490 61 20 deraf
355 490 69 20 skulle
440 491 37 25 ske
493 491 94 26 sälunda,
603 493 28 18 att
647 492 100 26 antingen
767 491 30 25 A)
813 492 66 18 staten
896 496 41 14 om-

191 524 129 27 händertoge
344 525 193 27 prestauppbörden
559 525 39 21 och
619 526 128 26 aflöningen,
763 525 88 20 hvarvid
866 525 23 19 af
902 531 35 13 nu-

191 559 91 20 varande
298 560 84 26 afgifter
397 560 74 20 endast
486 560 96 20 tertialen
600 561 22 19 af
636 560 70 20 tionde
723 560 69 20 blefve
809 560 82 20 bunden
904 559 32 19 vid

188 594 83 26 jorden,
288 600 46 14 men
350 594 27 20 all
394 601 67 13 annan
478 595 95 27 aflöning
585 601 49 14 vore
645 594 109 27 personel;
770 594 52 20 eller
837 594 26 24 B)
880 593 56 20 kom-

191 635 75 13 munen
290 628 165 28 omhändertoge
479 630 129 26 uppbörden,
632 629 94 25 hvarvid,
750 635 32 13 om
806 628 95 20 tertialen
918 628 22 19 af

191 663 71 20 tionde
278 663 84 26 afstods,
378 663 27 20 all
422 664 60 26 afgift
505 664 65 20 borde
595 664 64 20 blifva
681 663 97 27 personel
795 662 39 20 och
849 662 23 20 sä
887 662 49 20 läm-

191 698 40 26 pad
243 700 30 17 att
284 700 116 24 presternas
416 698 121 20 nuvarande
553 698 116 20 inkomster
685 698 148 20 förvandlades
844 697 31 19 till
888 703 48 20 pen-

191 733 75 26 ningar
282 732 38 20 och
336 732 41 20 den
398 733 60 19 deraf
479 732 94 20 erhällna
595 739 93 13 summan
713 732 120 20 fördelades
852 732 26 26 pä
897 732 41 19 alla

191 774 101 20 personer
311 767 89 20 emellan
419 767 23 19 16
459 767 38 19 och
514 767 26 19 64
555 767 29 20 är,
601 767 46 20 med
664 766 99 20 särskildt
779 766 112 27 äliggande
907 766 31 20 för

191 802 139 20 kommunens
343 801 113 27 jordegare
475 803 30 18 att
523 808 89 13 ansvara
632 801 30 20 för
681 801 75 20 lönens
778 800 51 20 fulla
851 800 86 20 utbetal-

191 837 62 26 ning;
268 836 116 26 hvaremot,
402 842 34 14 om
455 835 96 21 tertialen
572 836 108 25 bibehölls,
700 835 68 20 skulle
788 835 68 20 säsom
876 842 61 20 grun-

190 872 38 20 der
243 870 124 27 uppställas:
387 870 18 27 1)
421 873 30 17 att
465 870 43 20 alla
524 877 99 19 personer
637 870 92 20 emellan
741 870 24 20 16
774 870 39 20 och
830 870 26 20 64
871 870 22 19 är
909 869 28 20 ef-

190 909 32 17 ter
245 906 182 26 mantalslängden
450 905 67 20 skulle
541 905 85 27 erlägga
648 912 26 13 en
698 905 54 19 efter
778 904 117 27 beräkning
918 904 22 20 af

190 943 68 23 prests
278 940 120 19 nuvarande
417 940 114 19 inkomster
550 940 83 25 lämpad
652 939 98 26 personel
767 939 68 26 afgift,
850 939 43 19 lika
909 938 28 19 öf-

191 981 36 13 ver
243 974 49 20 hela
307 974 77 25 landet,
400 976 54 17 samt
469 973 39 20 den
525 973 88 20 sålunda
630 973 97 28 erhållna
743 973 142 20 lönesumman
903 979 34 13 en-

191 1009 47 19 dast
255 1008 31 20 till
306 1009 40 19 den
366 1008 32 19 del
419 1009 120 25 garanteras
558 1008 23 19 af
599 1008 139 20 kommunens
756 1007 119 26 jordegare,
894 1013 42 14 som

191 1043 107 26 öfversteg
320 1042 144 20 medelvärdet
482 1043 23 19 af
524 1042 208 26 nettobehällningen
756 1041 52 20 ifrån
833 1041 104 26 prestabo-

191 1077 80 26 stället:
287 1077 21 27 2)
324 1079 30 18 att
370 1076 225 21 kommunalnämnden
613 1077 83 20 komme
712 1078 31 18 att
758 1077 109 26 öfvertaga
882 1076 55 19 säväl

192 1114 74 25 prests,
282 1118 43 14 som
342 1111 42 20 älla
401 1111 66 20 andra
488 1111 153 27 kappetagares
662 1111 96 26 uppbörd
781 1111 38 20 och
843 1111 96 20 deröfver

192 1147 32 20 för
246 1146 158 21 vederbörande
430 1146 122 25 tjenstemän
576 1146 108 25 redovisa;
712 1145 22 28 3)
758 1148 29 17 att
809 1152 26 13 en
859 1145 80 26 mättlig

191 1183 51 25 taxa
256 1181 32 20 för
304 1181 41 20 alla
364 1180 81 20 embets
467 1180 149 27 förrättningar
638 1180 140 25 fastställdes;
802 1179 22 29 4)
847 1182 30 17 att
899 1180 41 20 alla

191 1215 66 20 andra
277 1211 195 30 aflöningsgrunder
495 1215 94 25 förfölle;
605 1215 22 26 5)
639 1217 30 18 att
682 1217 83 24 pastors
778 1215 39 19 och
830 1214 108 27 kapellans

192 1250 52 20 eller
267 1249 178 26 sockneadjunkts
467 1249 93 26 aflöning
583 1249 5 19 i
612 1249 132 20 förhållande
768 1249 31 19 till
821 1249 118 19 hvarandra

192 1284 68 19 skulle
284 1283 22 20 af
326 1290 80 13 summa
427 1283 93 26 uppbörd
541 1283 125 20 bestämmas
687 1283 69 20 såsom
772 1283 13 19 2
801 1283 30 19 till
851 1284 21 24 1;
887 1285 53 17 samt

192 1318 21 26 6)
229 1320 31 17 att
274 1317 100 20 klockare
397 1318 111 19 framdeles
531 1317 83 21 komme
636 1321 30 16 att
690 1317 80 20 aflönas
789 1317 54 20 efter
860 1323 80 14 samma

192 1353 67 25 grund
275 1359 45 13 som
335 1354 114 25 presterne.

261 1387 81 26 Frägan
358 1393 34 13 om
411 1393 25 14 en
456 1386 121 27 förändring
597 1387 23 19 af
635 1386 122 26 grunderna
779 1385 31 20 för
833 1385 106 26 prestaflö-

192 1421 79 26 ningen
286 1421 7 20 i
309 1421 99 20 Finlands
429 1421 241 26 evangelisk-lutherska
690 1420 148 26 församlingar
857 1419 36 20 hat
909 1427 29 13 re-

192 1456 40 19 dan
249 1456 35 19 vid
300 1456 26 19 de
342 1458 76 17 tvenne
439 1455 126 26 föregående
584 1455 153 25 landtdagarne
756 1455 79 25 utgjort
854 1454 84 21 föremål

192 1490 32 20 för
239 1490 82 20 landets
337 1490 99 20 Ständers
451 1490 166 26 öfverläggning.
643 1489 41 19 Vid
699 1488 53 20 1863
764 1488 38 20 och
817 1488 52 20 1864
881 1488 59 20 ärens
