1070 1739
224 150 34 18 306

192 213 136 21 medlemmar
344 215 5 18 i
366 221 24 13 en
410 215 96 26 styrelse,
527 215 61 20 hvars
611 214 98 20 ändamål
732 217 22 16 är
773 216 31 17 att
826 213 116 20 öfvervaka

192 247 227 28 skolundervisningen
436 249 38 20 och
491 248 102 27 befrämja
609 248 127 25 densamma,
752 250 31 17 att
799 247 89 21 bedöma
901 247 40 20 för-

192 282 45 27 slag
253 282 31 19 till
301 283 46 19 dess
364 283 124 26 förbättring:
504 283 38 20 och
559 283 50 26 sjelf
622 282 115 21 framställa
752 282 85 26 sådana,
849 284 53 18 samt
912 284 29 17 att

192 316 86 20 tillsätta
297 317 66 19 lärare
384 317 38 20 och
444 317 123 25 lärarinnor,
588 317 106 26 nämligen
717 316 148 27 vetenskaplig
888 316 53 20 bild-

192 350 51 26 ning
259 350 39 19 och
314 351 129 26 pedagogisk
461 351 126 25 erfarenhet,
603 351 81 20 fordras
698 351 47 20 icke
761 351 23 20 af
795 353 74 18 trenhe
885 351 55 20 med-

191 384 94 25 lemmar,
309 385 109 20 deribland
441 385 62 20 äfven
527 386 148 20 ordföranden.
705 385 56 20 Enär
784 385 25 26 på
833 385 67 26 grund
921 386 22 19 af

192 417 210 27 Regeringsformens
425 420 116 26 stadgande
557 420 5 19 i
581 421 24 18 10
621 422 10 22 $
647 420 40 19 den
708 419 71 26 praxis
798 419 89 19 utbildat
903 419 37 27 sig.

190 453 30 17 att
235 451 72 27 lediga
322 453 77 25 platser
415 454 5 18 i
437 453 115 27 kollegiala
569 454 146 26 myndigheter
732 452 97 20 tillsättas
845 452 53 20 efter
912 456 28 17 ett

191 486 23 19 af
227 492 79 14 samma
322 487 124 27 myndighet
461 488 5 19 i
484 488 70 26 vanlig
571 488 89 26 ordning
676 487 120 26 upprättadt
812 487 84 26 förslag,
909 494 30 12 se-

190 520 40 20 dan
247 521 119 27 ansökning
381 522 62 25 skett,
459 522 106 20 förefaller
585 524 62 18 sättet
663 522 30 19 för
709 521 229 26 skolstyrelseledamö-

190 557 70 17 ternes
276 555 128 21 tillsättande
420 556 31 20 för
467 556 46 20 vårt
527 556 161 20 samhällsskick
700 556 137 25 främmande,
848 556 23 19 sä
883 562 55 20 myc-

192 589 34 19 ket
243 596 64 19 mera,
323 596 44 14 som
384 593 77 17 tvenne
475 590 137 20 medlemmar
627 590 44 20 deri
688 592 56 17 utses
760 590 73 19 endast
849 590 26 26 pä
891 590 48 20 obe-

190 623 67 19 stämd
274 624 30 20 tid
320 624 63 20 bland
402 624 65 27 högre
488 624 128 20 embetsmän
632 624 6 19 i
656 624 76 20 landet.
763 624 104 26 Samtliga
883 624 55 20 med-

190 657 89 20 lemmar
294 658 6 19 i
317 658 151 26 skolstyrelsen
487 658 86 20 komma
592 658 86 20 sälunda
696 658 48 20 icke
764 660 37 23 att,
817 659 6 19 i
839 658 98 20 afseende

190 691 12 19 å
217 692 46 19 sina
283 692 34 20 vid
337 693 127 20 ärendernas
488 693 128 26 behandling
640 692 93 20 uttalade
755 692 85 27 äsigter,
859 692 79 26 åtnjuta

190 725 36 20 det
240 726 70 26 skydd
327 727 46 20 med
390 727 84 27 hänsigt
489 727 30 20 till
539 729 28 18 ett
588 727 103 20 orubbadt
707 726 148 20 bibehällande
871 727 23 20 af
907 727 30 19 sin

189 760 107 27 ställning,
312 761 80 20 hvilket
408 764 23 17 är
447 764 29 18 ett
491 761 23 20 sä
530 761 137 20 utmärkande
683 761 52 26 drag
750 761 6 19 i
773 761 47 19 hela
836 761 36 19 vär
885 768 52 13 sam-

189 794 204 26 hällsorganisation.
425 796 31 20 Då
471 796 36 20 allt
525 796 56 20 detta
600 796 87 20 oaktadt
706 795 39 19 den
766 795 133 27 bestämning
916 798 23 17 är

190 828 128 27 bibehällen,
334 832 30 18 att
380 832 30 18 tre
431 830 136 20 medlemmar
583 830 22 20 af
618 830 150 26 skolstyrelsen
793 830 70 20 kunna
887 830 49 20 fatta

188 862 76 27 giltiga
288 863 73 26 beslut,
385 870 63 20 synes
467 865 5 19 i
491 864 116 20 allmänhet
621 864 47 20 icke
685 864 126 27 tillräckliga
833 864 105 26 garantier

189 896 115 21 förefinnas
319 898 31 19 för
366 905 25 13 en
408 898 95 26 sakenlig
519 898 99 26 pröfning
633 899 23 19 af
669 898 85 20 skolans
771 898 90 26 dyrbara
874 904 62 20 ange-

188 931 123 26 lägenheter
327 932 5 19 i
350 932 44 20 vårt
410 933 55 19 land.
496 932 140 20 Alldenstund
656 932 25 20 de
701 932 46 20 med
767 932 169 26 undervisnings-

188 965 112 20 väsendets
317 966 56 20 olika
388 973 75 20 grenar
479 967 106 26 förtrogne
601 966 162 20 medlemmarne
779 965 22 20 af
815 965 121 26 skolstyrel-

188 1005 36 13 sen
246 1006 26 13 en
292 1000 33 20 del
344 1001 24 18 af
381 1001 44 19 året
440 1004 36 17 äro
495 1001 72 20 stadde
588 1000 26 27 på
634 1000 197 27 inspektionsresor,
852 1000 84 20 komma

188 1032 62 21 dessa
272 1034 117 27 grannlaga
411 1035 70 26 frågor
502 1035 43 20 ofta
565 1038 29 16 att
610 1035 84 26 afgöras
713 1035 22 19 af
750 1035 25 19 de
791 1038 74 16 trenne
881 1035 55 20 leda-

188 1069 74 24 möter,
278 1068 72 20 hvilka
365 1069 47 20 icke
428 1069 91 20 behöfva
534 1076 50 13 vara
600 1069 88 20 utsedda
705 1069 46 19 med
768 1069 81 26 hänsyn
862 1069 29 19 till
902 1076 33 13 ve-

187 1101 120 27 tenskaplig
331 1103 95 26 bildning
446 1103 38 20 och
504 1103 129 26 pedagogisk
657 1103 126 20 erfarenhet.
814 1103 87 20 'Tvenne
916 1103 23 20 af

187 1135 61 20 dessa
269 1136 70 21 kunna
358 1137 88 20 sålunda
465 1144 76 20 genom
558 1137 46 20 sina
618 1137 138 20 individuella
777 1136 77 27 åsigter
874 1137 6 19 i
901 1140 34 16 vä-

186 1170 94 26 sendtlig
295 1171 51 26 grad
363 1171 89 20 influera
462 1171 26 26 på
501 1171 110 20 skolornas
622 1171 146 20 -verksamhet.
799 1170 135 21 Oberäknadt

186 1203 36 20 det
238 1204 123 27 betänkliga
377 1205 138 26 förhållande,
531 1207 29 18 att
577 1205 31 19 för
624 1205 130 20 närvarande
766 1207 76 18 tvenne
853 1205 22 19 af
885 1205 50 26 hög-

185 1240 31 17 sta
240 1239 115 25 styrelsens
379 1239 136 20 medlemmar
539 1246 75 19 geuom
638 1242 28 17 att
691 1239 48 26 ingå
760 1239 5 19 i
784 1238 150 27 skolstyrelsen

186 1274 62 23 göras
261 1273 88 26 jäfviga,
366 1273 40 20 den
422 1280 39 13 ena
477 1274 33 19 vid
523 1273 155 27 behandlingen
696 1273 22 19 af
732 1273 118 26 skolfrågor
866 1273 6 18 i
888 1273 47 26 Kej-

185 1305 79 27 serliga
284 1306 97 27 Senaten,
402 1307 40 20 den
463 1308 64 19 andra
545 1307 47 20 med
607 1307 100 20 afseende
723 1307 12 19 å
751 1307 39 20 den
808 1307 70 25 tillsyn
895 1307 39 19 han

186 1339 38 20 bör
240 1341 72 19 utöfva
328 1341 58 20 öfver
402 1341 97 26 lagarnes
515 1341 107 20 allmänna
632 1341 125 20 efterlefnad
773 1341 23 19 af
811 1341 123 26 myndighe-

185 1377 31 16 ter
232 1374 39 19 och
292 1375 96 20 enskilda
409 1382 106 19 personer,
536 1376 37 19 har
593 1375 163 26 skulstyrelsens
775 1381 27 13 nu
818 1375 5 19 i
840 1375 94 26 frägava-

184 1407 65 20 rande
266 1409 143 26 organisation
425 1409 74 26 skapat
515 1412 29 17 ett
561 1409 115 20 vacklande
693 1409 138 26 provisoriskt
842 1409 91 21 tillständ

184 1442 48 19 med
248 1443 100 20 afseende
364 1443 12 20 &
392 1443 270 27 undervisningsväsendet,
680 1443 81 20 hvilket
771 1443 47 20 icke
830 1443 41 20 kan
884 1444 48 20 und-

182 1475 26 25 gä
224 1478 30 17 att
271 1476 85 27 menligt
375 1477 86 20 inverka
479 1477 24 26 pä
520 1478 133 26 hildningens
671 1478 72 24 jemna
762 1477 170 21 framätskridan-
