1070 1739
227 152 33 17 102

206 217 70 20 städes
296 217 38 20 och
350 217 52 20 ifrån
420 218 26 20 de
461 219 45 19 inre
523 218 86 20 delarne
625 219 23 19 af
662 219 96 26 nämnde,
775 219 108 20 äfvensom
901 218 53 20 Kuo-

206 251 36 26 pio
258 251 39 20 och
313 251 29 20 8:t
357 251 88 20 Michels
460 252 42 20 län.
527 253 104 26 Slutligen
648 255 22 17 är
685 259 76 20 genom
773 253 120 26 Kejserliga
903 252 53 19 kun-

206 285 98 26 görelsen
327 285 41 20 den'
393 287 25 18 15
440 286 86 20 Januari
549 286 53 21 1869
622 287 100 26 afgiftens
738 287 77 26 belopp
831 287 6 20 i
854 287 23 20 så
892 286 64 20 måtto

206 319 91 19 ändradt
316 321 29 18 att
364 319 123 21 densamma
504 320 36 20 bör
557 320 103 21 beräknas
677 321 47 19 med
741 327 24 14 en
783 321 45 19 half
840 321 63 26 penni
920 327 37 20 per

206 351 99 22 kubikfot
327 353 51 20 eller
400 353 43 21 åtta
463 354 38 20 och
523 361 25 13 en
566 355 46 19 half
626 355 63 26 penni
706 354 31 20 för
752 355 73 26 hvarje
840 355 114 20 reducerad

207 387 48 19 tolft
278 387 80 26 bräder,
382 387 89 26 plankor
495 389 38 19 och
555 389 90 26 battens,
664 395 44 14 som
724 389 44 19 från
786 389 71 20 landet
872 389 83 20 utföres.

207 421 35 19 Uti
263 421 119 27 åberopade
401 422 119 27 Kejserliga
536 423 51 19 Bref
600 423 22 19 af
636 423 40 20 den
696 423 22 19 19
735 423 55 19 Mars
808 424 53 19 1862
877 424 78 19 förord-

208 455 66 20 nades
294 455 100 27 derjemte
410 458 30 18 att
456 456 52 20 ifrån
525 457 40 20 och
582 457 46 20 med
647 457 52 20 1869
716 457 74 20 endast
808 458 75 24 16,000
897 458 59 19 rubel

208 489 72 20 silfver
303 489 67 21 skulle
393 490 23 20 af
436 490 48 20 hela
507 491 70 22 denna
595 491 93 20 inkomst
709 491 86 20 afsättas
813 492 30 19 till
860 491 95 27 nybygg-

209 523 138 26 nadsfonden,
372 530 46 14 men
440 525 119 20 återstoden
576 526 108 20 användas
699 526 31 19 till
747 524 209 27 undervisningsver-

209 557 47 20 kets
280 558 155 26 upphjelpande
456 559 38 20 och
516 559 142 27 befrämjande
678 560 24 19 af
717 560 66 19 andra
798 559 160 27 vetenskapliga

208 591 106 21 ändamål.
344 592 9 19 I
369 592 50 26 följd
441 594 61 19 deraf
518 594 90 26 uppstod
624 600 25 14 en
667 601 27 19 ny
710 594 49 19 fond
777 594 36 20 hos.
828 594 128 20 Universite-

208 628 36 22 tet,
262 626 39 20 den
317 626 108 21 såkallade
442 628 205 26 tullmedelsfonden,
664 635 43 13 som
725 634 86 14 numera
826 628 74 20 bokför
911 628 46 20 hela

208 660 96 26 afgiften,
328 661 125 26 uppgående
473 662 32 20 för
525 662 44 20 året
589 662 29 20 till
637 662 83 26 vidpass
738 662 89 25 110,000
844 662 57 20 mark
918 663 38 19 och

209 693 65 20 afstår
296 694 80 27 årligen
400 696 91 20 nämnde
515 697 74 24 16,000
610 696 57 20 rubel
688 696 52 20 eller
760 696 75 25 64,000
852 696 58 20 mark
927 696 30 20 till

210 727 220 27 nybyggnadsfonden
452 730 38 20 och
511 731 31 19 för
560 730 64 26 öfrigt
640 730 104 20 bestrider
759 730 102 20 särskilda
876 731 81 19 univer-

208 760 129 22 sitetslärare
356 763 92 27 beviljad
465 764 176 28 löneförhöjning,
657 764 300 27 afdelnings-inspektörernes

208 796 101 24 arvoden,
329 796 64 27 någre
409 798 166 20 extraordinarie
592 799 139 26 professorers
747 798 118 26 aflöningar
880 805 26 13 m.
923 805 33 19 m.,

209 830 31 18 till
264 832 30 17 ett
317 830 83 27 belopp,
420 838 44 14 som
485 832 32 20 för
539 833 53 19 1870
608 833 91 26 uppgick
716 832 32 20 till
766 833 73 24 18,057
857 833 57 19 mark
931 833 25 19 20

209 864 71 25 penni.
311 864 92 21 Oaktadt
426 866 60 20 dessa
510 867 154 26 utbetalningar
688 867 85 19 besitter
793 866 164 20 tullmedelsfon-

210 898 40 19 den
268 898 63 20 redan
349 906 25 12 nu
392 906 25 14 en
435 900 122 27 behållning
573 901 22 19 af
609 902 76 25 82,484
702 900 59 20 mark
777 901 26 19 84
820 901 69 26 penni.
914 901 43 25 Ny-

210 931 191 26 byggnadsfonden
422 934 44 20 åter
486 935 53 19 hade
560 935 33 19 vid
614 935 106 26 utgången
737 934 23 20 af
773 934 23 20 år
814 935 47 19 1871
881 941 25 13 en
923 934 34 20 be-

211 964 96 27 hållning
322 967 23 18 af
359 967 90 25 607,896
466 969 58 19 mark
541 969 26 19 44
585 969 69 26 penni.

278 999 31 20 Då
325 1001 79 20 enhvar
420 1004 36 17 vet
471 1004 29 18 att
516 1002 46 20 vårt
573 1003 74 26 fattiga
658 1003 60 19 lands
730 1002 130 20 Universitet
871 1009 86 13 numera

208 1032 32 19 för
260 1033 37 20 sitt
313 1034 65 20 behof
392 1042 50 20 eger
459 1037 130 26 byggnader,
605 1043 44 14 som
665 1037 31 19 till
714 1037 85 26 omfång
816 1036 38 20 och
871 1036 86 27 elegans

208 1066 124 21 öfverträffa
347 1069 50 20 flere
414 1070 73 26 dylika
501 1071 151 26 inrättningars
662 1072 7 19 i
680 1071 66 20 andra
761 1071 80 25 länder,
857 1071 38 19 och
911 1071 46 19 dess

210 1100 190 27 nybyggnadsfond
418 1104 103 20 dessutom
540 1105 85 20 besitter
641 1111 25 13 en
683 1105 53 19 efter
752 1105 49 19 våra
812 1104 145 20 förhållanden

209 1135 83 25 ganska
308 1137 95 26 betydlig
419 1137 129 28 behållning,
564 1139 37 20 har
617 1139 76 26 klagan
708 1139 101 26 försports
821 1138 97 20 deröfver
929 1141 29 16 att

209 1168 70 20 denna
294 1169 68 26 afgift,
379 1171 64 20 ehuru
461 1173 159 26 ursprungligen
638 1172 127 27 nödvändig,
780 1172 81 19 tillåtits
873 1172 86 20 fortfara

209 1202 67 19 under
292 1203 104 28 betydligt
412 1205 71 26 längre
499 1207 36 24 tid,
551 1209 26 17 än
594 1207 31 19 för
640 1206 131 20 ändamålets
787 1206 126 26 uppnående
927 1213 30 12 er-

208 1236 91 20 fordrats
318 1238 38 19 och
379 1239 102 26 derjemte
497 1247 86 13 numera
599 1242 107 18 användes
722 1240 31 19 till
771 1239 126 26 biändamål,
914 1246 43 13 som

208 1270 45 19 från
278 1271 73 26 början
375 1273 19 26 ej
415 1273 94 27 åsyftate.
540 1275 66 19 Dessa
626 1277 56 17 stora
703 1273 200 26 besparingsfonder
922 1276 35 17 äro

209 1304 47 19 med
279 1305 96 20 nutidens
395 1307 202 27 beskattningsläror
612 1308 125 26 oförenliga,
754 1310 21 23 ty
791 1307 166 26 medborgarene

208 1337 52 26 vilja
281 1339 53 20 helst
353 1341 77 25 sjelfva
445 1342 89 20 förvalta
549 1343 46 18 sina
610 1342 146 26 besparingar,
773 1341 38 19 och
827 1341 23 19 af
864 1341 45 19 dem
926 1341 31 20 för

207 1371 90 20 allmänt
312 1374 82 26 nyttiga
410 1375 97 20 ändamål
523 1376 53 19 afstå
592 1376 74 19 endast
677 1375 54 20 hvad
744 1375 132 26 nödvändigt
886 1375 71 20 behöf-

209 1411 43 19 ves,
269 1406 88 21 likasom
375 1415 48 13 man
439 1410 19 25 ej
474 1410 67 19 heller
553 1411 54 18 velat
618 1409 129 20 tillerkänna
759 1409 150 19 Universitetet
922 1409 34 19 nå-

206 1442 37 22 got
260 1441 132 26 privilegium
409 1445 31 17 att
455 1443 92 20 bestrida
562 1444 143 20 kostnaderna
722 1443 30 20 för
768 1443 45 19 sina
824 1443 133 26 byggnaders

208 1473 110 20 underhåll
342 1481 26 13 m.
393 1482 25 13 m.
440 1477 44 19 från
506 1477 81 26 fonder,
604 1478 6 18 i
626 1477 70 20 stället
718 1477 31 19 för
764 1479 29 17 att
809 1476 67 20 såsom
894 1477 65 19 andra
