1070 1739
230 132 22 17 74

197 193 134 21 vervakande
348 194 67 20 skulle
432 194 85 20 komma
531 194 76 20 krono-
620 194 38 20 och
671 194 61 19 äfven
748 193 194 21 skattehemmanen

197 228 29 19 till
243 228 41 20 del.
315 229 46 19 Men
378 229 67 26 enligt
461 228 36 19 vär
512 228 64 20 tanke
593 228 95 19 kommer
703 228 146 20 erfarenheten
866 227 18 25 ej
902 226 41 19 hel-

197 262 30 19 ler
243 262 5 19 i
265 262 56 20 detta
336 263 36 19 fall
389 265 29 17 att
434 263 63 19 häfva
513 263 78 19 teorins
607 263 143 25 anvisningar.
781 263 106 25 Knappast
904 263 40 17 tor-

196 296 25 20 de
242 297 41 19 den
307 303 42 20 nya
374 297 97 25 kontroll,
495 297 118 20 hvarunder
637 297 117 20 boställena
777 297 69 19 blifvit
861 295 81 25 ställda,

197 331 93 19 medföra
309 331 93 20 önskade
426 331 85 26 frukter,
533 338 46 13 men
599 331 40 20 den
658 331 107 26 medtager
782 331 25 19 10
819 331 25 26 "%,
861 330 22 20 af
896 329 48 20 hela

195 364 127 21 inkomsten.
354 365 75 25 40,000
450 365 58 19 mark
532 367 23 17 är
575 366 18 25 ej
615 372 26 12 en
662 371 81 13 summa
763 365 23 19 af
799 365 23 19 sä
837 365 50 19 liten
910 363 33 20 be-

195 398 83 27 tydelse
298 401 28 18 att
345 399 36 20 det
402 400 18 25 ej
440 405 51 14 voro
511 399 46 20 skäl
577 401 30 18 att
626 399 122 26 öfverväga,
767 405 34 14 om
825 399 40 20 den
887 398 55 20 med-

196 432 31 19 för
243 432 37 20 det
294 432 92 26 resultat,
403 440 48 13 man
467 433 85 20 dermed
569 433 84 26 åsyftar.

265 466 39 21 Om
321 474 47 13 man
384 468 68 19 skulle
469 467 96 20 betrakta
585 467 71 27 frägan
678 467 74 21 endast
774 467 47 20 med
844 466 100 20 afseende

196 500 13 20 å
224 501 42 19 den
282 501 65 20 fördel
365 501 126 27 jordbruket
511 502 70 20 kunde
601 502 61 19 deraf
675 501 87 26 erhålla,
778 501 69 20 skulle
859 500 38 26 jag
913 502 31 17 tro

196 535 36 19 det
248 535 96 21 enklaste
364 536 79 20 medlet
461 542 56 19 vara,
537 538 30 18 att
586 531 41 25 alla
644 535 102 21 boställen
763 535 94 25 försäljas
873 534 20 19 ät
908 540 35 13 en-

196 569 76 25 skilda,
288 570 64 20 ehuru
368 570 36 20 det
424 570 81 20 kanske
528 570 69 20 skulle
620 570 66 20 blifva
706 569 55 21 svårt
777 572 30 17 att
823 570 76 18 bevara
914 571 30 17 ett

196 603 23 19 sä
236 605 54 18 stort
311 604 73 26 rörligt
407 604 79 26 kapital
509 604 38 20 och
570 606 52 24 göra
644 604 118 20 detsamma
784 602 159 21 räntebärande.

196 637 112 27 Antagligt
322 641 22 17 är
360 640 30 18 att
410 638 26 20 de
454 640 65 18 större
539 638 45 20 och
603 638 67 20 bättre
694 638 116 20 boställena
829 636 64 21 redan
914 636 28 20 till

194 672 185 20 arrendatorernas
402 679 53 20 egen
479 674 60 24 nytta
563 672 64 20 blifva
651 672 67 20 bättre
740 672 70 20 skötte
831 671 38 20 och
885 670 57 20 alltid

195 706 39 20 kan
252 713 26 13 en
295 706 90 20 kontroll
408 707 59 19 öfver
489 706 47 21 dem
557 708 77 18 uträtta
650 706 68 27 nägot.
750 706 46 20 Men
813 706 25 20 de
855 705 87 25 mindre,

195 740 31 20 till
242 740 73 20 hvilka
333 740 19 20 vi
376 740 66 20 räkna
465 740 84 26 sädana,
565 747 44 14 som
625 741 19 26 ej
661 741 57 26 gifva
734 748 26 12 en
776 740 92 20 inkomst
884 739 59 20 öfver

198 776 23 18 12
237 777 76 17 tunnor
330 782 34 12 om
380 775 51 25 äret,
447 778 36 16 äro
498 775 23 19 sä
537 774 121 20 beskaffade
670 777 30 17 att
710 775 73 20 endast
800 774 142 20 bebrukarens

194 809 125 26 eganderätt
343 808 30 20 till
396 809 47 19 dem
468 808 40 20 kan
532 809 86 19 försätta
640 808 47 20 dem
707 809 5 19 i
729 808 36 20 full
782 808 105 20 vextkraft
904 807 38 19 och

194 842 67 20 skick.
293 842 121 20 Kontrollen
431 842 58 20 öfver
505 843 45 19 dem
572 842 40 20 kan
636 844 77 18 uträtta
735 843 62 26 högst
819 842 124 26 obetydligt.

194 874 49 22 Men
267 876 28 20 då
317 876 79 20 kronan
421 876 116 20 bibehåller
559 877 74 20 endast
649 877 26 20 de
692 877 66 20 bättre
782 876 122 24 boställena,
920 876 24 20 så

196 910 38 20 blir
250 910 112 20 inseendet
380 911 60 19 öfver
459 911 47 20 dem
527 911 156 26 jemförelsevis
706 911 81 25 lättare,
803 917 32 13 om
853 910 39 20 den
910 910 32 25 då,

194 944 70 20 såsom
288 945 60 24 förut,
371 945 139 20 öfverlemnas
534 946 21 19 åt
578 946 170 26 kronofogdarne
771 939 52 26 eller
838 944 26 26 på
880 946 63 17 annat

194 980 48 24 sätt,
258 978 54 21 dock
328 979 19 26 ej
363 985 77 20 genom
457 986 24 13 en
498 979 54 20 skild
569 980 133 25 tjensteman.

267 1013 51 20 Vårt
338 1013 101 26 ödmjuka
454 1013 77 27 förslag
555 1013 75 20 blifver
652 1013 88 26 således,
761 1015 29 18 att
810 1013 36 19 det
871 1012 73 19 heder-

194 1047 66 20 värda
279 1047 158 20 Bondeståndet
457 1047 67 20 skulle
544 1047 73 20 förena
636 1047 32 26 sig
686 1047 6 19 i
713 1053 26 14 en
761 1046 129 26 underdånig
909 1053 34 18 pe-

194 1081 58 20 tition
263 1088 5 12 :
746 1106 3 2 N

331 1117 33 19 att
381 1115 64 21 Hans
463 1115 127 28 Kejserliga
609 1115 106 27 Majestät
737 1114 69 21 skulle
825 1114 35 21 till
873 1113 72 28 först-

263 1149 127 21 kommande
405 1149 106 28 landtdag
521 1149 132 28 framlägga
668 1149 76 27 Nädig
758 1148 138 27 proposition
911 1154 33 14 om

258 1183 166 28 försäljningen
444 1183 29 27 af
487 1183 26 21 de
532 1183 85 21 mindre
639 1183 39 21 och
698 1183 123 20 kontrollen
841 1182 60 27 öfver
919 1182 25 21 de

264 1217 114 27 oförsälda
394 1217 125 21 boställena.

263 1257 137 27 Helsingfors,
417 1258 40 20 den
475 1258 24 19 19
515 1257 100 20 Februari
633 1257 61 20 1872.

192 1319 30 21 M.
238 1319 107 21 Heikura.
375 1319 27 21 P.
418 1319 171 27 Kumpulainen.
621 1319 27 21 E.
663 1318 116 28 Rothberg.
809 1319 26 20 R.
851 1318 93 21 Niemi.”

263 1422 31 19 De
310 1422 29 19 till
357 1422 103 20 boställen
479 1422 22 20 ät
520 1422 77 20 befälet
616 1422 34 20 vid
670 1422 42 20 den
734 1421 81 20 indelta
838 1421 103 20 militären

192 1455 106 27 anslagna
319 1455 98 21 hemman
441 1456 62 20 hafva
525 1456 65 20 sedan
605 1456 71 20 denna
692 1455 75 20 militär
783 1455 23 20 är
824 1455 52 19 1810
893 1462 49 19 upp-
