1070 1739
803 153 36 18 353

126 219 92 26 folkade,
238 221 54 17 samt
311 220 103 18 närmaste
430 218 65 26 högre
511 217 97 20 läroverk
624 220 23 17 är
662 217 7 20 i
685 210 55 31 Åbo,
756 217 27 26 på
798 219 74 18 sexton

128 254 46 19 mils
190 253 82 20 afstånd
288 252 44 20 från
349 252 136 27 Björneborg,
501 252 30 19 till
548 252 51 26 följe
614 251 76 20 hvaraf
703 257 86 14 numera
799 251 74 20 endast

129 288 25 19 de
172 288 5 19 i
193 287 133 20 ekonomiskt
348 286 99 21 afseende
470 286 68 21 bättre
561 286 90 21 lottades
675 286 51 20 barn
747 285 72 20 kunna
833 285 40 20 för-

129 321 67 20 skaffa
218 321 31 26 sig
272 328 25 13 en
318 321 64 27 högre
403 321 102 26 bildning,
525 324 26 17 än
568 327 44 14 som
628 321 6 19 i
652 320 91 20 nämnda
758 319 59 21 skola
833 319 40 20 kan

128 355 109 20 inhemtas.
268 355 136 27 Björneborg,
424 361 44 14 som
484 355 114 20 kanhända
613 355 48 20 icke
678 357 47 18 utan
742 354 45 20 skäl
802 354 73 27 plägar

129 389 66 20 kallas
214 389 26 20 de
259 389 117 21 materiella
394 390 127 19 intressenas
537 389 58 26 härd,
612 396 50 13 vore
678 389 54 20 dock
749 389 85 20 framför
849 388 26 20 de

130 423 60 20 flesta
208 423 66 21 andra
288 424 69 20 städer
372 425 5 17 i
395 424 65 20 behof
473 424 23 19 af
509 426 30 18 ett
553 424 133 26 fullständigt
701 423 106 25 läroverk,
823 423 52 19 hvil-

130 458 36 20 ket
186 458 84 20 komme
285 460 30 18 att
329 458 93 20 lifvande
438 458 37 20 och
492 458 122 20 förädlande
631 458 89 20 inverka
736 457 26 27 på
778 457 42 20 alla
835 457 40 19 för-

131 491 111 21 hållanden
258 493 6 19 i
281 492 69 21 denna
364 492 62 20 trakt.
456 492 30 20 Af
499 499 27 13 en
542 492 144 26 medföljande
701 491 134 27 förteckning
850 491 26 26 på

131 526 108 20 elevernas
258 527 56 20 antal
330 527 6 19 i
351 526 141 27 Björneborgs
511 528 60 19 skola
586 527 45 19 från
648 526 22 20 år
690 526 52 20 1722
757 526 30 20 till
803 528 73 17 närva-

131 560 64 20 rande
211 561 30 19 tid
256 561 98 27 framgår,
370 564 29 17 att
414 562 128 20 elevantalet
557 562 45 19 från
618 561 72 26 början
702 561 23 19 af
734 559 143 21 innevarande

131 595 59 21 sekel:
209 596 53 19 varit
277 596 6 19 i
297 597 53 25 jemt
364 596 95 27 stigande
475 596 55 20 ända
545 596 32 20 till
593 596 22 20 år
633 596 61 25 1829,
710 595 26 20 då
752 594 73 20 skolan
842 600 35 13 var

133 630 73 20 besökt
220 630 23 20 af
256 630 41 20 218
313 630 111 27 lärjungar.
448 630 80 20 Genast
543 630 53 20 efter
612 630 128 20 inrättandet
755 629 22 20 af
789 634 87 22 gymna-

132 665 51 19 sium
200 664 6 20 i
222 657 47 27 Åbo
292 665 56 27 aftog
368 665 132 26 elevantalet,
521 666 38 19 och
579 664 91 27 nedgick
687 664 23 20 år
728 662 98 28 1867Btill
842 663 36 19 sitt

134 699 106 20 minimum
263 700 52 20 eller
337 700 33 24 72,
392 700 106 20 hvarefter
521 700 115 20 detsamma
656 699 46 20 åter
721 698 37 20 har
773 698 58 26 stigit
846 696 31 20 till

134 732 46 21 109.
209 733 85 20 Erhölle
313 734 72 20 skolan
406 734 44 20 åter
468 734 208 26 gymnasialklasser,
692 733 22 19 så
730 732 66 21 skulle
812 732 66 26 enligt

134 767 150 26 petitionärens
304 766 53 28 åsigt
376 768 80 20 antalet
475 768 71 20 elever
562 770 56 18 snart
634 774 42 20 nog
692 766 70 28 uppnå
777 767 31 19 sin
824 766 55 20 förra

134 802 55 26 höjd,
206 808 33 14 om
255 802 19 26 ej
290 802 114 27 öfverstiga
418 803 129 19 densamma.
724 802 2 2 |

202 836 33 20 3:0
256 838 29 18 ett
304 837 22 19 af
343 837 132 20 handlanden
491 837 154 26 Neppenström
661 836 32 20 till
709 836 106 26 vällofliga
830 835 49 20 Bor-

135 870 133 27 gareståndet
290 871 90 27 ingifvet
402 872 216 26 petitionsmemorial,
642 871 59 19 hvari
723 870 98 20 förmäles
844 872 36 19 att,

136 904 46 21 med
203 905 115 27 anledning
336 905 24 19 af
377 912 25 13 en
420 905 131 27 underdånig
567 905 87 26 petition
670 905 24 20 af
709 905 51 20 1863
776 904 33 20 års
825 906 54 18 stän-

137 940 43 25 der,
196 939 58 20 Hans
270 939 117 27 Kejserliga
403 940 97 24 Majestät
513 946 76 20 genom
601 939 64 27 nådig
676 940 122 25 förordning
808 938 24 20 af
840 938 40 20 den

137 973 25 20 30
185 973 55 20 Mars
266 974 51 19 1865
338 973 76 20 bifallit
435 974 30 19 till
486 974 128 19 inrättandet
629 974 6 19 i
650 973 93 20 Joensuu
758 973 45 20 stad
819 972 23 21 af
855 979 26 14 en

137 1008 65 26 högre
225 1007 177 21 elementarskola
424 1008 47 20 med
495 1008 46 26 fyra
561 1008 79 19 klasser
661 1008 39 19 och
717 1007 82 20 finskan
814 1007 67 20 såsom

136 1042 230 26 undervisningsspråk,
389 1042 87 20 hvarvid
501 1049 47 13 man
569 1042 26 20 då
614 1042 64 20 redan
700 1042 48 27 hyst
765 1042 40 20 den
821 1041 62 20 säkra

137 1076 148 27 förhoppning,
300 1078 30 18 att
345 1077 70 19 denna
430 1077 67 23 skola,
513 1077 81 20 såsnart
610 1076 100 21 behofvet
723 1076 74 21 sådant
809 1075 74 28 påkal-

137 1111 54 25 lade,
214 1110 68 21 skulle
302 1111 150 26 kompletteras
470 1111 31 20 till
517 1111 131 27 fullständigt
663 1109 221 27 elementarläroverk,

138 1145 36 20 der
192 1145 40 20 den
250 1145 127 20 vidsträckta
392 1145 103 20 Karelska
512 1146 123 26 provinsens
651 1145 69 20 finska
734 1145 83 20 talande
833 1151 50 20 ung-

139 1179 48 20 dom
208 1179 70 20 kunde
299 1180 63 19 vinna
381 1180 80 20 tillfälle
477 1182 31 18 att
524 1180 92 20 inhemta
632 1180 77 27 nödiga
723 1180 120 26 kunskaper
859 1179 26 26 på

139 1213 148 20 modersmålet
309 1213 31 20 för
362 1215 82 19 inträde
464 1215 33 19 till
517 1215 82 20 landets
618 1215 109 26 högskola.
758 1214 71 20 Under
844 1214 41 20 den

139 1247 104 27 tiderymd
259 1247 23 20 af
295 1254 36 13 sex
347 1248 29 26 år,
392 1255 44 14 som
452 1249 75 20 skolan
545 1249 52 20 varit
609 1249 6 19 i
627 1249 140 25 verksamhet,
780 1249 38 19 har
828 1248 57 20 elev-

139 1282 79 20 antalet
240 1282 109 20 efterhand
372 1283 92 26 tilltagit,
480 1283 6 19 i
503 1283 131 20 förhållande
655 1283 31 20 till
701 1283 116 26 allmogens
833 1283 53 20 efter

139 1319 83 17 senaste
244 1317 124 20 missvextår
384 1317 130 20 förbättrade
530 1317 139 20 ekonomiska
685 1317 75 26 vilkor,
775 1317 23 20 så
812 1319 31 18 att
857 1317 28 20 lä-

139 1351 99 19 roverket
258 1357 28 13 nu
301 1351 76 20 räknar
392 1351 80 20 inemot
487 1351 113 20 etthundra
614 1351 78 20 elever.
722 1352 9 19 I
748 1351 138 20 betraktande

140 1385 23 20 af
176 1385 36 20 det
227 1385 85 20 resultat
326 1385 86 20 skolans
428 1386 136 20 verksamhet
578 1386 65 20 redan
659 1393 27 12 nu
702 1386 37 19 har
752 1387 31 18 att
793 1385 94 26 uppvisa,

141 1419 39 20 och
204 1419 26 20 då
252 1419 93 20 Joensuu
365 1421 53 24 stad,
438 1420 91 27 belägen
545 1420 34 20 vid
596 1420 129 27 mynningen
741 1419 23 20 af
777 1419 40 20 den
833 1421 56 18 stora

141 1453 109 26 Pielis-elf,
273 1459 44 14 som
340 1454 84 20 förenar
444 1461 25 13 en
492 1454 77 26 mängd
586 1455 23 19 af
621 1454 83 20 landets
719 1456 75 18 största
809 1456 80 18 vatten-

142 1488 58 26 drag,
220 1487 62 20 äfven
298 1488 6 19 i
320 1488 122 20 merkantilt
457 1488 120 20 hänseende
593 1491 60 23 utgör
668 1488 174 26 centralpunkten
859 1488 31 19 för

800 1521 22 16 23
