1070 1739
817 147 34 19 409

125 211 109 21 skrifvelse
250 212 22 19 af
285 211 39 21 den
346 213 21 18 11
388 211 96 21 sistlidne.
507 212 40 27 Maj
570 213 110 20 framställt
703 212 25 20 de
752 212 51 25 skäl,
827 218 44 14 som

125 246 117 20 förorsakat
258 248 28 18 att
303 246 25 19 Vi
343 245 47 21 icke
414 246 79 20 kunnat
515 249 77 24 antaga
614 247 40 20 den
677 246 117 27 förklaring
809 247 23 19 af
845 247 26 20 24

126 281 39 19 och
181 281 25 20 29
223 283 21 22 $$
260 281 6 19 i
282 280 187 27 Konkursstadgan
493 281 40 20 den
549 281 12 20 9
577 281 120 20 November
722 281 60 26 1868,
805 287 43 14 som
865 281 7 19 i

126 315 70 26 Nädig
211 315 129 26 proposition
357 315 124 26 föreslagits.

473 380 10 22 $
501 379 32 19 16.

195 423 35 20 Uti
246 423 130 27 underdänig
392 423 110 20 skrifvelse
513 424 22 20 af
544 424 39 20 den
596 424 24 20 15
634 425 110 19 nästvikne
759 425 40 25 Maj
812 424 61 20 hafva

127 458 27 19 Vi
170 458 69 20 anfört
254 458 26 20 de
296 458 51 26 skäl,
368 458 46 20 med
434 458 100 20 afseende
549 458 12 20 å
577 458 71 20 hvilka
663 459 27 19 Vi
706 460 18 25 ej
741 459 80 19 kunnat
836 464 36 14 an-

128 494 48 24 taga
191 492 57 20 Hans
264 492 116 26 Kejserliga
396 492 105 26 Majestäts
524 492 83 28 Nädiga
622 494 128 26 proposition
766 500 32 12 om
815 492 57 20 anvi-

128 526 64 20 sande
215 527 23 19 af
258 527 73 27 anslag
354 527 29 19 till
408 527 113 20 understöd
541 527 30 20 för
592 528 25 20 de
638 528 122 20 kommuner
774 528 7 19 i
797 527 77 25 landet,

128 561 73 20 hvilka
216 564 35 17 äro
268 561 46 20 med
330 561 143 27 ingvartering
489 562 22 19 af
526 563 84 25 trupper
626 562 51 20 eller
697 562 90 20 militära
802 562 71 19 inrätt-

129 596 73 26 ningar
217 596 79 20 svärasi
312 596 126 26 betungade.

475 668 10 22 S
504 666 31 19 17.

198 710 56 20 Hans
277 710 116 28 Kejserliga
415 712 108 26 Majestäts
544 712 82 26 Nädiga
641 712 128 26 proposition
785 710 89 20 rörande

132 744 157 21 bestämmande
304 746 22 19 af
340 746 40 20 den
401 746 37 26 tid,
457 747 57 19 inom
538 746 85 20 hvilken
646 746 126 20 skadeständ
788 746 7 19 i
812 745 62 20 brott-

131 779 40 19 mål
190 779 36 19 bör
241 780 91 25 utsökas,
349 780 37 20 har
401 780 23 20 af
438 780 39 20 Oss
493 780 69 20 blifvit
579 783 90 24 antagen
689 780 45 20 med
752 780 25 20 de
793 779 82 20 föränd-

131 814 77 26 ringar,
224 814 72 20 hvilka
311 815 116 19 innehällas
443 816 5 18 i
465 814 53 20 Värt
538 815 143 27 underdäniga
696 822 47 13 svar
758 814 23 20 af
793 814 40 20 den
852 814 24 19 18

131 848 101 20 sistvikne
249 848 48 26 Maj.

478 915 10 21 $
506 914 31 18 18.

200 957 40 20 Det
252 957 22 20 af
287 957 56 20 Hans
358 958 117 26 Kejserliga
491 958 95 27 Majestät
597 959 6 19 i
613 958 69 27 Nädig
693 958 127 27 proposition
838 957 38 20 Oss

131 991 109 27 törelagda
255 991 77 27 förslag
347 992 30 19 till
395 992 124 27 författning
542 992 109 27 angående
676 993 90 19 forntida
787 992 89 19 minnes-

133 1025 96 20 märkens
252 1026 100 20 fredande
376 1026 38 20 och
440 1027 126 25 bevarande,
582 1027 61 20 hafve
658 1027 34 24 Vi,
712 1027 46 19 med
775 1026 104 20 särskilda

132 1060 145 27 förändringar
292 1061 38 19 och
347 1061 80 26 tillägg,
451 1061 80 26 antagit
549 1061 38 20 och
604 1061 73 20 sädant
693 1061 27 19 uti
738 1060 140 26 underdänigt

132 1095 106 19 svarsbref
251 1095 23 19 af
287 1095 39 20 den
349 1095 24 19 18
393 1095 142 26 nyssförlidne
558 1096 40 25 Maj
622 1096 37 19 hos
681 1095 57 20 Hans
761 1095 117 26 Kejserliga

133 1129 95 26 Majestät
243 1129 6 19 i
266 1129 166 26 underdänighet
448 1129 172 27 tillkännagifvit.

480 1200 10 21 $
510 1199 30 18 19.

201 1243 57 20 Efter
274 1243 35 20 det
324 1243 57 20 Hans
396 1243 119 26 Kejserliga
530 1244 102 26 Majestät,
646 1244 3 19 i
660 1244 113 26 anledning
785 1243 23 20 af
818 1243 60 20 väckt

133 1277 77 27 förslag
225 1284 34 13 om
275 1277 122 27 förändring
412 1278 22 19 af
448 1279 96 24 grunden
565 1279 30 19 för
616 1278 166 27 tolagsafgiftens
806 1277 72 20 beräk-

135 1312 75 25 nande,
229 1312 29 19 uti
281 1312 68 27 Nädig
372 1313 129 26 proposition
525 1313 138 20 öfverlemnat
684 1313 70 19 denna
776 1312 59 26 fråga
850 1311 30 20 till

134 1347 42 19 Vär
193 1346 128 27 behandling
337 1349 53 17 samt
405 1347 68 20 tillika
499 1347 102 20 infordrat
625 1347 51 20 Värt
691 1346 144 26 underdäniga
850 1348 29 17 ut-

134 1381 84 20 lätande
234 1381 59 20 öfver
308 1381 104 20 särskilda
427 1381 39 20 den
484 1381 119 27 föreslagna
618 1381 114 20 reformens
747 1381 134 26 tillämpning

134 1415 99 20 afseende
256 1418 94 17 närmare
374 1415 165 27 bestämningar,
562 1415 60 20 hafve
642 1416 25 19 Vi
691 1416 28 19 uti
740 1414 141 27 underdänigt

134 1449 106 21 svarsbref
253 1450 22 19 af
287 1449 40 20 den
343 1450 24 19 21
385 1449 112 20 nästvikne
522 1451 39 25 Maj
585 1450 77 19 anmält
682 1452 31 17 att
734 1449 41 20 den
798 1449 82 26 Nädiga

133 1484 156 27 propositionen
314 1484 46 20 icke
384 1484 80 20 kunnat
479 1484 23 20 af
516 1484 40 20 Oss
571 1484 125 20 oförändrad.
718 1486 87 24 antagas
828 1486 53 17 samt
