1070 1739
813 143 35 18 359

202 208 96 20 Derefter
314 208 36 20 har
366 207 114 20 Allmänna
497 207 192 20 Besvärsutskottei
707 207 89 20 medelst
811 208 68 25 proto-

134 242 131 27 kolisutdrag
280 242 23 20 af
315 241 41 21 den
372 242 42 20 6:te
429 241 59 27 April
506 242 54 19 ifrån
583 241 36 21 det
640 241 137 21 Hedervärda
798 240 81 21 Bonde-

135 277 83 20 ständet
233 277 38 19 fätt
286 278 105 25 emottaga
406 276 159 20 nedananförda
577 277 7 18 i
599 282 79 14 samma
693 279 62 17 ämne
766 275 30 20 dit
806 275 74 20 inlem-

135 311 54 20 nade
205 311 121 26 petitioner:

204 345 32 20 3:0
259 345 23 20 af
300 345 203 27 landtdagsmannen
526 345 106 25 Heikkilä,
648 351 45 14 som
708 345 90 20 emedan
814 345 67 26 bygg-

137 380 67 20 naden
226 379 38 20 och
285 380 131 20 underhället
431 380 24 20 af
467 379 261 27 kyrkoherdeboställena,
744 379 73 20 hvilka
831 385 50 14 van-

137 415 56 25 ligen
217 414 97 26 uppföras
338 414 104 26 betydligt
463 416 66 18 större
552 414 39 20 och
614 414 156 25 kostsammare,
786 416 27 17 än
828 412 55 21 hvad

138 448 34 27 lag
186 448 92 26 stadgar,
298 448 42 20 ofta
358 448 62 27 gifvit
438 448 114 26 anledning
567 448 30 20 till
614 448 99 26 oenighet
728 448 90 20 emellan
833 448 50 26 kyr-

137 482 133 20 koherdarne
292 482 39 20 och
355 482 218 27 församlingsboerne,
589 482 95 20 anhäller
704 488 33 14 om
760 482 64 20 sädan
847 484 36 18 än-

137 517 62 26 dring
214 517 23 19 af
250 518 12 18 2
278 519 10 22 $
303 517 6 19 i
326 517 25 20 26
368 517 88 26 kapitlet
471 516 23 20 af
503 516 204 28 Byggningabalken
722 518 30 19 att
767 516 116 27 kyrkoher-

139 551 71 26 darne,
226 552 7 18 i
248 551 67 20 likhet
337 551 47 20 med
407 551 137 20 innehafvare
563 551 23 20 af
603 551 64 20 andra
687 550 110 27 boställen,
812 550 73 20 älades

139 585 74 27 sjelfve
229 585 71 27 bygga
315 585 39 21 och
370 585 125 21 underhålla
509 586 31 20 sin
556 585 116 27 prestgärd,
688 585 55 21 dock
758 584 48 21 med
816 584 69 20 vilkor

139 622 30 18 att
184 620 38 20 der
238 620 147 26 prestgärdens
401 620 53 26 skog
472 620 49 20 icke
537 620 90 26 försloge
642 620 31 20 till
690 620 195 27 byggnadsämnen,

139 653 93 24 socknen
248 654 67 22 skulle
329 654 96 21 anskaffa
440 654 115 27 desamma,
570 654 39 21 och
624 655 60 20 anför
699 655 140 26 petitionären
855 654 31 20 till

139 691 45 20 stöd
200 691 32 19 för
248 691 31 19 sin
296 690 104 25 anhällan,
416 692 30 18 att
461 689 185 27 kyrkoherdarnes
662 689 178 27 tjenstegöromäl,
854 695 31 14 se-

139 726 41 20 dan
196 725 140 27 fattigvärden
354 724 69 20 blifvit
438 724 48 20 dem
503 724 117 26 fräntagen,
631 724 104 27 betydligt
745 723 141 26 förminskats,

140 762 47 18 utan
204 762 30 18 att
249 759 69 27 nägon
334 766 28 19 ny
378 761 64 24 tunga
457 758 52 20 eller
525 759 64 27 nägot
605 759 73 27 afdrag
692 759 7 19 i
714 759 61 20 deras
789 758 36 20 lön
840 758 47 20 der-

139 795 22 20 af
174 794 52 27 följt.
256 794 10 20 I
281 794 69 20 denna
367 794 89 26 petition
476 793 27 20 ha
519 794 120 20 sedermera
660 793 227 27 landtdagsmännerne

139 830 74 26 Tolpo,
229 828 97 20 Maunula
340 828 40 20 och
396 828 111 20 Kiviranta
521 828 82 20 förenat
617 827 38 27 sig.

208 864 33 20 4:0
256 863 23 20 af
293 863 202 26 landtdagsmannen
511 863 88 25 Peltola,
614 869 45 13 som
675 862 47 20 med
737 860 116 22 anförande
867 860 22 20 af

139 899 26 20 de
180 898 142 26 olägenheter,
338 904 45 13 som
399 897 136 27 tillskyndats
551 897 58 20 säväl
623 896 117 28 löngifvare
760 902 45 14 som
821 895 65 20 lönta-

140 940 50 20 gare
204 933 24 20 af
241 932 35 20 det
291 939 27 13 nu
338 932 99 26 brukliga
457 933 64 19 sättet
539 932 32 20 för
592 931 183 26 prestaflöningen,
794 929 95 25 föreslär,

141 968 23 26 a)
178 969 33 18 att
226 967 166 26 presterskapets
412 965 95 27 aflöning
526 965 68 21 skulle
616 965 105 20 beräknas
743 963 144 22 hufvudsakli-

141 1005 46 25 gast
202 1003 7 19 i
224 1001 102 27 spanmål,
341 1001 79 20 hälften
437 1000 37 27 råg
490 1001 40 19 och
546 1000 78 20 hälften
646 999 59 26 korn,
720 1001 54 18 samt
789 998 31 20 till
836 998 51 19 min-

141 1037 36 20 dre
194 1037 33 20 del
242 1037 6 19 i
266 1036 127 27 penningar;
410 1035 22 27 b)
448 1037 31 18 att
493 1035 30 20 all
539 1035 78 26 tionde,
633 1041 49 14 vare
697 1035 31 26 sig
748 1033 23 21 af
786 1032 101 27 spanmäl,

141 1074 55 18 smör
212 1071 53 20 eller
280 1071 46 26 fisk,
342 1072 52 18 samt
410 1071 40 19 den
467 1077 15 12 s.
500 1069 21 20 k.
538 1069 149 27 gviektionden
702 1068 67 21 skulle
785 1073 102 15 samman-

142 1107 40 20 slås
194 1106 39 20 och
249 1105 83 27 utbytas
348 1106 56 19 emot
416 1111 26 13 en
452 1104 40 19 viss
504 1104 62 27 afgift
583 1104 3 19 i
603 1103 94 27 spanmäl
704 1103 52 20 eller
763 1101 126 28 penningar,

142 1141 34 20 vid
192 1139 168 26 bestämmandet
375 1139 23 20 af
412 1139 61 19 hvars
489 1138 80 20 storlek
584 1137 100 25 afseende
705 1137 64 20 borde
792 1136 64 20 fästas
876 1135 13 20 ä

143 1175 54 20 hvad
212 1177 7 17 i
234 1175 58 19 säväl
307 1174 113 25 allmänna,
436 1179 44 14 som
496 1173 34 20 för
545 1172 96 21 enskilda
660 1173 56 19 orter
735 1169 98 30 gällande
848 1169 40 20 för-

142 1209 113 26 fattningar
270 1209 66 19 finnes
351 1207 146 26 föreskrifvet;
517 1208 22 26 c)
554 1209 30 18 att
598 1206 177 27 päskpenningar,
791 1204 98 27 dagsver-

142 1245 41 19 ken
199 1244 39 20 och
255 1243 97 26 samtliga
368 1242 81 20 mindre
463 1241 159 26 lönepersedlar
637 1239 68 21 likasä
722 1239 67 20 skulle
804 1238 85 26 utbytas

143 1281 56 18 emot
218 1279 62 25 vissa,
300 1277 108 20 bestämda
428 1276 85 27 afgifter
533 1276 53 20 efter
607 1281 79 14 samma
706 1274 73 27 grund,
795 1279 44 14 som
855 1279 34 13 om

143 1313 86 20 tionden
244 1312 56 20 förut
314 1314 22 17 är
351 1311 94 25 nämndt,
465 1310 76 20 hvilka
559 1310 84 27 afgifter
662 1309 64 21 borde
747 1307 104 22 beräknas
866 1306 24 20 sä

143 1347 98 26 rundligt,
256 1348 31 18 att
301 1347 107 25 presterne
432 1345 124 26 derigenom
576 1344 78 27 jemväl
677 1343 68 21 blefve
765 1345 76 18 ersatte
857 1340 33 21 för

143 1382 49 20 dem
208 1388 27 13 nu
250 1379 160 21 tillkommande
426 1379 83 20 likstols
525 1379 117 26 penningar
657 1378 40 20 och
712 1378 38 20 kor
765 1378 55 19 samt
830 1381 59 15 arvo-

143 1416 40 19 den
200 1415 32 20 för
247 1414 123 27 sjukbesök;
394 1413 25 28 d)
434 1416 30 18 att
479 1414 118 26 ersättning
612 1413 32 20 för
658 1411 137 22 förenämnde
810 1409 80 27 utskyl-

143 1449 37 21 der
196 1449 68 20 skulle
280 1449 125 20 bestämmas
421 1449 6 18 i
443 1448 96 27 enlighet
555 1447 47 21 med
617 1448 29 19 tio
662 1447 32 20 ärs
708 1445 140 26 medelvärde,
859 1444 32 21 sä-

142 1484 64 20 lunda
221 1485 31 18 att
271 1482 26 20 de
315 1482 91 27 afgifter,
423 1482 72 20 hvilka
519 1482 37 20 det
579 1481 79 21 härtills
681 1481 69 27 älegat
771 1480 120 20 hemmans-
