1070 1739
827 128 34 18 149

139 195 19 25 ej
176 195 82 20 mindre
278 193 26 20 de
322 193 7 20 i
342 192 192 27 jordeboksräntan
557 191 107 27 ingående
687 192 98 20 särskilta
807 195 84 24 persed-

140 228 66 26 larne,
222 231 26 16 än
264 227 72 20 tionde
352 238 25 3 —
393 226 40 20 och
454 225 206 27 vakansspanmålen
681 228 53 17 samt
749 227 68 26 öfrige
833 227 5 19 i
855 229 37 19 säd

141 262 109 21 bestämda
265 261 110 26 utskylder
390 260 32 20 till
438 259 84 20 kronan
534 259 52 20 eller
596 260 217 26 indelningshafvare,
824 261 68 21 skulle

141 295 112 20 framdeles
269 294 103 21 beräknas
390 294 32 19 för
442 294 73 26 hvarje
531 293 30 20 &r'
571 294 53 20 efter
639 294 146 20 medelvärdet
800 295 24 20 af
837 295 55 21 årets

141 329 40 20 och
201 329 27 20 de
248 328 175 27 nästföregående
443 328 78 25 fjorton
541 327 62 20 årens
621 328 138 27 markegång.
792 329 101 21 Deremot

141 363 120 20 förklarade
284 362 155 26 Ridderskapet
461 362 40 20 och
525 362 68 20 Adeln
609 364 53 18 samt
677 362 158 21 Bondeståndet
851 363 40 20 den

141 397 138 20 åstadkomne
305 397 139 26 utredningen
467 396 24 20 af
512 396 74 27 frågan
614 397 199 26 tillfyllestyörande
839 400 53 18 samt

142 432 104 25 föreslogo
262 431 32 19 för
309 431 31 19 sin
357 431 33 19 del
406 432 30 18 att
451 430 12 20 å
479 437 26 13 en
519 430 184 26 jordeboksrubel,
719 431 81 19 hvilket
812 431 79 20 skatte-

142 466 28 20 tal
185 465 112 21 framdeles
319 465 83 20 komme
425 466 31 18 att
478 464 116 20 benämnas
617 464 82 20 ”skatt”
722 464 39 21 och
777 465 114 20 fördelas
881 460 14 35 i

141 499 139 26 tiondedelar,
291 498 67 20 skulle
372 499 7 19 i
395 498 70 20 stället
480 498 32 20 för
529 498 54 21 hvad
594 499 7 19 i
612 498 75 20 sådant
698 498 100 21 afseende
812 499 79 20 härför-

141 534 65 19 innan
222 533 55 20 varit
292 532 110 26 faststäldt,
419 532 106 20 beräknas
545 532 108 26 persedlar
668 533 38 19 och
723 532 103 21 kontanta
841 540 51 20 pen-

142 568 75 26 ningar
232 567 32 20 till
282 566 93 26 följande
402 566 84 27 belopp,
503 566 115 27 nemligen:
641 567 7 19 i
663 567 102 26 Nylands,
788 561 48 27 Åbo
851 568 41 20 och

142 601 146 27 Björneborgs,
309 600 136 26 Tavastehus,
465 600 30 21 S:t
510 601 95 26 Michels,
624 601 82 26 Kuopio
721 602 39 19 och
777 601 64 21 Wasa
856 602 35 20 län

142 636 46 26 fyra
203 635 81 26 kappar
300 634 100 27 spanmål,
416 634 80 20 hälften
513 634 37 27 råg
565 635 40 20 och
624 635 81 19 hälften
720 635 52 21 korn
788 638 55 18 samt
857 636 36 20 två

141 670 81 26 kappar
237 669 66 25 hafre,
318 668 38 20 och
373 669 5 19 i
395 668 118 26 Uleåborgs
529 669 34 19 län
579 669 48 26 fyra
645 669 81 26 kappar
741 670 95 26 spanmål
852 670 39 20 och

141 710 27 13 en
183 703 70 26 kappe
273 702 65 26 hafre,
358 702 109 20 äfvensom
483 703 6 19 i
505 703 96 26 Nylands
620 703 34 19 län
673 704 7 18 1
700 703 60 20 mark
778 704 27 19 38
820 704 72 26 penni,

142 738 6 19 i
163 731 48 27 Åbo
235 737 39 20 och
297 736 140 28 Björneborgs
456 737 34 19 län
514 738 6 18 1
544 737 59 19 mark
622 738 12 19 5
653 738 71 25 penni,
739 738 7 19 i
761 738 130 20 Tavastehus

143 772 33 19 län
194 772 9 19 1
221 771 58 20 mark
296 771 25 19 45
337 771 71 25 penni,
424 771 6 19 i
448 770 31 20 8:t
494 771 89 20 Michels
602 771 34 20 län
654 772 8 18 1
681 771 58 20 mark
756 772 25 19 63
797 772 72 26 penni,
884 772 7 20 i

143 806 81 26 Kuopio
239 806 34 19 län
292 806 8 18 1
318 805 58 20 mark
393 805 25 19 73
435 806 71 25 penni,
526 806 3 18 i
547 805 66 20 Wasa
631 806 34 19 län
683 807 9 18 1
710 806 58 20 mark
785 806 25 20 65
827 806 64 26 penni

142 840 40 20 och
197 840 6 19 i
218 839 118 27 Uleåborgs
358 839 33 19 län
412 840 13 19 2
446 839 58 19 mark
526 839 10 20 1
557 839 75 26 penni;
655 839 116 27 hvarjemte
793 840 98 26 samtlige

143 874 109 26 utskylder
267 873 32 20 till
314 873 80 20 kronan
414 873 39 19 och
472 872 210 28 indelningshafvare
699 873 64 20 borde
779 874 111 26 beräknas,

142 908 28 26 på
184 910 41 18 sätt
239 907 157 21 Presteståndet
410 907 116 26 föreslagit,
542 907 53 20 eller
610 908 52 19 efter
678 907 78 21 femton
767 908 34 20 års
812 908 79 20 medel-

143 942 137 26 markegång,
292 932 111 29 Yfvensom
422 941 81 20 kronan
523 942 40 19 och
583 942 79 19 enskilt
682 942 209 26 indelningshafvare

142 977 18 26 ej
177 977 55 25 egde
246 977 42 18 rätt
303 977 29 18 att
348 975 31 19 till
394 975 121 26 leverering
534 975 76 26 fordra,
630 975 40 20 och
686 976 142 26 räntegifvare
843 976 48 20 icke

143 1011 65 20 heller
223 1011 42 18 rätt
279 1011 30 18 att
324 1009 68 20 dertill
412 1009 88 26 erbjuda
520 1015 45 14 mer
583 1012 26 17 än
628 1009 79 20 hälften
722 1010 23 19 af
758 1010 132 26 afradsspan-

143 1044 69 20 målen
228 1044 40 20 och
283 1043 85 25 hafren;
386 1043 40 20 och
441 1043 86 20 komme
542 1043 68 20 forlön
625 1045 30 18 att
671 1043 103 20 beräknas
790 1044 75 19 endast
879 1044 13 20 å

143 1079 35 20 det
194 1078 84 26 belopp,
294 1084 43 13 som
353 1077 23 20 af
389 1077 41 20 den
446 1077 90 20 sålunda
551 1077 31 20 till
598 1077 119 27 leverering
732 1077 82 20 tillåtna
829 1084 61 20 span-

142 1113 69 30 målen
227 1112 40 20 och
283 1111 72 20 hafren
371 1111 48 20 med
436 1112 117 25 penningar
569 1111 70 20 löstes.

210 1146 32 20 Då
260 1145 87 20 sålunda
365 1145 65 26 något
449 1145 103 26 lagenligt
571 1145 67 20 beslut
655 1145 89 20 rörande
760 1145 40 20 den
817 1145 29 20 uti
862 1145 30 20 of-

143 1181 132 21 vanberörde
290 1180 83 26 Nådiga
388 1179 131 26 proposition
539 1179 130 20 framställda
683 1179 59 26 fråga
757 1179 48 20 icke
820 1179 72 20 kunde

143 1216 24 20 af
180 1215 118 20 Ständerna
313 1213 162 26 åstadkommas,
491 1213 119 20 förklarade
626 1213 58 20 Hans
699 1213 118 26 Kejserliga
827 1213 65 26 Maje-

142 1251 41 19 stät
198 1255 80 14 samma
293 1247 129 27 proposition
439 1247 52 26 böra
507 1247 83 20 förfalla
609 1247 39 20 och
666 1247 55 20 tillät
736 1247 103 26 derjemte
855 1247 36 20 Se-

143 1286 73 18 natens
238 1281 281 26 Ekonomie-Departement
541 1283 30 18 att
593 1283 45 18 utse
657 1281 39 20 och
712 1281 32 20 till
759 1281 132 26 Helsingfors

142 1318 46 19 stad
208 1315 153 22 sammankalla
381 1315 66 26 några
465 1315 134 26 sakkunnige
622 1315 39 20 och
682 1315 28 20 uti
729 1315 162 26 ifrågavarande

142 1355 62 17 ämne
220 1351 82 20 erfarne
317 1353 54 22 män,
386 1349 73 20 hvilka
474 1349 70 20 såsom
560 1349 130 20 komiterade
706 1349 55 26 egde
777 1349 115 20 verkställa

142 1387 36 19 det
192 1385 103 26 uppdrag,
311 1390 42 13 som
367 1383 53 20 varit
431 1383 69 20 afsedt
515 1383 32 20 för
563 1383 40 20 den
620 1383 29 20 uti
665 1383 157 26 propositionen
838 1383 53 20 före-

141 1420 74 25 slagna
230 1418 106 24 komitén;
351 1417 39 20 och
407 1417 62 20 hafva
483 1417 98 20 särskilte
597 1418 6 19 i
618 1417 75 20 sådant
708 1417 101 20 afseende
823 1417 68 20 inkal-

139 1454 48 19 lade
203 1452 131 21 komiterade
350 1452 5 19 i
372 1451 91 20 nämnde
482 1452 46 19 stad
549 1451 185 20 sammankommit
749 1451 41 20 den
808 1452 24 19 15
849 1451 42 20 Ok-
