1070 1739
217 133 34 19 248

253 197 84 22 mindre
358 198 136 29 stadganden
515 199 96 21 rörande
629 198 96 22 vilkoren
739 197 41 28 för
791 197 143 28 främmande

254 232 176 22 trosbekännares
452 235 45 19 rätt
516 235 33 20 att
569 233 61 21 bilda
645 233 67 21 skildt
726 232 207 29 religionssamfund

253 268 9 19 i
277 267 79 26 landet,
373 269 29 19 än
417 267 38 22 ock
470 266 163 29 bestämningar
647 267 111 28 angående
773 269 65 19 sättet
848 267 41 28 för
899 266 33 28 öf-

254 302 94 28 vergång
361 301 59 28 från
439 302 242 28 evangelisk-lutherska
696 301 187 22 trosbekännelsen
898 301 35 22 till

249 335 140 29 främmande
403 337 77 25 sådan,
497 337 39 21 och
551 339 100 24 tvertom;

323 371 22 25 b)
366 371 36 28 lag
422 378 33 14 om
473 371 109 21 mosaiska
601 371 39 21 och
654 371 71 21 andra
740 370 45 21 icke
799 370 86 22 kristna
900 370 33 21 be-

254 404 107 22 kännares
383 407 45 19 rätt
450 408 32 19 att
501 406 8 20 i
528 405 74 21 landet
624 405 60 21 bilda
706 405 96 27 kyrkligt
823 405 111 27 samfund,

248 439 67 27 jemte
336 439 129 21 dithörande
487 439 136 29 stadganden
644 446 34 14 om
699 438 119 28 öfvergäng
832 438 59 28 från
909 446 25 14 en

257 473 173 22 trosbekännelse
445 474 35 21 till
495 480 25 15 en
535 480 87 20 annan;
636 476 55 19 samt

322 511 21 23 6)
360 508 36 28 lag
415 516 33 14 om
467 516 80 14 ansvar
557 508 42 28 för
610 508 191 28 proselytmakeri;
814 508 73 22 hvilka
903 509 29 21 la-

254 550 42 21 gar
315 543 64 21 borde
396 544 78 21 ställas
489 544 9 20 i
512 543 220 28 öfverensstämmelse
746 543 47 21 med
808 543 126 21 hvarandra

255 578 38 21 och
307 578 113 28 samtidigt
434 578 108 28 utfärdas.

254 625 75 20 Derest
348 625 182 26 oöfvervinneliga
550 624 74 20 hinder
644 624 42 20 tills
707 624 72 21 vidare
795 624 31 21 stä
841 625 7 19 i
864 628 67 24 vägen

186 659 32 20 för
234 660 147 26 uppfyllandet
396 660 23 20 af
431 660 47 25 den,
494 660 31 19 för
541 659 105 20 vinnande
662 660 23 19 af
697 659 114 27 ömsesidig
821 660 110 26 likställig-

187 694 35 20 het
238 694 46 20 fullt
301 694 137 27 berättigade,
454 694 79 20 önskan
550 700 33 14 om
600 694 147 26 upphäfvande
762 694 23 20 af
793 694 96 20 förbudet
900 694 32 20 för

186 728 162 27 grekisk-ryska
363 728 164 21 trosbekännare
543 730 36 25 att,
595 731 37 17 när
647 729 25 19 de
688 728 74 20 sådant
776 728 75 27 sjelfva
862 728 69 20 ästun-

188 763 32 26 da,
236 763 87 27 öfvergä
338 763 30 20 till
384 763 107 21 lutherska
506 763 65 26 läran,
585 763 23 20 sä
618 763 70 20 kunde
700 762 65 20 likväl
777 763 155 20 ofvannämnda

186 798 60 26 lagar
262 798 119 20 oberoende
396 798 62 20 häraf
472 798 98 26 utfärdas,
586 804 47 13 men
644 798 7 19 i
662 797 75 21 sädant
752 797 35 20 fall
803 798 65 19 förses
885 798 46 20 med

187 834 30 18 ett
239 832 123 27 sluttillägg:
385 832 90 27 ”genom
497 833 62 19 dessa
581 832 147 26 författningar
748 832 48 20 sker
815 832 65 26 ingen
896 835 35 17 än-

188 866 60 27 dring
268 867 24 19 af
309 866 55 21 hvad
379 867 7 19 i
402 867 99 20 afseende
517 867 12 19 å
544 866 162 28 grekisk-ryska
726 866 164 21 trosbekännare
910 869 22 17 är

187 901 117 27 stadgadt”.

255 946 137 28 Helsingfors,
408 947 41 20 den
464 948 26 19 23
506 947 61 26 April
584 947 60 20 1872.

391 1044 117 21 Finlands
523 1045 117 20 Ständers
656 1044 161 25 underdäniga
831 1044 100 26 petition

322 1085 31 14 om
368 1079 125 27 dissenterlag
508 1081 47 19 samt
569 1079 32 27 lag
615 1081 39 18 mot
668 1078 166 27 proselytmakeri.

186 1141 206 27 Stormäktigste,
407 1142 192 27 Allernädigste
610 1142 106 27 Kejsare
726 1142 45 19 och
782 1141 148 21 Storfurste!

254 1198 42 21 Vid
311 1199 70 20 denna
395 1199 101 28 landtdag
511 1200 37 19 har
559 1200 56 20 inom
626 1199 155 20 Presteständet
791 1199 70 20 blifvit
869 1199 61 20 fram-

186 1233 64 20 stäldt
266 1235 29 18 ett
309 1233 178 28 petitionsförslag
502 1235 7 19 i
525 1234 35 20 det
575 1234 60 27 syfte,
651 1236 29 18 att
690 1233 80 20 Eders
785 1233 146 27 Kejserliga

185 1267 117 26 Majestät
317 1268 7 19 i
338 1267 72 21 Näder
431 1269 50 20 ville
500 1269 109 26 förelägga
626 1268 83 20 landets
728 1267 89 21 Ständer
837 1268 93 26 proposi-

186 1301 43 20 tion
250 1308 34 13 om
302 1309 26 13 en
344 1302 145 28 dissenterlag,
505 1302 227 21 öfverensstämmande
748 1302 47 20 med
811 1302 40 19 den
866 1309 65 13 sanna

185 1335 204 27 religionsfrihetens
408 1337 140 27 grundsatser,
563 1338 7 19 i
585 1337 86 20 hvilken
691 1336 69 21 skulle
777 1336 50 27 ingä
843 1337 18 26 ej
879 1336 51 20 min-

186 1369 37 20 dre
238 1371 130 26 stadganden
384 1377 34 14 om
434 1371 55 20 hvad
505 1378 43 14 som
565 1375 22 16 är
602 1374 30 17 att
647 1371 106 26 iakttagas
764 1371 26 20 dä
800 1371 130 20 fremmande

185 1404 172 27 trosbekännare,
372 1405 74 21 hvilka
460 1409 55 17 ännu
530 1406 47 20 icke
593 1406 27 26 pä
632 1405 66 27 grund
711 1405 22 20 af
742 1405 79 20 härtills
833 1405 97 27 gällande

184 1439 148 27 författningar
354 1441 75 26 utgöra
450 1440 63 20 skildt
533 1439 198 28 religionssamfund
746 1439 7 20 i
769 1439 78 26 landet,
863 1439 67 21 önska

184 1473 57 20 bilda
264 1475 31 18 ett
316 1473 80 27 sädant,
419 1477 54 17 samt
491 1475 130 26 stadganden
641 1474 57 20 säväl
717 1480 34 13 om
766 1474 62 20 dessa
842 1480 45 13 som
903 1475 25 19 de
