1070 1739
801 129 33 18 141

119 196 34 15 ten
169 193 60 25 korn,
246 193 65 23 hafra,
329 195 62 23 smör,
412 192 43 26 talg
477 193 40 19 och
541 193 102 20 kontanta
665 193 124 26 penningar.
820 193 49 20 För-

120 226 107 21 hållandet
242 226 88 20 emellan
352 227 62 19 dessa
429 227 5 19 i
451 227 40 19 den
509 233 42 20 nya
570 227 177 26 undervisningen
763 227 106 26 ingående

121 261 107 26 persedlar
251 260 45 19 blef
316 267 75 20 genom
415 261 83 26 Nådiga
521 261 145 26 Kungörelsen
688 261 22 19 af
726 261 41 19 den
787 262 12 18 5
815 261 54 19 Mars

123 296 50 19 1841
192 298 97 16 närmare
305 295 104 20 bestämdt
424 295 96 26 sålunda,
536 297 31 18 att
584 296 8 18 1
610 295 130 20 skatterubel
756 295 68 19 skulle
839 297 30 17 ut-

121 332 61 23 göras
205 329 23 19 af
249 329 11 19 3
284 329 80 26 kappar
387 328 118 27 spannmål,
529 330 9 18 1
564 329 68 26 kappe
652 329 65 25 hafre,
738 329 11 19 3
766 328 103 26 skålpund

121 366 61 21 smör,
207 363 12 20 2
241 363 103 26 skålpund
368 363 44 27 talg
434 365 54 18 samt
511 363 102 20 kontanta
635 363 117 27 penningar
776 363 32 18 till
833 362 37 19 föl-

119 397 64 25 jande
200 397 83 26 belopp,
299 397 115 26 nemligen:
431 398 6 19 i
453 397 96 26 Nylands
565 397 34 20 län
620 398 22 19 10
659 397 77 26 kopek,
751 397 6 19 i
768 390 47 27 Åbo
831 396 38 20 och

123 431 139 26 Björneborgs
281 431 33 20 län
334 432 12 19 5
366 431 78 26 kopek,
460 432 6 19 i
483 431 131 20 Tavastehus
634 431 34 19 län
688 432 23 19 15
727 431 77 25 kopek,
820 431 6 19 i
842 431 30 19 S:t

124 465 85 20 Michels
230 465 34 19 län
284 465 26 19 20
329 465 77 26 kopek,
423 466 6 18 i
446 465 81 26 Kuopio
546 466 33 18 län
599 466 26 19 24
641 465 78 26 kopek,
735 465 6 19 i
759 465 64 19 Wasa
838 465 39 19 län'

126 500 22 19 17
165 499 70 27 kopek
252 500 38 19 och
307 500 6 18 i
329 499 117 27 Uleäborgs
461 500 34 19 län
517 500 27 19 22
563 499 76 27 kopek.
674 499 139 20 Derförinnan
837 504 36 14 var

121 533 78 26 jemväl
220 533 103 27 stadgadt,
343 536 30 17 att
392 534 143 26 grundräntan
553 534 68 19 skulle
638 533 104 20 beräknas
758 533 38 20 och
813 535 58 23 utgö-

123 574 33 13 ras
176 567 54 20 efter
250 567 201 27 medelmarkegäng
474 568 32 19 för
531 568 25 19 10
579 568 29 24 år,
624 568 104 26 nemligen
746 567 35 20 det
797 567 28 25 är,
841 566 32 20 för

125 601 81 21 hvilket
221 602 122 19 densamma
358 602 84 20 erlades
457 602 39 20 och
513 601 187 27 nästförutgängne
716 602 12 19 9
744 601 29 20 är.

192 636 58 20 Efter
266 636 36 20 det
316 636 90 20 nämnde
422 636 288 26 räntepersedleomsättning
720 636 56 20 trädt
790 636 7 19 i
813 634 59 21 verk-

125 670 107 26 ställighet
248 670 22 20 är
288 670 59 26 1850,
366 670 27 20 dä
416 670 51 20 1849
491 670 34 20 års
548 670 129 26 grundränta
692 670 6 19 i
714 670 159 20 öfverensstäm-
890 668 5 3 ”

126 704 64 20 melse
207 704 45 20 med
270 704 121 20 densamma
406 704 98 26 uppbars,
521 704 44 26 har,
579 704 65 26 enligt
656 704 55 20 hvad
724 704 151 26 markegängs-

125 741 89 17 taxorna
228 738 32 20 för
276 739 71 25 hvarje
367 738 23 20 af
408 739 26 19 de
454 738 147 26 efterföljande
617 738 51 20 ären
684 738 54 20 ända
754 738 31 20 till
801 741 73 16 närva-

125 772 65 20 rande
211 773 28 19 tid
260 773 73 25 utvisa,
350 772 35 20 det
400 772 133 20 förhällande
549 774 36 25 egt
600 779 53 19 rum,
674 774 30 18 att
721 772 154 26 grundräntans

125 806 208 26 förvandlingsvärde
360 807 52 19 varit
436 807 6 19 i
465 806 108 20 oafbrutet
595 806 103 27 stigande,
722 806 22 20 sä
767 808 30 18 att
819 806 58 19 detta

125 840 63 20 värde
205 840 30 20 för
250 847 26 13 en
293 840 135 25 skatterubel,
445 847 43 13 som
506 841 34 19 vid
557 840 155 27 omsättningen
728 840 53 20 efter
795 840 79 19 femton

125 874 33 19 års
175 874 199 27 medelmarkegäng
391 875 68 25 jemnt
478 874 134 20 motsvarade
632 881 26 13 en
674 874 59 20 rubel
750 874 79 25 silfver,
844 880 31 13 re-

126 908 40 20 dan
183 908 31 20 för
230 908 23 20 är
271 909 52 19 1862
338 909 104 25 utgjorde,
459 909 54 19 efter
531 909 24 19 10
571 909 33 19 ärs
620 908 112 26 medelpris

232 943 7 18 i
258 943 95 25 Nylands
384 958 4 4 .
420 957 3 4 .
455 957 4 4 .
490 957 4 4 .
525 943 34 19 län
579 943 8 18 1
605 942 45 20 rub.
668 942 52 26 41",
746 942 35 25 kp.

228 991 12 12 5
256 969 48 27 Åbo
319 976 39 21 och
374 976 144 26 Björneborgs
537 992 11 11 n
583 977 7 18 I
622 991 12 12 &
670 975 64 28 Sa
762 991 11 12 s

228 1025 11 12 »
256 1010 130 21 Tavastehus
537 1026 12 11 a
583 1012 7 17 I
622 1025 11 12 »
670 1010 103 27 Oon»

228 1060 12 11 »
257 1044 30 20 S:t
302 1045 86 19 Michels
535 1059 12 12 »
580 1045 7 18 1
620 1059 12 12 »
668 1045 53 26 39%
760 1059 12 11 »n

229 1093 11 12 »
257 1079 81 26 Kuopio
537 1093 12 12 »
582 1079 9 18 1
622 1094 12 11 n
670 1078 75 27 4815
763 1093 11 12 9

228 1127 12 12 »
256 1113 66 19 Wasa
537 1128 12 11 ”
583 1113 7 18 1
670 1112 64 27 38%
762 1127 11 12 »

230 1161 11 13 »
258 1147 117 26 Uleåborgs
539 1162 11 11 n
584 1148 7 17 1
624 1161 11 12 a
672 1146 64 27 dV
763 1161 12 12 m

127 1183 55 17 samt
201 1187 87 14 numera
307 1180 80 27 uppgår
402 1181 6 18 i
426 1180 25 20 de
472 1180 61 20 flesta
554 1181 34 19 län
608 1181 31 19 till
658 1183 55 17 ännu
732 1180 65 27 något
814 1179 65 26 högre

128 1215 83 26 belopp.

196 1249 144 20 Omförmälda
356 1248 139 25 förhällande,
513 1248 84 20 hvartill
618 1248 89 20 orsaken
730 1250 80 18 ansetts
830 1248 51 20 böra

128 1283 69 26 sökas,
219 1283 48 20 icke
286 1283 90 20 allenast
397 1283 30 19 uti
450 1283 157 19 varuvärdenas
630 1282 106 20 allmänna
759 1282 122 26 förhöjning

127 1317 41 20 och
186 1317 61 20 deraf
264 1317 133 26 härflytande
417 1317 65 26 högre
502 1316 309 27 markegångsbestämningar,
831 1318 48 17 utan

128 1351 61 20 äfven
206 1351 6 20 i
232 1351 39 20 den
296 1351 162 26 omständighet,
481 1352 31 18 att
535 1351 41 20 den
599 1357 42 20 nya
664 1351 186 26 undervisningen,
874 1351 7 18 i

129 1387 66 18 större
219 1386 121 25 proportion
355 1387 26 18 än
398 1385 26 20 de
444 1385 78 26 gamla,
546 1386 102 25 upptager
672 1385 114 26 persedlar,
809 1384 73 20 hvilka

129 1419 147 20 underkastats
300 1419 64 26 högre
388 1418 286 27 markegångsförvandling,
689 1421 25 17 än
730 1418 60 20 fallet
808 1420 73 25 antag-

129 1453 56 26 ligen
201 1453 68 20 skulle
285 1453 53 20 varit
354 1453 46 20 med
417 1453 91 19 flertalet
524 1453 23 19 af
560 1452 27 21 de
602 1453 55 19 förra
676 1452 143 26 persedlarne,
836 1452 45 20 der-
