1070 1739
797 144 33 17 157

250 205 25 27 1/,
291 205 106 26 skålpund
412 207 63 18 smör.

251 241 8 18 1
278 239 207 26 drengedagsverke.

250 273 26 20 84
292 273 63 26 penni
371 273 96 20 kontant.

428 334 64 21 Wasa
508 334 48 21 län:

250 374 40 27 21/,
306 375 81 26 kappar
402 374 103 27 spanmäl.

250 409 13 20 2
278 408 83 26 lispund
377 408 34 20 hö.

253 444 7 18 1
278 442 105 26 skälpund
398 444 63 18 smör.

251 477 9 19 1
278 476 208 26 drengedagsverke.

250 510 26 20 96
292 510 64 26 penni
371 510 96 20 kontant.

397 570 118 29 Uleåborgs
535 572 50 20 län:

250 612 13 20 2
278 612 80 26 kappar
374 611 103 26 spanmäl.

250 646 13 19 2
278 645 82 27 lispund
377 645 35 20 hö.

252 680 8 19 1
279 679 103 26 skälpund
398 681 62 18 smör.

252 714 9 18 1
278 712 206 27 drengedagsverke.

252 748 8 19 1
279 747 59 20 mark
354 747 24 19 31
396 747 65 26 penni
477 746 94 21 kontant.

182 815 42 20 För
238 817 31 18 att
284 814 134 28 ädagalägga
437 814 234 21 öfverensstämmelsen
687 816 90 20 emellan
793 816 27 21 de
835 824 28 13 nu

114 848 121 28 föreslagna
250 849 40 21 och
305 849 25 20 de
346 849 71 27 gamla
434 848 147 27 persedlarnes
599 849 111 21 sannolika
724 850 140 28 prisstegring

115 883 66 27 enligt
194 883 231 27 markegängstaxorna
439 882 32 20 för
486 882 27 21 de
528 883 107 26 tjugufyra
649 883 51 21 ären
717 884 146 28 1825—1848,

115 917 63 20 hafva
192 917 131 21 komiterade
336 918 100 26 uppgjort
451 923 26 14 en
493 916 117 28 beräkning
626 917 23 20 af
661 917 144 22 förstnämnde
815 926 48 19 per-

114 952 80 19 sedlars
209 951 67 27 ärliga
291 951 145 26 prisstegring,
452 950 87 20 hvilken
558 950 118 27 beräkning
692 952 77 20 utvisar
785 954 31 18 att
831 952 32 20 &r-

114 985 44 26 liga
173 985 163 26 prisskillnaden
352 985 48 20 icke
416 984 81 27 uppgär
513 985 31 19 till
555 989 64 21 mera,
630 987 27 18 än
668 985 66 27 nägra
744 985 119 22 hundrade-

114 1018 59 21 delar
188 1019 23 20 af
224 1025 26 14 en
266 1019 82 26 kopek;
363 1018 104 21 likaledes
482 1018 64 20 hafva
564 1018 30 20 till
609 1019 123 25 jemförelse
747 1022 116 24 upprättats

114 1053 138 26 uträkningar
267 1053 58 20 öfver
341 1052 25 21 de
381 1053 71 26 gamla
466 1052 41 21 och
522 1059 28 13 nu
565 1053 105 26 gällande,
681 1053 108 21 äfvensom
804 1054 60 20 öfver

115 1087 26 20 de
156 1087 24 20 af
199 1087 53 20 1864
272 1086 33 21 års
324 1087 86 25 komite,
434 1087 23 20 af
478 1086 156 26 Ridderskapet
655 1087 38 20 och
716 1087 70 20 Adeln
809 1090 55 18 samt

114 1120 158 21 Bondeständet
286 1121 107 20 äfvensom
404 1121 24 20 af
436 1120 131 21 komiterade
582 1121 120 26 föreslagne
716 1121 149 26 persedlarnes

115 1155 79 20 värden
210 1155 7 19 i
232 1155 131 20 förhällande
379 1155 31 19 till
431 1154 96 27 rubeltal,
547 1155 66 25 enligt
633 1155 233 27 markegängstaxorna

114 1189 33 20 för
169 1189 50 20 ären
245 1189 145 26 1840—1848,
414 1189 51 20 eller
488 1189 58 20 tiden
568 1188 54 20 ifrän
638 1189 155 27 omsättningen
809 1190 55 19 intill

115 1224 47 19 dess
178 1223 26 20 de
220 1223 46 20 frän
283 1223 39 20 den
342 1229 43 20 nya
405 1223 181 26 undervisningen
605 1223 103 20 uteslutne
726 1223 138 26 persedlarne

114 1257 108 26 upphörde
238 1259 30 18 att
283 1257 81 26 intagas
380 1257 7 19 i
403 1257 241 26 markegängstaxorna;
664 1257 72 20 hvilka
756 1257 107 20 uträknin-

114 1298 38 20 gar
164 1291 80 26 jemväl
260 1290 138 27 ädagalägga,
414 1292 32 18 att
460 1291 36 19 det
512 1291 23 19 af
548 1290 130 20 komiterade
694 1291 117 26 uppgjorda
822 1291 41 20 för-

114 1325 45 26 slag
175 1325 7 19 i
198 1325 89 20 berörde
306 1325 120 19 hänseende
446 1326 93 18 närmast
557 1324 197 20 öfverensstämmer
774 1324 47 20 med
838 1325 27 19 de

114 1359 71 26 gamla
208 1359 212 26 undervisningarne;
444 1359 109 19 hvaremot
573 1358 26 20 de
620 1358 68 25 öfriga
703 1358 106 27 förslagen
825 1359 39 19 och

115 1393 41 19 den
172 1399 28 13 nu
215 1392 97 27 gällande
335 1393 180 26 undervisningen
538 1392 67 20 förete
623 1394 66 18 större
708 1392 52 20 eller
783 1392 82 21 mindre

114 1426 116 20 afvikelser
245 1426 99 20 derifrän.
