1070 1739
799 149 33 18 291

189 213 144 22 Skollärarnes
349 213 59 20 löner
422 213 60 26 höjas
494 212 64 27 något
568 212 59 21 öfver
635 212 27 21 de
671 211 127 26 nuvarande,
806 212 60 19 hvar-

118 249 66 26 jemte
200 247 156 21 lärarelönerna
366 247 36 20 vid
414 246 155 21 normalskolan
582 244 46 23 med
640 243 66 30 några
716 246 81 20 hundra
808 246 59 19 mark

121 282 129 27 öfverskjuta
270 281 45 20 dem
336 281 34 20 vid
391 281 104 20 likartade
510 281 104 26 läroverk,
630 281 26 20 dä
672 281 35 20 det
721 281 7 20 i
742 281 124 27 lärarebild-

122 318 90 25 ningens
231 317 88 19 intresse
339 315 67 20 mäste
424 322 61 13 anses
501 315 159 20 önskvärdt.att
676 315 25 20 de
717 313 60 22 bästa
791 315 75 20 förmä-

121 357 67 20 gorna
208 351 52 19 söka
275 350 38 20 och
328 350 65 20 vinna
408 350 130 27 anställning
553 349 38 20 vid
605 356 25 13 en
647 349 147 21 normalskola.
825 350 41 20 Me-

123 385 32 20 del
175 385 31 20 till
222 385 123 26 förbättring
360 385 24 20 af
396 385 93 20 lärarnes
505 384 59 21 läner
580 384 74 22 skulle,
669 385 7 19 i
692 384 100 21 händelse
807 387 60 18 stats-

123 419 84 20 verkets
230 419 111 27 tillgängar
364 419 48 19 icke
432 419 111 26 medgäfve
564 425 41 20 nya
621 419 91 26 utgifter,
728 419 88 20 beredas
831 426 35 20 ge-

123 459 47 14 nom
191 453 126 27 indragning
335 453 23 20 af
372 453 78 20 sädana
465 452 103 27 läroverk,
584 459 44 14 som
643 452 71 20 lättast
729 453 72 20 kunna
815 453 52 20 und-

123 494 67 19 varas,
209 488 27 26 pä
252 488 34 20 det
301 489 29 19 att
345 487 21 21 åt
381 487 25 21 de
422 488 68 26 öfriga
506 494 32 13 om
555 487 39 20 ock
610 487 31 19 till
658 487 78 21 antalet
751 488 53 19 färre
819 487 48 21 sko-

124 522 60 20 lorna
202 522 26 20 all
246 522 72 27 möjlig
333 528 83 20 omsorg
432 522 63 20 mätte
510 522 71 20 kunna
597 528 70 20 egnas.
698 522 99 20 Deremot
812 522 55 20 frän-

123 556 37 27 går
175 556 162 27 öfverstyrelsen
354 557 40 20 den
410 562 75 22 genom
502 556 78 27 nådiga
596 556 140 25 kungörelsen
753 557 23 20 af
789 557 40 20 den
841 556 25 20 15

124 590 60 27 April
206 592 54 19 1869
284 591 100 27 stadgade
404 591 109 26 principen
533 597 33 13 om
585 590 102 27 personel.
698 590 170 28 löneförhöjning

124 624 38 20 och
179 628 101 24 upptager
295 626 6 19 i
317 625 47 20 dess
380 625 60 20 ställe
456 624 39 20 den
513 624 56 20 förra
584 624 150 28 anordningen,
751 628 30 18 att
790 632 76 20 genom

124 660 143 20 fastställande
290 660 31 19 för
344 660 111 20 enahanda
478 660 87 25 tjenster
585 659 34 20 vid
640 666 80 14 samma
735 660 97 20 läroverk
848 660 23 20 af

124 694 114 20 successivt
252 694 96 26 stigande
364 694 42 20 fixa
421 693 133 27 lönebelopp,
570 694 74 20 hvilka
658 694 53 20 efter
726 694 59 20 älder
797 695 7 19 i
815 695 52 26 tjen-

125 731 44 17 sten
193 728 109 27 tillträdas,
325 728 78 20 bereda
425 728 26 20 de
457 727 72 21 äldre
548 728 82 20 lärarne
650 726 64 29 något
730 728 66 21 bättre
811 728 58 21 löne-

125 763 74 20 vilkor.

192 797 10 20 1
218 797 99 21 afseende
332 797 12 20 &
358 797 110 21 skolornas
485 797 56 20 antal
557 796 39 21 och
611 796 108 28 placering
730 804 61 15 anser
802 797 67 21 öfver-

125 832 104 26 styrelsen
245 832 92 26 följande
353 831 142 27 anordningar
510 831 71 20 kunna
595 831 155 27 ifrägakomma
764 834 30 18 att
808 832 61 20 fram-

126 866 64 26 deles,
214 866 51 20 efter
288 866 87 20 särskild
398 866 99 26 pröfning
517 866 22 20 af
557 866 207 22 förhandenvarande
780 868 90 18 omstän-

126 900 102 27 digheter,
244 894 139 33 genomföras.
406 900 173 20 Normalskolans
589 900 92 20 svenska
691 900 108 28 afdelning
811 907 59 20 gvar-

126 932 85 23 stannar
226 935 6 19 i
247 935 131 26 Helsingfors
393 935 39 20 och
448 942 26 12 en
491 934 55 20 finsk
562 934 142 21 normalskola
716 936 87 19 inrättas
813 935 6 19 i
831 935 39 19 Ta-

127 969 103 20 vastehus.
252 969 62 20 Utom
331 969 61 20 dessa
406 971 78 19 tvenne
499 969 62 20 skola
576 969 135 27 fullständiga
724 969 73 27 lyceer
811 969 59 20 kom-

127 1010 33 14 ma
183 1005 31 18 att
236 1003 66 20 finnas
320 1003 33 20 till
373 1005 29 18 ett
422 1003 55 20 antal
493 1003 24 20 af
530 1004 38 26 sju,
584 1003 104 27 nemligen
704 1004 7 19 i
727 997 53 32 Äbo,
795 1003 76 26 Borgä,

128 1038 88 27 Kuopio,
231 1038 71 26 Wasa,
317 1037 123 27 Jyväskylä.
456 1037 107 28 Uleäborg
579 1039 39 18 och
629 1037 98 28 Wiborg;
738 1037 54 21 dock
803 1037 69 20 skulle

128 1073 55 20 hvad
202 1071 91 28 Wiborg
313 1072 98 20 beträffar
427 1073 35 20 det
477 1072 86 20 komma
578 1074 29 18 att
623 1072 49 20 bero
688 1073 22 19 af
723 1079 26 14 en
765 1073 38 20 der
817 1072 54 20 före-

128 1107 71 27 slagen
216 1107 114 20 realskolas
346 1107 117 27 framgäng,
478 1107 104 20 huruvida
596 1106 47 21 icke
659 1107 69 20 denna
742 1107 55 20 stads
810 1106 65 20 behof

128 1141 70 20 kunde
214 1147 62 21 anses
291 1141 53 26 fyldt
360 1141 22 20 af
396 1143 30 18 ett
440 1141 83 26 lyceum
540 1141 47 20 med
603 1141 47 25 fyra
659 1141 86 20 klasser.
765 1141 55 26 Fyra
830 1140 42 27 fyr-

128 1176 93 27 klassiga
235 1176 72 26 lyceer
322 1166 67 40 skulle
406 1175 106 28 förläggas
523 1176 7 19 i
541 1175 183 28 Gamla-Karleby,
735 1175 138 28 Björneborg,

128 1211 84 26 Nyslott
230 1210 39 20 och
284 1210 152 26 Tammerfors;
451 1209 67 21 likväl
533 1210 29 26 sä,
578 1212 36 24 att,
628 1210 45 20 ifall
688 1210 40 21 den
748 1211 3 19 i
767 1210 106 20 Tammer-

129 1245 42 20 fors
190 1244 96 27 förlagde
300 1244 118 21 realskolan
434 1251 70 13 vunne
521 1244 39 20 den
577 1244 111 27 framgäng
703 1246 30 19 att
748 1245 40 20 den
804 1243 70 21 kunde

129 1279 97 27 utvidgas
248 1279 32 19 till
302 1278 47 27 fyra
372 1278 87 26 klasser,
481 1278 70 26 lyceet
571 1278 38 20 der
627 1278 83 21 komme
725 1281 30 18 att
769 1279 106 25 indragas,

129 1320 46 13 men
191 1314 7 19 i
214 1314 84 19 motsatt
317 1313 36 19 fall
373 1313 40 20 den
434 1311 56 22 förra
505 1315 31 18 att
550 1313 126 20 inskränkas
692 1313 30 20 till
739 1313 34 20 två
788 1313 87 19 klasser.

129 1348 10 19 I
154 1347 35 20 fall
206 1347 65 26 högre
286 1347 190 20 elementarskolan
492 1347 2 19 i
505 1347 142 20 Tammerfors
662 1347 67 20 skulle
746 1347 65 21 blifva
826 1346 49 20 obe-

131 1382 76 26 höflig,
222 1381 84 20 komme
321 1382 6 19 i
344 1381 47 20 dess
407 1381 60 20 ställe
483 1381 42 20 den
541 1381 120 20 nuvarande
676 1381 73 21 skolan
765 1382 6 19 i
787 1381 90 24 Heinola

130 1418 30 18 att
174 1415 60 21 bestä
248 1415 68 20 säsom
332 1415 124 28 fyrklassigt
469 1415 93 26 lyceum,
573 1415 108 21 hvaremot
692 1416 69 26 nägon
771 1415 107 20 realskola

132 1450 46 20 med
202 1449 36 20 två
260 1449 79 20 klasser
362 1449 48 20 icke
433 1449 67 20 skulle
521 1449 105 27 förläggas
646 1450 31 20 till
695 1449 129 21 sistnämnda
839 1452 39 17 ort.

130 1484 50 20 Fem
204 1483 127 27 fyrklassiga
351 1483 116 21 realskolor
485 1484 88 20 inrättas
588 1485 6 19 i
611 1484 137 27 Helsingfors,
763 1477 54 33 Åbo,
835 1484 43 19 Wi-
