<?xml version="1.0" encoding="UTF-8"?>
<alto xmlns="http://www.loc.gov/standards/alto/ns-v3#" xmlns:xlink="http://www.w3.org/1999/xlink" xmlns:xsi="http://www.w3.org/2001/XMLSchema-instance" xsi:schemaLocation="http://www.loc.gov/standards/alto/ns-v3# http://www.loc.gov/alto/v3/alto-3-0.xsd">
	<Description>
		<MeasurementUnit>pixel</MeasurementUnit>
		<sourceImageInformation>
			<fileName>/tmp/tess_o0vy8ppt_input.PNG</fileName>
		</sourceImageInformation>
		<OCRProcessing ID="OCR_0">
			<ocrProcessingStep>
				<processingSoftware>
					<softwareName>tesseract 5.3.4</softwareName>
				</processingSoftware>
			</ocrProcessingStep>
		</OCRProcessing>
	</Description>
	<Layout>
		<Page WIDTH="1070" HEIGHT="1739" PHYSICAL_IMG_NR="0" ID="page_0">
			<PrintSpace HPOS="0" VPOS="0" WIDTH="1070" HEIGHT="1739">
				<ComposedBlock ID="cblock_0" HPOS="271" VPOS="406" WIDTH="614" HEIGHT="97">
					<TextBlock ID="block_0" HPOS="271" VPOS="406" WIDTH="614" HEIGHT="97">
						<TextLine ID="line_0" HPOS="338" VPOS="406" WIDTH="546" HEIGHT="27">
							<String ID="string_0" HPOS="338" VPOS="407" WIDTH="175" HEIGHT="26" WC="0.90" CONTENT="Lagutskottets"/><SP WIDTH="15" VPOS="407" HPOS="513"/>
							<String ID="string_1" HPOS="528" VPOS="407" WIDTH="148" HEIGHT="20" WC="0.93" CONTENT="betänkande"/><SP WIDTH="11" VPOS="407" HPOS="676"/>
							<String ID="string_2" HPOS="687" VPOS="407" WIDTH="31" HEIGHT="20" WC="0.96" CONTENT="N:o"/><SP WIDTH="10" VPOS="407" HPOS="718"/>
							<String ID="string_3" HPOS="728" VPOS="407" WIDTH="30" HEIGHT="25" WC="0.79" CONTENT="16,"/><SP WIDTH="8" VPOS="407" HPOS="758"/>
							<String ID="string_4" HPOS="766" VPOS="407" WIDTH="7" HEIGHT="20" WC="0.79" CONTENT="i"/><SP WIDTH="8" VPOS="407" HPOS="773"/>
							<String ID="string_5" HPOS="781" VPOS="406" WIDTH="103" HEIGHT="26" WC="0.96" CONTENT="anledning"/>
						</TextLine>
						<TextLine ID="line_1" HPOS="271" VPOS="440" WIDTH="614" HEIGHT="28">
							<String ID="string_6" HPOS="271" VPOS="442" WIDTH="22" HEIGHT="21" WC="0.96" CONTENT="af"/><SP WIDTH="11" VPOS="442" HPOS="293"/>
							<String ID="string_7" HPOS="304" VPOS="442" WIDTH="28" HEIGHT="20" WC="0.96" CONTENT="ett"/><SP WIDTH="14" VPOS="442" HPOS="332"/>
							<String ID="string_8" HPOS="346" VPOS="441" WIDTH="30" HEIGHT="21" WC="0.93" CONTENT="till"/><SP WIDTH="16" VPOS="441" HPOS="376"/>
							<String ID="string_9" HPOS="392" VPOS="441" WIDTH="140" HEIGHT="27" WC="0.92" CONTENT="Ridderskapet"/><SP WIDTH="15" VPOS="441" HPOS="532"/>
							<String ID="string_10" HPOS="547" VPOS="441" WIDTH="35" HEIGHT="20" WC="0.93" CONTENT="och"/><SP WIDTH="15" VPOS="441" HPOS="582"/>
							<String ID="string_11" HPOS="597" VPOS="441" WIDTH="58" HEIGHT="21" WC="0.91" CONTENT="Adeln"/><SP WIDTH="10" VPOS="441" HPOS="655"/>
							<String ID="string_12" HPOS="665" VPOS="441" WIDTH="79" HEIGHT="26" WC="0.92" CONTENT="ingifvet"/><SP WIDTH="10" VPOS="441" HPOS="744"/>
							<String ID="string_13" HPOS="754" VPOS="440" WIDTH="131" HEIGHT="27" WC="0.91" CONTENT="petitionsme-"/>
						</TextLine>
						<TextLine ID="line_2" HPOS="271" VPOS="473" WIDTH="540" HEIGHT="30">
							<String ID="string_14" HPOS="271" VPOS="476" WIDTH="75" HEIGHT="25" WC="0.91" CONTENT="morial,"/><SP WIDTH="17" VPOS="476" HPOS="346"/>
							<String ID="string_15" HPOS="363" VPOS="475" WIDTH="96" HEIGHT="27" WC="0.96" CONTENT="angående"/><SP WIDTH="16" VPOS="475" HPOS="459"/>
							<String ID="string_16" HPOS="475" VPOS="475" WIDTH="82" HEIGHT="27" WC="0.96" CONTENT="ändring"/><SP WIDTH="15" VPOS="475" HPOS="557"/>
							<String ID="string_17" HPOS="572" VPOS="475" WIDTH="22" HEIGHT="21" WC="0.97" CONTENT="af"/><SP WIDTH="11" VPOS="475" HPOS="594"/>
							<String ID="string_18" HPOS="605" VPOS="474" WIDTH="12" HEIGHT="21" WC="0.96" CONTENT="7"/><SP WIDTH="15" VPOS="474" HPOS="617"/>
							<String ID="string_19" HPOS="632" VPOS="474" WIDTH="14" HEIGHT="29" WC="0.89" CONTENT="&amp;"/><SP WIDTH="15" VPOS="474" HPOS="646"/>
							<String ID="string_20" HPOS="661" VPOS="473" WIDTH="21" HEIGHT="22" WC="0.96" CONTENT="17"/><SP WIDTH="15" VPOS="473" HPOS="682"/>
							<String ID="string_21" HPOS="697" VPOS="475" WIDTH="44" HEIGHT="26" WC="0.91" CONTENT="kap."/><SP WIDTH="15" VPOS="475" HPOS="741"/>
							<String ID="string_22" HPOS="756" VPOS="475" WIDTH="21" HEIGHT="21" WC="0.91" CONTENT="R."/><SP WIDTH="15" VPOS="475" HPOS="777"/>
							<String ID="string_23" HPOS="792" VPOS="476" WIDTH="19" HEIGHT="21" WC="0.89" CONTENT="B."/>
						</TextLine>
					</TextBlock>
				</ComposedBlock>
				<ComposedBlock ID="cblock_1" HPOS="136" VPOS="538" WIDTH="748" HEIGHT="98">
					<TextBlock ID="block_1" HPOS="136" VPOS="538" WIDTH="748" HEIGHT="98">
						<TextLine ID="line_3" HPOS="203" VPOS="538" WIDTH="681" HEIGHT="29">
							<String ID="string_24" HPOS="203" VPOS="541" WIDTH="36" HEIGHT="20" WC="0.92" CONTENT="Uti"/><SP WIDTH="19" VPOS="541" HPOS="239"/>
							<String ID="string_25" HPOS="258" VPOS="538" WIDTH="192" HEIGHT="29" WC="0.88" CONTENT="protokollsutdrag"/><SP WIDTH="15" VPOS="538" HPOS="450"/>
							<String ID="string_26" HPOS="465" VPOS="538" WIDTH="32" HEIGHT="20" WC="0.97" CONTENT="för"/><SP WIDTH="16" VPOS="538" HPOS="497"/>
							<String ID="string_27" HPOS="513" VPOS="538" WIDTH="40" HEIGHT="20" WC="0.96" CONTENT="den"/><SP WIDTH="16" VPOS="538" HPOS="553"/>
							<String ID="string_28" HPOS="569" VPOS="538" WIDTH="26" HEIGHT="20" WC="0.93" CONTENT="23"/><SP WIDTH="17" VPOS="538" HPOS="595"/>
							<String ID="string_29" HPOS="612" VPOS="538" WIDTH="102" HEIGHT="20" WC="0.92" CONTENT="sistvikne"/><SP WIDTH="16" VPOS="538" HPOS="714"/>
							<String ID="string_30" HPOS="730" VPOS="538" WIDTH="101" HEIGHT="21" WC="0.96" CONTENT="Februari"/><SP WIDTH="16" VPOS="538" HPOS="831"/>
							<String ID="string_31" HPOS="847" VPOS="540" WIDTH="37" HEIGHT="20" WC="0.96" CONTENT="har"/>
						</TextLine>
						<TextLine ID="line_4" HPOS="136" VPOS="572" WIDTH="747" HEIGHT="30">
							<String ID="string_32" HPOS="136" VPOS="575" WIDTH="116" HEIGHT="27" WC="0.86" CONTENT="höglofliga"/><SP WIDTH="22" VPOS="575" HPOS="252"/>
							<String ID="string_33" HPOS="274" VPOS="574" WIDTH="155" HEIGHT="25" WC="0.92" CONTENT="Ridderskapet"/><SP WIDTH="19" VPOS="574" HPOS="429"/>
							<String ID="string_34" HPOS="448" VPOS="572" WIDTH="39" HEIGHT="20" WC="0.93" CONTENT="och"/><SP WIDTH="21" VPOS="572" HPOS="487"/>
							<String ID="string_35" HPOS="508" VPOS="572" WIDTH="70" HEIGHT="20" WC="0.93" CONTENT="Adeln"/><SP WIDTH="20" VPOS="572" HPOS="578"/>
							<String ID="string_36" HPOS="598" VPOS="572" WIDTH="32" HEIGHT="20" WC="0.93" CONTENT="till"/><SP WIDTH="15" VPOS="572" HPOS="630"/>
							<String ID="string_37" HPOS="645" VPOS="572" WIDTH="157" HEIGHT="26" WC="0.93" CONTENT="Lagutskottets"/><SP WIDTH="15" VPOS="572" HPOS="802"/>
							<String ID="string_38" HPOS="817" VPOS="574" WIDTH="66" HEIGHT="19" WC="0.91" CONTENT="hand-"/>
						</TextLine>
						<TextLine ID="line_5" HPOS="136" VPOS="606" WIDTH="439" HEIGHT="30">
							<String ID="string_39" HPOS="136" VPOS="610" WIDTH="103" HEIGHT="26" WC="0.92" CONTENT="läggning"/><SP WIDTH="15" VPOS="610" HPOS="239"/>
							<String ID="string_40" HPOS="254" VPOS="608" WIDTH="138" HEIGHT="20" WC="0.91" CONTENT="öfverlemnat"/><SP WIDTH="15" VPOS="608" HPOS="392"/>
							<String ID="string_41" HPOS="407" VPOS="606" WIDTH="168" HEIGHT="21" WC="0.91" CONTENT="nedanstäende:"/>
						</TextLine>
					</TextBlock>
				</ComposedBlock>
				<ComposedBlock ID="cblock_2" HPOS="151" VPOS="658" WIDTH="717" HEIGHT="27">
					<TextBlock ID="block_2" HPOS="151" VPOS="658" WIDTH="717" HEIGHT="27">
						<TextLine ID="line_6" HPOS="151" VPOS="658" WIDTH="717" HEIGHT="27">
							<String ID="string_42" HPOS="151" VPOS="659" WIDTH="222" HEIGHT="22" WC="0.41" CONTENT="”Petitionsmemorial"/><SP WIDTH="16" VPOS="659" HPOS="373"/>
							<String ID="string_43" HPOS="389" VPOS="658" WIDTH="30" HEIGHT="20" WC="0.93" CONTENT="till"/><SP WIDTH="17" VPOS="658" HPOS="419"/>
							<String ID="string_44" HPOS="436" VPOS="658" WIDTH="115" HEIGHT="27" WC="0.89" CONTENT="högloflige"/><SP WIDTH="16" VPOS="658" HPOS="551"/>
							<String ID="string_45" HPOS="567" VPOS="658" WIDTH="154" HEIGHT="26" WC="0.91" CONTENT="Ridderskapet"/><SP WIDTH="15" VPOS="658" HPOS="721"/>
							<String ID="string_46" HPOS="736" VPOS="659" WIDTH="40" HEIGHT="20" WC="0.93" CONTENT="och"/><SP WIDTH="15" VPOS="659" HPOS="776"/>
							<String ID="string_47" HPOS="791" VPOS="658" WIDTH="77" HEIGHT="21" WC="0.91" CONTENT="Adeln."/>
						</TextLine>
					</TextBlock>
				</ComposedBlock>
				<ComposedBlock ID="cblock_3" HPOS="132" VPOS="710" WIDTH="756" HEIGHT="779">
					<TextBlock ID="block_3" HPOS="132" VPOS="710" WIDTH="756" HEIGHT="779">
						<TextLine ID="line_7" HPOS="203" VPOS="710" WIDTH="680" HEIGHT="27">
							<String ID="string_48" HPOS="203" VPOS="712" WIDTH="35" HEIGHT="20" WC="0.92" CONTENT="Uti"/><SP WIDTH="17" VPOS="712" HPOS="238"/>
							<String ID="string_49" HPOS="255" VPOS="712" WIDTH="10" HEIGHT="19" WC="0.92" CONTENT="7"/><SP WIDTH="17" VPOS="712" HPOS="265"/>
							<String ID="string_50" HPOS="282" VPOS="714" WIDTH="11" HEIGHT="22" WC="0.92" CONTENT="$"/><SP WIDTH="17" VPOS="714" HPOS="293"/>
							<String ID="string_51" HPOS="310" VPOS="711" WIDTH="24" HEIGHT="19" WC="0.96" CONTENT="17"/><SP WIDTH="23" VPOS="711" HPOS="334"/>
							<String ID="string_52" HPOS="357" VPOS="710" WIDTH="48" HEIGHT="27" WC="0.90" CONTENT="kap."/><SP WIDTH="24" VPOS="710" HPOS="405"/>
							<String ID="string_53" HPOS="429" VPOS="710" WIDTH="23" HEIGHT="20" WC="0.93" CONTENT="R."/><SP WIDTH="23" VPOS="710" HPOS="452"/>
							<String ID="string_54" HPOS="475" VPOS="710" WIDTH="23" HEIGHT="19" WC="0.91" CONTENT="B."/><SP WIDTH="17" VPOS="710" HPOS="498"/>
							<String ID="string_55" HPOS="515" VPOS="710" WIDTH="92" HEIGHT="26" WC="0.91" CONTENT="stadgas,"/><SP WIDTH="21" VPOS="710" HPOS="607"/>
							<String ID="string_56" HPOS="628" VPOS="712" WIDTH="30" HEIGHT="18" WC="0.96" CONTENT="att"/><SP WIDTH="19" VPOS="712" HPOS="658"/>
							<String ID="string_57" HPOS="677" VPOS="712" WIDTH="48" HEIGHT="25" WC="0.93" CONTENT="eget"/><SP WIDTH="19" VPOS="712" HPOS="725"/>
							<String ID="string_58" HPOS="744" VPOS="711" WIDTH="83" HEIGHT="21" WC="0.92" CONTENT="husfolk"/><SP WIDTH="15" VPOS="711" HPOS="827"/>
							<String ID="string_59" HPOS="842" VPOS="713" WIDTH="41" HEIGHT="19" WC="0.96" CONTENT="och"/>
						</TextLine>
						<TextLine ID="line_8" HPOS="137" VPOS="744" WIDTH="746" HEIGHT="28">
							<String ID="string_60" HPOS="137" VPOS="746" WIDTH="97" HEIGHT="21" WC="0.93" CONTENT="enskilda"/><SP WIDTH="22" VPOS="746" HPOS="234"/>
							<String ID="string_61" HPOS="256" VPOS="746" WIDTH="87" HEIGHT="26" WC="0.92" CONTENT="tjenare,"/><SP WIDTH="20" VPOS="746" HPOS="343"/>
							<String ID="string_62" HPOS="363" VPOS="744" WIDTH="27" HEIGHT="20" WC="0.96" CONTENT="dä"/><SP WIDTH="19" VPOS="744" HPOS="390"/>
							<String ID="string_63" HPOS="409" VPOS="744" WIDTH="48" HEIGHT="20" WC="0.85" CONTENT="dei"/><SP WIDTH="16" VPOS="744" HPOS="457"/>
							<String ID="string_64" HPOS="473" VPOS="744" WIDTH="92" HEIGHT="26" WC="0.92" CONTENT="tjensten"/><SP WIDTH="20" VPOS="744" HPOS="565"/>
							<String ID="string_65" HPOS="585" VPOS="747" WIDTH="43" HEIGHT="22" WC="0.92" CONTENT="äro,"/><SP WIDTH="16" VPOS="747" HPOS="628"/>
							<String ID="string_66" HPOS="644" VPOS="745" WIDTH="19" HEIGHT="25" WC="0.92" CONTENT="ej"/><SP WIDTH="17" VPOS="745" HPOS="663"/>
							<String ID="string_67" HPOS="680" VPOS="744" WIDTH="20" HEIGHT="20" WC="0.92" CONTENT="fä"/><SP WIDTH="14" VPOS="744" HPOS="700"/>
							<String ID="string_68" HPOS="714" VPOS="746" WIDTH="7" HEIGHT="18" WC="0.93" CONTENT="i"/><SP WIDTH="17" VPOS="746" HPOS="721"/>
							<String ID="string_69" HPOS="738" VPOS="746" WIDTH="40" HEIGHT="20" WC="0.92" CONTENT="mäl"/><SP WIDTH="15" VPOS="746" HPOS="778"/>
							<String ID="string_70" HPOS="793" VPOS="747" WIDTH="90" HEIGHT="20" WC="0.91" CONTENT="rörande"/>
						</TextLine>
						<TextLine ID="line_9" HPOS="137" VPOS="778" WIDTH="746" HEIGHT="28">
							<String ID="string_71" HPOS="137" VPOS="780" WIDTH="108" HEIGHT="21" WC="0.91" CONTENT="husbonde"/><SP WIDTH="23" VPOS="780" HPOS="245"/>
							<String ID="string_72" HPOS="268" VPOS="780" WIDTH="82" HEIGHT="26" WC="0.92" CONTENT="aflägga"/><SP WIDTH="23" VPOS="780" HPOS="350"/>
							<String ID="string_73" HPOS="373" VPOS="778" WIDTH="119" HEIGHT="20" WC="0.92" CONTENT="vittnesmäl"/><SP WIDTH="23" VPOS="778" HPOS="492"/>
							<String ID="string_74" HPOS="515" VPOS="778" WIDTH="55" HEIGHT="20" WC="0.96" CONTENT="inför"/><SP WIDTH="20" VPOS="778" HPOS="570"/>
							<String ID="string_75" HPOS="590" VPOS="778" WIDTH="89" HEIGHT="20" WC="0.96" CONTENT="domstol"/><SP WIDTH="15" VPOS="778" HPOS="679"/>
							<String ID="string_76" HPOS="694" VPOS="779" WIDTH="7" HEIGHT="19" WC="0.96" CONTENT="i"/><SP WIDTH="15" VPOS="779" HPOS="701"/>
							<String ID="string_77" HPOS="716" VPOS="782" WIDTH="65" HEIGHT="18" WC="0.96" CONTENT="annat"/><SP WIDTH="20" VPOS="782" HPOS="781"/>
							<String ID="string_78" HPOS="801" VPOS="780" WIDTH="36" HEIGHT="20" WC="0.96" CONTENT="fall"/><SP WIDTH="19" VPOS="780" HPOS="837"/>
							<String ID="string_79" HPOS="856" VPOS="784" WIDTH="27" HEIGHT="17" WC="0.97" CONTENT="än"/>
						</TextLine>
						<TextLine ID="line_10" HPOS="137" VPOS="812" WIDTH="744" HEIGHT="30">
							<String ID="string_80" HPOS="137" VPOS="818" WIDTH="29" HEIGHT="18" WC="0.91" CONTENT="att"/><SP WIDTH="22" VPOS="818" HPOS="166"/>
							<String ID="string_81" HPOS="188" VPOS="815" WIDTH="55" HEIGHT="27" WC="0.86" CONTENT="groft"/><SP WIDTH="24" VPOS="815" HPOS="243"/>
							<String ID="string_82" HPOS="267" VPOS="814" WIDTH="55" HEIGHT="20" WC="0.96" CONTENT="brott"/><SP WIDTH="18" VPOS="814" HPOS="322"/>
							<String ID="string_83" HPOS="340" VPOS="814" WIDTH="56" HEIGHT="19" WC="0.96" CONTENT="inom"/><SP WIDTH="17" VPOS="814" HPOS="396"/>
							<String ID="string_84" HPOS="413" VPOS="813" WIDTH="61" HEIGHT="20" WC="0.92" CONTENT="huset"/><SP WIDTH="15" VPOS="813" HPOS="474"/>
							<String ID="string_85" HPOS="489" VPOS="812" WIDTH="56" HEIGHT="20" WC="0.96" CONTENT="skett"/><SP WIDTH="16" VPOS="812" HPOS="545"/>
							<String ID="string_86" HPOS="561" VPOS="812" WIDTH="39" HEIGHT="20" WC="0.96" CONTENT="och"/><SP WIDTH="15" VPOS="812" HPOS="600"/>
							<String ID="string_87" HPOS="615" VPOS="813" WIDTH="66" HEIGHT="20" WC="0.93" CONTENT="andra"/><SP WIDTH="15" VPOS="813" HPOS="681"/>
							<String ID="string_88" HPOS="696" VPOS="814" WIDTH="19" HEIGHT="25" WC="0.92" CONTENT="ej"/><SP WIDTH="16" VPOS="814" HPOS="715"/>
							<String ID="string_89" HPOS="731" VPOS="814" WIDTH="64" HEIGHT="21" WC="0.92" CONTENT="hafva"/><SP WIDTH="14" VPOS="814" HPOS="795"/>
							<String ID="string_90" HPOS="809" VPOS="818" WIDTH="72" HEIGHT="18" WC="0.92" CONTENT="närva-"/>
						</TextLine>
						<TextLine ID="line_11" HPOS="136" VPOS="847" WIDTH="747" HEIGHT="27">
							<String ID="string_91" HPOS="136" VPOS="850" WIDTH="32" HEIGHT="19" WC="0.91" CONTENT="rit."/><SP WIDTH="30" VPOS="850" HPOS="168"/>
							<String ID="string_92" HPOS="198" VPOS="848" WIDTH="32" HEIGHT="20" WC="0.89" CONTENT="D&amp;"/><SP WIDTH="23" VPOS="848" HPOS="230"/>
							<String ID="string_93" HPOS="253" VPOS="848" WIDTH="117" HEIGHT="20" WC="0.92" CONTENT="emellertid"/><SP WIDTH="23" VPOS="848" HPOS="370"/>
							<String ID="string_94" HPOS="393" VPOS="847" WIDTH="76" HEIGHT="26" WC="0.92" CONTENT="genom"/><SP WIDTH="24" VPOS="847" HPOS="469"/>
							<String ID="string_95" HPOS="493" VPOS="847" WIDTH="138" HEIGHT="27" WC="0.91" CONTENT="legostadgan"/><SP WIDTH="23" VPOS="847" HPOS="631"/>
							<String ID="string_96" HPOS="654" VPOS="847" WIDTH="23" HEIGHT="20" WC="0.96" CONTENT="af"/><SP WIDTH="17" VPOS="847" HPOS="677"/>
							<String ID="string_97" HPOS="694" VPOS="848" WIDTH="40" HEIGHT="20" WC="0.96" CONTENT="den"/><SP WIDTH="21" VPOS="848" HPOS="734"/>
							<String ID="string_98" HPOS="755" VPOS="849" WIDTH="25" HEIGHT="19" WC="0.96" CONTENT="30"/><SP WIDTH="15" VPOS="849" HPOS="780"/>
							<String ID="string_99" HPOS="795" VPOS="848" WIDTH="88" HEIGHT="22" WC="0.96" CONTENT="Januari"/>
						</TextLine>
						<TextLine ID="line_12" HPOS="138" VPOS="881" WIDTH="746" HEIGHT="30">
							<String ID="string_100" HPOS="138" VPOS="884" WIDTH="53" HEIGHT="20" WC="0.92" CONTENT="1865"/><SP WIDTH="22" VPOS="884" HPOS="191"/>
							<String ID="string_101" HPOS="213" VPOS="881" WIDTH="300" HEIGHT="28" WC="0.92" CONTENT="tjenstehjonsförhällandena"/><SP WIDTH="23" VPOS="881" HPOS="513"/>
							<String ID="string_102" HPOS="536" VPOS="881" WIDTH="37" HEIGHT="20" WC="0.96" CONTENT="hos"/><SP WIDTH="24" VPOS="881" HPOS="573"/>
							<String ID="string_103" HPOS="597" VPOS="888" WIDTH="33" HEIGHT="13" WC="0.92" CONTENT="oss"/><SP WIDTH="20" VPOS="888" HPOS="630"/>
							<String ID="string_104" HPOS="650" VPOS="882" WIDTH="111" HEIGHT="27" WC="0.92" CONTENT="undergätt"/><SP WIDTH="19" VPOS="882" HPOS="761"/>
							<String ID="string_105" HPOS="780" VPOS="884" WIDTH="104" HEIGHT="27" WC="0.91" CONTENT="väsentlig"/>
						</TextLine>
						<TextLine ID="line_13" HPOS="137" VPOS="916" WIDTH="747" HEIGHT="28">
							<String ID="string_106" HPOS="137" VPOS="918" WIDTH="123" HEIGHT="26" WC="0.92" CONTENT="förändring"/><SP WIDTH="15" VPOS="918" HPOS="260"/>
							<String ID="string_107" HPOS="275" VPOS="916" WIDTH="39" HEIGHT="21" WC="0.93" CONTENT="och"/><SP WIDTH="16" VPOS="916" HPOS="314"/>
							<String ID="string_108" HPOS="330" VPOS="916" WIDTH="160" HEIGHT="26" WC="0.91" CONTENT="tjenstehjonets"/><SP WIDTH="17" VPOS="916" HPOS="490"/>
							<String ID="string_109" HPOS="507" VPOS="916" WIDTH="105" HEIGHT="20" WC="0.92" CONTENT="beroende"/><SP WIDTH="11" VPOS="916" HPOS="612"/>
							<String ID="string_110" HPOS="623" VPOS="916" WIDTH="24" HEIGHT="20" WC="0.96" CONTENT="af"/><SP WIDTH="9" VPOS="916" HPOS="647"/>
							<String ID="string_111" HPOS="656" VPOS="916" WIDTH="122" HEIGHT="21" WC="0.96" CONTENT="husbonden"/><SP WIDTH="13" VPOS="916" HPOS="778"/>
							<String ID="string_112" HPOS="791" VPOS="917" WIDTH="30" HEIGHT="20" WC="0.91" CONTENT="till"/><SP WIDTH="12" VPOS="917" HPOS="821"/>
							<String ID="string_113" HPOS="833" VPOS="920" WIDTH="51" HEIGHT="18" WC="0.91" CONTENT="stör-"/>
						</TextLine>
						<TextLine ID="line_14" HPOS="137" VPOS="950" WIDTH="748" HEIGHT="27">
							<String ID="string_114" HPOS="137" VPOS="954" WIDTH="32" HEIGHT="18" WC="0.91" CONTENT="sta"/><SP WIDTH="23" VPOS="954" HPOS="169"/>
							<String ID="string_115" HPOS="192" VPOS="952" WIDTH="61" HEIGHT="19" WC="0.96" CONTENT="delen"/><SP WIDTH="23" VPOS="952" HPOS="253"/>
							<String ID="string_116" HPOS="276" VPOS="950" WIDTH="96" HEIGHT="27" WC="0.95" CONTENT="upphört,"/><SP WIDTH="22" VPOS="950" HPOS="372"/>
							<String ID="string_117" HPOS="394" VPOS="950" WIDTH="23" HEIGHT="19" WC="0.93" CONTENT="sä"/><SP WIDTH="22" VPOS="950" HPOS="417"/>
							<String ID="string_118" HPOS="439" VPOS="950" WIDTH="59" HEIGHT="19" WC="0.91" CONTENT="hari"/><SP WIDTH="15" VPOS="950" HPOS="498"/>
							<String ID="string_119" HPOS="513" VPOS="950" WIDTH="40" HEIGHT="19" WC="0.96" CONTENT="och"/><SP WIDTH="24" VPOS="950" HPOS="553"/>
							<String ID="string_120" HPOS="577" VPOS="950" WIDTH="47" HEIGHT="19" WC="0.91" CONTENT="med"/><SP WIDTH="24" VPOS="950" HPOS="624"/>
							<String ID="string_121" HPOS="648" VPOS="950" WIDTH="115" HEIGHT="21" WC="0.91" CONTENT="detsamma"/><SP WIDTH="20" VPOS="950" HPOS="763"/>
							<String ID="string_122" HPOS="783" VPOS="952" WIDTH="102" HEIGHT="20" WC="0.92" CONTENT="bortfallit"/>
						</TextLine>
						<TextLine ID="line_15" HPOS="137" VPOS="983" WIDTH="747" HEIGHT="29">
							<String ID="string_123" HPOS="137" VPOS="986" WIDTH="93" HEIGHT="26" WC="0.93" CONTENT="grunden"/><SP WIDTH="24" VPOS="986" HPOS="230"/>
							<String ID="string_124" HPOS="254" VPOS="985" WIDTH="30" HEIGHT="20" WC="0.96" CONTENT="för"/><SP WIDTH="23" VPOS="985" HPOS="284"/>
							<String ID="string_125" HPOS="307" VPOS="983" WIDTH="137" HEIGHT="21" WC="0.92" CONTENT="förenämnde"/><SP WIDTH="20" VPOS="983" HPOS="444"/>
							<String ID="string_126" HPOS="464" VPOS="984" WIDTH="35" HEIGHT="25" WC="0.90" CONTENT="jäf"/><SP WIDTH="17" VPOS="984" HPOS="499"/>
							<String ID="string_127" HPOS="516" VPOS="983" WIDTH="127" HEIGHT="20" WC="0.92" CONTENT="ätminstone"/><SP WIDTH="21" VPOS="983" HPOS="643"/>
							<String ID="string_128" HPOS="664" VPOS="984" WIDTH="28" HEIGHT="19" WC="0.92" CONTENT="uti"/><SP WIDTH="17" VPOS="984" HPOS="692"/>
							<String ID="string_129" HPOS="709" VPOS="984" WIDTH="70" HEIGHT="27" WC="0.92" CONTENT="frägor"/><SP WIDTH="14" VPOS="984" HPOS="779"/>
							<String ID="string_130" HPOS="793" VPOS="987" WIDTH="91" HEIGHT="20" WC="0.92" CONTENT="rörande"/>
						</TextLine>
						<TextLine ID="line_16" HPOS="137" VPOS="1017" WIDTH="747" HEIGHT="28">
							<String ID="string_131" HPOS="137" VPOS="1019" WIDTH="119" HEIGHT="21" WC="0.92" CONTENT="husbondes"/><SP WIDTH="26" VPOS="1019" HPOS="256"/>
							<String ID="string_132" HPOS="282" VPOS="1019" WIDTH="38" HEIGHT="20" WC="0.92" CONTENT="och"/><SP WIDTH="24" VPOS="1019" HPOS="320"/>
							<String ID="string_133" HPOS="344" VPOS="1017" WIDTH="139" HEIGHT="27" WC="0.91" CONTENT="tjenstehjons"/><SP WIDTH="22" VPOS="1017" HPOS="483"/>
							<String ID="string_134" HPOS="505" VPOS="1017" WIDTH="100" HEIGHT="20" WC="0.91" CONTENT="inbördes"/><SP WIDTH="22" VPOS="1017" HPOS="605"/>
							<String ID="string_135" HPOS="627" VPOS="1018" WIDTH="204" HEIGHT="27" WC="0.91" CONTENT="rättsförhällanden,"/><SP WIDTH="25" VPOS="1018" HPOS="831"/>
							<String ID="string_136" HPOS="856" VPOS="1021" WIDTH="28" HEIGHT="19" WC="0.91" CONTENT="uti"/>
						</TextLine>
						<TextLine ID="line_17" HPOS="138" VPOS="1052" WIDTH="746" HEIGHT="28">
							<String ID="string_137" HPOS="138" VPOS="1054" WIDTH="70" HEIGHT="20" WC="0.89" CONTENT="hvilka"/><SP WIDTH="23" VPOS="1054" HPOS="208"/>
							<String ID="string_138" HPOS="231" VPOS="1053" WIDTH="70" HEIGHT="26" WC="0.89" CONTENT="frägor"/><SP WIDTH="22" VPOS="1053" HPOS="301"/>
							<String ID="string_139" HPOS="323" VPOS="1053" WIDTH="31" HEIGHT="19" WC="0.96" CONTENT="för"/><SP WIDTH="21" VPOS="1053" HPOS="354"/>
							<String ID="string_140" HPOS="375" VPOS="1052" WIDTH="138" HEIGHT="25" WC="0.96" CONTENT="närvarande,"/><SP WIDTH="16" VPOS="1052" HPOS="513"/>
							<String ID="string_141" HPOS="529" VPOS="1052" WIDTH="31" HEIGHT="19" WC="0.93" CONTENT="till"/><SP WIDTH="17" VPOS="1052" HPOS="560"/>
							<String ID="string_142" HPOS="577" VPOS="1052" WIDTH="49" HEIGHT="26" WC="0.93" CONTENT="följe"/><SP WIDTH="15" VPOS="1052" HPOS="626"/>
							<String ID="string_143" HPOS="641" VPOS="1052" WIDTH="24" HEIGHT="20" WC="0.96" CONTENT="af"/><SP WIDTH="14" VPOS="1052" HPOS="665"/>
							<String ID="string_144" HPOS="679" VPOS="1052" WIDTH="35" HEIGHT="21" WC="0.97" CONTENT="det"/><SP WIDTH="15" VPOS="1052" HPOS="714"/>
							<String ID="string_145" HPOS="729" VPOS="1059" WIDTH="54" HEIGHT="20" WC="0.93" CONTENT="egna"/><SP WIDTH="16" VPOS="1059" HPOS="783"/>
							<String ID="string_146" HPOS="799" VPOS="1055" WIDTH="85" HEIGHT="25" WC="0.92" CONTENT="tjenste-"/>
						</TextLine>
						<TextLine ID="line_18" HPOS="137" VPOS="1085" WIDTH="749" HEIGHT="29">
							<String ID="string_147" HPOS="137" VPOS="1088" WIDTH="76" HEIGHT="21" WC="0.93" CONTENT="folkets"/><SP WIDTH="20" VPOS="1088" HPOS="213"/>
							<String ID="string_148" HPOS="233" VPOS="1087" WIDTH="105" HEIGHT="27" WC="0.90" CONTENT="jäfvighet"/><SP WIDTH="22" VPOS="1087" HPOS="338"/>
							<String ID="string_149" HPOS="360" VPOS="1088" WIDTH="30" HEIGHT="18" WC="0.93" CONTENT="att"/><SP WIDTH="19" VPOS="1088" HPOS="390"/>
							<String ID="string_150" HPOS="409" VPOS="1086" WIDTH="72" HEIGHT="25" WC="0.92" CONTENT="vittna,"/><SP WIDTH="22" VPOS="1086" HPOS="481"/>
							<String ID="string_151" HPOS="503" VPOS="1085" WIDTH="40" HEIGHT="20" WC="0.92" CONTENT="den"/><SP WIDTH="21" VPOS="1085" HPOS="543"/>
							<String ID="string_152" HPOS="564" VPOS="1085" WIDTH="78" HEIGHT="27" WC="0.92" CONTENT="nödiga"/><SP WIDTH="16" VPOS="1085" HPOS="642"/>
							<String ID="string_153" HPOS="658" VPOS="1086" WIDTH="137" HEIGHT="28" WC="0.96" CONTENT="bevisningen"/><SP WIDTH="16" VPOS="1086" HPOS="795"/>
							<String ID="string_154" HPOS="811" VPOS="1089" WIDTH="75" HEIGHT="20" WC="0.96" CONTENT="endast"/>
						</TextLine>
						<TextLine ID="line_19" HPOS="138" VPOS="1116" WIDTH="747" HEIGHT="33">
							<String ID="string_155" HPOS="138" VPOS="1123" WIDTH="47" HEIGHT="20" WC="0.96" CONTENT="med"/><SP WIDTH="20" VPOS="1123" HPOS="185"/>
							<String ID="string_156" HPOS="205" VPOS="1124" WIDTH="42" HEIGHT="17" WC="0.93" CONTENT="stor"/><SP WIDTH="15" VPOS="1124" HPOS="247"/>
							<String ID="string_157" HPOS="262" VPOS="1121" WIDTH="107" HEIGHT="26" WC="0.95" CONTENT="svårighet"/><SP WIDTH="15" VPOS="1121" HPOS="369"/>
							<String ID="string_158" HPOS="384" VPOS="1120" WIDTH="40" HEIGHT="20" WC="0.93" CONTENT="kan"/><SP WIDTH="17" VPOS="1120" HPOS="424"/>
							<String ID="string_159" HPOS="441" VPOS="1116" WIDTH="163" HEIGHT="24" WC="0.95" CONTENT="åstadkommas."/><SP WIDTH="30" VPOS="1116" HPOS="604"/>
							<String ID="string_160" HPOS="634" VPOS="1120" WIDTH="36" HEIGHT="21" WC="0.93" CONTENT="Ett"/><SP WIDTH="14" VPOS="1120" HPOS="670"/>
							<String ID="string_161" HPOS="684" VPOS="1121" WIDTH="74" HEIGHT="26" WC="0.96" CONTENT="tillägg"/><SP WIDTH="14" VPOS="1121" HPOS="758"/>
							<String ID="string_162" HPOS="772" VPOS="1122" WIDTH="32" HEIGHT="19" WC="0.96" CONTENT="till"/><SP WIDTH="15" VPOS="1122" HPOS="804"/>
							<String ID="string_163" HPOS="819" VPOS="1123" WIDTH="66" HEIGHT="26" WC="0.91" CONTENT="sagda"/>
						</TextLine>
						<TextLine ID="line_20" HPOS="137" VPOS="1154" WIDTH="748" HEIGHT="29">
							<String ID="string_164" HPOS="137" VPOS="1155" WIDTH="135" HEIGHT="28" WC="0.89" CONTENT="lagparagraf"/><SP WIDTH="19" VPOS="1155" HPOS="272"/>
							<String ID="string_165" HPOS="291" VPOS="1161" WIDTH="50" HEIGHT="14" WC="0.89" CONTENT="vore"/><SP WIDTH="22" VPOS="1161" HPOS="341"/>
							<String ID="string_166" HPOS="363" VPOS="1154" WIDTH="62" HEIGHT="20" WC="0.90" CONTENT="alltsä"/><SP WIDTH="20" VPOS="1154" HPOS="425"/>
							<String ID="string_167" HPOS="445" VPOS="1156" WIDTH="49" HEIGHT="18" WC="0.93" CONTENT="utan"/><SP WIDTH="22" VPOS="1156" HPOS="494"/>
							<String ID="string_168" HPOS="516" VPOS="1154" WIDTH="73" HEIGHT="20" WC="0.92" CONTENT="tvifvel"/><SP WIDTH="16" VPOS="1154" HPOS="589"/>
							<String ID="string_169" HPOS="605" VPOS="1154" WIDTH="22" HEIGHT="20" WC="0.93" CONTENT="af"/><SP WIDTH="15" VPOS="1154" HPOS="627"/>
							<String ID="string_170" HPOS="642" VPOS="1154" WIDTH="98" HEIGHT="21" WC="0.92" CONTENT="behofvet"/><SP WIDTH="15" VPOS="1154" HPOS="740"/>
							<String ID="string_171" HPOS="755" VPOS="1155" WIDTH="130" HEIGHT="26" WC="0.92" CONTENT="päkalladt"/><SP WIDTH="-13" VPOS="1155" HPOS="885"/>
							<String ID="string_172" HPOS="872" VPOS="1150" WIDTH="15" HEIGHT="35" WC="0.96" CONTENT="i"/>
						</TextLine>
						<TextLine ID="line_21" HPOS="132" VPOS="1188" WIDTH="754" HEIGHT="29">
							<String ID="string_173" HPOS="132" VPOS="1189" WIDTH="41" HEIGHT="22" WC="0.68" CONTENT="&quot;det"/><SP WIDTH="14" VPOS="1189" HPOS="173"/>
							<String ID="string_174" HPOS="187" VPOS="1190" WIDTH="62" HEIGHT="27" WC="0.96" CONTENT="syfte,"/><SP WIDTH="15" VPOS="1190" HPOS="249"/>
							<String ID="string_175" HPOS="264" VPOS="1191" WIDTH="30" HEIGHT="18" WC="0.96" CONTENT="att"/><SP WIDTH="15" VPOS="1191" HPOS="294"/>
							<String ID="string_176" HPOS="309" VPOS="1189" WIDTH="97" HEIGHT="20" WC="0.93" CONTENT="enskilda"/><SP WIDTH="14" VPOS="1189" HPOS="406"/>
							<String ID="string_177" HPOS="420" VPOS="1189" WIDTH="80" HEIGHT="25" WC="0.96" CONTENT="tjenare"/><SP WIDTH="17" VPOS="1189" HPOS="500"/>
							<String ID="string_178" HPOS="517" VPOS="1188" WIDTH="78" HEIGHT="20" WC="0.91" CONTENT="tillätos"/><SP WIDTH="16" VPOS="1188" HPOS="595"/>
							<String ID="string_179" HPOS="611" VPOS="1189" WIDTH="66" HEIGHT="19" WC="0.92" CONTENT="vittne"/><SP WIDTH="17" VPOS="1189" HPOS="677"/>
							<String ID="string_180" HPOS="694" VPOS="1189" WIDTH="49" HEIGHT="20" WC="0.92" CONTENT="bära"/><SP WIDTH="15" VPOS="1189" HPOS="743"/>
							<String ID="string_181" HPOS="758" VPOS="1190" WIDTH="62" HEIGHT="19" WC="0.92" CONTENT="äfven"/><SP WIDTH="12" VPOS="1190" HPOS="820"/>
							<String ID="string_182" HPOS="832" VPOS="1191" WIDTH="6" HEIGHT="19" WC="0.96" CONTENT="i"/><SP WIDTH="12" VPOS="1191" HPOS="838"/>
							<String ID="string_183" HPOS="850" VPOS="1191" WIDTH="36" HEIGHT="20" WC="0.96" CONTENT="det"/>
						</TextLine>
						<TextLine ID="line_22" HPOS="137" VPOS="1222" WIDTH="747" HEIGHT="26">
							<String ID="string_184" HPOS="137" VPOS="1225" WIDTH="35" HEIGHT="20" WC="0.97" CONTENT="fall"/><SP WIDTH="17" VPOS="1225" HPOS="172"/>
							<String ID="string_185" HPOS="189" VPOS="1226" WIDTH="31" HEIGHT="19" WC="0.95" CONTENT="att"/><SP WIDTH="14" VPOS="1226" HPOS="220"/>
							<String ID="string_186" HPOS="234" VPOS="1224" WIDTH="66" HEIGHT="19" WC="0.93" CONTENT="saken"/><SP WIDTH="15" VPOS="1224" HPOS="300"/>
							<String ID="string_187" HPOS="315" VPOS="1223" WIDTH="61" HEIGHT="20" WC="0.92" CONTENT="rörde"/><SP WIDTH="11" VPOS="1223" HPOS="376"/>
							<String ID="string_188" HPOS="387" VPOS="1222" WIDTH="120" HEIGHT="20" WC="0.91" CONTENT="husbondes"/><SP WIDTH="11" VPOS="1222" HPOS="507"/>
							<String ID="string_189" HPOS="518" VPOS="1222" WIDTH="40" HEIGHT="20" WC="0.92" CONTENT="och"/><SP WIDTH="11" VPOS="1222" HPOS="558"/>
							<String ID="string_190" HPOS="569" VPOS="1222" WIDTH="139" HEIGHT="26" WC="0.92" CONTENT="tjenstehjons"/><SP WIDTH="8" VPOS="1222" HPOS="708"/>
							<String ID="string_191" HPOS="716" VPOS="1223" WIDTH="99" HEIGHT="21" WC="0.90" CONTENT="inbördes"/><SP WIDTH="8" VPOS="1223" HPOS="815"/>
							<String ID="string_192" HPOS="823" VPOS="1226" WIDTH="61" HEIGHT="19" WC="0.92" CONTENT="rätts-"/>
						</TextLine>
						<TextLine ID="line_23" HPOS="137" VPOS="1257" WIDTH="748" HEIGHT="28">
							<String ID="string_193" HPOS="137" VPOS="1258" WIDTH="146" HEIGHT="21" WC="0.96" CONTENT="förhållanden"/><SP WIDTH="23" VPOS="1258" HPOS="283"/>
							<String ID="string_194" HPOS="306" VPOS="1257" WIDTH="38" HEIGHT="20" WC="0.94" CONTENT="och"/><SP WIDTH="20" VPOS="1257" HPOS="344"/>
							<String ID="string_195" HPOS="364" VPOS="1257" WIDTH="40" HEIGHT="19" WC="0.78" CONTENT="full"/><SP WIDTH="23" VPOS="1257" HPOS="404"/>
							<String ID="string_196" HPOS="427" VPOS="1257" WIDTH="112" HEIGHT="26" WC="0.96" CONTENT="bevisning"/><SP WIDTH="20" VPOS="1257" HPOS="539"/>
							<String ID="string_197" HPOS="559" VPOS="1263" WIDTH="76" HEIGHT="13" WC="0.96" CONTENT="annars"/><SP WIDTH="19" VPOS="1263" HPOS="635"/>
							<String ID="string_198" HPOS="654" VPOS="1257" WIDTH="48" HEIGHT="20" WC="0.96" CONTENT="icke"/><SP WIDTH="20" VPOS="1257" HPOS="702"/>
							<String ID="string_199" HPOS="722" VPOS="1257" WIDTH="71" HEIGHT="21" WC="0.93" CONTENT="kunde"/><SP WIDTH="15" VPOS="1257" HPOS="793"/>
							<String ID="string_200" HPOS="808" VPOS="1258" WIDTH="77" HEIGHT="27" WC="0.91" CONTENT="äväga-"/>
						</TextLine>
						<TextLine ID="line_24" HPOS="138" VPOS="1291" WIDTH="747" HEIGHT="28">
							<String ID="string_201" HPOS="138" VPOS="1293" WIDTH="91" HEIGHT="26" WC="0.88" CONTENT="bringas."/><SP WIDTH="30" VPOS="1293" HPOS="229"/>
							<String ID="string_202" HPOS="259" VPOS="1291" WIDTH="33" HEIGHT="20" WC="0.96" CONTENT="Då"/><SP WIDTH="21" VPOS="1291" HPOS="292"/>
							<String ID="string_203" HPOS="313" VPOS="1298" WIDTH="25" HEIGHT="13" WC="0.92" CONTENT="en"/><SP WIDTH="21" VPOS="1298" HPOS="338"/>
							<String ID="string_204" HPOS="359" VPOS="1291" WIDTH="65" HEIGHT="20" WC="0.96" CONTENT="sådan"/><SP WIDTH="20" VPOS="1291" HPOS="424"/>
							<String ID="string_205" HPOS="444" VPOS="1291" WIDTH="124" HEIGHT="26" WC="0.96" CONTENT="förändring"/><SP WIDTH="15" VPOS="1291" HPOS="568"/>
							<String ID="string_206" HPOS="583" VPOS="1291" WIDTH="7" HEIGHT="19" WC="0.93" CONTENT="i"/><SP WIDTH="16" VPOS="1291" HPOS="590"/>
							<String ID="string_207" HPOS="606" VPOS="1291" WIDTH="106" HEIGHT="20" WC="0.96" CONTENT="anseende"/><SP WIDTH="15" VPOS="1291" HPOS="712"/>
							<String ID="string_208" HPOS="727" VPOS="1291" WIDTH="31" HEIGHT="20" WC="0.96" CONTENT="till"/><SP WIDTH="16" VPOS="1291" HPOS="758"/>
							<String ID="string_209" HPOS="774" VPOS="1292" WIDTH="41" HEIGHT="20" WC="0.93" CONTENT="den"/><SP WIDTH="15" VPOS="1292" HPOS="815"/>
							<String ID="string_210" HPOS="830" VPOS="1293" WIDTH="55" HEIGHT="20" WC="0.92" CONTENT="häri-"/>
						</TextLine>
						<TextLine ID="line_25" HPOS="137" VPOS="1325" WIDTH="748" HEIGHT="29">
							<String ID="string_211" HPOS="137" VPOS="1333" WIDTH="76" HEIGHT="21" WC="0.91" CONTENT="genom"/><SP WIDTH="16" VPOS="1333" HPOS="213"/>
							<String ID="string_212" HPOS="229" VPOS="1325" WIDTH="79" HEIGHT="20" WC="0.91" CONTENT="lättade"/><SP WIDTH="16" VPOS="1325" HPOS="308"/>
							<String ID="string_213" HPOS="324" VPOS="1325" WIDTH="140" HEIGHT="26" WC="0.93" CONTENT="bevisningen"/><SP WIDTH="16" VPOS="1325" HPOS="464"/>
							<String ID="string_214" HPOS="480" VPOS="1325" WIDTH="94" HEIGHT="26" WC="0.93" CONTENT="tydligen"/><SP WIDTH="11" VPOS="1325" HPOS="574"/>
							<String ID="string_215" HPOS="585" VPOS="1325" WIDTH="68" HEIGHT="20" WC="0.93" CONTENT="skulle"/><SP WIDTH="11" VPOS="1325" HPOS="653"/>
							<String ID="string_216" HPOS="664" VPOS="1325" WIDTH="94" HEIGHT="20" WC="0.93" CONTENT="medföra"/><SP WIDTH="10" VPOS="1325" HPOS="758"/>
							<String ID="string_217" HPOS="768" VPOS="1328" WIDTH="52" HEIGHT="18" WC="0.93" CONTENT="stort"/><SP WIDTH="10" VPOS="1328" HPOS="820"/>
							<String ID="string_218" HPOS="830" VPOS="1333" WIDTH="55" HEIGHT="20" WC="0.93" CONTENT="gagn"/>
						</TextLine>
						<TextLine ID="line_26" HPOS="139" VPOS="1359" WIDTH="747" HEIGHT="28">
							<String ID="string_219" HPOS="139" VPOS="1361" WIDTH="53" HEIGHT="20" WC="0.92" CONTENT="bäde"/><SP WIDTH="16" VPOS="1361" HPOS="192"/>
							<String ID="string_220" HPOS="208" VPOS="1361" WIDTH="31" HEIGHT="18" WC="0.93" CONTENT="för"/><SP WIDTH="16" VPOS="1361" HPOS="239"/>
							<String ID="string_221" HPOS="255" VPOS="1359" WIDTH="119" HEIGHT="20" WC="0.91" CONTENT="husbönder"/><SP WIDTH="16" VPOS="1359" HPOS="374"/>
							<String ID="string_222" HPOS="390" VPOS="1359" WIDTH="39" HEIGHT="20" WC="0.93" CONTENT="och"/><SP WIDTH="16" VPOS="1359" HPOS="429"/>
							<String ID="string_223" HPOS="445" VPOS="1359" WIDTH="81" HEIGHT="26" WC="0.92" CONTENT="tjenare"/><SP WIDTH="16" VPOS="1359" HPOS="526"/>
							<String ID="string_224" HPOS="542" VPOS="1359" WIDTH="39" HEIGHT="19" WC="0.93" CONTENT="och"/><SP WIDTH="16" VPOS="1359" HPOS="581"/>
							<String ID="string_225" HPOS="597" VPOS="1359" WIDTH="98" HEIGHT="20" WC="0.91" CONTENT="öfverallt"/><SP WIDTH="13" VPOS="1359" HPOS="695"/>
							<String ID="string_226" HPOS="708" VPOS="1359" WIDTH="137" HEIGHT="28" WC="0.92" CONTENT="fördelaktigt"/><SP WIDTH="10" VPOS="1359" HPOS="845"/>
							<String ID="string_227" HPOS="855" VPOS="1361" WIDTH="31" HEIGHT="20" WC="0.92" CONTENT="in-"/>
						</TextLine>
						<TextLine ID="line_27" HPOS="139" VPOS="1393" WIDTH="748" HEIGHT="27">
							<String ID="string_228" HPOS="139" VPOS="1395" WIDTH="65" HEIGHT="20" WC="0.95" CONTENT="verka"/><SP WIDTH="15" VPOS="1395" HPOS="204"/>
							<String ID="string_229" HPOS="219" VPOS="1394" WIDTH="27" HEIGHT="26" WC="0.93" CONTENT="pä"/><SP WIDTH="15" VPOS="1394" HPOS="246"/>
							<String ID="string_230" HPOS="261" VPOS="1393" WIDTH="140" HEIGHT="20" WC="0.92" CONTENT="förhällandet"/><SP WIDTH="15" VPOS="1393" HPOS="401"/>
							<String ID="string_231" HPOS="416" VPOS="1393" WIDTH="47" HEIGHT="19" WC="0.93" CONTENT="dem"/><SP WIDTH="16" VPOS="1393" HPOS="463"/>
							<String ID="string_232" HPOS="479" VPOS="1393" WIDTH="100" HEIGHT="24" WC="0.91" CONTENT="emellan,"/><SP WIDTH="16" VPOS="1393" HPOS="579"/>
							<String ID="string_233" HPOS="595" VPOS="1395" WIDTH="53" HEIGHT="17" WC="0.92" CONTENT="samt"/><SP WIDTH="15" VPOS="1395" HPOS="648"/>
							<String ID="string_234" HPOS="663" VPOS="1393" WIDTH="69" HEIGHT="20" WC="0.92" CONTENT="härtill"/><SP WIDTH="16" VPOS="1393" HPOS="732"/>
							<String ID="string_235" HPOS="748" VPOS="1393" WIDTH="95" HEIGHT="21" WC="0.96" CONTENT="kommer"/><SP WIDTH="14" VPOS="1393" HPOS="843"/>
							<String ID="string_236" HPOS="857" VPOS="1397" WIDTH="30" HEIGHT="18" WC="0.97" CONTENT="att"/>
						</TextLine>
						<TextLine ID="line_28" HPOS="138" VPOS="1426" WIDTH="748" HEIGHT="29">
							<String ID="string_237" HPOS="138" VPOS="1435" WIDTH="87" HEIGHT="14" WC="0.91" CONTENT="numera"/><SP WIDTH="15" VPOS="1435" HPOS="225"/>
							<String ID="string_238" HPOS="240" VPOS="1428" WIDTH="65" HEIGHT="25" WC="0.91" CONTENT="nägra"/><SP WIDTH="15" VPOS="1428" HPOS="305"/>
							<String ID="string_239" HPOS="320" VPOS="1427" WIDTH="65" HEIGHT="20" WC="0.92" CONTENT="vädor"/><SP WIDTH="15" VPOS="1427" HPOS="385"/>
							<String ID="string_240" HPOS="400" VPOS="1427" WIDTH="24" HEIGHT="19" WC="0.96" CONTENT="af"/><SP WIDTH="13" VPOS="1427" HPOS="424"/>
							<String ID="string_241" HPOS="437" VPOS="1433" WIDTH="26" HEIGHT="13" WC="0.93" CONTENT="en"/><SP WIDTH="16" VPOS="1433" HPOS="463"/>
							<String ID="string_242" HPOS="479" VPOS="1427" WIDTH="60" HEIGHT="26" WC="0.92" CONTENT="dylik"/><SP WIDTH="16" VPOS="1427" HPOS="539"/>
							<String ID="string_243" HPOS="555" VPOS="1427" WIDTH="75" HEIGHT="20" WC="0.93" CONTENT="reform"/><SP WIDTH="17" VPOS="1427" HPOS="630"/>
							<String ID="string_244" HPOS="647" VPOS="1426" WIDTH="48" HEIGHT="21" WC="0.92" CONTENT="icke"/><SP WIDTH="16" VPOS="1426" HPOS="695"/>
							<String ID="string_245" HPOS="711" VPOS="1430" WIDTH="35" HEIGHT="17" WC="0.92" CONTENT="äro"/><SP WIDTH="16" VPOS="1430" HPOS="746"/>
							<String ID="string_246" HPOS="762" VPOS="1430" WIDTH="30" HEIGHT="17" WC="0.93" CONTENT="att"/><SP WIDTH="16" VPOS="1430" HPOS="792"/>
							<String ID="string_247" HPOS="808" VPOS="1428" WIDTH="78" HEIGHT="27" WC="0.87" CONTENT="befara,"/>
						</TextLine>
						<TextLine ID="line_29" HPOS="138" VPOS="1460" WIDTH="750" HEIGHT="29">
							<String ID="string_248" HPOS="138" VPOS="1463" WIDTH="65" HEIGHT="26" WC="0.92" CONTENT="vägar"/><SP WIDTH="20" VPOS="1463" HPOS="203"/>
							<String ID="string_249" HPOS="223" VPOS="1462" WIDTH="38" HEIGHT="19" WC="0.93" CONTENT="hos"/><SP WIDTH="19" VPOS="1462" HPOS="261"/>
							<String ID="string_250" HPOS="280" VPOS="1461" WIDTH="155" HEIGHT="25" WC="0.90" CONTENT="Ridderskapet"/><SP WIDTH="15" VPOS="1461" HPOS="435"/>
							<String ID="string_251" HPOS="450" VPOS="1461" WIDTH="41" HEIGHT="19" WC="0.92" CONTENT="och"/><SP WIDTH="15" VPOS="1461" HPOS="491"/>
							<String ID="string_252" HPOS="506" VPOS="1460" WIDTH="70" HEIGHT="20" WC="0.92" CONTENT="Adeln"/><SP WIDTH="15" VPOS="1460" HPOS="576"/>
							<String ID="string_253" HPOS="591" VPOS="1461" WIDTH="37" HEIGHT="25" WC="0.93" CONTENT="jag"/><SP WIDTH="16" VPOS="1461" HPOS="628"/>
							<String ID="string_254" HPOS="644" VPOS="1461" WIDTH="151" HEIGHT="20" WC="0.92" CONTENT="vördsammast"/><SP WIDTH="16" VPOS="1461" HPOS="795"/>
							<String ID="string_255" HPOS="811" VPOS="1463" WIDTH="77" HEIGHT="20" WC="0.93" CONTENT="föreslä"/>
						</TextLine>
					</TextBlock>
				</ComposedBlock>
				<GraphicalElement ID="cblock_4" HPOS="1063" VPOS="183" WIDTH="7" HEIGHT="961"></GraphicalElement >
			</PrintSpace>
		</Page>
	</Layout>
</alto>
