1070 1739
205 131 34 18 104

184 194 154 21 underkastade
362 201 76 21 genom
462 195 286 27 universitetsfondsafgiften
769 197 22 18 är
811 195 23 20 så
853 195 34 26 låg
903 197 30 17 att

184 228 68 27 någon
272 229 132 20 kännbarare
420 229 113 27 olägenhet
548 229 49 21 icke
612 236 63 20 synes
691 236 51 13 vara
756 231 30 18 att
801 229 61 20 deraf
875 229 56 20 befa-

183 269 40 19 ras,
240 263 44 19 dels
300 263 65 26 derpå
380 265 30 18 att
425 263 123 20 densamma
563 264 70 19 blifvit
646 263 88 20 anvisad
746 263 30 20 till
788 263 144 26 befrämjande

183 297 23 19 af
220 297 129 26 högskolans
364 298 111 25 intressen,
491 304 44 13 som
551 297 71 20 städse
638 297 86 20 erkänts
739 303 50 14 vara
802 298 99 25 förtjenta
911 297 23 20 af

183 337 25 13 en
232 331 110 26 synnerlig
362 331 136 20 omvårdnad.
529 331 45 20 Och
594 338 62 13 anser
672 331 101 20 utskottet
788 331 31 27 sig
836 331 23 20 så
875 338 55 20 myc-

183 365 37 20 ket
235 365 66 20 helire
317 365 51 20 böra
383 365 102 27 afstyrka,
500 366 31 19 att
547 365 104 20 terminen
667 365 32 20 för
715 365 160 27 ifrågavarande
885 365 45 20 tull-

183 399 73 26 afgifts
271 398 129 28 erläggande
416 399 69 20 skulle
501 393 94 33 upphöra
611 399 48 20 med
675 399 22 20 år
716 400 58 25 1878,
790 405 44 14 som
851 399 79 20 utskot-

182 435 30 17 tet
235 433 82 20 försatts
333 434 6 18 i
356 433 82 20 tillfälle
460 436 30 17 att
513 434 63 19 vinna
596 440 25 13 en
642 439 110 21 noggrann
767 433 163 27 utredning
891 429 42 35 an-

182 466 82 27 gående
285 467 25 20 de
331 467 91 27 utgifter,
438 474 44 13 som
498 467 67 20 under
581 469 104 18 närmaste
701 467 84 19 framtid
801 467 85 20 komma
901 470 29 17 att

183 501 103 20 bestridas
302 508 22 13 ur
340 501 26 20 de
383 503 76 18 tvenne
475 501 104 20 särskilda
594 501 80 26 fonder,
691 501 30 19 till
739 501 71 20 hvilka
825 502 65 26 sagde
901 502 29 19 af-

182 534 39 26 gift
237 541 27 13 nu
280 535 91 26 inflyter.
402 536 87 19 Utöfver
505 536 26 19 de
547 536 97 26 ständiga
659 535 118 27 aflöningar
793 542 26 13 m.
837 542 32 19 m.,
885 542 44 14 som

182 568 68 27 enligt
272 570 203 26 petitionsförslaget
498 570 33 20 vid
554 570 51 19 1871
627 570 33 19 års
677 569 77 27 utgång
770 570 31 19 till
818 570 77 26 belopp
910 570 23 20 af

185 603 73 26 18,057
280 604 58 19 mark
360 610 50 14 voro
430 604 88 26 päförda
533 604 40 20 den
590 610 15 14 s.
623 604 19 19 k.
660 604 205 26 tullmedelsfonden,
880 604 50 26 utgå

182 637 44 20 från
250 638 123 20 densamma
396 645 25 13 en
442 631 61 28 extra
521 638 105 20 ordinarie
646 638 116 26 professors
778 638 34 20 lön
829 638 38 20 och
884 638 44 20 från

182 672 39 19 och
246 672 46 20 med
316 672 22 20 år
364 673 52 19 1873
437 676 76 17 tvenne
534 673 63 26 högre
618 671 177 27 docentarvoden,
813 672 47 20 med
875 679 53 13 sam-

182 706 110 26 manlagdt
316 707 74 25 10,500
414 707 58 20 mark
496 707 89 26 årligen,
605 707 116 26 hvarjemte
741 707 69 19 denna
830 707 57 25 fond,
903 707 27 26 på

182 742 41 18 sätt
238 740 64 20 redan
318 741 6 19 i
341 741 55 20 vissa
412 741 35 20 fall
463 743 36 24 egt
513 748 54 18 rum,
583 741 59 19 torde
659 741 50 19 böra
724 741 74 19 anlitas
810 740 31 20 för
853 741 25 20 de
889 741 39 19 till-

181 773 73 27 fälliga
270 775 92 26 utgifter,
378 782 44 13 som
440 775 65 20 blifva
518 775 106 26 behöfliga
635 775 31 19 för
677 774 165 27 komplettering
853 775 23 19 af
885 775 43 27 upi-

182 808 119 20 versitetets
315 809 115 26 samlingar
446 816 25 13 m.
489 816 25 13 m.

249 843 61 20 Hvad
329 843 45 20 äter
390 844 98 19 beträffar
504 843 190 27 byggnadsfonden
712 844 106 26 uppgingo
835 844 47 19 dess
897 850 31 13 or-

180 876 82 20 dinarie
279 877 85 26 utgifter
375 878 6 18 i
392 878 39 19 och
448 878 31 19 för
496 878 163 26 byggnadernas
675 877 109 20 underhäll
801 878 66 19 under
878 877 49 20 ären

183 911 138 20 1866
245 907 11 33 —
267 911 54 20 1869
338 912 6 18 i
360 912 99 19 medeltal
483 912 29 19 till
533 912 77 24 29,000
631 911 65 25 mark,
718 918 46 13 men
781 911 64 20 hafva
859 912 69 19 seder-

181 950 57 13 mera
257 951 75 20 genom
352 945 131 20 tillkomsten
501 946 23 19 af
538 945 39 20 den
596 952 41 19 nya
652 945 129 20 laboratorii-
798 945 39 19 och
854 946 74 18 musei-

181 978 126 26 byggnaden
324 979 92 20 förökats
433 979 86 26 derhän,
534 981 31 17 att
579 979 26 19 de
615 979 67 20 under
692 979 95 20 sistlidne
798 979 23 19 är
832 979 96 26 utgjorde

179 1013 6 18 i
202 1013 36 19 det
261 1015 105 18 närmaste
390 1013 75 26 46,260
489 1013 66 25 mark,
575 1015 48 17 utan
644 1014 30 18 att
688 1013 65 26 utsigt
768 1013 113 20 förefinnes
897 1013 31 19 till

179 1046 70 25 nägon
270 1047 98 20 märkbar
384 1047 111 20 reduktion
511 1047 119 20 framdeles.
660 1047 73 26 Enligt
748 1053 26 13 en
790 1047 23 20 af
826 1047 100 20 universi-

179 1083 62 17 tetets
264 1081 147 20 consistorium
434 1081 89 20 anställd
544 1081 125 20 summarisk
690 1081 81 26 kalkyl,
791 1081 73 20 dervid
880 1082 46 19 tull-

178 1115 115 26 skillingen
310 1115 112 20 beräknats
438 1115 81 26 årligen
530 1116 7 19 i
549 1115 97 20 medeltal
662 1115 84 20 afkasta
764 1115 89 26 113,000
868 1116 58 19 mark

178 1149 40 19 och
238 1149 92 20 nämnde
349 1149 85 20 fonders
449 1149 119 26 &rsutgifter
584 1149 105 26 upptagits
705 1148 31 21 till
752 1149 84 20 anfördt
853 1149 74 26 belopp

176 1183 66 25 jemte
262 1183 37 20 det
317 1183 109 27 ätskilliga
441 1183 63 20 redan
519 1183 134 20 förestäende
669 1182 105 27 tillfälliga
789 1183 87 26 utgifter
891 1183 35 20 ob-

178 1219 111 22 serverats,
306 1217 84 20 komme
407 1217 150 26 behällningen
573 1217 6 19 i
597 1217 67 26 begge
680 1217 62 20 dessa
757 1217 74 20 fonder
847 1219 30 18 att
892 1217 34 20 vid

181 1251 52 19 1878
250 1251 33 19 års
299 1251 79 27 utgång
394 1251 70 26 uppgå
479 1251 30 20 till
525 1251 99 26 omkring
641 1251 111 26 1,179,000
768 1250 66 20 mark.
865 1251 62 20 Detta

178 1285 80 26 kapital
275 1285 69 19 skulle
360 1285 52 20 efter
428 1285 41 20 fem
485 1287 98 24 procents
594 1287 60 17 ränta
664 1285 98 26 inbringa
773 1284 78 25 59,000
862 1285 64 25 mark,

177 1319 73 20 hvilka
265 1319 7 19 i
289 1319 96 26 förening
409 1319 47 20 med
480 1319 201 26 byggnadsfondens
704 1318 67 27 ärliga
793 1319 133 26 statsanslag,

179 1353 74 25 11,143
279 1353 66 25 mark,
369 1353 97 20 lemnade
486 1359 25 14 en
531 1353 55 26 årlig
605 1352 93 20 inkomst
714 1352 23 19 af
750 1352 85 26 vidpass
851 1353 75 25 70,000

178 1387 66 25 mark,
268 1387 109 20 hvaremot
400 1387 113 26 utgifterna
536 1387 69 19 skulle
628 1386 76 26 belöpa
724 1386 32 26 sig
775 1385 32 21 till
828 1393 57 13 mera
900 1389 25 17 än

177 1421 76 26 80,000
278 1420 65 26 mark,
367 1420 27 20 då
414 1427 47 14 man
483 1421 30 19 till
529 1421 173 26 ofvanupptagna
717 1419 122 27 ärsutgifter
854 1420 72 27 lägger

176 1458 30 17 ett
228 1455 75 25 anslag
325 1455 23 19 af
366 1455 63 25 6,000
449 1455 66 25 mark,
536 1455 99 20 hvarmed
652 1454 157 20 universitetets
825 1460 101 19 expense-
