1078 1750
205 165 27 19 62
409 163 70 22 Ständ.
495 164 32 21 Sv.
543 176 26 2 —
586 163 60 27 Prop.
663 162 36 22 N:o
716 163 32 22 17.

205 227 24 19 är
243 225 115 22 föranledt
373 224 25 21 af
412 225 38 21 det
464 224 273 29 inregistreringssystem,
753 227 47 18 sdm
810 224 58 22 varit
879 224 75 21 afsedt

205 261 33 19 att
259 259 85 21 införas
368 258 37 22 för
418 259 219 28 torplegokontrakt.
666 259 36 21 Då
717 258 95 22 berörda
826 259 127 27 inregistre-

205 293 149 28 ringssystem
371 293 58 23 icke:
436 293 87 22 kunnat
538 293 26 22 af
577 293 126 22 Ständerna
717 295 94 26 antagas
826 293 43 21 och
883 292 74 22 behof

204 327 26 22 af
250 327 97 28 ändring
362 327 6 21 i
384 327 209 29 Utsökningslagen
613 327 93 22 sälunda
720 327 50 21 icke
785 327 128 25 förefinnes,
928 326 25 22 fä

205 361 127 22 Ständerna
353 361 163 29 underdänigst
538 362 93 25 anmäla,

477 427 32 20 att
529 425 130 28 förenämda
676 425 82 28 förslag
776 425 32 22 till
822 425 132 28 förordning

408 459 36 22 vid
456 460 90 28 anfördt
554 459 138 28 förhållande
702 461 82 20 ansetts
795 459 48 22 böra
854 459 99 28 förfalla.

271 592 12 22 I
304 591 109 29 förslaget
435 592 34 22 till
491 592 140 28 förordning,
646 592 155 22 innefattande
817 592 96 29 ändring
928 592 27 22 af

203 628 13 20 6
231 626 14 29 8
260 627 8 21 i
282 626 163 28 förordningen
461 627 26 21 af
499 627 44 21 den
558 630 13 19 9
585 627 128 21 November
730 629 54 19 1868
798 634 36 14 om
845 627 108 28 borgenä-

203 667 46 15 rers
272 663 45 19 rätt
338 661 44 21 och
403 660 113 23 företräde
538 661 36 22 för
595 661 127 22 hvarandra
744 661 34 21 till
793 661 117 28 betalning
924 668 28 15 ur

202 695 118 28 egendom,
346 702 48 15 som
416 695 75 22 blifvit
513 695 34 22 till
569 695 101 22 konkurs
692 695 97 26 afträdd,
807 695 100 28 påkallas
924 703 29 14 en

202 729 87 22 mindre
312 729 96 28 ändring
429 729 51 22 med
503 729 123 28 anledning
648 729 70 26 deraf,
737 732 33 19 att
788 729 44 22 den
846 730 8 21 i
867 729 85 29 nådiga

202 763 169 30 propositionen
394 763 129 29 föreslagna
543 764 68 28 lagen
627 763 75 22 blifvit
717 763 112 22 utsträckt
843 764 34 21 till
890 764 62 28 jord-

201 798 52 29 lega
274 798 8 21 i
305 797 127 24 allmänhet,
463 799 126 22 Ständerna
611 797 24 22 få
656 798 62 28 förty
740 799 8 20 i
769 798 184 29 underdänighet

202 832 93 26 anmäla,

474 868 32 20 att
527 867 173 28 ifrågavarande
721 867 83 28 förslag
819 867 32 22 till
865 867 85 28 förord-

405 901 56 28 ning
485 901 70 29 blifvit
580 902 46 21 med
650 908 26 15 en
698 902 87 21 mindre
806 902 96 28 ändring
925 902 30 27 af

405 936 126 22 Ständerna
554 937 94 27 antaget,
670 936 9 21 i
697 936 56 28 följd
772 936 83 28 hvaraf
866 937 83 27 förord-

405 971 82 28 ningen
509 971 80 21 komme
604 972 32 20 att
650 970 82 23 erhålla
746 971 99 27 följande
859 971 92 28 lydelse:

473 1056 130 27 Förordning,
621 1055 142 23 innefattande
780 1056 84 27 ändring
876 1056 24 23 af
909 1057 15 21 6
934 1056 15 28 $

404 1091 5 21 i
424 1090 146 28 förordningen
586 1090 26 22 af
624 1091 38 21 den
678 1090 14 22 9
708 1090 115 22 November
839 1090 59 22 1868
914 1096 35 17 om

404 1124 140 28 borgenärers
560 1125 43 22 rätt
618 1124 39 22 och
667 1123 109 24 företräde
786 1124 34 22 för
830 1124 120 23 hvarandra

403 1158 29 23 till
449 1158 102 29 betalning
567 1164 24 17 ur
606 1158 106 28 egendom,
723 1164 47 17 som
781 1158 66 23 blifvit
857 1159 29 22 till
898 1160 51 21 kon-

404 1194 49 21 kurs
469 1193 90 22 afträdd.

265 1256 139 28 Härigenom
426 1256 97 28 stadgas,
546 1258 33 19 att
594 1258 12 19 6
622 1256 14 28 &
651 1256 8 21 i
673 1256 163 28 förordningen
858 1257 25 20 af
904 1257 44 21 den

198 1292 13 18 9
226 1290 130 21 November
379 1292 54 18 1868
452 1297 37 13 om
505 1290 145 28 borgenärers
666 1292 45 18 rätt
726 1290 42 21 och
783 1290 112 21 företräde
910 1291 38 20 för

197 1323 127 21 hvarandra
338 1323 35 21 till
388 1323 117 28 betalning
519 1331 27 13 ur
562 1323 116 28 egendom,
694 1330 49 15 som
757 1324 76 21 blifvit
847 1324 34 21 till
892 1324 55 21 kon-

197 1357 54 22 kurs
274 1357 96 26 afträdd,
393 1357 70 22 sådan
484 1357 82 22 nämda
588 1357 13 29 $
621 1357 65 28 lyder
700 1357 8 22 i
723 1357 163 30 förordningen
901 1358 44 22 den

197 1394 13 19 3
225 1392 125 22 December
366 1394 62 24 1895,
443 1392 57 21 skall
516 1392 83 22 erhälla
614 1391 100 30 följande
729 1392 97 29 lydelse:

264 1427 153 29 Legogifvare
439 1427 64 28 njute
521 1426 36 23 för
572 1427 71 28 afrad,
659 1427 39 22 der
713 1427 44 22 den
772 1427 20 28 ej
808 1429 85 20 utestär
908 1427 37 22 för

197 1465 77 26 längre
288 1462 34 21 tid
336 1465 30 18 än
380 1461 8 22 i
402 1461 155 22 Jordabalken
572 1465 58 25 sägs,
646 1461 162 23 förmänsrätt
801 1457 13 38 i
819 1462 124 23 brukarens
