1084 1750
223 162 14 20 4
416 160 29 22 U.
460 159 28 22 B.
502 171 28 3 —
544 159 73 27 Prop.
632 158 41 22 N:o
688 158 35 22 29.

401 227 29 21 då
456 228 80 20 ärende
563 227 111 29 angående
696 226 134 28 försäljning
853 226 36 20 till
911 226 37 27 af-

333 262 109 28 hemtning
466 263 25 26 af
512 261 146 29 maltdrycker
680 260 133 28 handlägges
834 260 28 27 af
877 260 72 21 stads-

333 296 138 28 fullmäktige
486 296 53 20 eller
553 296 183 24 rådhusstämma,
748 295 36 21 må
794 301 76 21 egare
881 294 68 21 eller

334 338 88 14 annan
441 330 142 28 innehafvare
602 330 25 27 af
643 329 98 29 bryggeri
756 329 35 27 för
806 328 144 28 tillverkning

335 366 27 27 af
381 364 145 28 maltdrycker
548 367 74 23 samt,
647 370 37 15 om
706 363 124 29 bryggeri
854 362 96 22 tillhör

334 399 158 27 aktiebolag,
508 398 107 22 medlem
631 399 8 20 i
655 398 58 21 dess
728 398 118 28 styrelse,
863 397 88 27 äfven-

334 440 52 15 som
404 434 120 27 försäljare
542 433 28 27 af
585 433 86 21 sådana
687 432 92 28 drycker
793 432 46 21 icke
855 432 8 20 i
878 431 72 28 öfver-

335 468 104 28 läggning
454 468 53 20 eller
522 468 68 20 beslut
605 467 94 27 deltaga.

544 542 27 22 14
585 542 18 28 8.

266 589 89 22 Preste-
377 589 39 22 och
440 589 167 21 Bondeständen
627 588 63 23 hafva
708 588 131 22 beträffande
859 589 27 21 14
904 588 12 29 $
936 589 14 21 3

197 630 64 16 mom.
276 623 89 22 beslutit
380 625 31 20 att
426 624 110 21 slutorden
551 623 66 28 ,dock
632 625 31 20 att
679 623 102 28 antydda*
797 623 33 22 till
846 623 39 22 och
900 623 49 22 med

199 658 183 28 ytillverkningar*
397 658 61 21 skola
472 658 111 21 uteslutas.

267 692 33 21 Dä
315 692 118 22 emellertid
450 692 35 21 tvä
500 693 70 26 ständ,
585 692 159 29 Ridderskapet
760 692 38 21 och
813 692 72 21 Adeln
896 694 55 20 samt

198 726 191 28 Borgareständet,
408 727 94 26 godkänt
520 729 116 19 momentet
651 727 67 27 enligt
732 727 121 22 Utskottets
869 727 81 27 förslag

199 761 38 22 och
253 761 60 22 detta
328 761 44 21 stär
386 762 7 20 i
409 763 97 20 närmare
522 762 219 21 öfverensstämmelse
756 761 48 22 med
820 761 41 22 den
873 761 79 28 nädiga

198 795 165 28 propositionen,
379 795 32 22 fär
426 796 110 21 Utskottet
552 796 112 21 hemställa

405 849 31 19 att
452 848 28 20 14
495 848 15 27 $
524 849 14 19 3
553 854 62 14 mom.
626 848 66 20 måtte
702 848 146 27 oförändradt
859 850 94 27 antagas

337 881 68 28 enligt
422 881 114 22 Utskottets
553 881 141 22 betänkande.

547 957 29 22 20
591 957 19 28 8.

267 1002 161 22 Bondeståndet
451 1003 38 22 har
511 1004 48 21 med
582 1004 112 28 anledning
720 1004 24 22 af
760 1005 96 22 ståndets
879 1005 72 22 beslut

199 1036 131 22 beträffande
348 1037 157 27 uteslutningen
524 1038 23 21 af
561 1040 13 20 2
595 1038 6 28 $
617 1039 13 20 3
645 1045 63 15 mom.
724 1039 86 22 beslutit
825 1041 32 20 att
872 1041 7 20 i
895 1041 29 22 20
939 1041 11 27 8

199 1071 65 21 orden
281 1071 22 28 ,$
318 1071 13 22 2
346 1077 62 16 mom.
424 1072 24 21 6*
464 1072 69 21 skulle
549 1072 111 22 förändras
675 1073 32 22 till
723 1074 25 27 ,$
771 1075 6 20 2
792 1080 62 16 mom.
868 1075 32 21 5*.

267 1105 58 21 Enär
344 1112 25 15 en
385 1106 65 21 sädan
466 1107 89 26 ändring
569 1113 52 15 vore
636 1107 100 28 betingad
751 1109 62 21 äfven
828 1109 23 21 af
865 1110 86 21 Preste-

199 1139 95 22 ständets
309 1139 72 22 beslut
395 1141 132 21 beträffande
549 1142 7 21 2
571 1142 12 27 $
599 1142 12 20 3
628 1147 68 21 mom.,
713 1149 47 15 men
775 1143 111 22 Utskottet
897 1143 55 22 före-

200 1174 63 26 slagit
279 1175 30 20 att
325 1174 59 22 detta
402 1177 93 19 moment
510 1176 69 22 skulle
594 1176 124 27 bibehällas,
734 1177 33 21 fär
776 1177 111 23 Utskottet
898 1178 6 22 i
915 1179 32 21 öf-

199 1209 198 21 verensstämmelse
412 1210 86 20 dermed
510 1210 80 27 jemväl
606 1211 112 22 hemställa

405 1268 33 18 att
454 1267 30 20 20
498 1268 15 26 $
528 1268 65 20 mätte
608 1268 146 26 oförändradt
768 1269 130 27 godkännas
913 1277 38 14 en-

337 1299 40 27 ligt
394 1300 115 21 Utskottets
524 1300 141 22 betänkande.

268 1373 141 29 Helsingfors,
425 1374 41 22 den
482 1376 26 20 12
523 1375 43 28 Maj
585 1376 59 22 1900.

355 1548 93 18 Helsingfors,
457 1549 100 15 Frenckellska
566 1544 73 29 Tryckeri-
645 1551 101 18 Aktiebolaget,
755 1552 38 14 1900.
