1086 1742
210 141 27 19 54
424 139 30 23 U.
469 140 29 22 B.
514 152 26 3 —
555 139 74 29 Prop.
645 139 42 23 N:o
703 139 35 23 17.

210 208 72 20 kunna
297 206 136 22 tillerkännas
448 207 107 22 företräde
569 207 90 21 framför
673 207 68 22 dessa.
765 202 73 27 Äfven
853 214 34 14 om
897 207 65 21 först-

210 240 95 29 antydda
327 240 131 29 svårigheter
479 248 75 22 genom
577 241 159 28 inregistrering
759 240 72 22 kunde
851 240 110 29 afhjelpas,

210 274 72 23 blefve
304 275 69 28 öfriga
395 275 125 27 lägenheten
544 274 139 23 vidhäftande
704 274 124 29 rättigheter
842 282 77 20 genom
934 274 27 21 de

209 310 7 20 i
232 310 161 28 propositionen
408 309 121 29 föreslagna
543 309 170 28 anordningarna
725 309 48 22 icke
784 309 128 28 tillbörligen
928 311 33 21 sä-

209 343 114 22 kerstälda.

277 377 176 30 Propositionens
476 378 79 28 förslag
576 386 34 14 om
629 378 129 28 legorättens
774 377 134 22 fortbeständ
924 377 36 22 vid

209 412 205 29 tvängsförsäljning
431 414 23 20 är
478 412 65 29 bygdt
565 413 27 28 pä
614 411 135 30 antagandet,
771 415 31 18 att
824 419 77 22 genom
924 419 36 22 pe-

208 447 96 21 riodiska
326 454 64 22 syner
410 447 40 22 och
465 447 117 22 revisioner
597 447 22 22 af
633 446 174 29 legovederlaget
821 447 83 28 garanti
919 447 41 21 kan

210 481 76 21 vinnas
302 481 78 26 derför,
395 484 31 19 att
440 484 48 26 torp
503 481 47 22 icke
565 481 64 22 lända
643 481 126 28 lägenheten
785 481 32 21 till
829 481 85 27 besvär;
930 484 32 19 att

209 515 114 22 beständet
341 515 22 22 af
382 515 101 28 legoaftal
498 515 83 22 säledes
597 515 47 22 icke
659 515 55 22 skall
729 515 111 22 förorsaka
855 516 106 28 sänkning

208 550 8 20 i
239 549 140 28 fastighetens
402 549 193 29 försäljningspris;
617 552 54 19 samt
692 552 32 19 att
738 549 151 29 torplegoaftal
903 549 58 30 förty

209 583 97 22 hvarken
316 583 97 22 medföra
424 584 120 28 kränkning
554 584 23 21 af
587 583 127 22 intecknade
725 583 174 29 fordringsrätter
910 585 51 21 eller

209 617 67 22 skada
298 617 218 29 fastighetskrediten.
545 618 95 21 Berörda
663 618 120 28 antagande
804 620 24 19 är
843 618 117 22 emellertid

208 652 67 28 enligt
297 651 124 23 Utskottets
441 653 65 21 tanke
522 653 46 21 icke
583 653 97 21 hällbart.
710 653 41 21 Om
767 654 26 20 än
810 653 150 28 torplegoaftal

208 686 145 22 Ofverhufvud
376 686 67 21 måste
465 694 62 14 anses
549 687 64 21 lända
635 687 126 27 lägenheten
776 687 33 21 till
824 687 79 28 styrka,
918 687 42 22 kan

208 722 7 20 i
231 720 98 23 enskilda
343 721 38 22 fall
396 724 116 19 motsatsen
527 729 40 21 ega
581 729 56 19 rum;
651 721 40 21 och
702 721 58 22 detta
771 721 42 22 kan
823 729 77 20 genom
916 722 44 27 lag-

209 755 44 22 bud
278 755 44 22 lika
343 755 47 22 litet
411 755 128 29 förebyggas
561 763 46 14 som
629 755 36 22 det
687 757 23 20 är
730 756 83 28 möjligt
834 759 31 18 att
883 763 76 21 genom

208 789 36 28 lag
258 789 129 22 tillförsäkra
402 789 163 28 hufvudgärden
581 797 25 14 en
624 790 137 28 förvaltning,
777 797 45 14 som
836 790 68 21 under
918 791 42 21 alla

208 823 149 22 förhällanden
367 823 69 22 skulle
447 823 114 29 uppehälla
576 823 51 22 eller
641 823 42 22 öka
693 823 49 22 dess
753 824 71 22 värde.
846 824 34 21 De
891 825 69 28 perio-

208 857 62 22 diska
285 865 91 21 synerna
391 858 83 20 komme
489 857 132 29 följaktligen
637 861 31 18 att
682 858 77 22 förfela
775 859 38 21 sitt
827 858 104 22 ändamål.

276 886 74 27 Äfven
371 892 7 20 i
399 891 40 22 och
460 892 35 21 för
512 892 33 28 sig
561 892 72 21 kunna
648 892 90 22 berörda
753 899 69 21 syner,
838 892 66 29 enligt
919 892 41 22 Ut-

206 926 93 21 skottets
321 925 61 29 äsigt,
398 926 48 22 icke
468 926 131 28 godkännas,
613 926 49 22 med
685 926 82 22 mindre
787 927 6 21 i
809 926 77 29 sjelfva
901 927 59 28 lego-

207 960 76 21 aftalet
305 960 72 22 derom
402 960 206 22 öfverenskommits.
642 960 60 22 Skall
725 960 106 22 brukaren
853 962 106 28 nemligen

207 996 58 20 emot
276 995 33 21 sin
320 994 50 28 vilja
381 994 129 22 underkasta
525 995 33 28 sig
573 995 149 27 förändringar
736 996 7 20 i
754 994 37 22 det
803 995 155 28 legovederlag,

207 1030 57 20 emot
279 1028 83 22 hvilket
376 1028 41 22 han
432 1028 68 29 ätagit
514 1030 33 28 sig
561 1029 137 29 lägenhetens
714 1029 61 27 bruk,
789 1029 101 22 beröfvas
900 1030 59 28 lego-

206 1063 97 21 vilkoren
318 1062 66 28 nödig
398 1062 86 22 fasthet.

275 1096 33 22 Pä
331 1096 64 22 ofvan
418 1096 90 22 anförda
531 1098 46 21 skäl
597 1098 38 21 har
649 1098 114 22 Utskottet
777 1098 48 22 icke
840 1101 71 19 ansett
925 1099 33 27 sig

206 1131 73 21 kunna
297 1138 38 14 ens
350 1131 7 21 i
372 1131 102 21 afseende
489 1131 13 22 ä
517 1135 47 25 torp
579 1132 88 21 förorda
683 1132 114 29 obetingad
812 1132 98 29 giltighet
924 1133 34 21 för

206 1165 103 29 legoaftal
329 1165 37 22 vid
387 1165 210 30 tvängsförsäljning,
612 1166 66 28 nägot
692 1174 46 14 som
754 1166 131 23 beträffande
899 1167 59 29 sjelf-

205 1200 101 28 ständiga
328 1200 124 28 lägenheter
474 1208 50 14 vore
545 1202 26 20 än
594 1208 45 14 mer
659 1201 126 29 betänkligt,
798 1204 52 19 utan
864 1202 39 21 har
920 1202 38 22 Ut-

205 1234 82 22 skottet
305 1234 71 22 funnit
396 1242 28 13 nu
446 1234 99 28 gällande
567 1234 135 30 lagstiftning
722 1236 7 20 i
749 1237 72 20 ämnet
835 1236 59 22 säväl
909 1236 48 22 frän

205 1268 84 28 rättslig
304 1268 108 28 synpunkt
426 1276 47 14 som
488 1270 7 20 i
510 1269 101 22 afseende
625 1268 13 22 å
651 1269 204 28 ändamålsenlighet
865 1278 51 14 vara
926 1274 32 18 att

205 1301 113 28 föredraga
333 1301 41 21 och
389 1300 57 30 förty
461 1301 132 23 fortfarande
606 1302 51 21 böra
667 1302 124 27 bibehållas,
801 1303 32 21 till
843 1303 49 21 dess
904 1303 53 22 den-

204 1342 81 14 samma
303 1335 7 21 i
331 1335 153 28 sammanhang
500 1335 49 22 med
564 1336 147 22 anordnandet
725 1336 23 21 af
762 1336 195 29 fastighetsböcker

205 1370 42 21 kan
262 1368 141 23 underkastas
418 1369 62 22 deraf
494 1370 142 29 tilläfventyrs
651 1370 113 22 föranledd
779 1372 99 22 revision.

273 1403 123 23 Brukarens
411 1404 156 30 rättsställning
581 1404 102 29 gestaltar
697 1406 33 28 sig
744 1405 83 23 således
838 1407 66 29 enligt
914 1407 42 22 Ut-

204 1438 92 22 skottets
317 1438 116 29 lagförslag
452 1438 48 22 icke
514 1439 50 22 fullt
582 1439 24 22 så
625 1444 105 24 gynsamt,
745 1448 46 14 som
806 1442 7 21 i
829 1442 127 28 propositio-

273 1485 48 23 Lag-
334 1485 32 18 och
378 1485 183 19 Ekonomiutskottets
573 1485 112 19 betänkande
697 1489 36 16 N:o
746 1488 17 17 4.
