1075 1759
434 151 28 22 U.
477 151 27 21 B.
520 164 27 2 —
562 151 71 27 Prop.
650 151 39 21 N:o
705 151 35 21 21.

346 220 204 26 anläggningen
573 219 71 21 skall
667 219 108 27 drifvas
790 219 55 21 med
859 221 101 18 vatten-

344 253 86 27 kraft,
452 253 137 28 iakttagas
605 252 44 22 bör
667 253 68 21 hvad
750 260 36 14 om
803 252 157 22 inrättande

346 287 32 27 af
390 287 155 21 vattenverk
561 287 89 26 finnes
665 287 185 28 föreskrifvet.

413 321 34 21 De
466 321 139 28 föreskrifter
623 321 36 21 till
677 321 159 28 förebyggande
852 322 24 26 af
891 321 70 21 skada

345 356 13 20 å
378 355 30 28 lif
421 356 38 20 och
474 356 107 26 egendom,
597 362 44 14 som
657 356 8 20 i
681 356 59 27 följd
754 355 72 28 häraf
837 355 124 27 fastställas

345 390 36 27 för
395 397 43 21 nya
454 390 116 20 elektriska
586 390 169 28 anläggningar,
771 390 62 21 skola
849 389 112 28 tillämpas

340 424 84 28 jemväl
440 425 13 19 å
468 424 149 28 härförinnan
629 424 102 28 bedrifna
742 424 116 21 elektriska
870 424 91 28 anlägg-

344 459 81 27 ningar
441 459 27 27 af
481 458 149 28 ofvanantydd
645 461 41 18 art.

628 546 15 19 2
658 545 20 27 $.

415 586 66 32 Öfver
499 590 86 22 sådana
601 590 115 21 elektriska
733 590 168 28 anläggningar,
917 597 44 15 som

344 625 9 20 i
372 626 13 19 1
403 625 16 27 $
437 625 65 27 afses,
522 624 111 22 anordnas
648 624 98 21 särskild
760 624 82 28 tillsyn,
858 624 38 22 och
911 632 51 14 vare

345 659 172 28 anläggningens
537 666 62 20 egare
618 658 86 28 skyldig
724 661 32 19 att
774 659 36 27 för
825 659 137 21 bestridande

345 694 28 27 af
389 693 147 21 kostnaderna
553 694 36 27 för
605 693 102 27 tillsynen
724 694 88 28 erlägga
827 694 74 28 afgift,
917 700 44 14 som

345 728 25 27 af
386 727 94 21 Senaten
495 727 129 21 bestämmes.

630 809 14 19 3
659 808 20 27 $.

416 854 45 20 Till
484 854 101 20 elektrisk
604 854 135 27 anläggning
757 854 97 21 hörande
873 854 89 29 ledning

346 888 52 21 eller
435 895 75 14 annan
539 888 122 28 inrättning
694 888 38 27 får
766 888 46 21 icke
842 889 61 27 föras
929 890 33 27 pä

347 929 86 14 annans
456 922 72 28 grund
552 924 53 19 utan
629 922 28 27 af
672 922 134 28 jordegaren
830 923 74 21 dertill
927 926 34 18 ut-

345 956 90 21 verkadt
458 956 108 21 tillständ.
596 956 63 21 Dock
682 957 36 20 mä
742 963 62 21 egare
827 957 52 21 eller
901 958 60 20 inne-

345 990 91 28 hafvare
451 991 29 27 af
491 991 45 27 fast
550 991 107 28 egendom,
673 991 70 21 derest
757 991 102 21 elektrisk
870 992 92 28 anlägg-

345 1025 53 27 ning
409 1025 94 27 pröfvas
518 1032 53 14 vara
582 1025 29 27 af
617 1025 139 21 allmännare
767 1025 109 29 betydelse,
887 1026 75 21 kunna

345 1059 92 27 åläggas
455 1062 31 18 att
501 1062 42 18 mot
559 1060 43 26 full
617 1060 122 27 ersättning
754 1060 60 27 afstä
829 1061 75 27 nödigt
919 1068 42 14 om-

345 1093 53 21 råde
416 1093 36 27 för
471 1094 41 20 den
530 1094 35 20 till
585 1094 161 27 anläggningen
761 1094 97 22 hörande
874 1095 88 28 ledning

346 1127 52 21 eller
421 1128 47 20 tåla
491 1128 41 20 den
550 1127 161 28 inskränkning
730 1128 9 20 i
758 1128 35 21 sin
812 1130 46 19 rätt
877 1131 31 18 att
927 1129 33 20 be-

343 1168 74 22 gagna
432 1162 104 24 omrädet,
550 1168 45 14 som
611 1162 36 26 för
662 1162 60 27 dylik
738 1162 89 28 ledning
838 1163 125 27 erfordras;

346 1196 38 20 och
404 1196 58 20 skall
480 1196 8 20 i
507 1196 80 21 sädant
605 1196 44 27 fall
669 1196 101 27 förfaras
786 1198 32 26 pä
837 1199 44 19 sätt
899 1197 64 27 lagen

346 1236 34 15 om
402 1230 164 28 expropriation
586 1230 29 28 af
630 1230 45 28 fast
694 1231 101 27 egendom
814 1232 36 27 för
869 1232 94 20 allmänt

345 1264 65 28 behof
422 1264 92 28 förmår.

632 1339 14 19 4
661 1338 20 27 $.

416 1383 66 21 Hvad
502 1384 7 20 i
529 1385 28 20 12
575 1384 15 28 $
609 1385 29 20 34
657 1384 59 28 Kap.
736 1384 38 21 och
794 1386 13 19 1
826 1385 15 27 $
859 1385 29 20 35
903 1384 59 29 Kap.

347 1418 130 28 strafflagen
493 1418 89 28 stadgas
597 1418 112 28 angäende
723 1418 124 22 hindrande
858 1419 52 21 eller
921 1421 42 19 stö-

346 1453 69 21 rande
438 1452 28 28 af
485 1453 83 21 allmän
592 1453 102 28 telegraf-
718 1453 53 21 eller
790 1454 173 28 telefonanstalts

277 1496 184 18 Ekonomiutskottets
473 1496 110 18 betänkande
597 1496 36 18 N:o
645 1497 17 16 4.
