1056 1753
144 1371 33 27 18:

220 167 12 20 2
417 165 26 22 U.
459 166 26 21 B.
501 178 26 3 —
543 165 71 28 Prop.
630 166 40 21 N:o
685 159 52 28 29.

260 234 99 27 Antydda
382 234 52 21 brist
455 235 27 26 pä
503 234 138 21 konformitet
663 233 38 21 har
724 233 66 21 delvis
810 233 131 21 förorsakats

192 269 61 21 deraf
274 270 31 19 att
327 269 90 20 nämnda
439 268 148 27 författningar
607 268 122 21 tillkommit
747 267 26 28 pä
801 268 56 21 olika
879 267 61 27 tider,

193 303 45 22 dels
260 305 62 25 utgör
344 304 40 20 den
407 309 26 15 en
455 303 52 27 följd
527 303 22 21 af
574 303 40 21 den
633 303 89 26 tidigare
742 302 93 21 rädande
854 302 88 27 äsigten,

193 339 32 19 att
246 337 90 21 handeln
360 338 45 20 med
428 337 147 27 maltdrycker,
591 337 27 26 pä
636 337 68 26 grund
723 337 23 20 af
763 337 61 21 dessa
843 337 100 26 dryckers

193 372 84 26 ringare
296 371 138 26 alkoholhalt,
454 372 46 20 icke
519 377 50 15 vore
587 372 7 20 i
613 370 64 22 behof
692 371 22 21 af
728 371 43 21 lika
787 373 73 25 sträng
876 371 67 26 rogle-

192 406 118 26 mentering
326 412 45 15 som
387 406 90 21 handeln
494 406 47 21 med
556 406 88 21 bränvin
660 407 54 19 samt
730 405 59 21 viner
805 406 38 20 och
855 412 90 20 svagare

193 440 133 28 rusdrycker.
359 440 124 21 Emellertid
510 440 38 21 har
575 440 146 21 erfarenheten
748 440 55 20 visat
828 442 32 18 att
883 440 61 20 malt-

194 475 123 27 dryckerna,
336 474 91 32 förutom
446 474 40 21 den
505 474 134 26 användning
658 474 25 21 de
703 474 62 21 hafva
785 480 45 15 som
850 474 95 26 närings-

194 509 74 27 medel,
288 508 22 22 af
327 509 40 21 den
386 508 115 22 arbetande
519 508 85 22 klassen
624 509 6 21 i
649 508 47 22 värt
712 509 49 21 land
777 508 106 28 begagnas
899 508 46 21 huf-

193 544 139 26 vudsakligen
348 549 44 15 som
411 543 194 27 berusningsmedel
626 544 37 20 och
685 545 32 20 att
737 543 58 22 detta
816 543 105 21 missbruk
939 544 7 20 i

194 579 42 27 hög
250 578 52 28 grad
318 578 67 25 ökats,
401 578 64 21 sedan
481 578 91 21 handeln
587 578 48 22 med
651 578 67 27 öfriga
729 578 126 27 rusdrycker
866 578 77 21 under-

193 613 82 22 kastats
298 614 67 20 större
388 612 152 22 restriktioner.
569 613 45 21 Allt
636 612 103 27 tydligare
761 612 39 22 har
819 614 36 20 det
873 612 70 22 derför

194 647 102 28 framgätt
318 650 31 18 att
371 647 91 26 afsigten
481 647 47 21 med
547 648 62 21 dessa
627 648 152 24 restriktioner,
799 647 72 21 hvilka
890 647 55 21 visat

194 682 33 27 sig
242 681 185 27 ändamälsenliga,
443 681 46 22 icke
504 682 41 20 kan
562 682 49 21 fullt
621 682 88 27 uppnäs,
719 682 64 21 innan
794 682 90 21 handeln
897 682 47 21 med

194 716 142 27 maltdrycker
355 716 160 25 %underkastats
545 715 111 22 enahanda
681 715 185 27 inskränkningar.
903 716 40 21 Till

194 751 53 26 följd
262 750 63 22 häraf
339 750 105 26 framstår,
461 751 64 26 enligt
540 750 121 22 Utskottets
678 751 59 26 äsigt,
748 750 40 21 den
803 751 78 26 nådiga
896 756 48 21 pro-

194 785 132 27 positionens
341 784 54 27 syfte
410 787 31 18 att
457 785 73 27 bringa
546 792 27 15 nu
589 785 99 26 gällande
703 785 131 27 stadganden
853 785 91 21 rörande

195 820 91 22 handeln
304 820 49 21 med
369 819 140 28 maltdrycker
524 820 6 20 i
545 822 98 19 närmare
661 819 221 22 öfverensstämmelse
897 820 48 21 med

194 854 159 29 lagstiftningen
369 855 109 26 angående
494 855 85 21 bränvin
596 854 39 22 och
652 855 58 21 viner
725 856 55 19 samt
796 860 88 21 svagare
899 861 47 15 rus-

196 890 89 27 drycker
300 890 70 21 såsom
385 890 7 20 i
407 889 41 21 allo
464 890 135 26 berättigadt.

264 923 111 23 Utskottet
389 924 39 21 har
445 923 78 28 jemväl
541 924 76 27 funnit,
637 925 31 20 att
686 924 26 21 de
731 924 114 27 ändringar
864 924 23 21 af
903 924 44 27 gäl-

197 959 61 22 lande
277 958 285 28 maltdrycksförfattningar,
583 959 72 21 hvilka
674 959 7 20 i
699 959 40 20 den
759 958 77 27 nådiga
851 959 96 26 proposi-

196 994 72 21 tionen
286 993 33 21 till
339 993 134 27 afhjelpande
492 993 21 21 af
528 993 155 27 ofvanantydda
699 993 137 26 olägenheter
851 993 96 26 föreslås,

196 1029 7 20 i
226 1027 116 22 allmänhet
368 1029 35 19 äro
426 1027 37 22 väl
486 1028 135 25 motiverade,
646 1027 85 22 hvarför
749 1027 112 22 Utskottet
879 1029 69 19 ansett

197 1062 158 27 propositionen
378 1062 70 21 kunna
470 1062 7 21 i
499 1062 119 21 hufvudsak
640 1061 130 27 godkännas.
801 1062 94 21 Likvisst
911 1062 38 20 har

196 1096 110 23 Utskottet
324 1096 35 22 vid
378 1096 219 27 detaljgranskningen
617 1096 24 21 af
655 1096 208 27 ändringsförslagen
879 1098 69 20 ansett

197 1133 31 20 att
247 1133 31 19 ett
300 1130 121 22 effektivare
440 1131 89 21 resultat
549 1131 68 21 skulle
636 1131 80 26 vinnas,
732 1131 45 21 ifall
793 1131 98 27 gällande
906 1130 43 22 för-

197 1166 89 26 ordning
302 1165 108 28 angående
425 1165 124 27 försäljning
565 1166 40 21 och
620 1165 143 27 utskänkning
774 1165 24 21 af
807 1165 142 27 maltdrycker

196 1200 86 26 bragtes
298 1200 7 20 i
323 1201 27 19 än
361 1201 97 20 närmare
473 1199 218 22 öfverensstämmelse
707 1200 48 21 med
771 1200 177 26 förordningarna

198 1234 107 26 angående
328 1234 89 21 bränvin
437 1236 54 19 samt
509 1234 59 21 viner
583 1234 38 22 och
637 1234 66 21 andra
719 1240 88 21 svagare
823 1234 126 26 rusdrycker

198 1271 26 19 än
247 1268 55 21 hvad
324 1268 8 21 i
351 1268 41 21 den
407 1268 78 26 nådiga
503 1269 156 26 propositionen
678 1268 101 26 föreslås;
799 1268 38 21 och
853 1268 96 21 anhåller

197 1301 111 21 Utskottet
326 1303 32 19 att
379 1302 7 19 i
409 1302 35 20 det
465 1302 92 25 följande
581 1302 21 20 få
620 1302 119 20 framställa
758 1303 26 19 de
807 1303 71 25 motiv,
904 1308 45 14 som

198 1335 71 21 dervid
290 1335 56 26 gjort
365 1335 30 26 sig
411 1335 104 27 gällande.

267 1369 33 21 Då
319 1369 66 26 enligt
403 1369 36 21 det
458 1369 184 26 tilläggsmoment,
661 1375 45 15 som
725 1368 7 22 i
751 1368 40 22 den
809 1368 77 28 nådiga
901 1376 49 21 pro-

198 1403 119 28 positionen
332 1403 89 22 föreslås
436 1403 32 21 till
485 1405 11 21 1
513 1403 11 28 &
540 1403 22 22 af
576 1403 98 28 gällande
687 1403 263 28 maltdrycksförordning,

198 1439 213 21 landskommunerna
433 1438 69 21 blefve
524 1438 128 21 tillerkända
675 1438 128 27 rättigheten
825 1440 32 19 att
879 1438 70 22 tillåta

199 1473 50 22 eller
264 1473 99 26 förbjuda
378 1473 120 22 inrättande
513 1472 23 21 af
550 1473 96 28 bryggeri
662 1473 32 21 för
707 1473 136 27 tillverkning
855 1473 22 22 af
887 1474 62 21 malt-

267 1518 181 19 Ekonomiutskottets
461 1518 109 18 betänkande
582 1519 37 17 N:o
634 1519 15 17 7.
