1700 1914
504 248 28 19 44
709 245 69 22 Ständ.
794 247 32 21 Sv.
843 257 27 3 —
886 245 60 26 Prop.
963 243 36 22 N:o
1016 244 31 21 17.

836 355 12 19 2
865 353 58 28 Kap.

611 419 8 8 M
759 417 39 23 Om
812 416 195 29 legovederlaget.

853 476 24 19 18
893 474 20 28 &.

573 515 46 20 Det
643 514 70 29 årliga
736 514 183 28 legovederlaget
934 514 45 29 kan
994 512 122 22 fastställas
1132 514 33 19 att
1180 513 56 27 utgå
1250 512 8 20 i

504 549 134 29 penningar,
653 549 136 21 naturalster
804 548 54 21 eller
873 548 82 22 arbete.
979 547 142 22 Naturalster
1136 549 36 19 må
1187 547 70 27 erläg-

506 591 40 21 gas
569 583 109 28 antingen
699 583 35 21 till
751 583 57 22 visst
827 583 8 20 i
849 582 184 29 legokontraktet
1048 581 112 22 bestämdt
1175 581 83 28 belopp

506 618 54 21 eller
576 617 43 22 ock
634 618 51 21 med
700 617 46 22 viss
762 617 36 21 del
814 616 25 22 af
851 617 148 28 lägenhetens
1015 616 71 28 årliga
1097 616 105 21 afkomst.
1218 615 40 22 Ut-

506 655 67 25 göres
595 651 183 29 legovederlaget
800 651 51 21 med
869 651 148 28 dagsverken,
1033 650 65 21 skola
1113 650 28 21 de
1156 657 54 14 vara
1224 649 36 21 till

507 686 86 21 antalet
614 685 122 22 bestämda.
766 686 119 28 Upptager
905 684 130 22 kontraktet
1050 684 50 22 icke
1115 684 145 27 bestämning

506 727 37 14 om
566 720 69 26 tiden,
655 722 42 18 när
712 719 155 28 dagsverkena
882 719 64 22 skola
960 721 99 25 utgöras,
1075 718 56 22 böra
1146 718 114 21 desamma

507 756 25 20 så
546 754 98 22 fördelas
667 754 72 21 under
759 756 53 23 året,
828 756 33 19 att
876 754 113 21 brukaren
1003 753 66 21 deraf
1083 753 19 28 ej
1119 752 92 22 hindras
1226 754 34 19 att

507 788 75 22 drifva
596 789 40 21 sitt
651 791 52 25 eget
717 788 130 21 landtbruk.

576 822 137 29 Skyldighet
735 824 39 23 att,
796 822 92 22 utöfver
906 822 38 21 det
963 822 115 21 bestämda
1093 821 86 21 antalet
1194 820 65 28 dags-

506 857 87 21 verken
612 857 52 21 eller
683 860 69 17 annat
769 856 35 22 till
819 856 157 22 beskaffenhet
992 856 42 21 och
1050 856 81 28 belopp
1148 854 112 22 bestämdt

508 892 127 28 åliggande,
657 893 30 26 på
709 890 96 22 särskild
822 891 93 21 kallelse
930 890 91 28 betjena
1035 890 159 28 legogifvaren
1208 889 51 21 med

508 926 76 21 arbete
599 926 35 21 får
650 924 19 29 ej
687 925 96 22 brukare
798 925 124 22 åhvälfvas.

856 990 26 19 14
897 989 20 28 8.

577 1028 64 22 Skall
659 1028 52 28 lega
727 1030 94 26 utgöras
835 1029 8 21 i
857 1029 127 27 penningar
999 1029 54 21 eller
1067 1028 136 22 naturalster
1218 1028 43 21 och

508 1066 25 19 är
548 1062 20 29 ej
585 1063 46 21 viss
646 1062 33 21 tid
694 1062 36 22 för
750 1063 117 27 betalning
890 1063 107 25 bestämd,
1021 1062 62 29 gifve
1098 1062 97 22 brukare
1211 1062 50 21 dem

508 1100 26 19 ut
549 1099 40 20 två
603 1097 107 21 månader
725 1097 69 21 innan
809 1099 118 26 utgången
941 1097 26 21 af
979 1097 80 28 hvarje
1074 1097 82 28 legoår.
1180 1096 82 22 Natur-

510 1132 67 21 alster
592 1139 54 14 vare
664 1131 118 27 brukaren,
803 1132 39 21 der
857 1131 133 22 annorledes
1005 1131 20 29 ej
1042 1130 220 26 öfverenskommits,

508 1166 51 22 icke
577 1166 92 28 skyldig
689 1168 33 19 att
737 1166 171 21 tillhandahålla
923 1166 157 28 legogifvaren
1094 1168 63 19 utom
1173 1166 45 21 den
1232 1165 30 21 lä-

510 1200 92 29 genhet,
618 1207 49 15 som
683 1200 43 22 den
740 1200 94 28 utlegda
847 1200 82 28 jorden
944 1200 106 22 omfattar
1065 1200 54 22 eller
1133 1200 83 22 tillhör.

858 1266 26 18 15
899 1264 20 28 8.

578 1304 169 28 Legogifvaren
761 1304 58 21 skall
828 1304 36 21 för
875 1304 79 28 hvarje
965 1304 76 28 legoår
1052 1306 104 26 uppgöra
1165 1304 98 27 räkning

511 1338 51 22 med
578 1338 121 26 brukaren,
714 1338 93 22 hvilken
822 1338 36 21 för
874 1338 80 22 sådant
969 1338 104 21 ändamål
1083 1338 42 22 bör
1134 1338 87 21 infinna
1229 1338 35 28 sig

511 1375 13 17 å
538 1373 61 19 inom
615 1372 187 27 hufvudgårdens
817 1373 91 19 område
924 1372 104 20 anvisadt
1043 1372 54 20 eller
1111 1375 70 17 annat
1191 1372 72 20 öfver-

510 1405 141 21 enskommet
666 1405 70 21 ställe.
766 1406 75 27 Begär
856 1406 113 20 brukaren
984 1405 92 21 afskrift
1091 1405 26 21 af
1129 1406 134 27 räkningen,

510 1441 36 20 må
564 1439 69 22 sådan
649 1439 84 22 honom
747 1439 50 21 icke
813 1439 124 29 förvägras.
960 1439 135 22 Underlåter
1106 1439 157 29 legogifvaren

512 1476 32 19 att
566 1474 128 27 räkningen
717 1473 83 22 afsluta
821 1474 62 22 inom
905 1476 34 19 tre
958 1474 106 21 månader
1080 1474 58 22 efter
1152 1474 112 28 legoårets

511 1510 94 27 utgång,
622 1508 53 22 eller
690 1508 83 21 uteblir
790 1508 111 22 brukaren
916 1508 93 22 oaktadt
1025 1508 100 22 erhållen
1134 1509 130 28 tillsägelse,

511 1543 69 22 varde
603 1543 44 21 den
669 1542 136 22 tredskande
827 1543 124 28 förpligtad
967 1545 33 19 att
1015 1543 35 22 sin
1065 1543 133 29 skyldighet
1212 1543 52 22 full-
