1075 1761
180 166 13 18 2
394 162 72 23 Ständ.
482 162 35 23 Sv.
531 176 29 2 —
575 162 60 28 Prop.
652 162 34 22 N:o
701 162 38 21 23.

179 225 173 28 handläggning
377 225 150 21 öfverlemnat
555 225 86 27 förslag
670 224 35 21 till
734 224 135 28 förordning
895 231 37 14 om

180 260 136 20 hämmande
332 260 22 20 af
369 259 164 21 smittosamma
548 258 241 28 husdjurssjukdomar
803 258 62 22 inom
880 258 53 21 Fin-

180 293 60 26 land,
262 293 127 28 hvarjemte
413 293 128 21 Ständerna
558 293 35 21 till
609 292 130 27 kännedom
756 292 126 22 meddelats
898 294 34 19 ett

180 327 85 29 förslag
287 327 35 21 till
344 327 143 28 kungörelse,
510 327 159 21 innehållande
687 326 144 22 föreskrifter
845 327 8 20 i
869 326 63 22 detta

181 365 65 18 ämne
262 362 42 21 och
319 361 80 22 afsedd
414 363 34 19 att
462 361 8 22 i
485 361 166 22 administrativ
666 364 45 25 väg
726 361 108 21 utfärdas.

248 396 46 22 Vid
309 396 171 28 granskningen
502 396 23 21 af
540 396 65 21 dessa
619 395 86 28 förslag
720 395 69 22 hafva
805 395 128 22 Ständerna

180 430 77 21 funnit
272 430 48 21 skäl
335 430 35 21 till
385 430 110 22 särskilda
517 429 180 28 anmärkningar,
720 430 36 21 för
773 429 78 22 hvilka
867 429 66 22 Stän-

181 465 70 21 derna
266 465 94 28 utbedja
375 464 35 28 sig
426 467 33 19 att
474 465 8 21 i
497 465 39 21 det
550 464 101 28 följande
666 465 22 20 få
703 464 118 28 redogöra.

248 499 68 21 Hvad
331 499 80 20 främst
427 499 108 21 beträffar
550 499 131 21 förenämda
695 499 86 27 förslag
796 498 35 21 till
845 498 89 21 förord-

180 533 62 28 ning,
264 533 130 21 framhälles
418 533 8 21 i
451 533 45 21 den
517 533 84 28 nådiga
622 532 178 29 propositionen,
824 533 108 21 hurusom

179 567 110 28 förslaget
312 570 24 18 är
358 567 126 28 uppgjordt
505 569 30 26 pä
557 567 45 21 den
624 567 113 21 allmänna
753 567 9 20 i
779 569 13 18 5
807 567 14 28 &
837 569 27 18 22
879 567 51 27 kap.

180 602 26 20 B.
222 601 26 22 B.
271 601 102 21 uttalade
396 602 42 21 och
460 601 8 21 i
486 601 27 22 de
529 601 67 21 flesta
610 600 71 22 andra
695 600 91 22 länders
801 600 134 29 farsotslag-

180 636 108 28 stiftning
302 636 113 28 ingående
430 636 128 28 grundsats,
574 637 35 19 att
624 642 73 21 egare,
713 635 63 21 inom
791 635 68 21 hvars
869 635 63 21 ladu-

181 670 58 28 gård
263 670 127 22 smittosam
413 670 203 28 husdjursjukdom
642 669 135 21 misstänkes
805 669 69 22 hafva
898 672 35 18 ut-

180 704 79 26 brutit,
283 708 25 18 är
330 704 92 29 skyldig
439 705 138 21 underkasta
595 704 35 28 sig
644 704 60 21 vissa
719 703 190 29 inskränkningar
923 704 9 20 i

182 739 34 21 sin
238 741 46 19 rätt
309 741 33 19 att
364 739 51 21 fritt
438 739 120 28 disponera
580 739 64 21 öfver
667 738 49 21 sina
732 738 51 28 djur
799 738 42 22 och
857 746 74 13 annan

181 773 119 28 egendom,
316 773 29 22 dä
361 773 69 22 sädan
444 773 166 28 inskränkning
627 773 92 28 pröfvas
733 772 36 21 för
785 772 149 29 sjukdomens

180 807 136 22 hämmande
331 808 43 21 och
389 808 34 21 för
434 807 126 22 hindrande
571 808 23 21 af
604 807 104 21 smittans
719 807 140 28 utbredning
877 814 54 14 vara

180 841 139 29 nödvändig.
345 842 54 21 Med
414 842 166 28 godkännande
596 841 22 22 af
633 841 75 21 denna
725 841 122 28 grundsats
862 841 70 22 hafva

182 876 127 21 Ständerna
320 877 59 20 dock
389 878 75 19 ansett
475 876 28 20 de
511 876 34 21 uti
552 875 259 28 författningsförslaget
818 875 113 28 ingäende

180 910 163 28 stadgandena,
359 910 78 22 hvilka
447 910 72 22 delvis
530 914 37 18 äro
578 910 93 28 mycket
682 909 147 29 betungande
840 910 35 21 för
887 909 47 21 den

181 944 108 26 enskilde,
311 944 52 22 icke
385 952 54 14 vara
454 944 134 29 tillämpliga
601 946 30 26 pä
646 943 107 29 samtliga
767 944 164 21 smittosamma

180 978 245 30 husdjurssjukdomar.
457 979 82 21 Derför
554 979 41 21 har
610 978 68 22 äfven
692 978 103 22 omrädet
805 978 35 22 för
849 978 82 28 ifräga-

180 1014 99 20 varande
294 1013 137 28 författning
446 1016 65 25 synts
527 1014 55 20 böra
596 1014 123 27 begränsas
737 1020 83 21 genom
837 1015 34 19 att
883 1012 48 22 deri

180 1048 129 28 uppräknas
334 1048 29 21 de
387 1047 137 29 sjukdomar,
547 1050 29 26 pä
598 1046 78 22 hvilka
696 1047 149 29 lagförslaget
860 1047 71 21 borde

180 1082 118 28 tillämpas,
314 1082 8 22 i
336 1082 89 22 hvilket
448 1082 60 29 syfte
525 1084 10 19 1
551 1082 37 29 &:n
603 1082 51 21 frän
668 1081 111 29 förslaget
794 1081 35 21 till
844 1082 87 28 kungö-

179 1116 59 22 relse
262 1116 94 29 intagits
379 1116 34 22 uti
435 1116 163 29 förordningen
620 1118 74 20 såsom
717 1116 51 21 dess
787 1118 11 19 1
815 1116 19 28 8.
866 1116 66 22 Dock

178 1151 42 21 har
236 1151 39 21 det
296 1151 51 21 icke
370 1153 85 19 ansetts
470 1151 81 28 nödigt
566 1153 34 19 att
615 1150 34 21 uti
665 1151 75 20 denna
754 1150 106 28 paragraf
875 1157 58 21 upp-

179 1187 54 26 taga
252 1184 86 29 jemväl
360 1184 133 22 tuberkulos
515 1185 41 21 hos
579 1184 57 25 svin,
653 1187 53 18 enär
721 1186 77 26 nägon
814 1184 118 29 synnerlig

178 1219 49 21 fara
241 1219 35 21 för
299 1221 34 19 att
355 1219 133 22 tuberkulos
504 1226 82 21 genom
602 1219 65 21 dessa
683 1218 52 28 djur
750 1218 57 21 skall
822 1218 111 22 utbredas

179 1253 35 20 till
236 1253 62 21 förut
319 1253 71 20 friska
411 1253 136 28 ladugårdar
569 1253 51 20 icke
642 1253 65 21 torde
725 1252 146 26 förekomma;
888 1253 43 20 och

178 1287 41 20 har
249 1287 141 20 fördenskull
411 1287 135 27 paragrafen
578 1287 165 27 omredigerats
775 1286 91 26 derhän,
897 1289 34 18 att

178 1319 201 28 bestämningarna
400 1320 118 27 angående
540 1320 132 21 tuberkulos
696 1319 60 28 gälla
779 1319 80 22 endast
881 1322 50 19 nöt-

178 1354 98 20 kreatur.
308 1353 81 21 Tillika
410 1354 41 20 har
467 1354 65 20 ordet
548 1353 199 28 ,tuberkelsjuka*
763 1353 91 28 utbytts
870 1355 61 19 emot

178 1388 46 21 den
252 1395 62 14 mera
343 1387 93 22 koncisa
466 1388 42 21 och
532 1387 91 29 vanliga
647 1387 170 28 benämningen
842 1387 91 27 ,tuber-

178 1423 85 21 kulos*.
