1084 1745
197 143 26 20 58
414 142 27 22 U.
456 142 28 22 B.
500 155 27 2 —
542 142 74 29 Prop.
632 141 41 23 N:o
687 142 35 21 17.

195 210 126 28 hetsegaren
338 210 97 28 bidrager
449 210 70 21 dertill
535 210 99 21 stundom
645 210 6 20 i
662 209 69 28 någon
742 210 60 27 form,
812 217 48 14 men
871 208 76 22 endast

195 244 7 21 i
217 244 102 28 sällsynta
343 243 158 28 undantagsfall
524 243 123 22 ankommer
670 243 45 22 hela
738 242 208 30 byggnadsskyldig-

195 278 64 22 heten
280 278 13 21 å
309 285 83 22 egaren.
420 277 118 22 Fnahanda
553 280 22 19 är
590 277 141 22 förhållandet
746 279 6 20 i
768 280 71 19 vestra
854 277 92 22 Finland

197 312 41 23 och
265 313 64 21 södra
355 307 145 27 Österbotten.
536 312 11 21 I
570 312 59 21 delar
655 311 22 22 af
692 313 57 20 östra
772 311 92 22 Finland
886 311 61 22 torde

196 346 95 22 deremot
313 347 145 28 legogifvaren
481 347 7 20 i
510 347 72 27 regeln
605 346 84 29 deltaga
708 347 7 20 i
730 345 217 29 byggnadsbesväret,

197 381 99 22 bekostar
311 381 45 21 ofta
371 381 92 21 förutom
480 381 180 28 byggnadsvirket
674 381 77 28 jemväl
763 380 67 21 andra
841 380 105 26 tillbehör,

195 423 45 14 som
257 415 75 22 kräfva
347 415 103 22 kontanta
466 415 94 28 utgifter,
575 415 40 22 och
632 414 102 23 bestrider
749 414 99 22 stundom
863 415 33 21 till
906 414 41 22 och

195 450 48 21 med
259 457 26 14 en
300 449 35 22 del
350 449 23 22 af
388 449 196 22 arbetskostnaden.

263 484 12 21 I
290 485 159 28 propositionen
465 485 39 21 har
518 484 163 28 ifrågavarande
692 484 122 29 skyldighet
825 484 121 28 föreslagits

195 521 32 19 att
247 519 76 22 mellan
347 519 104 21 brukaren
473 519 41 22 och
536 519 145 28 legogifvaren
696 518 89 22 sålunda
801 518 101 27 fördelas,
916 522 31 18 att

196 553 41 22 den
253 553 132 22 sistnämnde
400 553 67 22 skulle
483 553 62 22 ställa
559 553 34 22 för
608 553 126 28 byggnaden
750 553 75 28 nödigt
840 553 66 22 virke.

263 587 60 22 Inom
344 587 112 22 Utskottet
476 588 64 21 hafva
560 587 57 22 olika
636 588 110 27 meningar
764 587 88 22 uttalats
867 587 80 26 derom,

196 621 104 22 huruvida
315 621 290 29 nybyggnadsskyldigheten
621 621 65 22 borde
702 621 86 28 åläggas
799 621 147 28 legogifvaren

195 655 51 22 eller
268 656 140 27 legotagaren,
431 656 112 21 hvarutom
565 655 95 29 yrkande
682 656 122 22 framstälts.
823 659 31 17 att
876 655 70 22 denna

194 689 120 28 skyldighet
339 689 65 21 borde
426 689 76 22 endast
524 690 36 21 vid
582 690 96 28 torplega
700 689 104 22 brukaren
827 689 119 22 ähvälfvas.

194 723 113 28 Förslaget
316 727 31 18 att
357 723 75 28 ålägga
443 724 103 21 brukaren
559 723 259 30 byggnadsskyldigheten
829 723 38 22 har
877 723 69 22 stödts

196 757 180 30 hufvudsakligen
397 759 27 28 pä
444 758 41 22 den
503 759 76 28 grund,
594 761 31 18 att
644 758 37 21 det
695 759 36 20 vid
747 758 141 22 nästnämnda
904 759 42 21 för-

194 791 99 23 hällande
308 792 47 29 läge
370 793 6 20 i
393 793 115 21 brukarens
523 798 49 23 eget
582 794 90 20 intresse
682 796 32 18 att
724 793 146 28 omsorgsfullt
880 793 66 22 värda

195 826 156 29 byggnaderna,
366 827 110 21 hvaremot
490 827 154 29 nybyggnader
659 827 50 22 vida
724 835 84 14 snarare
825 827 71 22 blefve
909 827 36 22 be-

193 860 105 28 höfliga,
293 856 14 38 i
317 861 101 21 händelse
438 861 105 21 brukaren
565 862 90 27 fritoges
677 861 46 21 frän
739 861 207 29 byggnadsskyldig-

193 894 70 22 heten.
292 895 84 21 Härvid
391 895 66 21 hafva
472 896 66 21 likväl
553 896 57 21 olika
620 896 109 28 meningar
738 896 56 28 gjort
804 896 33 28 sig
846 895 99 29 gällande

193 928 79 28 derom,
295 930 106 21 huruvida
427 930 145 28 legogifvaren
595 930 54 28 egde
672 930 33 21 för
728 930 218 28 byggnadsföretaget

193 964 90 22 bekosta
302 964 76 21 endast
398 964 69 22 virket
486 965 50 21 eller
556 965 77 28 jemväl
653 967 65 19 annat
733 965 213 28 byggnadsmaterial.

261 998 59 22 Utan
342 1001 31 19 att
396 999 48 28 vilja
467 999 90 21 förneka
579 999 36 22 det
638 999 169 22 beaktansvärda
828 1000 7 21 i
856 999 89 22 berörda

195 1033 137 29 pästäenden,
347 1033 39 21 har
403 1033 122 22 Utskottets
541 1034 67 21 flertal
624 1033 66 22 likväl
705 1036 71 19 ansett
790 1033 28 22 de
832 1034 47 21 skäl
894 1034 51 22 böra

193 1067 138 22 tillerkännas
357 1067 116 29 afgörande
499 1068 115 29 betydelse,
636 1076 45 14 som
706 1068 24 21 af
753 1068 191 29 jordlegokomiten

193 1102 82 21 anförts
289 1102 32 21 till
337 1102 48 21 stöd
401 1102 33 21 för
450 1103 171 28 uppfattningen,
635 1106 32 18 att
681 1105 115 20 tvärtemot
810 1103 56 22 hvad
878 1103 67 29 enligt

192 1144 29 13 nu
235 1136 98 29 gällande
349 1137 34 27 lag
398 1138 23 19 är
436 1137 66 25 fallet,
512 1137 158 28 legogifvarens
680 1137 265 29 nybyggnadsskyldighet

193 1170 65 22 borde
268 1171 118 28 uppställas
396 1171 70 21 såsom
477 1171 63 28 regel.
558 1171 81 22 Härom
649 1175 69 25 yttrar
727 1172 103 21 komiten:
848 1172 96 28 >Lagens

191 1205 139 28 stadganden,
345 1205 48 21 frän
409 1205 73 28 början
497 1206 127 21 härutinnan
640 1206 92 29 obilliga,
743 1206 71 21 kunde
826 1206 58 22 dock
894 1214 51 15 vara

192 1239 130 28 förklarliga,
337 1239 24 21 sä
375 1239 62 28 länge
453 1239 100 27 landbon,
566 1240 83 28 jemlikt
664 1241 12 20 6
692 1241 12 27 8
720 1242 26 20 27
762 1240 49 29 kap.
827 1240 25 21 B.
866 1241 26 20 B.
907 1248 38 15 var

193 1273 118 27 berättigad
332 1275 32 18 att
384 1273 66 21 bruka
471 1274 109 27 lägentens
601 1274 54 27 skog
675 1275 32 20 till
729 1275 33 20 sin
778 1274 102 27 nödtorft,
896 1282 48 14 men

192 1305 65 21 sedan
280 1306 140 21 nästnämnda
442 1306 119 28 stadgande
583 1314 88 14 numera
693 1307 73 21 blifvit
787 1310 65 18 ersatt
866 1315 78 21 genom

193 1340 26 20 20
236 1340 13 27 8
269 1340 7 20 i
298 1340 127 28 skogslagen
448 1340 23 21 af
490 1340 24 21 är
535 1341 60 26 1886,
611 1340 66 29 enligt
698 1341 88 21 hvilken
808 1340 36 22 det
858 1341 48 22 icke
922 1343 23 20 är

189 1373 80 22 landbo
292 1373 78 22 tillätet
391 1376 32 19 att
445 1376 50 20 utan
517 1374 136 29 jordegarens
673 1375 31 22 lof
719 1375 89 22 afverka
823 1376 60 28 skog,
898 1383 46 15 som

189 1408 86 29 tillyder
285 1408 22 22 af
317 1408 93 22 landbon
420 1408 82 22 brukad
512 1409 105 29 lägenhet.
627 1409 33 22 stä
673 1409 115 23 brukarens
798 1410 146 29 skyldigheter

191 1442 40 23 och
252 1443 125 29 rättigheter
397 1443 135 29 fullständigt
551 1445 7 21 i
579 1444 52 22 strid
647 1444 48 22 med
710 1444 126 23 hvarandra.
865 1445 77 29 Nägon

257 1490 49 23 Lag-
319 1490 32 18 och
364 1489 183 20 Ekonomiutskottets
559 1491 110 18 betänkande
682 1491 40 18 N:o
735 1493 17 17 4.
