1081 1723
172 121 13 20 6
396 119 28 22 U.
440 119 28 22 B.
484 132 25 3 —
526 119 74 28 Prop.
617 119 44 22 N:o
677 118 34 23 17.

173 194 50 15 som
246 188 70 27 angår
338 188 35 21 för
394 187 120 21 underhåll
537 187 24 21 af
574 187 106 27 byggnad
696 193 28 14 m.
741 193 30 14 m.
787 184 140 27 erforderligt

174 221 111 27 material,
309 222 76 21 såsom
408 222 121 20 omfattadt
548 222 24 20 af
586 221 80 21 endast
681 223 30 18 ett
727 219 77 26 Stånd,
820 218 107 26 förfaller,

172 256 35 21 får
221 256 113 21 Utskottet
349 256 89 27 föreslå,

468 292 32 19 alt
514 290 123 21 Ständerna
654 289 49 20 ville
717 288 35 27 för
767 288 28 20 29
810 287 15 28 $
841 288 84 25 antaga

377 325 97 27 följande
489 325 77 26 lydelse
574 333 7 12 :

624 376 28 20 29
667 376 20 25 8.

446 423 49 20 Har
526 422 108 28 byggnad,
659 428 46 14 som
730 421 36 27 för
791 418 137 29 lägenhetens

380 458 57 20 bruk
459 457 66 27 nödig
548 459 31 23 är,
594 457 99 28 förstörts
708 456 49 20 eller
772 454 27 27 af
812 453 59 21 ålder
885 453 43 26 för-

378 492 59 27 fallit
460 492 39 20 och
522 491 36 22 vid
572 499 40 20 syn
628 491 119 27 förklarats
763 487 93 28 oduglig,
873 486 55 27 ålig-

378 533 38 20 ger
439 526 39 25 det,
501 527 71 20 såvidt
592 526 18 27 ej
628 524 141 22 annorlunda
785 523 7 20 i
808 521 123 28 legoaftalet

381 560 207 27 öfverenskommits,
604 560 108 20 brukaren
729 559 31 20 att
770 557 40 21 den
819 556 110 26 ombygga

379 595 50 20 eller
450 601 78 14 annan
544 594 8 21 i
565 594 70 21 stället
649 593 106 28 uppföra;
771 591 40 21 och
825 591 37 20 bör
873 590 56 26 lego-

379 629 107 27 gifvaren,
502 629 67 20 derest
583 629 61 20 huset
654 628 19 26 ej
682 627 97 28 förstörts
789 631 77 21 genom
879 624 50 20 bru-

381 664 81 21 karens
477 663 106 25 vållande,
600 661 76 22 anvisa
693 661 69 21 denne
778 660 59 21 inom
854 659 73 26 lägen-

361 695 5 8 "
380 698 72 21 hetens
470 698 49 21 eller
537 697 179 28 hufvudgärdens
739 694 90 22 område
855 692 77 27 nödigt

383 733 61 20 virke
467 733 40 20 och
537 733 71 20 annat
637 731 106 27 naturligt
767 728 162 29 byggnadsma-

379 768 68 21 terial.
466 768 43 20 Gör
520 768 144 27 legogifvaren
676 766 60 27 det
715 758 22 41 ej
744 765 40 21 och
792 764 37 21 vill
837 764 18 27 ej
865 762 65 21 heller

380 802 51 28 sjelf
452 802 79 27 bygga,
551 802 75 21 stånde
649 801 109 21 brukaren
778 799 45 28 fritt
838 799 31 20 att
883 804 46 14 om-

379 837 72 27 bygga
467 837 49 20 eller
532 836 93 29 uppföra
641 836 62 20 huset
713 835 27 27 af
747 834 66 26 virke,
823 839 47 15 som
884 832 45 20 han

379 871 119 28 anskaffat,
514 871 39 21 och
569 871 59 27 njute
643 870 45 21 han
705 869 119 26 ersättning
839 867 28 28 af
876 867 55 26 lego-

382 906 100 27 gifvaren
507 906 35 27 för
566 905 221 28 byggnadsmaterial,
805 911 54 14 -som
877 895 56 28 -bort

380 939 82 22 honom
471 940 23 27 af
503 940 69 21 denne
582 940 101 25 anvisas;
697 947 50 14 men
761 939 38 21 vill
810 939 45 20 han
866 938 65 21 hellre

379 975 63 26 legan
466 976 105 26 uppsäga,
594 981 51 14 vare
664 974 121 27 berättigad
799 975 31 19 att
844 973 86 28 afflytta

379 1010 14 19 å
416 1010 65 19 nästa
496 1009 86 28 fardag,
598 1016 36 14 om
650 1009 45 20 han
712 1009 36 20 vid
763 1008 167 28 uppsägningen

382 1043 188 28 tillkännagifver,
578 1046 30 19 att
622 1044 45 21 han
682 1045 49 26 laga
745 1043 80 28 fardag
841 1043 19 27 ej
868 1043 63 26 njuta

381 1077 42 22 vill.

522 1119 27 20 30
564 1114 37 31 8.

246 1158 165 27 Ridderskapet
426 1158 44 20 och
485 1158 71 21 Adeln
572 1159 43 20 har
629 1159 36 19 för
680 1158 134 27 paragrafen
830 1158 102 26 godkänt

173 1199 32 14 un
212 1192 61 27 gefär
295 1191 100 27 följande
418 1191 93 28 lydelse:
530 1192 38 27 »Ej
585 1192 67 21 hafve
667 1192 100 21 brukare
781 1192 35 20 lof
829 1194 32 19 att
875 1194 55 18 utan

177 1226 166 27 legogifvarens
358 1225 102 22 tillstånd
476 1227 49 20 från
542 1227 133 26 lägenheten
691 1226 101 21 bortföra
805 1226 52 21 eller
872 1226 59 21 bort-

173 1257 53 23 föra
241 1261 45 18 låta
302 1261 65 18 foder
381 1261 54 19 eller
449 1261 77 24 gödsel
542 1261 37 20 vid
595 1261 110 25 äfventyr,
721 1267 50 14 som
787 1260 7 20 i
809 1261 28 20 44
847 1262 13 24 8
873 1260 57 21 stad-

173 1299 46 20 gas.
251 1293 35 21 Då
309 1293 114 21 brukaren
447 1293 50 21 från
517 1294 104 26 lägenhet
635 1294 64 26 flytta
715 1294 64 25 skall,
795 1293 37 21 må
848 1293 46 21 han
911 1294 18 27 ej

177 1327 50 20 före
249 1327 79 26 fardag
343 1327 92 21 kreatur
450 1327 53 21 eller
518 1327 64 22 foder
596 1327 26 22 af
634 1327 51 21 bole
701 1327 49 21 föra
765 1327 39 21 vid
821 1328 110 27 äfventyr,

173 1368 52 14 som
248 1361 7 20 i
279 1361 104 27 gällande
406 1362 36 26 lag
464 1361 97 28 stadgas.
592 1362 48 21 Har
655 1362 47 21 han
717 1362 39 21 vid
771 1362 160 27 afflyttningen

173 1395 67 22 foder
255 1403 63 21 qvar,
334 1397 38 21 må
387 1397 47 21 han
450 1397 37 21 det
502 1397 111 27 medtaga,
629 1397 47 21 ifall
689 1397 49 21 icke
750 1397 121 27 brukaren,
881 1404 49 14 som

173 1431 57 20 efter
245 1431 111 26 kommer,
372 1431 37 21 det
424 1432 49 20 lösa
488 1431 39 21 vill
542 1432 33 20 till
591 1432 13 20 å
620 1434 63 19 orten
699 1433 83 26 gängse
797 1431 67 29 pris».

257 1477 50 22 Lag-
319 1477 32 17 och
363 1477 188 18 Ekonomiutskottets
564 1478 110 17 betänkande
686 1477 37 18 N:o
735 1479 17 17 4.
