1084 1745
205 139 27 20 78
412 138 29 22 U.
456 138 28 21 B.
499 151 28 2 —
541 138 74 28 Prop.
631 139 41 21 N:o
688 139 33 21 17.

204 207 139 20 bestämmes
365 207 52 20 med
440 207 127 20 beaktande
587 207 24 20 af
625 207 43 20 alla
684 207 29 26 på
729 206 70 21 saken
816 205 140 21 inverkande

205 240 201 27 omständigheter,

273 274 73 21 Jemte
362 275 37 20 det
414 276 26 19 57
456 275 44 26 (50)
516 275 43 20 och
575 275 26 20 58
617 276 44 25 (51)
677 275 26 26 88
715 275 7 20 i
733 273 224 27 författningsförsla-

204 311 36 24 get
262 309 184 20 omformulerats
469 309 6 20 i
499 309 98 26 enlighet
620 309 51 20 med
694 309 69 20 ofvan
786 308 97 21 anförda
906 315 51 20 syn-

205 343 104 26 punkter,
326 343 42 20 har
390 343 157 21 förstnämnda
570 343 107 28 paragraf
697 343 142 27 förtydligats
862 342 94 25 derhän,

205 379 32 18 att
258 377 124 26 ersättning
401 377 44 21 kan
462 377 97 21 erhållas
575 377 80 22 endast
670 377 35 21 för
718 377 86 21 sådana
820 377 7 20 i
844 377 24 20 17
885 377 43 26 (16)
944 377 13 24 $

205 411 154 21 omförmälda
381 412 156 26 inrättningar,
560 419 48 14 som
632 412 46 21 afse
702 411 255 26 landthushällningens

206 445 76 26 behof,
296 452 52 14 men
365 445 49 21 icke
431 446 34 20 för
480 446 132 20 industriela
629 445 149 27 inrättningar
788 445 54 20 eller
851 452 31 13 m.
894 451 29 13 m.
935 445 21 19 d.

520 561 27 19 59
563 561 43 25 (52)
621 560 18 25 8.

275 640 42 20 Det
339 639 6 20 i
370 641 8 18 1
397 646 68 14 mom.
482 640 25 20 af
520 640 148 20 förevarande
684 640 106 27 paragraf
804 638 153 22 omförmälda

207 674 122 20 tillständet
345 674 25 20 af
381 674 133 26 jordegaren
530 674 32 20 till
572 674 112 21 särskilda
693 674 160 26 förbättringar
861 673 97 21 innebär

206 708 56 26 icke,
281 710 32 18 att
335 708 115 20 brukaren
471 715 53 13 vore
547 708 134 20 förhindrad
697 710 31 18 att
743 708 75 20 utföra
834 708 52 20 dem
901 710 55 18 utan

207 742 107 20 särskildt
337 742 140 26 begifvande,
495 745 53 18 utan
571 742 79 20 endast
673 744 31 18 att
723 743 44 19 rätt
782 742 34 20 till
834 742 124 25 ersättning

206 776 35 20 för
257 777 70 19 större
344 776 43 20 och
403 776 166 21 kostsammare
585 776 160 26 förbättringar
760 776 70 26 gjorts
845 775 112 21 beroende

206 810 70 26 deraf,
289 812 33 18 att
345 810 117 20 desamma
485 811 119 20 verkstälts
620 810 52 21 med
690 810 146 27 jordegarens
852 810 106 26 skriftligt

207 844 104 20 lemnade
335 845 121 26 samtycke.
487 844 43 21 Till
551 844 27 21 de
596 845 7 19 i
619 844 172 28 propositionen
808 844 149 28 uppräknade

206 879 101 26 exempel
330 879 30 26 pä
382 878 161 27 förbättringar
561 879 25 20 af
606 878 172 27 ifrågavarande
793 878 164 24 beskaffenhet,

205 913 50 26 bör,
270 913 69 26 enligt
363 913 123 20 Utskotteis
510 913 73 24 tanke,
600 913 126 27 ytterligare
748 913 62 26 fogas
828 913 130 20 tillförande

207 947 25 20 af
252 947 77 27 mylla,
345 947 58 21 sand
418 948 54 20 eller
492 948 45 20 lera
556 948 7 20 i
580 947 70 21 sådan
667 947 92 27 mängd,
776 950 31 18 att
820 947 138 27 jordmånen

206 977 130 30 fysikaliskt
356 981 134 21 förbättrats.
521 982 35 26 Ty
571 981 29 21 dä
617 981 52 21 slikt
685 981 75 22 arbete
777 981 131 21 verkställes
923 981 36 21 för

206 1015 70 26 sagda
299 1015 108 21 ändamäl
430 1016 41 20 och
494 1016 49 20 icke
562 1016 80 21 endast
661 1015 76 21 säsom
752 1016 97 21 tillskott
863 1015 34 21 till
912 1015 45 21 den

207 1049 69 27 ärliga
292 1049 139 27 gödslingen,
448 1050 45 20 kan
507 1050 127 21 detsamma
651 1050 102 20 medföra
769 1050 114 27 betydliga
898 1049 60 21 kost-

205 1084 78 27 nader,
298 1084 139 27 följaktligen
458 1084 85 27 jemväl
566 1084 103 27 ansenlig
692 1083 266 29 ersättningsskyldighet

206 1119 44 20 och
273 1119 76 26 likväl,
366 1120 72 20 derest
458 1119 83 21 medlet
557 1119 116 21 användes
690 1119 29 27 pä
735 1119 91 27 oriktigt
842 1120 50 25 säti,
908 1118 50 22 icke

205 1153 51 21 leda
272 1154 33 20 till
320 1153 37 21 det
372 1154 92 20 dermed
481 1154 101 26 äsyftade
599 1154 74 20 mälet.

209 1188 2 2 |
275 1188 45 20 För
335 1188 89 20 mindre
439 1188 141 26 förbättring,
596 1188 76 20 såsom
688 1188 36 20 för
740 1188 104 27 rödjning
858 1188 26 20 af
897 1188 61 26 åker,

207 1224 44 24 äng
273 1222 53 21 eller
349 1222 119 26 beteshage
493 1222 87 21 utöfver
602 1222 60 21 hvad
685 1222 33 21 till
741 1222 147 27 lägenhetens
902 1222 56 21 häfd

208 1258 71 24 hörer,
291 1258 25 18 är
331 1256 114 20 brukaren
461 1256 66 21 äfven
541 1259 55 18 utan
608 1256 121 21 utverkadt
740 1256 107 22 särskildt
856 1256 102 22 tillstånd

206 1290 125 25 berättigad
347 1292 32 17 att
394 1289 70 20 undfå
480 1290 124 25 ersättning
617 1289 91 26 jemlikt
723 1290 27 19 de
766 1290 118 20 allmänna
900 1290 58 20 stad-

206 1323 105 26 gandena
332 1322 5 19 i
359 1323 26 19 57
409 1323 43 25 (50)
476 1323 43 19 och
542 1323 27 19 58
591 1323 44 25 (51)
657 1323 31 26 $$.
720 1323 42 20 Det
783 1323 34 20 till
832 1329 32 14 nu
879 1323 80 26 ifräga-

206 1356 99 21 varande
329 1356 106 27 paragraf
455 1356 127 27 föreslagna
603 1357 13 20 2
637 1363 69 14 mom.
722 1357 64 20 torde
807 1357 58 27 förty
881 1357 77 21 säsom

206 1391 142 26 öfverflödigt
363 1391 79 20 kunna
459 1397 27 14 ur
501 1391 142 27 lagförslaget
658 1391 59 27 utgå.

274 1484 49 22 Lag-
337 1483 31 18 och
381 1483 186 18 Ekonomiutskottets
579 1484 110 17 betänkande
701 1484 37 17 N:o
753 1485 16 16 4.
