1070 1742
410 137 29 21 U.
455 137 26 21 B.
497 150 27 1 —
539 136 75 28 Prop.
626 136 43 22 N:o
682 126 37 42 26.

380 201 45 21 den
452 201 97 28 behörig
575 204 35 19 att
636 200 132 30 handlägga
789 201 78 27 saken,
886 201 40 21 der

380 235 70 22 målet
477 236 20 28 ej
526 236 71 28 angår
623 235 112 28 fastighet
761 235 55 21 eller
841 237 84 19 utmät-

380 269 58 28 ning
456 270 23 21 af
497 270 46 21 fast
560 270 56 21 eller
632 269 35 22 lös
683 269 118 29 egendom,
815 268 55 22 eller
882 268 44 22 ock

380 303 103 22 konkurs
510 303 55 22 eller
591 303 124 22 boskilnad
742 303 56 22 eller
827 303 28 22 de
873 303 52 27 mål,

381 345 49 15 som
447 339 9 20 i
475 339 20 27 2,
515 339 14 20 3
549 338 43 23 och
609 339 16 20 4
644 339 28 26 $$
690 338 84 22 nämda
793 342 45 18 äro.
868 339 59 20 Dock

381 373 37 21 mä
436 374 18 27 ej
472 373 55 28 tvist,
545 381 45 14 som
609 373 65 28 enligt
691 375 12 19 1
719 374 16 27 $
752 373 72 21 tillhör
836 373 88 22 härads-

380 410 49 25 rätt,
446 415 74 20 genom
539 409 77 20 sådant
633 408 56 27 aftal
705 409 77 26 dragas
794 409 68 20 under
873 408 52 21 räd-

380 443 203 28 stufvurätt
537 437 33 38 Ej
585 443 63 21 heller
667 443 34 20 mä
720 441 132 22 häradsrätt
869 449 57 21 upp-

380 478 56 26 taga
453 476 63 28 tvist,
535 484 48 14 som
602 476 73 29 enligt
691 475 114 23 särskilda
818 475 108 30 stadgan-

381 511 45 21 den
453 511 46 21 kan
522 511 127 22 behandlas
668 511 83 22 endast
769 511 40 22 vid
827 510 99 22 rädstuf-

381 548 84 19 vurätt.

449 579 66 22 Aftal
542 587 37 15 om
596 580 53 28 laga
667 579 99 22 domstol
784 580 8 21 i
810 579 117 22 tvistemål

381 614 60 21 skall
467 614 133 29 skriftligen
622 616 121 27 upprättas
766 614 42 22 och
826 614 100 21 domsto-

380 649 39 21 len
435 651 59 19 samt
506 649 82 29 sjelfva
601 649 71 21 saken
684 648 50 21 deri
746 656 62 21 noga
819 651 106 19 utsättas.

381 681 34 23 Är
432 683 52 28 mål,
502 684 96 21 hvarom
616 683 83 22 sådant
717 683 58 22 aftal
792 683 36 22 får
841 683 23 22 af
874 691 53 21 par-

380 721 66 18 terne
469 718 74 29 ingäs,
561 718 111 22 instämdt
694 718 37 21 till
749 726 78 14 annan
844 717 82 22 under-

380 754 47 19 rätt
452 756 28 18 än
507 753 40 29 lag
569 753 8 21 i
600 752 127 23 allmänhet
753 753 101 28 stadgar,
872 760 54 14 vare

381 787 45 27 det,
446 787 90 22 ändock
554 789 35 20 att
607 787 57 22 aftal
682 788 21 27 ej
720 787 68 28 skett,
802 787 40 22 der
854 787 72 22 hand-

380 821 72 29 lagdt,
480 829 36 14 om
539 822 45 21 den
607 821 88 22 stämde
713 822 213 22 tillstädeskommit

380 855 43 22 och
448 857 59 27 icke,
534 857 72 21 innan
632 857 47 21 han
695 856 89 29 begynt
802 857 9 21 i
828 856 98 22 hufvud-

380 890 71 22 saken
478 898 73 21 svara,
576 890 113 23 invänder
708 893 35 20 att
760 892 71 21 saken
849 892 21 28 ej
889 891 37 21 till

380 924 44 22 den
443 925 98 23 domstol
559 926 72 22 hörer.

278 990 19 24 H.
313 991 19 23 E.
348 991 133 24 Schroderus.
620 992 18 23 K.
653 992 21 23 E,
689 992 105 24 Stenbäck.

279 1025 18 23 K.
312 1024 24 24 W.
352 1025 91 24 Hollmön.
621 1026 19 23 E.
656 1026 122 24 Tensikkala.

277 1060 50 22 Juho
343 1059 81 29 Torppa.
618 1060 49 24 Antti
684 1061 94 23 Punttala.

304 1472 118 27 Helsingfors
434 1466 67 28 1900.
510 1467 114 32 Helsingfors
636 1468 160 33 Contraltryckeri.
