1078 1756
167 173 26 20 18
399 171 29 22 U.
444 172 27 21 B.
487 185 27 2 —
531 171 73 28 Prop.
620 171 42 22 N:o
680 171 35 22 19.

168 250 37 14 om
223 243 37 21 sin
279 241 144 30 eganderätt,
442 241 74 22 skulle
536 241 90 29 skynda
644 243 35 20 att
696 241 111 29 uppköpa
819 241 42 22 och
874 241 49 22 låta

168 277 94 22 afverka
290 277 25 21 så
346 276 93 29 mycket
457 276 58 28 skog
533 283 48 15 som
599 275 98 30 möjligt,
716 276 37 21 för
771 277 35 20 att
824 275 98 23 sålunda

167 311 123 29 tillgodose
324 311 51 21 sina
401 318 60 21 egna
482 311 114 21 intressen
614 311 72 21 innan
704 310 27 21 de
750 310 120 22 motsedda
887 311 35 21 in-

166 345 203 28 skränkningarna
402 345 9 21 i
438 345 45 21 den
502 345 115 21 enskildes
634 347 48 19 rätt
700 347 35 20 att
753 345 95 22 afverka
866 345 57 28 skog

166 380 87 22 hunnit
271 379 68 22 träda
356 379 10 22 i
383 379 109 28 gällande
510 379 73 28 kraft;
602 379 44 22 och

236 414 30 22 då
294 414 117 22 dessutom
438 413 45 22 den
505 414 8 21 i
531 413 152 30 lagförslaget
701 413 112 29 stadgade
832 413 90 22 afverk-

167 448 107 30 ningstid
298 449 23 21 af
341 449 31 20 10
390 449 25 20 år
433 448 75 29 enligt
525 449 42 20 vår
585 448 62 28 åsigt
665 452 25 17 är
708 448 79 21 alltför
804 447 56 29 lång
878 447 44 22 och

167 483 90 22 således
276 482 140 29 oförmånlig
433 483 36 22 för
486 482 143 29 jordegaren,
648 482 96 22 emedan
763 482 40 21 det
821 485 25 18 är
859 483 63 20 svårt

167 517 36 22 för
229 518 84 21 honom
340 519 35 20 att
401 518 30 28 på
457 517 100 22 förhand
584 525 40 13 ens
651 517 150 22 närmelsevis
819 517 102 21 beräkna

167 553 9 21 i
201 552 61 22 hvad
289 552 54 22 mån
368 552 86 29 skogen
472 551 74 22 under
565 559 28 15 en
612 553 24 20 så
654 552 56 29 lång
728 551 128 29 tidsperiod
874 551 48 22 kan

168 587 97 22 tillväxa
283 587 44 22 och
345 587 51 22 dess
415 586 71 23 värde
504 587 132 28 derigenom
650 588 94 27 stegras,
757 586 77 22 tillåta
846 586 24 22 vi
885 593 36 14 oss

168 622 118 22 vördsamt
304 621 93 22 föreslå:

373 693 31 19 att
434 691 81 20 landets
535 691 117 28 Höglofliga
672 690 96 27 Ständer,
781 691 48 20 med
846 690 74 27 förka-

304 726 75 21 stande
396 725 35 28 för
448 725 71 21 denna
535 725 57 28 gång
610 725 28 28 af
650 725 61 21 såväl
723 723 41 24 den
776 725 81 27 nådiga
865 731 54 21 pro-

302 760 123 28 positionen
442 766 45 14 som
512 759 110 22 Utskottets
640 759 135 27 betänkande,
793 759 48 21 ville
859 759 9 21 i
884 759 37 21 sin

304 794 169 28 svarsskrifvelse
492 794 8 20 i
517 796 73 19 ämnet
607 794 154 27 underdänigst
778 793 94 27 anhålla,

373 828 33 21 det
425 828 75 21 täcktes
517 828 63 22 Hans
598 828 117 28 Kejserliga
733 828 100 28 Majestät
851 828 9 20 i
877 828 41 20 nä-

305 864 36 20 der
367 862 105 29 förelägga
496 863 121 21 Ständerna
638 870 30 20 ny
683 863 136 27 proposition
836 863 10 20 i
862 862 56 28 före-

305 898 93 21 varande
425 900 69 24 ämne,
520 898 112 21 utarbetad
654 898 31 27 pä
702 898 135 27 grundvalen
855 897 28 27 af
896 898 24 20 de

304 932 131 28 stadganden
453 932 9 20 i
479 932 56 28 syfte
552 934 32 20 att
600 932 80 28 skydda
697 932 105 28 skogarna
813 932 38 21 och
862 931 56 28 före-

304 967 67 27 bygga
397 967 123 27 ödeläggelse
547 966 28 28 af
598 967 127 27 skogsmark,
752 966 72 21 hvilka
844 966 76 21 kunna

300 1001 99 27 päkallas
417 1001 28 27 af
458 1001 34 21 det
508 1001 149 27 underdäniga
674 1001 117 27 utlätande,
801 1008 45 14 som
859 1000 59 21 kom-

304 1042 45 14 mer
374 1037 32 19 att
432 1035 94 27 afgifvas
552 1036 28 27 af
602 1036 40 20 den
669 1035 52 27 utaf
734 1035 133 27 Regeringen
884 1034 36 28 för

303 1069 159 27 undersökning
486 1069 27 27 af
533 1070 23 20 de
580 1070 89 27 privata
694 1070 105 26 skogarna
823 1069 10 20 i
850 1066 70 24 landet

302 1104 97 20 nedsatta
417 1104 99 20 komiten.

235 1171 145 29 Helsingfors
399 1171 44 21 den
463 1171 32 21 20
512 1171 62 22 Mars
596 1171 70 21 1900.

234 1271 18 23 J.
268 1271 19 23 F.
304 1270 91 24 Hellman.
609 1270 19 23 H.
644 1270 19 23 E.
678 1270 133 23 Schroderus.

235 1305 19 22 E.
271 1304 122 23 Tensikkala.
608 1304 18 22 K.
642 1304 19 22 H.
676 1304 101 23 Teittinen.

234 1338 18 22 K.
268 1338 23 22 W.
308 1338 91 22 Hollmön.
605 1338 50 22 Juho
671 1338 82 28 Torppa.

232 1518 134 23 Laguiskottets
378 1517 112 18 betänkande
502 1517 38 17 N:o
558 1517 14 18 7.
