1075 1756
195 161 27 21 16
366 160 199 24 —Ständ.-Sv-—=
579 162 64 26 Prop.
659 161 36 22 N:o
710 161 38 22 20.

194 223 85 29 främja
294 223 271 22 andelsverksamhetens
580 224 143 28 utveckling.
748 224 54 21 Med
817 222 132 23 beaktande

195 257 70 22 häraf
285 258 43 22 har
349 266 30 13 en
402 258 37 21 för
457 258 156 23 befordrande
628 258 27 22 af
668 258 45 21 den
728 257 151 30 kooperativa
895 256 54 22 idén

195 292 81 22 bildad
291 292 116 29 förening,
423 292 112 28 Pellervo,
552 293 54 21 från
621 292 44 22 och
680 292 52 22 med
749 292 81 29 -början
846 292 26 22 af
885 292 65 21 inne-

195 327 102 21 varande
313 327 26 21 år
353 327 90 28 tillagts
459 328 34 20 ett
508 326 185 24 statsunderstöd
708 326 27 22 af
748 327 79 28 20;000
837 327 65 21 mark
913 333 36 15 om

195 362 50 21 året
260 361 37 21 för
312 368 29 15 en
356 361 36 21 tid
407 362 26 20 af
447 361 47 21 fem
510 362 31 20 är.

263 396 54 20 Men
339 395 101 22 förutom
461 394 40 22 det
515 396 126 21 understöd
657 396 52 21 frän
725 397 89 20 statens
829 395 56 28 sidä,
901 402 48 15 som

195 430 39 22 till
249 429 272 22 andelsverksamhetens
538 430 159 28 befrämjartde
712 430 8 20 i
736 430 129 21 allmänhet
879 430 71 21 äfven

196 464 124 22 framdeles
343 464 66 21 torde
431 472 58 14 vara
511 467 35 18 att
568 465 111 28 päräkna,
701 470 69 23 synes
793 471 29 14 en
845 472 58 21 gren
926 464 26 21 af

196 499 76 21 denna
287 498 149 22 verksamhet
449 498 94 29 päkalla
554 499 100 21 särskild
663 498 212 29 uppmärksamhet,
887 502 62 18 näm-

197 533 64 28 ligen
283 532 52 28 den,
358 540 49 14 som
424 533 62 21 afser
501 535 34 19 att
550 533 25 22 ät
589 533 90 21 mindre
695 533 135 22 bemedlade
845 533 106 28 närings-

197 567 80 22 idkare
300 567 108 21 anskaffa
430 562 139 34 erforderlig
588 567 83 22 kredit.
702 567 119 22 Särskilät
836 567 37 22 för
887 567 64 22 inne-

197 602 98 21 hafvare
310 601 27 22 af
349 601 90 22 mindre
452 602 115 28 jordbruk
583 605 26 18 är
623 602 133 21 anlitandet
769 602 27 21 af
804 601 148 22 andelsverk-

197 636 90 22 samhet
309 636 8 22 i
340 636 65 21 detta.
427 637 109 21 afseende
559 637 27 21 af
603 637 83 27 nöden;
702 640 57 18 enär
772 636 29 22 de
817 636 134 22 nuvarande

197 671 107 22 handels-
319 670 44 23 och
377 671 223 22 industribankerna
614 671 51 21 icke
681 671 97 28 erbjuda
793 671 79 22 kredit
886 671 7 21 i
905 670 47 23 for-

197 713 54 20 mer,
275 713 49 14 som
346 705 78 28 lämpa
439 705 37 29 sig
491 705 37 22 för
542 705 163 22 landtbrukets
722 705 77 22 behof.
829 705 63 22 Från
907 707 45 20 sta-

197 741 52 20 tens
271 740 52 21 sida
345 739 73 22 hafva
439 740 138 28 visserligen
593 739 108 29 åtgärder
715 740 39 21 för
768 739 184 29 tillgodoseende

198 773 27 22 af
235 774 197 29 jordbrukarenes
447 774 152 22 kreditbehof
612 774 113 29 vidtagits
740 774 64 22 såväl
819 780 84 22 genom
913 781 40 21 ga-

197 808 150 22 ranterandet
362 808 27 22 af
401 808 92 21 ländets
508 809 59 21 enda
575 808 311 29 jordbrukskreditanstalts,
897 807 56 22 Fin-

198 843 66 21 lands
287 843 243 29 hypoteksförenings,
553 843 126 22 utländska
696 843 40 21 län
751 851 48 14 som
815 850 84 22 genom
913 843 38 21 be-

197 877 104 29 viljande
317 878 26 21 af
356 878 40 21 län
409 885 29 14 ur
448 878 142 22 statsmedel.
619 878 54 21 Men
689 877 37 22 till
741 878 59 29 följd
816 879 27 20 af
855 877 96 22 länevil-

198 912 83 21 korens
305 912 162 22 beskaffenhet
489 912 72 22 hafva
581 913 66 21 dessa
663 913 108 28 åtgärder
786 912 166 22 företrädesvis

198 946 98 22 kommit
315 947 29 21 de
360 949 73 20 större
448 947 305 28 lägenhetsinnehafvarene
768 947 38 21 till
820 947 67 28 godo.
917 947 34 21 De

199 981 26 22 af
239 983 77 20 staten
331 981 147 29 grundlagda
488 981 148 22 kommunala
646 981 213 29 odlingsfonderna,
871 981 82 22 hvilka

199 1015 71 22 äfven
285 1015 153 22 innehafvare
454 1016 27 21 af
494 1016 89 22 mindre
597 1015 137 30 lägenheter
744 1016 91 22 kunnat
845 1015 107 30 tillgodo-

198 1053 57 26 göra
277 1049 36 29 sig
331 1050 38 21 för
383 1050 224 29 nyodlingsföretag,
623 1054 40 18 äro
679 1050 50 21 åter
744 1050 51 21 icke
811 1049 142 29 tillräckliga

199 1087 35 18 att
256 1084 85 21 bereda
364 1085 51 20 dem
438 1085 138 28 erforderlig
598 1085 79 21 kredit
698 1084 38 22 för
759 1084 153 22 bedrifvande
927 1084 28 21 af

199 1119 66 21 deras
279 1118 115 29 jordbruk
408 1119 6 21 i
424 1119 88 28 öfrigt.

267 1153 185 28 Ifrägavarande
474 1153 73 22 behof
565 1153 91 22 komme
673 1153 138 28 visserligen
827 1155 34 19 att
878 1153 74 21 bättre

199 1191 30 18 än
249 1187 118 22 härintills
382 1187 141 28 tillgodoses,
539 1188 72 21 sedan
625 1187 200 29 kreditandelslag
839 1188 113 28 uppstått,

198 1222 64 21 inom
285 1222 81 21 hvilka
380 1220 179 28 medlemmarne
575 1230 42 21 ega
631 1229 123 22 noggrann
769 1222 132 21 kännedom
916 1229 37 14 om

200 1256 133 22 hvarandra
348 1256 44 21 och
402 1250 81 27 hvilka
493 1257 79 21 derför
582 1256 88 22 enhvar
680 1257 62 21 inom
753 1256 37 21 sin
799 1256 64 21 krets
874 1256 79 21 kunna

199 1291 118 20 verksamt
332 1290 133 27 öfvervaka,
478 1293 35 18 att
523 1291 38 20 län
571 1291 106 27 utgifvas
688 1291 43 20 och
742 1290 119 21 användas
871 1290 82 21 endast

199 1323 38 21 för
253 1323 38 21 det
307 1323 52 21 med
375 1323 164 22 dem'afsedda
554 1323 138 22 ändamålet.
720 1324 54 21 Men
790 1323 163 22 erfarenheten

199 1357 54 21 från
272 1357 72 22 andra
360 1355 81 24 länder
456 1357 43 22 har
515 1357 130 29 ådagalagt,
663 1359 34 20 att
712 1358 50 21 små
776 1357 76 22 lokala
866 1357 87 22 kredit-

199 1391 159 29 inrättningar
383 1391 105 22 hvarken
510 1395 117 19 motsvara
649 1391 133 22 ändamålet
803 1391 58 22 eller
876 1392 77 21 verka

199 1426 54 21 med
267 1426 131 29 framgång,
414 1433 37 15 om
466 1426 29 22 de
510 1427 51 21 icke
577 1426 88 29 stödjas
681 1427 25 21 af
720 1434 29 14 en
764 1426 112 22 särskildt
889 1433 65 23 orga-

199 1461 93 21 niserad
308 1460 182 23 centralanstalt.
513 1461 43 22 Att
571 1461 25 22 få
611 1469 28 14 en
655 1461 66 29 dylik
732 1461 88 22 anstalt
830 1461 38 21 till
878 1461 75 28 stånd,
