1053 1714
178 127 28 20 42
404 126 28 22 U.
448 126 28 21 B.
492 139 27 2 —
534 126 74 28 Prop.
625 127 41 21 N:o
682 126 36 22 27.

178 195 67 19 större
259 195 27 19 än
301 193 28 21 de
344 193 85 28 möjliga
443 193 140 28 olägenheter,
598 193 72 22 hvilka
684 193 117 22 detsamma
816 206 27 3 -——
859 205 26 3 —
902 206 27 3 —

178 227 70 21 kunde
262 226 113 22 medföra.»

246 261 53 20 Med
321 261 98 21 afseende
434 261 13 20 å
461 261 38 21 allt
512 262 60 21 detta
586 261 40 21 och
636 261 28 21 dä
677 261 161 28 ifrågavarande
853 261 76 21 ärende

179 296 33 19 rör
235 295 37 21 det
296 295 238 28 evangelisk-lutherska
556 295 166 29 presterskapets
740 295 121 29 privilegier
875 298 55 18 samt

178 329 48 21 dess
241 329 117 28 afgörande
373 330 7 20 i
395 329 40 22 den
450 337 39 14 ena
504 330 50 21 eller
569 330 65 21 andra
648 330 118 28 riktningen
777 331 8 20 i
794 330 67 22 första
873 329 56 22 hand

178 363 61 21 beror
259 363 24 21 af
300 363 165 27 Presteständet,
480 364 39 21 och
534 364 28 21 dä
577 364 105 21 dessutom
697 364 27 21 de
739 364 23 21 af
776 365 43 27 mig
834 364 30 21 till
881 364 48 21 stöd

178 397 33 21 för
226 397 116 29 förslagets
359 398 113 28 afböjande
486 399 64 20 ofvan
565 398 125 21 framhällna
704 399 46 20 skäl
765 401 35 19 äro
815 399 23 20 af
851 399 78 28 princi-

178 432 42 28 piel
235 435 68 24 natur,
318 433 79 20 tillåter
411 433 35 28 jag
460 433 43 28 mig
517 433 108 21 vördsamt
640 433 114 26 hemställa,

452 498 33 19 att
511 497 138 27 Högvördiga
675 496 159 21 Presteständet
855 496 73 27 mätte,

386 531 48 21 med
448 531 140 21 vidhällande
603 531 28 27 af
642 531 52 20 sina
700 531 134 27 privilegier,
845 531 83 21 besluta

384 567 32 19 att
430 566 97 26 förkasta
542 566 46 20 alla
602 565 25 21 de
643 565 185 28 bestämningar
821 561 12 36 i
845 565 83 22 Utskot-

384 601 39 19 tets
442 600 142 26 förevarande
604 599 235 28 författningsförslag,
854 599 73 21 hvilka

387 634 57 27 angå
459 634 35 21 det
508 634 110 21 lutherska
630 634 168 28 presterskapets
808 634 120 27 åläggande

383 670 33 19 att
435 668 49 28 föra
504 668 135 28 förteckning
655 669 61 27 öfver
730 669 78 27 odöpta
823 669 55 20 barn
893 668 36 21 till

385 703 109 21 lutherska
514 704 117 26 föräldrar,
650 705 60 19 samt
723 705 33 19 att
770 703 157 21 återremittera

383 737 142 21 betänkandet
552 737 34 21 till
614 737 103 21 Utskottet
737 738 37 26 för
795 739 33 19 att
849 738 78 20 under-

383 772 73 20 kastas
470 772 25 20 de
510 771 214 28 omformuleringar,
739 772 74 20 hvilka
827 771 101 27 påkallas

382 806 29 26 af
422 806 56 20 detta
495 806 73 21 beslut.

244 868 44 21 För
315 868 67 28 öfrigt
404 868 88 21 föreslår
513 870 35 26 jag
570 871 32 19 att
622 870 13 19 4
655 870 12 26 $
687 869 7 20 i
712 868 122 22 Utskottets
849 868 78 29 förslag

176 902 64 21 måtte
264 902 151 29 kompletteras
437 904 7 19 i
466 903 36 21 det
524 903 62 28 syfte,
606 906 31 18 att
655 903 121 21 densamma
793 903 83 21 komme
896 906 31 18 att

176 936 105 22 innehålla
299 937 155 28 bestämningar
468 938 88 20 rörande
571 937 133 21 anordnande
720 938 22 20 af
756 937 83 29 kristlig
853 938 73 20 under-

175 971 83 28 visning
280 971 40 21 och
343 971 123 29 uppfostran
485 972 33 20 för
533 972 78 21 sådana
626 972 79 28 odöpta
721 972 56 26 barn,
792 972 72 21 hvilka
879 972 47 21 icke

175 1005 79 21 besöka
269 1005 66 25 skola,
351 1005 33 21 för
399 1005 39 21 den
455 1005 98 22 händelse
568 1008 32 18 att
619 1006 61 21 deras
695 1006 103 21 föräldrar
812 1006 114 21 försumma

175 1040 32 19 sin
222 1038 123 29 skyldighet
359 1040 7 19 i
381 1039 58 21 detta
454 1040 105 21 afseende.

244 1084 135 28 Helsingfors
395 1084 40 21 den
451 1086 25 20 27
493 1086 61 27 April
571 1086 59 20 1900.

691 1148 15 22 J.
723 1149 19 21 F.
759 1148 98 23 Hellman.

243 1473 135 22 Lagutskottets
391 1473 109 18 betänkande
512 1473 37 18 N:o
562 1475 28 16 12.
