1084 1742
204 140 27 19 92
437 138 30 22 U.
483 138 27 22 B.
525 151 27 3 —
570 138 72 28 Prop.
658 137 42 22 N:o
716 137 34 22 17.

205 206 105 27 förelupit
332 208 32 18 att
387 206 186 27 synenämndens
588 205 79 27 åtgärd
683 205 58 27 förty
757 205 79 27 ogillas
852 205 48 25 bör,
916 211 41 13 un-

204 240 109 26 danrödje
330 239 75 21 denna
421 240 43 20 och
480 240 111 27 förelägge
607 242 103 25 parterne
727 239 45 21 viss
784 238 33 22 tid
828 241 31 19 att
870 245 33 21 ny
913 245 44 20 syn

205 274 66 20 hålla.
304 274 7 20 I
329 274 35 20 det
381 274 73 21 beslut
470 274 37 21 må
523 273 98 27 ändring
636 274 19 26 ej
672 274 74 20 sökas.

456 372 39 22 (28
509 372 16 25 $
540 372 8 20 i
561 378 61 21 prop.
640 372 69 23 utesl.)

552 486 28 20 26
594 487 20 25 8.

273 547 58 27 Vilja
347 550 103 24 parterne
467 550 53 18 utan
537 547 116 21 anlitande
669 548 25 20 af
707 548 111 26 synemän
829 548 77 26 sjelfve
917 548 41 20 till-

206 582 118 26 trädessyn
347 581 68 27 hålla,
441 582 57 20 skall
523 582 117 26 angående
668 582 138 26 lägenhetens
831 582 97 20 tillstånd
951 582 7 20 i

205 615 27 21 de
254 616 69 25 delar,
346 615 77 21 hvilka
446 616 7 20 i
478 616 26 20 16
521 618 16 23 $
554 616 156 28 omförmälas,
728 617 119 26 upprättas
863 616 96 26 skriftlig

207 650 116 25 handling,
340 650 43 20 och
400 650 156 21 underskrifve
573 652 103 25 parterne
689 650 69 26 jemte
774 652 81 19 tvenne
872 650 84 21 vittnen

206 683 141 21 densamma.
379 683 74 21 Sådan
469 684 136 27 afhandling
620 690 52 15 vare
688 684 46 20 lika
749 683 46 27 gild
807 691 50 14 som
868 691 38 14 om
915 684 42 22 den

207 717 130 21 tillkommit
359 718 38 20 vid
419 718 25 20 af
457 718 144 27 synenämnd
617 718 114 22 verkstäld
747 718 139 28 förrättning,
904 719 55 21 hvil-

206 752 43 20 ken
264 752 19 27 ej
300 752 124 21 klandrats.

275 786 73 21 Hafva
372 790 104 24 parterne
499 789 35 20 vid
559 788 124 26 legotidens
701 788 45 20 slut
761 795 39 13 om
815 788 106 27 beloppet
937 788 25 20 af

206 821 124 26 ersättning
352 822 35 20 för
407 822 100 20 vanhäfd
525 823 54 21 eller
594 822 134 27 förbättring
742 822 94 28 åsämjts
852 822 42 21 och
911 822 48 20 der-

205 855 64 20 öfver
288 857 116 26 upprättat
425 856 96 27 skriftlig
540 857 136 25 afhandling
691 856 6 20 i
714 857 43 20 den
774 856 97 27 ordning
887 863 31 14 nu
935 857 24 19 är

206 889 69 27 sagdt,
292 896 52 14 vare
360 890 141 28 afträdessyn
517 891 19 26 ej
554 891 74 26 nödig.

446 999 18 21 (4
482 999 49 26 kap.
549 999 7 20 i
569 1006 61 20 prop.
648 1000 75 25 utesl.).

541 1102 13 19 4
571 1102 53 20 Kar.

207 1169 36 24 Om
259 1169 155 27 legogifvarens
429 1169 40 23 och
485 1169 117 23 brukarens
617 1170 127 27 rättigheter
758 1170 40 23 och
809 1170 149 28 skyldigheter.

554 1275 23 18 27
596 1276 20 23 $.

274 1335 101 22 Brukare
397 1341 53 14 vare
472 1335 90 26 skyldig
584 1338 32 17 att
637 1335 37 20 väl
694 1335 70 21 häfda
777 1336 81 27 jorden
875 1336 24 21 så
915 1337 43 20 ock

206 1371 32 18 att
253 1369 130 21 underhålla
398 1369 36 27 för
449 1369 139 26 lägenhetens
602 1369 60 22 bruk
677 1369 84 28 nödiga
772 1370 131 28 byggnader
915 1371 44 21 och

206 1403 71 26 öfriga
293 1403 157 26 inrättningar,
465 1404 25 20 så
505 1405 32 19 att
552 1403 112 22 desamma
681 1404 45 21 icke
735 1411 78 20 genom
825 1405 133 22 uraktlåten-

205 1438 36 19 het
256 1437 137 21 härutinnan
408 1437 103 28 förfaras.

276 1483 46 22 Lag-
335 1483 32 17 och
379 1483 184 18 Ekonomiutskottets
575 1484 111 19 betänkande
698 1485 38 17 N:o
749 1486 15 16 4.
