1081 1745
353 131 30 24 U.
398 132 28 23 B.
444 145 23 3 —
484 132 74 29 Prop.
577 133 42 22 N:o
634 132 34 23 17.
877 133 39 21 107

166 200 63 25 sinta,
253 201 64 21 lände
338 201 195 28 bestämningarna
554 201 7 22 i
576 202 26 21 64
616 203 14 26 $
646 201 31 22 till
692 201 142 28 efterrättelse,
849 201 69 22 likväl

166 234 101 25 sålunda,
279 236 34 20 att
325 235 41 21 den
382 236 10 20 i
404 236 100 21 nämnda
517 236 113 28 påragraf
641 236 148 27 omförmälda
805 236 31 21 tid
849 236 28 27 af
887 236 30 21 tio

166 268 27 20 år
207 269 58 20 skall
278 269 83 21 räknas
375 269 52 28 från
442 270 73 21 denna
530 270 49 27 dag.

511 350 27 21 67
552 350 21 27 $.

235 405 81 21 Genom
339 406 72 21 denna
434 406 36 27 lag
493 406 124 28 upphäfvas
636 407 55 20 1—9
705 406 31 27 $$
751 406 28 21 16
793 405 50 28 kap.
858 407 60 20 samt

167 438 10 21 1
193 439 41 21 och
251 440 13 20 2
277 439 31 28 $$
323 440 28 21 17
365 440 50 28 kap.
440 440 155 25 Jordabalken,
611 441 13 19 5
638 440 14 26 $
666 440 15 20 8
696 440 50 28 kap.
772 439 143 28 Byggninga-

165 473 78 21 balken
258 475 59 20 samt
329 474 158 28 förordningen
502 475 41 21 den
560 475 27 21 10
602 474 120 22 November
737 475 62 24 1892,
815 474 100 21 innehål-

165 508 64 20 lande
252 508 55 21 vissa
330 508 136 28 studganden
488 509 94 21 rörande
604 509 46 27 lega
674 509 27 27 af
715 508 53 28 jord
784 509 32 27 pä
832 508 83 25 landet;

164 542 119 27 hvarjemte
299 543 26 20 15
340 542 40 21 och
397 543 27 21 16
438 542 31 28 $$
484 544 28 20 16
526 543 50 28 kap.
600 543 157 26 Jordabalken,
772 542 71 22 sävidt
854 542 61 22 dessä

164 577 87 27 lagrum
267 577 46 27 afse
329 577 46 27 lega
390 577 28 28 af
425 577 53 27 jord
489 578 31 27 pä
536 578 78 24 landet,
630 578 11 20 1
658 578 40 21 och
712 578 14 20 4
740 578 31 27 $$
786 578 13 20 6
813 578 51 27 kap.
880 577 35 27 äf-

163 617 88 15 vensom
267 612 62 24 1—5,
346 612 18 24 7,
379 612 20 24 8,
415 612 13 20 9
444 612 40 20 och
501 612 27 20 10
541 612 30 27 $$
580 612 29 20 27
618 612 51 27 kap.
694 611 219 28 Byggningabalken,

163 646 8 20 i
193 646 60 20 hvad
271 646 25 21 de
316 646 60 27 angä
397 646 86 24 landbo,
498 647 25 20 sä
539 646 40 21 ock
594 646 60 22 hvad
668 646 73 21 andra
756 646 159 28 författningar

163 680 116 21 innehälla
295 682 48 19 mot
358 680 76 21 denna
450 680 36 27 lag
501 680 115 22 stridande
632 680 128 27 härigenom
777 680 88 21 ändras.

233 807 7 20 I
257 806 44 22 den
317 806 83 28 nädiga
416 807 172 28 propositionen
603 807 59 27 ingä,
673 807 100 21 förutom
786 807 84 27 förslag
880 806 34 22 till

164 842 36 26 lag
215 848 38 15 om
269 842 49 26 lega
333 842 25 20 af
370 844 52 25 torp
437 842 44 21 och
496 842 92 21 dermed
604 841 92 22 likstäld
708 841 163 29 nyttjanderätt
880 841 33 21 till

160 875 53 27 jord
229 876 29 27 pä
273 875 84 27 landet,
372 875 127 28 ytterligare
514 878 82 19 tvenne
611 875 235 28 författningsförslag.

232 933 140 27 Förslaget
381 933 43 21 till
435 933 169 27 förordning,
615 933 186 21 innefattande
811 933 102 20 ändrad

164 968 106 27 lydelse
293 967 27 22 af
342 969 26 20 17
392 969 13 26 $
433 969 6 20 5
461 968 59 27 kap.
550 967 252 27 Utsökningslagen
817 967 28 21 af
861 967 51 21 den

162 1002 13 20 3
199 1001 150 22 December
372 1002 66 25 1895,
455 1003 25 20 är
503 1002 112 21 föranledt
635 1001 25 21 af
672 1001 39 21 det
725 1001 188 27 inregistrerings-

163 1038 92 25 system,
270 1042 51 15 som
337 1036 58 21 varit
410 1036 73 21 afsedt
498 1038 32 19 att
544 1035 86 22 införas
645 1035 36 21 för
695 1035 217 28 torplegokontrakt.

163 1069 35 22 Då
213 1070 97 21 berörda
325 1071 264 26 inregistreringssystem
604 1070 50 21 icke
667 1070 90 20 kunnat
767 1069 25 21 af
801 1069 112 21 Utskottet

162 1104 35 22 til!
220 1104 127 28 antagande
370 1104 104 22 förordas
496 1105 43 21 och
562 1104 72 22 hbehof
646 1104 26 21 af
692 1104 97 26 ändring
807 1104 8 20 i
833 1104 80 21 Utsök-

163 1139 133 27 ningslagen
317 1139 97 21 sälunda
435 1139 49 21 icke
503 1138 129 27 förefinnes,
650 1138 35 21 fär
703 1137 119 28 Utskottet,
840 1137 73 22 under

162 1173 161 27 förutsättning
343 1176 32 19 att
390 1174 124 21 Utskottets
529 1173 57 27 äsigt
601 1173 7 20 i
624 1173 63 26 fräga
702 1179 39 15 om
751 1171 162 28 inregistrerin-

162 1213 42 21 gen
220 1208 81 20 vinner
315 1207 139 22 Ständernas
469 1206 175 28 godkännande,
658 1206 118 22 vördsamt
791 1206 88 26 föreslä,

436 1277 32 20 att
485 1276 123 20 Ständerna
624 1274 48 22 ville
688 1274 7 21 i
709 1274 37 22 sitt
760 1274 152 28 underdäniga

367 1316 51 15 svar
440 1311 14 19 å
477 1310 40 21 den
540 1309 83 28 nådiga
635 1309 163 28 propositionen
813 1309 99 24 anmäla,

367 1345 32 20 att
419 1343 148 28 förenämnda
587 1343 83 28 förslag
686 1342 33 22 till
731 1342 130 29 förordning
877 1342 38 21 vid

367 1377 89 27 anfördt
470 1377 139 27 förhällande
623 1379 80 18 ansetts
717 1377 54 20 böra
785 1377 98 26 förfalla.

231 1480 46 23 Lag-
290 1480 32 18 och
335 1479 183 19 Ekonomiutskottets
530 1479 110 18 betänkande
653 1480 35 16 N:o
700 1480 17 16 4.
