1700 1906
661 220 26 22 U.
703 220 25 22 B.
743 232 27 4 —
786 220 70 28 Prop.
871 220 91 22 N:o'1%.
1160 222 26 19 77

434 288 46 20 Om
503 288 294 28 ersättningsskyldigheten
818 289 71 21 tillika
910 289 71 21 hälles
997 290 63 20 inom
1077 290 111 20 ofvanan-

433 322 62 26 gifna
511 324 102 24 gränser;
633 330 38 13 om
688 323 75 27 någon
778 324 123 26 ersättning
916 324 49 20 icke
981 324 106 20 kommer
1101 324 7 20 i
1124 324 63 26 fråga

434 356 36 20 för
484 356 88 20 sädana
587 357 92 20 arbeten
695 358 43 20 och
755 357 128 27 kostnader,
899 364 50 14 som
966 358 55 20 höra
1037 358 32 20 till
1083 358 105 26 lägenhe-

434 392 50 18 tens
499 390 59 26 goda
569 391 64 23 häfd;
649 398 38 13 om
698 391 139 21 undfäendet
847 392 25 20 af
880 392 124 26 ersättning
1014 392 35 20 för
1059 392 45 20 alla
1115 393 71 19 större

434 424 161 26 förbättringar
610 426 65 25 göres
685 425 112 21 beroende
810 426 25 20 af
847 426 146 26 jordegarens
1012 426 105 26 skriftligt
1130 426 56 20 lem-

434 458 59 21 nade
510 459 125 27 samtycke;
652 460 44 20 och
711 466 38 14 om
766 462 103 25 parterne
880 460 111 26 slutligen,
1002 460 29 27 pä
1043 461 43 20 sätt
1096 460 6 20 i
1113 462 30 18 ett
1153 460 34 21 till

434 494 28 19 59
478 494 42 26 (52)
536 494 13 25 &
564 494 77 27 fogadt
656 494 77 27 tillägg
747 495 132 26 föreslagits,
890 495 147 20 tillerkännes
1048 496 43 19 rätt
1103 497 32 18 att
1148 501 40 14 om

434 527 125 27 ersättning
574 528 35 21 för
625 530 70 19 större
710 529 160 27 förbättringar
885 529 44 21 och
945 529 129 26 grunderna
1090 529 35 20 för
1136 529 52 20 dess

434 561 148 22 heräknande
597 563 65 20 träffa
674 563 61 25 aftal,
747 563 92 21 beredes
850 563 66 21 äfven
925 563 134 27 jordegaren
1071 563 116 21 verksamt

435 597 75 26 skydd
526 599 48 18 mot
589 597 138 20 öfverdrifna
743 598 106 27 anspräk.

506 637 186 21 Bestämmandet
713 637 25 20 af
756 638 153 26 ersättningen
931 637 105 21 kommer
1057 637 131 26 visserligen

436 673 33 18 att
484 671 70 20 blifva
570 671 113 21 beroende
699 672 24 20 af
737 672 111 27 pröfning,
865 671 106 22 särskildt
987 671 51 21 med
1054 671 106 21 afseende
1175 671 14 21 ä

437 705 61 20 hvad
514 712 50 14 som
581 705 58 21 skall
654 712 67 15 anses
736 706 35 21 för
788 706 85 27 »skälig
885 706 124 26 afkomst>,
1020 712 52 14 men
1083 705 105 27 gällande

436 737 99 23 räntefot
550 740 43 20 och
609 740 44 21 den
669 740 138 27 afkastning,
823 741 14 20 å
849 740 136 27 jordbruket
995 739 107 28 nedlagdt
1113 739 75 21 arbete

437 773 13 20 ä
473 773 78 28 hvarje
574 777 35 18 ort
629 775 153 20 öfverhufvud
801 775 94 26 lemnar,
911 774 94 27 erbjuda
1021 774 70 21 likväl
1107 774 81 21 härvid

436 808 45 26 g0d
502 808 98 27 ledning.
632 809 42 20 Vid
693 809 141 28 afträdessyn
853 809 104 21 kommer
972 809 215 26 ersättningsfrägan

436 844 34 18 att
484 843 93 26 pröfvas
588 843 39 20 afi
635 843 113 26 jordbruk
759 843 98 21 förfarne
869 845 64 24 män;
949 843 44 20 och
1004 849 38 14 om
1053 843 135 20 densamma

437 877 76 26 någon
529 877 59 26 gång
603 877 80 21 blifver
699 877 92 21 föremål
811 878 35 20 för
864 877 121 27 rättegång,
1001 877 105 26 erbjuder
1121 877 67 20 äfven

437 911 203 21 häradsnämnden
661 911 83 27 nödiga
763 912 186 25 förutsättningar
965 911 35 20 för
1015 918 27 14 en
1059 911 131 26 sakkunnig

438 945 112 27 pröfning.
581 946 42 20 Vid
644 946 81 21 sådant
746 946 142 21 förhållande
909 947 43 20 och
973 946 28 20 då
1017 946 120 26 allmogen,
1153 952 37 14 en-

438 980 40 26 ligt
499 980 61 20 hvad
581 981 155 20 erfarenheten
760 981 88 26 utvisat,
868 980 142 27 synnerligen
1033 980 37 20 väl
1089 980 45 20 kan
1152 980 38 20 be-

437 1015 70 20 döma
543 1015 80 20 härvid
656 1015 188 20 förekommande
859 1010 8 35 =
878 1015 217 26 ersättningsfrågor,
1126 1014 64 21 torde

436 1049 39 20 det
504 1049 18 26 ej
555 1051 61 18 möta
647 1049 202 26 oöfvervinnerliga
879 1049 137 26 svårigheter
1045 1051 32 18 att
1106 1049 22 20 få
1159 1055 32 14 er

438 1083 128 26 sättningen
577 1083 88 21 rättvist
680 1083 110 26 bestämd,
801 1083 66 21 äfven
883 1090 39 14 om
933 1085 105 23 närmare
1049 1083 140 26 stadganden

437 1118 80 20 derom
533 1118 6 19 i
556 1118 64 26 lagen
636 1117 49 21 icke
701 1117 58 26 ingå.
792 1118 64 20 Inom
873 1118 112 21 Utskottet
1000 1118 42 20 har
1056 1117 133 26 visserligen

438 1152 62 26 fråga
537 1152 84 26 väckts,
648 1151 113 21 huruvida
797 1152 18 27 ej
853 1153 49 20 skäl
935 1152 130 20 förefunnes
1096 1154 32 18 att
1158 1154 33 18 ut-

438 1186 58 21 fästa
520 1186 60 21 vissa
601 1186 65 26 tider,
689 1186 72 20 under
784 1186 77 21 hvilka
883 1186 115 21 brukaren
1022 1186 76 21 kunde
1123 1192 67 14 anses

439 1220 68 21 hafva
530 1220 67 27 njutit
616 1220 40 21 full
672 1220 139 26 godtgörelse
826 1221 35 20 för
875 1220 80 27 gjorda
970 1220 161 26 förbättringar
1146 1220 43 20 och

437 1255 57 21 efter
509 1255 90 20 hvilkas
614 1255 90 27 förlopp
720 1255 67 26 ingen
803 1255 123 26 ersättning
936 1254 77 21 vidare
1026 1254 73 21 skulle
1110 1254 80 26 ifråga-

440 1290 100 20 komma.
572 1289 52 21 Men
647 1289 59 20 detta
728 1289 83 26 förslag
826 1289 42 20 har
883 1289 69 20 likväl
968 1289 109 26 frångåtts
1093 1288 98 21 hufvud-

438 1323 103 26 sakligen
560 1324 7 19 i
583 1323 55 27 följd
654 1323 25 20 af
697 1323 141 26 svårigheten
854 1326 31 18 att
900 1323 135 26 bestämma,
1051 1323 60 20 huru
1126 1323 61 20 tiden

439 1358 75 21 skulle
529 1357 114 21 beräknas
658 1357 35 21 för
708 1357 91 27 företag,
816 1365 49 13 som
881 1357 76 28 pågått
974 1357 71 20 under
1060 1357 77 26 längre
1150 1357 41 21 tid.

439 1392 111 27 Omöjligt
567 1399 54 14 vore
637 1392 66 20 äfven
719 1394 32 18 att
767 1392 109 21 fastställa
892 1391 87 22 sådana
994 1391 63 27 tider,
1069 1398 50 14 som
1135 1392 56 20 läm-

440 1427 59 27 pade
515 1427 33 26 sig
563 1427 35 20 för
613 1427 45 20 alla
673 1426 103 21 enskilda
792 1426 45 21 fall.
866 1423 71 24 Äfven
953 1426 8 20 i
978 1426 111 26 England,
1105 1425 40 21 der
1160 1433 32 13 er-

441 1461 127 25 sättningen
592 1461 94 25 tidigare
709 1460 128 20 bestämdes
860 1461 27 25 på
912 1467 31 12 nu
967 1460 158 25 ifrågakomna
1142 1461 50 23 sätt,

441 1494 68 20 hafva
532 1494 28 20 de
583 1494 154 25 lagbestämda
753 1493 254 27 preskriptionstiderna
1021 1493 26 20 år
1064 1493 53 20 1883
1133 1493 60 19 bort-

441 1529 97 20 lemnats
560 1529 43 20 och
622 1528 37 21 det
682 1527 128 22 förfarande
830 1527 85 26 införts,
931 1529 32 18 att
978 1527 153 26 ersättningen
1146 1526 47 21 fritt

510 1575 49 22 Lag-
572 1575 31 17 och
616 1573 186 19 Ekonomiutskotteis
815 1573 109 18 betänkande
939 1573 35 17 N:o
987 1573 17 17 4.
