1081 1725
177 128 27 21 10
401 127 26 22 U.
442 128 25 21 B.
481 140 28 3 —
525 127 72 28 Prop.
612 128 41 21 N:o
668 126 33 22 17.

520 219 27 19 46
562 219 19 25 8.

247 263 166 27 Ridderskapet
428 264 43 20 och
487 264 71 20 Adeln
574 264 43 20 har
627 263 97 26 beslutit,
735 265 32 18 att
778 262 5 21 i
795 262 134 28 paragrafen

178 297 73 21 skulle
272 297 103 27 vidtagas
399 298 27 21 de
441 298 165 26 förändringar,
622 304 50 14 som
687 297 150 27 tilläfventyrs
852 296 77 20 kunde

178 331 69 21 blifva
263 332 83 26 nödiga
363 332 8 20 i
386 332 56 27 följd
457 332 25 20 af
495 332 43 21 den
554 332 7 20 i
577 332 27 20 44
619 332 13 26 $
647 331 78 27 gjorda
741 331 103 27 ändring.

246 366 170 22 Bondeståndet
431 367 42 20 har
489 366 112 27 anmärkt,
617 368 32 18 att
664 366 53 20 talet
733 366 26 20 10
771 366 84 20 saknas
867 364 6 21 i
884 364 45 21 den

178 400 98 22 svenska
291 403 81 19 texten.

251 434 164 29 Ridderskapet
438 435 43 21 och
504 435 83 21 Adelns
602 435 75 21 beslut
691 434 128 22 föranleder
834 434 49 21 icke
898 434 33 20 till

177 469 78 26 någon
277 469 84 27 åtgärd.
390 470 73 20 Jemte
485 470 114 26 anmälan,
617 471 32 19 att
663 469 44 21 den
723 469 25 20 af
761 468 169 22 Bondeståndet

178 503 122 21 anmärkta
315 504 85 20 bristen
417 504 102 20 vidlåder
535 504 80 20 endast
630 510 28 14 en
674 504 35 20 del
725 503 116 27 exemplar
856 503 25 20 af
893 502 38 21 det

179 538 98 21 svenska
292 538 161 24 betänkandet,
470 538 33 21 får
519 539 112 20 Utskottet
647 538 6 20 i
669 538 67 26 öfrigt
751 538 89 24 föreslå,

453 615 34 18 att
493 614 28 19 44i
529 613 148 28 paragrafen
684 614 65 20 måtte
755 614 85 26 utbytas
847 614 83 20 mot43.

468 700 28 19 50
512 700 43 20 och
571 700 24 20 51
613 699 33 27 88.

251 750 166 28 Ridderskapet
439 751 44 20 och
505 751 73 21 Adeln
601 753 58 19 samt
681 751 187 26 Borgareståndet
891 751 44 20 och

181 785 170 21 Bondeståndet
372 785 70 21 hafva
457 786 89 21 förenat
561 786 32 26 sig
609 793 38 13 om
662 786 106 26 förslaget
783 786 7 20 i
805 785 45 22 den
864 785 70 28 tredje

181 820 175 21 reservationen.

251 854 32 21 På
298 853 73 27 grund
386 854 69 21 häraf
467 854 34 20 får
517 855 112 21 Utskottet
644 854 88 27 föreslå,

459 930 32 19 att
505 928 148 28 föreliggande
665 929 133 27 paragrafer
813 930 66 20 måtte
894 936 40 14 an-

392 964 62 27 tagas
467 963 133 27 sälydande:

626 1062 29 19 49
669 1061 20 27 8.

456 1108 105 24 Brukare,
585 1114 46 14 som
654 1107 117 27 förbättrat
786 1107 126 27 lägenheten
928 1107 8 21 i

389 1142 99 27 afseende
504 1143 13 20 å
533 1142 46 21 dess
588 1142 58 27 jord,
663 1142 126 27 byggnader
803 1142 50 21 eller
863 1142 71 21 andra

390 1176 153 27 inrättningar,
559 1177 26 20 är
605 1176 120 27 berättigad
739 1177 30 20 att
783 1177 36 26 för
833 1176 103 27 nedlagdt

391 1211 71 20 arbete
485 1211 39 20 och
541 1210 94 21 kostnad
650 1210 36 21 vid
700 1211 115 26 legotidens
829 1211 42 20 slut
886 1211 50 20 eller

390 1245 28 20 då
435 1245 122 26 legoaftalet
571 1245 57 26 eljest
642 1244 86 27 upphör
743 1246 32 19 att
787 1245 61 26 gälla
865 1245 69 26 undfå

386 1278 120 25 ersättning
528 1278 51 26 efter
602 1278 59 19 hvad
683 1278 70 20 nedan
776 1279 67 25 säges.
873 1278 62 27 Dock

390 1313 25 18 är
431 1311 130 27 legogifvare
578 1311 108 27 frikallad
701 1311 52 27 från
770 1311 126 27 utgifvande
911 1311 27 27 af

390 1345 125 27 ersättning,
532 1345 8 20 i
550 1346 42 27 fall
610 1345 108 21 brukaren
738 1347 110 26 begagnat
863 1346 33 27 sig
911 1346 27 27 af

387 1380 72 27 gjordt
472 1380 109 27 förbehäll
595 1381 32 20 att
637 1380 68 21 under
717 1381 104 26 legotiden
835 1381 99 27 uppsäga

388 1415 127 20 kontraktet.

251 1479 48 22 Lag-
313 1479 32 17 och
357 1478 182 17 Ekonomiutskoiteis
551 1478 112 17 betänkande
675 1477 37 18 N:o
725 1480 17 16 4.
