1081 1736
349 121 29 22 U.
394 121 27 22 B.
439 134 23 3 —
479 122 73 29 Prop.
568 121 43 23 N:o
627 122 36 22 18.
869 123 13 20 9

125 192 137 26 guvernören
277 190 78 22 saknar
369 191 118 21 kännedom
504 198 34 14 om
554 191 66 21 andra
633 191 90 21 brukare
733 193 28 19 än
773 191 54 27 dem,
837 197 46 15 som

128 226 34 20 för
175 226 47 20 sina
236 226 100 27 legoaftal
351 226 83 21 erhållit
447 226 51 21 eller
509 226 47 21 sökt
566 226 141 27 fastställelse,
716 232 50 15 men
777 226 107 21 Utskottet

129 262 70 19 ansett
220 260 98 28 önskligt,
333 261 30 21 att
378 260 126 22 åtminstone
519 266 26 15 en
562 260 51 21 hvar
628 260 21 21 af
664 260 25 21 de
705 260 131 21 sistnämnda
850 266 32 15 er-

129 293 55 22 hölle
206 294 78 27 jemväl
306 293 103 26 särskild,
426 294 91 27 skriftlig
538 294 151 21 underrättelse
713 300 34 15 om
766 294 63 25 tiden,
844 295 39 19 när

129 328 39 21 och
183 334 110 21 personen,
308 327 22 22 åt
346 328 84 21 hvilken
447 328 152 21 skattebrefvet
615 328 107 26 utfärdats,
737 329 54 20 samt
806 330 29 19 ett
850 327 32 22 så-

122 362 58 21 «dant
202 362 134 28 delgifvande
358 362 113 28 lämpligen
493 362 43 21 kan
557 363 38 21 ske
620 369 77 21 genom
725 362 156 21 vederbörande

129 396 167 28 kronobetjente,
318 399 50 19 utan
391 399 31 19 att
444 397 134 28 legotagaren
599 397 53 21 dock
668 396 70 22 blefve
753 397 49 20 med
817 397 65 27 några

128 431 106 28 afgifter;i
250 431 115 27 anledning
380 431 21 22 af
416 431 143 28 delgifvandet
576 431 113 28 betungad,
699 431 60 22 torde
769 431 113 28 kungörel-

122 471 43 15 sen
181 465 50 21 böra
246 466 7 20 i
268 466 76 26 antydt
358 466 55 26 syfte
428 466 165 21 omformuleras.

197 499 30 22 På
242 500 70 27 grund
327 500 60 21 häraf
401 500 32 21 får
448 500 107 22 Utskottet
570 500 107 21 vördsamt
691 500 110 21 hemställa

402 565 34 19 att
459 563 124 21 Ständerna
605 563 50 21 med
674 563 121 27 anledning
809 563 29 27 af
849 562 32 28 of-

335 598 143 20 vannämnda
493 598 84 28 förslag
593 597 35 21 till
642 597 126 27 kungörelse
780 597 50 21 ville
842 597 39 21 hos

334 632 65 21 Hans
421 631 122 29 Kejserliga
565 632 105 27 Majestät
684 632 10 20 i
707 631 175 27 underdänighet

334 666 122 28 framhålla
463 667 68 27 ofvan
541 666 146 27 omförmälda
694 666 186 27 omständigheter.

198 788 36 22 Uti
255 789 97 21 ärendets
375 788 128 28 behandling
520 788 63 22 hafva
598 787 87 28 deltagit
700 786 141 22 ordföranden
856 786 23 21 E.

129 823 93 27 Berneri,
236 823 144 22 ledamöterne
395 823 126 21 friherrarne
537 822 22 22 0.
575 822 79 22 Wrede
669 822 40 21 och
724 822 26 21 A.
760 828 41 14 von
812 821 69 21 Knor-

129 859 53 26 ring,
203 858 65 21 Adolf
290 858 99 25 Aminoff,
407 858 24 21 E.
451 858 128 27 Furuhjelm,
597 858 20 20 J.
635 856 24 21 R.
676 856 123 27 Danielson,
814 856 26 21 K.
856 856 25 21 A.

128 892 138 27 Schroderus,
287 892 25 21 G.
335 893 24 20 A.
381 892 91 27 Heman,
495 892 33 21 W.
550 891 123 28 Malmberg,
697 891 22 21 T.
738 891 19 21 J.
772 890 108 27 Boisman,

128 927 24 22 E.
177 927 113 28 Andersin,
314 927 28 22 M.
368 926 115 28 Kykkling,
509 927 19 21 J.
553 926 77 28 Lagus,
648 925 24 22 P.
688 925 119 28 Leppänen,
821 925 20 21 J.
856 924 24 22 R.

131 962 114 28 Wuolijoki
260 964 55 19 samt
329 961 162 29 suppleanterne
506 961 26 22 K.
547 960 96 23 Anthoni
658 961 38 21 och
712 960 34 22 W.
758 959 71 22 Hosia.

196 1025 134 29 Helsingfors
345 1026 41 21 den
402 1026 27 21 10
444 1025 41 28 Maj
504 1026 59 21 1900.

199 1472 48 23 Lag-
258 1471 34 19 och
304 1470 185 19 Ekonomiutskottets
501 1469 110 18 betänkande
623 1467 37 20 N:o
674 1468 18 17 5.
