1061 1728
351 127 28 22 U.
394 127 26 22 B.
441 140 17 3 —
470 128 80 28 Prop.
568 128 43 22 N:o
625 128 39 21 26.

403 427 251 28 Lagutskottets
686 427 195 29 betänkande

335 460 53 24 N:o
409 461 14 22 8
439 461 8 22 i
463 461 133 28 anledning
615 462 27 21 af
660 461 66 23 Hans
745 461 137 28 Kejserliga

336 495 123 28 Majestäts
474 495 90 28 nådiga
578 496 156 27 proposition
756 495 125 28 angående

335 529 108 22 ändrade
456 529 182 28 bestämningar
648 535 40 17 om
700 529 107 24 domstol
817 530 8 21 i
836 530 46 21 tvi-

335 563 95 22 stemål.

197 623 52 22 Den
268 623 165 22 förberedande
452 623 207 29 handläggningen
674 623 22 22 af
706 623 76 23 denna
795 623 87 30 nådiga

129 657 146 29 proposition
293 657 42 22 har
353 657 23 22 af
394 657 108 28 samtliga
515 657 69 22 stånd
596 658 164 22 öfverlemnats
773 658 36 21 till
822 658 59 29 Lag-

130 692 119 26 utskottet,
277 699 50 14 som
352 691 128 22 sedermera
506 693 30 27 på
562 692 103 28 begäran
688 692 46 21 fått
751 692 52 21 från
821 692 61 22 Eko-

130 725 271 29 nomiedepartementets
419 725 8 22 i
445 726 131 28 Kejserliga
601 726 101 22 Senaten
726 726 37 22 för
780 726 102 22 Finland

130 760 77 22 kansli
225 762 124 26 emottaga,
368 760 68 28 jemte
454 760 152 22 meddelande
624 760 79 22 derom
716 762 36 20 att
763 760 41 22 vid
817 765 65 17 ären-

130 794 51 22 dets
205 794 165 29 föredragning
388 794 8 21 i
415 794 101 22 Senaten
543 795 76 28 någon
643 794 239 30 meningsskiljaktig-

129 828 42 22 het
196 828 51 22 icke
275 831 40 26 egt
337 836 56 20 rum,
416 828 114 22 särskilda
548 829 8 21 i
574 830 71 21 saken
669 829 123 22 tillkomna
810 829 72 22 hand-

130 863 82 29 lingar.

200 982 76 22 Sedan
295 982 131 22 Ständerna
444 983 40 21 vid
504 984 63 20 1897
587 984 36 20 års
642 983 113 29 landtdag
771 983 111 29 förelagts

130 1016 72 28 nådig
229 1017 142 28 proposition
405 1017 119 27 angående
551 1017 107 28 partiella
684 1017 164 28 förändringar
874 1018 8 20 i

130 1050 228 29 rättegångsbalken,
376 1050 163 23 innehållande
557 1051 89 28 förslag
663 1051 38 21 till
712 1051 170 28 förordningar,

131 1085 22 26 a)
173 1085 119 28 angående
319 1084 88 23 ändrad
434 1084 87 29 lydelse
546 1086 23 21 af
596 1085 113 21 särskilda
736 1085 28 26 $$
786 1085 8 20 i
812 1087 70 19 rätte-

131 1119 166 29 gångsbalken,
322 1119 24 27 b)
368 1119 119 28 angående
515 1119 189 28 stämningsmän,
722 1119 45 22 och
779 1123 20 22 c)
818 1119 65 22 inne-

130 1153 106 22 fattande
255 1153 113 22 särskilda
395 1153 174 29 bestämningar
588 1161 36 14 om
642 1153 214 29 ändringssökande
874 1153 9 21 i

130 1187 132 22 underrätts
281 1187 79 22 domar
377 1187 42 22 och
438 1188 85 29 utslag,
541 1189 24 20 så
584 1188 70 21 hafva
674 1187 130 22 Ständerna
822 1188 8 21 i
850 1188 33 21 af-

131 1222 74 28 gifvet
223 1229 52 15 svar
293 1223 30 28 på
346 1222 98 21 berörda
471 1222 85 28 nådiga
582 1222 143 29 proposition
744 1223 8 20 i
770 1221 113 23 underdå-

131 1255 83 29 nighet
232 1256 93 28 anmält,
345 1258 34 19 att
396 1256 28 21 de
443 1257 8 21 i
470 1257 170 28 propositionen
658 1257 115 28 ingående
792 1257 91 21 författ-

131 1291 187 28 ningsförslagen
341 1290 78 22 blifvit
444 1291 23 22 af
491 1290 129 22 Ständerna
646 1293 102 26 antagna
766 1291 52 21 med
836 1294 47 18 sär-

132 1324 77 22 skilda
227 1324 131 29 ändringar.
393 1324 67 23 Efter
486 1325 39 22 det
548 1325 66 22 såväl
631 1325 132 28 Kejserliga
782 1325 101 21 Senaten

132 1366 46 13 som
198 1359 37 20 för
251 1359 65 20 tiden
335 1361 16 18 t.
369 1358 15 21 f.
403 1359 248 28 Generalguvernören
669 1359 63 21 öfver
750 1359 80 21 landet
848 1359 35 20 uti

131 1392 52 21 sina
201 1392 8 20 i
227 1392 72 21 saken
318 1392 127 21 aflemnade
463 1392 160 28 underdåniga
636 1392 126 28 yttranden
775 1392 109 22 hemstält

133 1433 35 15 om
187 1426 73 28 nådig
277 1425 146 23 stadfästelse
442 1427 13 21 å
473 1426 28 22 de
521 1426 20 22 af
561 1426 130 22 Ständerna
713 1428 103 28 antagna
834 1426 51 28 lag-

203 1471 131 22 Laguiskottets
347 1471 109 17 betänkande
470 1471 35 18 N:o
520 1472 17 16 8.
