1078 1753
359 157 27 22 U.
403 157 28 22 B.
447 170 27 3 —
490 157 72 28 Prop.
579 157 45 23 N:o
639 157 36 23 19.
865 158 26 21 11

137 227 151 29 betungande
312 230 42 25 art,
382 235 49 14 som
455 236 28 13 en
507 229 36 21 för
566 229 81 28 längre
665 229 35 21 tid
718 230 14 21 &
749 229 142 27 fastigheten

138 261 111 29 uppläten
268 261 270 29 skogsafverkningsrätt
555 262 8 21 i
581 263 63 27 regel
658 263 113 28 utgjorde,
785 263 20 28 ej
819 262 72 22 heller

137 295 197 22 Ofverensstämde
351 295 52 22 med
422 295 44 22 den
484 296 104 22 sträfvan
601 298 35 20 att
647 297 88 28 frigöra
747 296 82 29 jorden
838 297 53 21 från

136 329 57 22 derä
211 329 109 22 hvilande
338 330 128 28 servituter,
485 337 48 15 som
550 330 9 22 i
577 330 126 23 allmänhet
720 331 63 29 gjort
795 331 36 28 sig
842 331 48 28 gäl-

137 363 70 22 lande
224 364 8 21 i
249 364 42 21 vär
314 371 72 21 nyare
409 364 155 29 lagstiftning.
600 365 53 21 Men
677 364 29 22 dä
730 365 41 22 det
787 364 51 30 gält
856 366 35 20 att

138 398 126 22 bestämma
291 398 76 22 denna
384 399 138 28 maximitid,
539 399 71 22 hafva
628 400 62 21 olika
708 399 121 29 meningar
854 402 36 19 ut-

137 432 77 22 talats.
250 434 36 21 En
313 433 38 22 del
376 434 24 21 af
423 433 131 23 Utskottets
578 434 147 22 medlemmar
749 434 42 22 har
813 436 77 20 ansett

137 469 36 20 att
191 467 63 22 tiden
273 468 70 22 borde
361 468 126 22 fastställas
512 469 36 21 till
566 469 81 22 endast
664 469 46 21 fem
727 469 32 28 är,
778 472 55 18 enär
851 468 39 22 det

135 509 57 15 vore
218 504 63 20 svärt
307 502 36 22 för
366 503 99 29 säljaren
486 505 41 26 att,
546 511 36 15 om
602 503 215 29 afverkningstiden
835 510 54 14 vore

137 536 87 28 längre,
245 537 83 28 riktigt
354 536 96 22 bedöma
473 537 82 22 värdet
574 538 23 21 af
615 538 44 21 den
677 538 58 28 skog
753 538 46 21 han
818 537 69 22 sälde.

136 570 112 22 Häremot
285 571 42 21 har
356 571 13 22 &
399 571 73 22 andra
501 571 66 23 sidan
596 572 145 27 framhällits,
775 571 49 22 dels
854 574 35 19 att

136 605 100 28 skogens
262 606 94 21 tillväxt
377 606 73 21 under
472 614 28 14 en
518 606 35 22 tid
571 606 23 22 af
612 606 32 22 tio
662 607 26 20 är
705 606 51 22 icke
783 614 54 14 vore
864 606 25 21 sä

137 642 54 25 stor,
213 642 34 20 att
267 640 132 22 densamma
423 640 51 22 icke
492 640 76 22 kunde
586 640 40 22 vid
645 640 169 29 försäljningen
831 648 57 21 upp-

136 674 96 28 skattas,
260 674 48 22 dels
335 677 35 19 att
394 675 65 21 tiden
485 674 70 23 borde
573 677 100 20 utmätas
691 676 26 21 sä
734 674 100 29 rundlig,
854 676 34 20 att

136 709 101 28 köparen
255 709 52 21 icke
326 708 141 23 omedelbart
485 709 97 22 behöfde
594 709 78 22 skrida
690 709 38 22 till
743 709 144 28 afverkning,

136 745 57 19 utan
211 743 77 21 kunde
306 743 8 22 i
332 744 77 28 nägon
427 744 54 21 män
499 743 95 22 afvakta
612 751 28 14 en
652 743 36 22 för
697 743 84 22 honom
790 751 97 21 gynsam

136 777 117 29 tidpunkt.
288 777 55 22 Med
368 777 106 22 afseende
500 778 56 21 härä
580 777 43 22 och
649 777 30 22 dä
705 778 183 28 Forststyrelsen

136 812 35 21 uti
198 811 50 22 dess
278 811 195 22 ofvanomordade
511 812 109 29 yttrande
657 813 74 21 såsom
758 820 28 14 en
815 812 73 28 lämp-

135 845 35 29 lig
191 845 102 29 tidrymd
311 846 36 21 för
367 854 29 13 en
421 846 87 21 ordnad
527 846 138 29 afverkning
685 846 105 22 förordat
808 853 29 14 en
855 845 33 22 af-

135 880 163 28 verkningstid
322 880 24 21 af
364 881 32 21 tio
419 881 31 27 år,
468 880 95 22 hvilken
582 880 34 21 tid
634 880 84 29 jemväl
735 880 90 22 kronan
843 880 44 21 för-

135 913 99 23 behållit
258 914 36 29 sig
317 915 35 21 för
367 914 128 29 uttagande
514 915 23 21 af
554 915 78 28 gröfre
649 915 91 21 timmer
759 915 12 20 å
790 914 28 22 de
836 914 52 22 från

135 948 283 30 kronoöfverloppsjordar
434 949 112 22 utbrutna
564 949 179 28 nyhemmanens
762 948 126 29 skogsskif-

136 985 47 26 ten,
209 983 42 22 har
276 983 121 22 Utskottet
417 983 96 22 beslutit
536 983 118 29 tillstyrka
675 982 171 30 godkännande
864 983 24 22 af

136 1018 184 29 propositionens
338 1017 87 30 förslag
443 1026 37 14 om
498 1026 29 14 en
545 1018 129 22 maximitid
693 1018 23 21 af
733 1018 33 22 tio
784 1018 32 22 är.

205 1086 86 22 Vidare
318 1086 42 22 har
386 1086 8 22 i
423 1087 11 20 1
464 1088 13 25 8
496 1086 142 28 rättigheten
656 1086 36 21 till
711 1085 133 23 erhållande
862 1086 24 21 af

137 1121 137 28 inteckning
292 1120 36 22 för
346 1120 334 30 skogsafverkningskontrakt
689 1120 73 29 gjorts
771 1120 115 22 beroende

137 1154 23 22 af
178 1154 82 22 sädant
278 1155 84 27 vilkor,
381 1158 36 18 att
435 1155 81 21 aftalet
534 1155 60 21 skall
612 1155 117 21 innehälla
741 1154 145 29 förpligtelse

137 1189 36 22 för
199 1190 102 27 köparen
326 1191 34 20 att
382 1189 128 22 verkställa
528 1189 169 28 afverkningen
714 1189 60 21 efter
791 1189 54 27 viss,
864 1188 23 22 af

137 1223 61 22 finsk
220 1224 111 21 forstman
350 1224 56 31 eller
425 1231 77 14 annan
520 1223 132 28 sakkunnig
670 1230 83 22 person
772 1222 115 29 uppgjord

137 1257 62 30 plan.
234 1258 70 22 Detta
331 1258 77 22 vilkor
430 1258 43 21 har
492 1258 67 22 äfven
578 1258 23 21 af
620 1265 28 14 en
667 1258 37 21 del
721 1257 52 23 utaf
790 1257 96 21 Utskot-

137 1294 45 20 tets
209 1292 147 22 medlemmar
384 1294 88 20 ansetts
497 1292 147 29 erforderligt
661 1292 36 22 för
715 1292 130 29 tryggande
864 1292 23 21 af

137 1327 100 29 skogens
264 1327 104 28 bestånd,
396 1327 90 22 hvilket
512 1326 78 22 kunde
618 1327 133 28 äfventyras
777 1326 51 22 ifall
853 1326 34 21 in-

137 1361 141 29 teckningen
303 1361 147 22 meddelades
468 1364 57 20 utan
543 1362 73 28 nägot
634 1361 113 22 förbehäll
765 1362 8 20 i
791 1368 96 20 nyssan-

137 1395 54 28 tydt
217 1396 66 27 syfte.
319 1396 133 20 Utskottets
479 1395 76 21 flertal
580 1394 43 21 har
649 1394 61 21 dock
728 1394 51 21 icke
797 1394 91 21 kunnat

137 1429 81 22 förena
237 1429 35 28 sig
290 1436 39 15 om
346 1428 164 22 bibehällande
529 1429 22 20 af
569 1430 34 19 ett
621 1427 83 22 sädant
721 1427 82 22 vilkor.
835 1427 51 21 Oaf-

137 1463 52 22 sedt
207 1466 35 19 att
260 1463 72 26 detta,
352 1463 73 28 enligt
440 1463 62 21 hvad
515 1462 99 29 tidigare
627 1463 9 21 i
648 1461 160 23 betänkandet
819 1462 69 21 fram-

207 1507 129 23 Lagutskottets
348 1505 111 19 betänkande
472 1507 34 16 N:o
522 1506 14 16 7.
