1056 1748
223 148 13 21 6
408 148 27 22 U.
452 148 25 21 B.
495 160 25 3 —
537 147 71 28 Prop.
624 147 40 22 N:o
680 147 34 21 29.

200 215 39 22 har
263 216 111 21 Utskottet
396 217 3 20 i
421 217 13 20 2
453 217 11 26 &
484 217 23 20 af
523 216 145 27 föreliggande
691 215 115 26 lagförslag
827 213 66 22 infört
915 216 30 18 ett

196 252 49 25 nytt
259 253 92 18 moment
366 250 147 22 innehällande
526 250 149 21 motsvarande
684 248 76 23 förbud
768 249 33 20 för
809 247 137 22 innehafvare

196 284 24 22 af
240 284 99 29 bryggeri
360 285 33 21 för
413 285 136 28 tillverkning
570 285 22 21 af
610 284 142 27 maltdryeker
774 283 39 21 och
835 282 110 27 försäljare

196 319 24 22 af
233 319 80 22 sädana
329 319 94 28 drycker.

141 360 13 21 6
170 359 18 27 8.
265 354 42 21 Det
330 355 6 20 i
359 355 69 20 denna
447 354 11 27 $
478 354 101 27 ingående
598 353 100 22 förbudet
716 355 32 18 att
767 353 12 20 ä
794 352 71 21 landet
880 351 66 22 forsla

196 388 143 28 maltdrycker
361 389 47 21 från
430 389 53 26 gård
505 389 31 21 till
559 388 53 27 gård
632 389 32 19 för
682 390 32 18 att
733 387 32 21 till
784 387 46 20 salu
846 386 100 25 utbjudas

198 422 39 21 har
256 423 22 20 af
296 423 110 21 Utskottet
424 423 116 22 utsträekts
553 423 79 27 jemväl
648 422 32 21 till
696 421 110 21 enahanda
821 420 125 27 försäljning

198 457 7 20 i
221 457 53 28 stad,
294 459 87 20 emedan
402 458 57 27 dylik
475 457 152 22 ambulatorisk
642 456 76 21 handel
734 457 55 20 visat
805 455 32 27 sig
853 455 95 21 medföra

196 491 126 28 förderfliga
336 492 134 27 verkningar.

142 525 48 27 88.
267 526 231 31 Omformuleringen
488 520 15 41 i
513 527 69 21 denna
598 528 10 26 &
624 526 38 21 har
678 526 101 26 vidtagits
794 525 74 21 endast
883 525 6 20 i
905 524 42 21 för-

199 561 122 27 tydligande
337 561 60 27 syfte.

129 595 28 21 14
173 594 19 27 8.
263 596 12 20 I
297 597 207 21 öfverenstämmelse
526 596 47 21 med
593 595 144 26 stadgandena
755 595 7 20 i
782 595 26 21 21
828 594 12 26 $
864 594 23 20 af
905 593 43 20 för-

199 630 118 26 ordningen
332 630 108 27 angående
455 630 125 27 försäljning
596 630 23 21 af
633 630 87 20 bränvin
736 629 39 21 och
787 629 66 21 andra
866 627 82 21 brända

199 664 52 21 eller
269 665 130 21 distillerade
419 665 142 26 spritdrycker
577 666 55 19 samt
647 664 13 21 6
676 662 15 28 $i
706 663 22 21 af
746 662 149 27 förordningen
912 668 36 14 an-

198 698 82 27 gående
306 699 76 21 handel
409 700 48 20 med
479 700 59 20 viner
560 699 40 21 och
623 698 66 21 andra
710 704 88 20 svagare
822 696 126 27 rusdrycker

199 733 90 22 föreslås
314 734 31 20 uti
363 734 40 20 den
422 734 77 26 nådiga
517 733 158 27 propositionen
694 732 40 21 den
757 732 89 25 ändring
864 731 6 20 i
892 731 27 20 14
937 730 11 27 $

201 767 23 21 af
245 768 97 26 gällande
364 768 123 26 förordning
510 774 33 15 om
566 767 124 27 försäljning
709 767 39 21 och
766 765 143 27 utskänkning
928 764 22 22 af

202 802 147 27 maltdrycker,
365 805 31 19 att
411 802 123 27 försäljning
550 802 22 21 af
586 802 20 21 öl
622 801 51 21 eller
688 804 71 24 porter
775 801 31 21 till
817 799 132 26 afhemtning

200 839 55 19 samt
277 836 142 28 utskänkning
442 838 33 20 mä
497 837 94 27 försiggä
614 836 6 21 i
644 836 115 21 allmänhet
778 835 76 21 endast
872 833 78 27 helgfri

200 870 41 28 dag
259 874 54 19 samt
333 872 87 27 vidtaga
439 872 52 21 först
509 872 90 21 klockan
616 871 33 21 nio
665 870 27 28 pä
706 876 122 21 morgonen,
845 870 18 26 ej
880 869 69 21 såsom

199 912 28 15 nu
238 908 23 19 är
272 906 99 27 stadgadt
385 907 92 20 klockan
491 913 43 20 sex,
550 908 40 20 och
602 905 89 22 afslutas
702 906 90 21 klockan
803 911 36 15 sex
853 905 27 26 pä
896 903 53 22 afto-

200 946 47 19 nen,
264 940 19 26 ej
298 941 71 21 såsom
384 947 28 15 nu
427 941 90 21 klockan
532 941 43 27 nio,
604 940 117 27 hvarjemte
736 940 33 21 till
784 940 12 27 $
811 939 89 21 föreslås
913 939 37 20 det

199 975 74 27 tillägg
291 978 37 23 att,
356 976 37 20 der
407 976 208 26 omständigheterna
634 975 77 21 sädant
732 974 91 27 päkalla,
838 976 111 24 guvernör,

199 1010 56 21 efter
271 1010 135 21 inhemtande
425 1010 22 20 af
464 1009 159 22 vederbörande
641 1009 189 27 polismyndighets
844 1008 105 27 yttrande,

199 1044 53 26 egde
266 1044 99 27 förbjuda
372 1044 58 21 såväl
438 1044 126 28 försäljning
575 1044 32 20 till
615 1043 131 26 afhemtning
753 1049 44 15 som
807 1042 143 27 utskänkning

199 1079 24 21 af
236 1079 20 20 öl
272 1078 40 22 och
326 1080 73 25 porter
413 1079 66 21 under
495 1078 127 22 marknader
638 1078 40 21 och
691 1078 114 27 torgdagar
816 1080 55 19 samt
882 1078 67 26 dagen

201 1114 134 21 derförinnan
350 1114 108 20 äfvensom
474 1114 33 21 vid
524 1114 67 20 andra
606 1112 103 26 tillfällen,
726 1112 27 22 då
768 1114 68 20 större
849 1112 101 22 folksam-

201 1148 44 26 ling
267 1154 49 20 eger
339 1154 52 18 rum,
410 1148 54 21 dock
480 1148 89 21 sälunda
585 1149 31 20 att
638 1147 100 21 förbudet
756 1147 46 21 icke
820 1147 130 21 innefattade

200 1183 153 26 inskränkning
369 1182 7 21 i
391 1182 172 28 bryggeriegares
579 1183 6 20 i
604 1182 48 21 stad
667 1184 43 19 rätt
726 1184 31 19 att
772 1182 31 20 till
820 1182 130 27 afhemtning

199 1217 88 27 försälja
307 1217 52 21 eller
377 1217 33 21 till
429 1217 108 21 afnämare
556 1218 7 20 i
578 1216 47 22 stad
640 1216 65 21 forsla
720 1216 46 21 sina
781 1216 168 26 tillverkningar.

267 1251 112 21 Utskottet
394 1251 39 21 har
447 1251 69 21 funnit
531 1252 40 20 den
587 1251 6 21 i
610 1251 33 27 8:n
660 1250 120 27 föreslagna
790 1250 159 28 förkortningen

200 1286 23 20 af
237 1285 195 25 försäljningstiden
447 1286 35 19 väl
497 1286 68 25 egnad
581 1288 31 17 att
622 1284 102 21 befordra
734 1285 113 25 nykterhet
858 1286 40 19 och
908 1286 42 24 god

199 1319 38 20 sed
253 1319 141 27 synnerligast
413 1319 56 19 inom
485 1318 190 26 arbetareklassen,
692 1324 47 14 men
756 1318 87 21 emedan
859 1319 92 21 efterlef-

200 1352 68 22 naden
284 1352 23 21 af
320 1352 159 26 ifrågavarande
495 1352 117 26 stadgande
629 1352 69 21 blefve
714 1352 132 27 synnerligen
862 1352 50 21 svår
920 1354 31 20 att

200 1388 137 25 kontrollera,
359 1386 44 23 ifall
427 1387 20 22 öl
465 1386 38 22 och
523 1390 72 25 porter
621 1386 131 22 fortfarande
770 1385 57 28 finge
849 1386 102 28 föryttras

199 1423 47 21 från
264 1423 33 21 för
312 1422 125 27 försäljning
453 1422 61 21 äfven
529 1422 23 21 af
565 1422 67 21 andra
646 1428 62 15 varor
723 1422 89 21 afsedda
831 1422 72 27 bodar,
918 1422 34 22 för

199 1457 71 22 hvilka
293 1458 62 26 ingen
378 1457 90 22 särskild
487 1456 155 28 stängningstid
661 1456 67 22 finnes
746 1457 8 20 i
772 1456 35 27 lag
823 1459 73 24 utsatt,
912 1457 39 22 har

268 1503 183 18 Ekonomiutskottets
464 1503 109 18 betänkande
585 1503 37 18 N:o
640 1508 13 12 7.
