1073 1761
224 165 13 20 2
409 163 26 21 U.
453 163 26 22 B.
495 175 26 2 —
538 163 71 26 Prop.
625 161 40 22 N:o
682 161 33 21 23.

264 231 185 27 Borgareständet
473 230 40 20 har
535 230 102 20 omfattat
659 228 125 21 Utskottets
806 227 86 27 förslag
912 226 33 21 till

197 265 130 27 ständerlag
342 265 49 20 med
408 265 113 26 undantag
532 264 24 21 af
570 263 97 28 följande
679 262 136 29 paragrafer,
828 269 47 13 som
887 261 58 21 äter-

197 298 134 22 remitterats
346 298 34 21 till
395 298 120 26 Utskottet,
529 298 121 28 nämligen:
668 296 13 29 $
693 291 11 39 2
723 297 34 20 för
769 298 31 19 att
811 295 134 28 förtydligas

201 333 92 25 derhän,
305 335 31 19 att
353 333 41 21 den
411 332 30 21 uti
457 332 134 28 paragrafen
607 331 136 22 föreskrifna
757 330 103 22 anmälan
873 329 73 21 skulle

197 368 41 21 ske
257 368 42 20 hos
317 368 43 20 den
378 367 133 28 myndighet
526 367 14 21 ä
555 370 68 22 orten,
647 366 94 21 hvarom
763 372 54 14 vore
839 364 107 22 särskildt

199 403 116 26 stadgadt;
331 401 14 28 $
361 402 12 20 3
389 402 7 20 i
413 402 42 20 den
471 402 73 20 finska
559 404 72 18 texten
643 401 34 20 för
689 400 69 22 sådan
775 399 171 28 omredigering,

200 438 32 19 att
251 437 36 20 det
309 436 100 27 tydligen
433 435 134 28 framginge,
582 435 34 22 till
631 435 87 21 hvilket
733 435 40 20 ord
788 436 75 19 satsen
879 433 67 28 ,,joka

202 478 28 14 on
246 470 47 22 tahi
308 470 109 27 epäillään
435 471 79 20 olevan
529 469 168 22 tuberkuloosin
713 470 160 20 saastuttama'*
889 469 57 20 hän-

199 505 62 21 förde
276 505 45 27 sig;
338 504 14 29 8
368 506 13 19 4
396 505 35 20 för
446 505 96 27 ändring
557 505 7 20 i
580 505 37 20 det
635 504 66 28 syfte,
717 505 32 20 att
768 503 125 27 kostnaden
912 503 34 21 för

199 541 43 20 den
262 539 31 21 uti
313 539 133 28 paragrafen
466 539 147 21 omförmälda
632 538 130 27 bevakning
777 538 68 21 borde
861 538 85 21 drabba

201 574 43 20 den
263 573 53 21 eller
334 574 27 20 de
379 573 138 25 kommuner,
533 573 33 21 till
581 573 80 21 hvilka
676 573 36 21 det
728 572 103 21 smittade
847 572 100 21 området

199 608 79 25 hörde;
287 610 58 18 samt
357 607 14 29 $
385 609 10 20 7
407 608 34 20 för
457 610 32 18 att
503 607 102 28 undergå
619 607 70 22 sådan
706 606 101 28 ändring,
820 608 31 20 att
867 608 79 19 ersätt-

198 643 82 27 ningen
303 642 73 22 skulle
398 642 55 28 utgå
474 643 50 21 med
547 642 78 22 halfva
644 641 254 29 uppskattningsvärdet
913 641 34 21 för

199 677 58 26 häst,
273 677 108 21 behäftad
399 678 51 20 med
469 679 52 23 rots,
538 677 39 21 der
592 678 71 26 djuret
677 676 89 22 företett
780 676 87 28 tydliga
883 676 63 27 sjuk-

202 712 185 27 domssymptom,
406 711 115 21 äfvensom
540 711 34 21 för
593 712 57 24 häst,
668 710 108 22 behäftad
792 711 50 21 med
857 710 89 28 spring-

195 752 55 14 orm.

266 780 163 22 Bondeständet
451 780 41 21 har
516 782 79 24 ansett,
612 782 31 19 att
659 780 7 20 i
683 780 42 20 der
745 780 73 21 finska
833 780 112 27 lagtexten

197 814 32 21 uti
245 814 13 28 $
274 816 12 19 2
301 814 70 22 borde
387 814 55 21 efter
457 815 68 20 orden
545 817 149 25 ,,tappamaan
709 816 55 19 sen*
783 814 84 21 införas
884 814 62 20 ordet

196 849 125 26 ,»eläimen"
345 851 58 19 samt
425 850 31 19 att
476 849 42 20 den
534 848 73 22 finska
622 850 73 19 texten
711 848 32 21 uti
759 848 14 29 8
790 849 13 21 3
819 849 68 20 borde
903 848 45 21 för-

199 883 98 28 tydligas
320 883 101 25 sålunda,
444 885 32 18 att
491 882 155 22 missförstånd
662 883 18 27 ej
697 883 45 20 kan
758 883 83 27 uppstå
856 889 42 19 om,
915 882 33 21 till

201 917 87 21 hvilket
310 918 40 20 ord
373 919 73 19 satsen
463 917 66 27 ,joka
545 925 28 13 on
588 917 47 21 tahi
651 917 109 27 epäillään
777 917 79 21 olevan
873 917 75 21 tuber-

199 951 102 22 kuloosin
325 953 162 19 saastuttama**
509 952 82 21 hänför
613 952 41 27 sig.
683 951 52 22 Med
756 952 166 27 godkännande
940 951 8 20 i

201 986 68 28 öfrigt
293 986 24 21 af
331 986 107 27 förslaget
454 986 34 21 till
503 986 130 28 ständerlag
647 986 41 21 har
703 986 166 22 Bondeständet
885 987 62 20 dess-

200 1023 61 18 utom
280 1020 91 21 beslutit
386 1021 95 20 anmoda
496 1021 115 21 Utskottet
625 1023 32 18 att
672 1020 7 21 i
694 1021 60 21 detta
770 1021 86 27 förslag
871 1020 77 29 intaga

198 1062 27 13 en
251 1055 142 27 bestämning
409 1061 42 19 om,
467 1057 32 19 att
514 1062 27 13 ur
557 1055 113 21 allmänna
685 1055 73 21 medel
775 1055 72 21 skulle
862 1054 34 21 till
912 1055 36 21 det

201 1089 88 27 belopp,
308 1096 47 13 som
371 1089 23 20 af
409 1089 124 28 Kejserliga
549 1089 108 21 Senatens
672 1089 277 27 Ekonomiedepartement

198 1123 141 25 bestämmes,
360 1123 99 27 utgifvas
482 1123 123 28 ersättning
620 1123 35 20 för
670 1130 79 21 genom
765 1123 122 27 förstöring
903 1123 23 21 af
941 1123 7 20 i

197 1157 15 29 8
228 1159 13 19 3
256 1157 97 20 nämnda
369 1163 66 15 varor
451 1158 42 20 och
508 1157 94 21 föremål
617 1157 133 21 förorsakad
765 1158 79 20 skada.

265 1190 126 22 Utskottets
406 1191 219 27 resolutionsförslag
641 1190 13 22 å
669 1191 90 21 sidorna
779 1192 32 25 17,
827 1192 28 20 32
867 1191 43 22 och
922 1192 27 21 34

199 1225 69 21 hafva
283 1225 24 20 af
321 1224 105 29 samtliga
441 1225 70 21 Ständ
526 1226 119 26 godkänts.

266 1260 79 20 Säsom
367 1260 66 20 häraf
452 1260 107 27 framgär,
575 1260 118 21 förefinnes
709 1261 42 20 den
767 1260 34 21 för
818 1260 131 21 ständerbe-

204 1294 44 20 slut
271 1294 145 26 erforderliga
439 1294 111 26 pluralitet
566 1295 34 19 för
615 1294 104 27 samtliga
734 1294 132 27 paragrafer
881 1294 7 20 i
903 1294 45 20 för-

201 1327 72 27 slaget
295 1327 34 20 till
351 1328 137 26 ständerlag,
512 1326 80 22 sädant
615 1329 36 19 det
674 1328 23 20 af
715 1328 114 21 Utskottet
843 1328 107 26 affattats,

200 1361 50 21 med
273 1361 116 27 undantag
411 1361 24 21 af
453 1368 66 14 mom.
536 1363 10 19 1
563 1361 24 21 af
602 1362 15 28 $
633 1362 12 21 3
661 1362 6 20 i
683 1362 43 20 den
741 1362 74 21 finska
830 1362 120 28 lagtexten.

197 1395 33 21 På
251 1396 74 27 grund
349 1396 24 20 af
395 1396 26 20 de
445 1397 59 19 emot
519 1396 60 21 detta
595 1399 98 18 moment
707 1396 60 21 inom
783 1396 110 29 Borgare-
909 1397 41 21 och

201 1430 171 22 Bondeständen
395 1430 78 28 gjorda
497 1431 175 28 anmärkningar
694 1430 35 22 fär
751 1431 113 22 Utskottet
881 1432 68 21 vörd-

201 1467 57 19 samt
273 1465 91 21 föreslä:

269 1511 182 18 Ekonomiutskottets
463 1511 110 18 betänkande
585 1511 34 18 N:o
631 1513 18 16 5.
