1700 1898
670 218 28 22 U.
715 218 26 22 :B.
761 225 26 9 —
801 219 74 28 Prop.
891 219 40 22 N:o
947 220 33 21 17.
1189 222 28 19 83

801 288 35 25 (64
850 288 27 26 $).

532 337 124 21 Utskottets
672 337 83 27 förslag
771 338 6 20 i
793 338 75 20 denna
884 338 108 27 paragraf
1006 339 41 20 har
1061 339 94 26 tidigare
1169 346 48 14 mo-

462 371 92 21 tiverats
569 370 39 22 vid
624 371 62 27 fråga
702 378 37 14 om
756 373 13 19 2
786 373 28 24 (1)
830 374 19 22 &.

780 453 26 20 72
822 454 43 25 (66)
881 454 18 26 $.

532 508 8 20 1
557 508 28 21 de
600 509 127 27 föreslagna
747 509 289 27 öfvergängsstadgandena
1051 510 74 20 under
1139 510 76 20 denna

462 543 108 26 paragraf
583 543 43 21 har
641 543 97 27 ändring
753 544 116 20 befunnits
885 544 69 26 nödig
969 544 7 20 i
992 544 107 20 afseende
1114 544 13 20 ä
1141 546 75 18 munt-

462 576 44 27 liga
527 577 112 27 legoaftal,
655 584 50 14 som
725 578 103 20 afslutats
843 578 72 20 innan
931 578 75 20 denna
1022 578 36 26 lag
1072 578 60 20 trädt
1147 578 8 20 i
1170 578 46 26 gäl-

463 610 67 21 lande
552 611 66 21 kraft.
650 611 104 21 Emedan
775 612 62 20 såväl
858 612 135 26 legogifvare
1009 618 49 15 som
1074 612 98 20 brukare
1190 612 26 20 är

462 644 126 27 berättigad
603 647 32 19 att
650 646 103 26 uppsäga
769 646 78 26 dylika
862 646 60 23 aftal,
939 647 72 19 möter
1024 646 55 20 intet
1090 646 83 20 hinder
1184 648 32 18 att

462 678 126 26 desamma,
604 679 55 20 efter
681 679 37 20 det
740 681 104 25 parterne
863 679 97 21 lemnats
976 679 129 26 tillräckligt
1120 679 94 20 rådrum

462 712 35 21 för
512 713 72 20 sådan
605 713 151 27 uppsägning,
773 713 150 22 underkastas
938 713 122 21 enahanda
1075 713 140 22 bestämnin-

462 752 44 21 gar,
523 753 50 14 som
592 747 25 20 af
631 747 112 21 Utskottet
758 747 140 22 beträffande
913 753 46 21 nya
975 747 112 27 muntliga
1101 747 115 21 öfverens-

462 781 139 21 kommelser
616 781 133 27 föreslagits,
765 782 6 20 i
793 782 56 26 syfte
864 784 32 19 att
911 781 107 26 antingen
1035 781 106 27 skriftligt
1156 782 59 26 lego-

462 815 109 22 kontrakt
589 817 68 20 måtte
681 817 119 26 upprättas
822 817 53 20 eller
897 815 138 22 åtminstone
1057 823 28 14 en
1104 816 60 21 form
1180 816 35 20 för

462 849 77 21 aftalet
551 850 89 26 vinnas,
656 849 93 22 hvilken
765 851 77 20 kunde
857 851 83 20 ersätta
955 852 30 19 ett
1000 849 82 22 sådant
1098 849 115 22 kontrakt.

462 884 49 20 Den
535 883 127 27 föreslagna
684 884 63 21 tiden
767 884 24 21 af
808 885 30 20 tio
861 885 26 20 år
901 885 35 20 för
951 884 88 20 aftalets
1054 883 98 21 bestånd
1166 883 49 21 kan

462 917 69 21 likväl
554 917 49 22 icke
626 918 33 21 uti
681 925 31 14 nu
736 918 171 27 ifrågavarande
930 917 39 22 fall
992 918 85 21 räknas
1099 917 51 21 från
1170 917 44 22 den

462 952 111 26 muntliga
595 952 255 26 öfverenskommelsen,
865 955 54 18 utan
939 958 68 21 synes
1022 952 56 21 böra
1093 953 53 26 löpa
1162 952 52 20 från

462 986 73 26 dagen
551 986 35 21 för
601 987 77 26 lagens
695 986 142 21 utfärdande.

531 1107 32 21 De
585 1107 103 21 formella
707 1106 123 27 ändringar
845 1107 7 20 i
868 1106 149 27 lagförslaget,
1033 1106 34 21 till
1081 1106 79 21 hvilka
1178 1106 37 20 Ut-

462 1142 82 20 skottet
559 1141 89 21 utöfver
663 1141 37 21 det
715 1140 68 21 ofvan
799 1140 95 22 anförda
913 1140 76 21 funnit
1005 1140 129 26 anledning,
1150 1140 65 20 torde

457 1176 54 25 icke
527 1176 101 20 erfordra
644 1174 96 22 särskild
756 1175 139 26 motivering.

531 1284 32 20 På
578 1284 75 26 grund
665 1283 25 21 af
703 1283 97 21 sålunda
813 1282 94 22 slutförd
920 1282 140 27 granskning
1070 1282 26 21 af
1103 1282 37 21 det
1151 1282 65 21 Stän-

459 1318 72 21 derna
542 1318 116 26 förelagda
669 1317 143 27 lagförslaget
823 1318 34 20 får
868 1317 113 21 Utskottet
993 1317 117 20 vördsamt
1121 1316 93 21 föreslå:

736 1388 31 18 att
786 1386 123 20 Ständerna
933 1385 48 21 ville
1003 1385 6 20 i
1027 1385 36 21 sitt
1076 1392 51 14 svar
1143 1385 13 20 å
1173 1384 42 21 den

668 1420 83 27 nådiga
770 1420 162 28 propositionen
954 1419 8 21 i
981 1418 175 28 underdånighet
1174 1425 41 14 an-

669 1455 66 23 mäla,
751 1456 33 18 att
800 1454 124 20 Ständerna
944 1454 45 19 icke
1004 1454 88 19 kunnat
1107 1453 107 27 oföränd-

668 1487 50 21 radt
738 1487 120 26 godkänna
881 1487 68 26 sagda
969 1487 125 26 lagförslag,
1111 1487 52 19 utan
1179 1486 38 26 för

668 1521 33 21 sin
717 1521 34 21 del
765 1520 85 28 antagit
865 1527 25 14 en
906 1520 132 27 sälydande:

534 1569 45 22 Lag-
593 1569 31 17 och
637 1567 183 19 Ekonomiutskottets
833 1567 110 18 betänkande
957 1566 36 17 N:o
1006 1567 16 16 4.
