1700 1898
649 214 30 23 U.
694 213 28 24 B.
734 228 26 3 —
776 214 73 30 Prop.
859 213 48 26 N:o
923 216 50 22 17.
1169 217 28 20 25

444 282 101 21 låtandet
562 283 30 21 'af
605 283 77 27 längre
697 285 30 20 än
742 284 78 21 femtio
835 285 38 20 års
887 285 154 27 legoperioder
1056 285 7 20 i
1079 285 64 26 fråga
1158 291 38 14 om

443 317 51 26 lega
515 317 31 27 på
567 317 47 21 viss
636 317 33 21 tid
687 318 42 20 har
745 318 111 21 Utskottet
871 318 76 21 funnit
962 319 25 20 så
1002 319 90 26 mycket
1107 318 91 21 mindre

444 351 51 20 skäl
510 351 114 27 föreligga,
639 358 51 15 som
701 352 43 21 den
757 352 88 27 ärftliga
857 352 89 27 städjan
957 351 105 28 erbjuder
1072 359 28 14 en
1109 352 88 27 lämpli-

443 390 53 21 gare
518 385 109 27 legoform
650 385 35 21 för
707 385 111 27 legoaftal,
834 386 93 21 afsedda
938 381 37 36 att
988 381 60 36 gälla
1064 386 88 21 utöfver
1167 392 27 14 en

443 419 136 21 mansålder.

512 558 52 21 Med
583 558 129 28 utveckling
728 558 25 21 af
765 559 44 21 den
824 559 8 20 i
847 559 70 27 några
929 559 86 21 trakter
1029 559 25 21 af
1067 559 77 21 landet
1159 558 37 21 be-

443 593 93 21 stående
552 593 46 27 sed,
613 596 34 18 att
660 589 39 25 vid
715 593 148 28 uppgörande
878 593 25 21 af
911 593 105 27 legoaftal
1027 600 38 14 om
1075 595 51 26 torp
1138 595 57 25 nytt-

440 627 144 28 janderätten
602 627 150 22 tillförsäkras
768 628 67 21 äfven
850 628 128 21 brukarens
993 627 203 27 efterkommande;

442 663 44 20 har
507 662 8 22 i
537 663 172 27 propositionen
732 662 81 22 införts.
835 662 124 27 stadgande
977 668 39 14 om
1031 662 76 27 ärftlig
1121 661 74 28 städja

443 697 25 21 af
480 699 57 26 torp.

512 732 74 20 Sedan
602 731 225 27 inskränkningarna
842 731 140 22 beträffande
995 731 103 27 jordlega
1113 731 84 27 begynt

440 766 85 28 jemväl
536 766 14 21 å
558 766 28 22 de
595 766 53 21 med
656 766 123 27 anledning
788 766 24 20 af
818 766 133 27 stadgandet
959 766 7 20 i
975 766 75 26 kong].
1059 765 107 21 förbudet
1173 766 27 20 af

443 800 44 22 den
496 801 26 20 18
531 800 109 22 Februari
649 801 53 20 1767
711 800 122 21 tillkomna
841 800 151 27 bördetorpen
1000 800 123 28 tillämpas,
1129 800 69 21 såtill-

443 834 53 22 vida
504 837 32 19 att
544 835 83 21 aftalen
635 835 117 26 angående
760 834 66 22 dessa
831 836 84 20 ansetts
922 840 40 21 ega
970 834 101 27 giltighet
1078 834 81 21 endast
1163 834 35 21 för

443 875 28 15 en
479 869 33 21 tid
520 869 25 21 af
550 869 79 21 femtio
637 870 26 20 år
673 869 54 21 eller
734 869 67 21 äfven
810 868 129 22 derutöfver
947 868 35 21 för
989 869 45 20 den
1042 868 69 21 förste
1118 868 80 21 börde-

442 905 120 25 torparens
583 904 44 20 och
646 904 59 20 hans
724 903 38 21 vid
777 903 88 21 aftalets
879 902 112 27 ingående
1006 902 71 22 redan
1092 903 105 21 lefvande

443 937 217 22 rättsinnehafvares
683 937 76 27 lifstid,
782 937 42 22 har
846 937 74 27 ärftlig
943 937 48 27 lega
1009 937 25 21 af
1046 939 51 26 torp
1113 936 18 29 ej
1141 944 57 14 mer

443 972 59 21 varit
516 972 7 21 i
539 973 40 21 vär
594 972 139 27 lagstiftning
743 972 135 27 medgifven.
901 972 83 27 Många
995 972 122 27 bördetorp
1128 972 70 21 hafva

444 1007 109 27 antingen
573 1007 106 21 äterfallit
693 1007 34 21 till
742 1007 134 27 lägenheten
891 1007 60 26 eller,
971 1007 4 20 i
990 1007 109 21 händelse
1115 1007 28 20 de
1158 1013 40 14 an-

444 1042 57 26 lagts
516 1042 48 21 före
579 1042 45 20 den
641 1042 26 20 19
683 1041 125 22 December
824 1042 61 26 1864,
901 1041 52 21 med
969 1041 51 21 stöd
1035 1042 25 20 af
1072 1042 26 20 41
1115 1042 13 26 8
1133 1037 9 36 i
1139 1041 59 21 för-

445 1076 126 27 ordningen
587 1083 40 14 om
642 1075 92 28 delning
749 1076 26 21 af
782 1076 183 28 jordlägenheter
975 1076 44 20 den
1032 1077 25 19 12
1068 1076 56 20 Juni
1137 1076 61 26 1895,

444 1116 82 22 genom
535 1111 122 27 styckning
665 1110 54 21 eller
724 1110 134 26 afsöndring
863 1110 36 22 för
905 1110 190 21 innehafvarenes
1100 1110 98 26 räkning

444 1145 90 21 afskilts
547 1145 34 21 till
597 1144 113 22 särskilda
725 1145 135 25 lägenheter.
878 1145 51 20 Men
939 1145 40 20 allt
987 1144 138 21 fortfarande
1133 1144 65 26 ingås

444 1180 55 20 aftal
506 1186 39 14 om
554 1179 74 27 ärftlig
636 1180 103 25 legorätt;
748 1178 97 21 sålunda
853 1179 144 21 förekomma
1003 1181 15 18 t.
1027 1185 34 15 ex.
1070 1178 7 21 i
1085 1179 115 21 mellersta

445 1214 126 20 Satakunta
580 1214 63 20 ännu
649 1212 165 28 jemförelsevis
823 1213 82 27 många
913 1212 112 28 legoaftal,
1031 1218 81 22 genom
1120 1212 78 21 hvilka

445 1250 52 24 torp
512 1248 110 27 upplåtits
638 1247 23 21 åt
676 1247 121 27 brukaren,
813 1248 59 20 hans
887 1248 82 20 hustru
984 1247 44 21 och
1043 1247 58 21 barn
1117 1249 32 19 att
1164 1246 36 22 led

445 1282 55 21 efter
520 1282 37 21 led
578 1282 93 21 besittas
694 1284 61 19 emot
772 1282 162 26 legovederlag,
954 1288 39 14 som
1007 1277 64 36 efter
1085 1281 115 28 förloppet

445 1316 25 21 af
483 1316 61 22 vissa
559 1316 26 20 år
600 1315 61 28 ånyo
676 1316 137 21 bestämmes
829 1321 82 21 genom
927 1321 50 22 syn,
992 1315 47 21 ifall
1055 1315 19 27 ej
1087 1316 113 20 öfverens-

446 1350 127 22 kommelse
589 1350 144 21 annorlunda
749 1349 47 21 kan
811 1350 83 21 träffas.
918 1350 35 20 En
970 1349 71 21 sådan
1057 1349 75 27 ärftlig
1142 1350 58 26 lego-

445 1386 45 19 rätt
512 1386 25 20 är
556 1384 105 27 vanligen
684 1384 92 27 inrymd
799 1384 22 20 åt
835 1379 97 32 torpare,
948 1383 91 21 hvilkas
1055 1384 145 26 legoområde

446 1420 26 20 är
494 1419 87 26 beläget
604 1418 107 27 antingen
735 1418 13 20 å
769 1418 107 20 särskildt
891 1417 142 27 skogsskifte,
1049 1417 55 21 eller
1119 1418 13 20 å
1147 1417 54 27 bya-

446 1454 71 24 lagets
532 1452 114 20 oskiftade
662 1447 71 35 mark,
750 1452 54 20 eller
819 1452 62 26 eljest
896 1452 25 20 så
934 1452 108 24 aflägset
1039 1447 13 35 i
1053 1451 147 25 ödemarken,

446 1488 32 19 att
492 1486 46 20 "det
560 1486 19 27 ej
599 1481 46 25 kan
661 1485 173 26 ifrågakomma,
849 1487 33 18 att
896 1484 175 27 hufvudgården
1087 1484 113 27 någonsin

445 1523 52 25 toge
512 1520 38 21 det
564 1520 74 21 under
653 1521 48 25 eget
715 1519 66 21 bruk.
811 1519 106 26 (WAREN,
933 1525 19 14 a.
969 1525 19 15 a.
1005 1519 41 21 sid.
1063 1519 41 20 189
1120 1518 36 27 ff).

518 1566 48 23 Lag-
579 1566 32 18 och
623 1565 185 19 Ekonomiutskottets
820 1565 110 18 betänkande
942 1565 38 17 N:o
992 1565 17 18 4.
