1078 1756
471 145 42 21 N:o
531 147 31 19 18.
850 147 11 17 3

142 212 28 21 de
193 214 92 27 torpare
305 213 13 21 å
336 212 137 29 hemmanet,
496 212 79 23 hvilka
598 212 50 22 före
670 212 150 28 skatteköpet
838 211 53 21 sökt

142 246 163 22 Guvernörens
321 247 148 21 stadfästelse
485 248 13 20 å
513 247 50 21 sina
578 246 114 28 legoaftal
707 246 44 21 och
763 246 37 21 för
810 245 81 21 hvilka

141 280 119 28 legotiden
283 284 62 18 ännu
366 281 70 29 löper,
457 285 30 18 än
506 281 43 22 ock
569 281 87 21 erinras
672 288 37 14 om
724 280 63 22 hvad
801 279 90 21 förord-

141 314 87 28 ningen
244 314 45 22 den
583 314 120 28 angående
718 313 132 29 tryggande
866 313 26 21 af

141 350 104 27 torpares
263 351 48 19 rätt
325 350 14 21 å
353 349 188 29 kronohemman,
561 356 49 15 som
625 348 155 29 skatteköpes,
796 348 95 28 stadgar

142 390 37 14 om
200 383 138 29 inteckning
361 384 26 21 af
407 384 40 21 der
465 383 139 23 omförmäld
618 382 177 30 nyttjanderätt.
825 377 65 33 Ålig-

141 417 76 28 gande
240 417 39 22 det
303 418 227 22 kronolänsmannen
555 418 65 22 såväl
643 419 34 20 att
698 418 58 20 utan
781 416 110 29 dröjsmål

142 452 135 29 ombesörja,
300 453 39 22 det
361 453 156 28 kungörelsen
538 453 83 22 varder
643 453 8 20 i
674 454 77 19 ortens
766 451 75 29 kyrka
856 453 34 20 tre

141 487 89 28 gånger
245 487 124 22 afkunnad
385 487 43 22 och
437 488 9 21 i
456 487 260 22 kommunalstämmans
727 486 163 28 samlingsrum

141 521 118 29 anslagen,
277 524 60 19 samt
356 521 37 22 till
411 522 150 22 Guvernören
578 521 98 22 insända
693 521 66 22 bevis
775 521 66 21 öfver
857 520 33 21 af-

140 556 143 29 kunnandet,
295 564 49 14 som
356 557 43 21 ock
410 559 35 19 att
455 559 62 20 emot
527 556 99 29 stadgad
636 556 64 21 lösen
711 555 179 22 tillhandahålla

141 591 93 28 enhvar,
256 591 96 22 hvilken
374 591 39 22 det
436 591 77 29 begär,
536 591 107 28 bestyrkt
665 590 96 21 afskrift
784 590 26 21 af
831 589 59 22 före-

140 625 102 22 nämnda
256 625 147 29 handlingar.

493 667 46 26 28.

210 702 72 25 Öfver
299 705 158 29 ansökningar
476 713 37 14 om
532 705 148 22 stadfästelse
695 705 13 22 å
723 704 113 29 legoaftal
852 711 38 14 an-

140 740 90 28 gående
245 742 52 27 torp
313 740 14 21 å
342 740 181 22 kronohemman
539 740 60 22 skall
613 740 41 21 hos
666 740 151 21 Guvernören
827 739 63 21 föras

141 774 156 29 förteckning,
313 775 150 28 upptagande
478 775 37 22 för
529 775 81 28 hvarje
625 774 83 22 sådant
724 773 84 22 ärende
819 773 70 28 tiden,

141 813 43 17 när
206 809 160 29 ansökningen
385 809 129 29 inkommit,
530 809 118 22 sökanden
664 808 43 22 och
722 807 168 30 legogifvaren,

141 843 143 22 hemmanets
295 851 70 14 namn
376 843 43 22 och
429 851 111 21 nummer,
551 845 88 27 torpets
650 843 146 28 beteckning,
809 842 80 29 dagen,

141 878 30 22 då
180 878 139 29 legoaftalet
328 878 95 29 ingåtts,
435 878 118 29 legotiden
563 880 60 20 samt
634 878 163 22 Guvernörens
807 876 84 29 åtgärd

140 913 9 22 i
163 913 128 28 anledning
306 913 27 22 af
346 913 167 29 ansökningen.

209 949 83 21 Denna
310 949 150 28 förteckning
475 949 44 22 och
535 948 78 22 dertill
632 947 103 22 hörande
750 947 140 29 handlingar

141 987 39 18 äro
204 983 122 29 offentliga
349 983 43 22 och
414 984 37 21 för
469 983 88 22 enhvar
571 982 155 29 tillgängliga.
759 982 89 28 Utdrag
863 989 27 14 ur

141 1018 52 22 dem
208 1018 113 29 utfärdas,
336 1019 30 28 på
383 1018 106 29 begäran,
506 1020 61 20 emot
582 1017 112 30 stadgade
710 1017 104 28 afgifter.

345 1123 12 21 I
379 1122 78 22 Näder
479 1122 110 29 godkänd
604 1122 8 21 i
628 1122 34 21 S:t
680 1121 143 28 Petersburg
846 1121 44 21 den

279 1160 26 19 20
321 1157 98 22 Januari
434 1158 21 27 (1
471 1157 123 27 Februari)
611 1158 59 20 1900.

346 1225 323 22 Minister-Statssekreterare
683 1231 37 16 von
736 1226 85 21 Plehwe.

432 1365 45 1 —
491 1357 64 18 0008
