1078 1748
194 175 26 18 46
396 173 70 22 Ständ.
483 174 33 22 Sv.
532 186 27 3 —
575 173 60 27 Prop.
652 172 35 23 N:o
705 173 32 22 17.

194 237 105 19 stämmes
323 235 105 28 beloppet
450 235 26 22 af
496 236 44 21 den
562 235 125 28 ersättning
709 235 36 22 för
766 235 101 21 vanhäfd
890 235 54 21 eller

194 269 143 28 förbättring,
361 277 47 14 som
431 269 41 22 bör
494 269 139 29 legogifvare
656 269 54 22 eller
728 269 97 22 brukare
840 269 105 28 tillgodo-

194 303 95 22 komma.
319 303 11 21 I
353 303 70 28 öfrigt
444 311 54 14 vare
521 311 35 14 om
577 303 141 28 afträdessyn
733 303 39 28 lag
786 310 49 14 som
851 310 35 15 om
902 303 43 21 till-

194 337 120 28 trädessyn
329 340 24 18 är
369 337 151 22 föreskrifvet.

540 385 24 20 18
580 383 21 29 8.

261 423 128 27 Angäende
411 430 67 21 syner
500 423 70 21 under
588 422 114 29 förloppet
718 422 24 22 af
756 423 115 28 legotiden
886 423 58 21 stad-

195 464 39 21 gas
248 457 83 28 jemväl
347 457 8 20 i
369 459 14 19 4
398 457 102 28 kapitlet.

543 500 25 19 19
584 498 20 29 8.

263 538 35 22 De
313 538 8 21 i
337 540 33 24 16,
388 540 25 19 17
430 538 42 21 och
489 540 25 19 18
530 538 28 28 $$
574 537 147 23 omförmälda
740 545 68 21 syner
823 538 63 21 skola
900 537 46 22 för-

196 574 75 24 rättas,
294 572 73 22 under
389 572 179 26 domareansvar,
584 572 25 22 af
622 572 147 28 synenämnd,
785 572 121 22 bestäende
921 572 27 21 af

195 610 35 18 tre
245 607 8 21 i
267 606 124 22 landtbruk
406 606 108 26 förfarne,
529 606 94 22 redbare
637 609 58 23 män,
712 606 25 22 af
748 606 77 22 hvilka
835 606 110 22 hvardera

195 643 80 26 parten
293 643 61 19 utser
370 648 28 14 en
413 640 42 22 och
472 641 27 21 de
514 641 93 21 sälunda
622 641 94 21 utsedde
731 643 140 25 gemensamt
886 640 60 28 välja

196 676 43 21 den
261 675 79 29 tredje.
370 676 85 20 Kunna
471 675 27 21 de
514 674 26 23 af
552 678 104 26 parterne
678 675 94 21 utsedde
790 678 155 26 synemännen

196 710 20 28 ej
233 717 52 15 enas
301 710 8 21 i
323 710 62 22 valet
400 710 25 21 af
439 710 44 21 den
493 710 78 28 tredje,
583 710 57 21 skall
649 709 45 21 han
704 712 61 19 utses
776 709 25 22 af
809 709 136 23 ordförande

195 745 33 21 uti
243 744 242 22 kommunalstämman
500 744 8 22 i
522 745 44 21 den
580 744 114 26 kommun,
708 744 92 22 hvarest
809 744 136 28 lägenheten

196 782 24 18 är
238 778 102 29 belägen,
355 780 31 27 pä
401 778 106 22 anhällan
522 778 26 22 af
560 779 44 21 den
619 778 52 22 utaf
683 781 111 26 parterne,
810 786 47 14 som
873 786 72 21 synen

194 813 104 29 päyrkat.
328 813 137 22 Underläter
486 816 52 25 part
560 815 32 19 att
614 814 61 21 inom
694 815 46 20 ätta
755 813 70 28 dagar
840 813 57 21 efter
913 820 32 14 er-

195 848 75 21 hällen
292 848 123 28 tillsägelse
438 850 50 19 utse
507 855 114 21 syneman,
638 854 40 21 ege
694 848 152 21 ordföranden
861 848 7 20 i
883 847 62 21 kom-

195 882 196 24 munalstämman,
413 884 30 26 pä
458 883 110 24 anmälan,
584 882 73 21 dertill
673 882 59 21 kalla
747 882 94 28 lämplig
855 889 89 21 person.

196 916 161 28 Synemännen
373 916 60 28 välje
448 917 36 27 sig
499 917 94 21 emellan
609 916 141 22 ordförande.

542 982 27 19 20
584 980 20 28 8.

264 1019 43 21 Tid
329 1019 36 21 för
387 1026 73 21 synen
477 1021 83 19 utsätte
576 1018 152 23 ordföranden
743 1021 58 19 samt
815 1019 131 21 underrätte

197 1054 76 21 derom
288 1054 7 20 i
310 1054 46 28 god
380 1054 32 20 tid
435 1053 62 22 förut
519 1054 28 21 de
569 1053 72 29 öfrige
660 1056 155 26 synemännen
830 1054 42 20 och
887 1053 60 22 kalle

195 1090 106 26 parterne
316 1088 34 20 till
365 1088 175 28 förrättningen.
565 1088 48 21 Blir
623 1090 76 26 nägon
710 1087 25 21 af
744 1088 27 21 de
781 1087 52 21 utaf
840 1089 105 27 parterne

196 1122 94 21 utsedde
305 1125 155 25 synemännen
476 1122 51 22 från
543 1129 72 21 synen
625 1122 70 26 borta,
706 1121 60 28 välje
775 1124 81 26 parten
866 1124 81 26 genast

197 1163 74 14 annan
286 1156 7 21 i
308 1155 57 22 hans
389 1156 69 21 ställe.
490 1155 47 22 Gör
558 1158 81 26 parten
660 1156 38 20 det
714 1155 27 28 ej,
758 1156 53 21 eller
827 1155 39 21 har
881 1162 66 21 syne-

195 1197 59 19 man,
278 1197 48 15 som
349 1192 82 19 utsetts
454 1190 25 21 af
500 1190 150 22 ordföranden
672 1190 7 20 i
698 1190 247 25 kommunalstämman,

196 1224 121 26 uteblifvit,
343 1224 60 21 kalle
427 1224 27 21 de
475 1224 191 22 tillstädeskomne
692 1226 155 26 synemännen
871 1230 75 15 annan

197 1258 129 21 närboende
341 1258 80 21 redbar
437 1258 42 21 och
495 1258 64 28 eljest
574 1258 92 28 lämplig
681 1264 82 22 person
774 1260 33 19 att
817 1265 53 14 vara
881 1265 65 21 syne-

196 1299 58 13 man.
285 1292 66 20 Parts
373 1294 93 18 utevaro
490 1292 93 20 oaktadt
605 1291 99 21 erhållen
724 1291 92 21 kallelse
830 1294 80 25 utgöre
925 1291 20 27 ej

196 1325 81 21 hinder
291 1324 36 22 för
343 1332 83 20 synens
442 1324 111 22 hållande.

543 1390 25 19 21
585 1388 20 29 8.

265 1423 46 28 Äro
335 1431 154 26 synemännen
512 1429 26 21 af
560 1429 59 21 olika
635 1428 64 29 åsigt,
717 1419 66 43 gälle
795 1429 39 22 den
849 1430 98 28 mening,

197 1471 48 14 som
261 1463 25 22 af
298 1463 97 22 flertalet
411 1463 113 22 omfattas.
