1075 1786
100 726 3 23 |

101 793 299 29 |Bilaga,somätföljer
413 795 118 26 stämpel-

367 143 20 23 U.
404 143 21 22 B.
442 155 29 3 —
488 143 60 28 Prop.
565 143 36 23 N:o
616 130 38 36 24.
851 142 27 21 41

96 197 97 28 SEEN
215 197 11 28 TO
239 197 39 28 EK
300 197 19 28 MA
328 197 8 28 Ek
460 197 17 28 v
497 197 19 28 I
539 197 26 28 a
592 208 39 8 —

565 241 53 17 1:sta.
638 235 13 30 |
662 240 57 17 2:dra.
731 235 10 30 |
753 239 56 22 3:dje.
823 235 11 30 |
848 239 48 18 4:de.

106 327 90 22 Annan
219 327 170 31 hufvudskrift,
405 328 74 22 säsom
495 335 35 15 an-

136 364 80 26 mälan,
240 364 102 27 skriftligt
365 364 120 22 anförande
502 371 33 22 m!

106 472 23 21 B.
162 472 91 28 Bilagor,
271 474 52 19 utan
340 472 103 21 afseende
455 472 13 21 ä
479 468 56 25 vidd

242 508 53 21 eller
311 508 77 21 arktal.

106 543 164 30 Borgesskrift
291 561 84 4 <...
456 561 73 4 s.
533 559 2 12 |
582 544 61 21 41/—]
677 544 55 21 21—|
768 544 55 20 1:—]
841 556 29 2 —
883 542 29 22 150

106 579 122 22 Fullmakt
242 580 34 21 för
292 580 82 21 ombud
393 597 136 4 .......
582 580 61 21 4]
677 580 55 20 2:—]
769 580 102 20 11-1—

135 615 221 27 transportfullmakt,
370 615 34 22 för
415 615 75 27 hvarje
499 615 36 28 sä-|

166 651 42 21 Ae
234 668 7 4 v
260 668 3 4 $
282 669 4 3 s
304 668 71 4 ssa
393 645 70 38 sissa
482 668 47 4 san
582 651 61 21 41—|
678 651 55 21 21—|
769 650 53 21 1/1
841 663 29 2 —

106 685 218 29 Länehandlingar,
340 687 29 21 dä
385 687 27 21 de
423 687 108 21 inlemnas

135 723 32 20 till
184 723 104 21 Finlands
305 723 62 21 Bank
395 740 48 4 ....
461 722 70 29 fria

101 750 93 29 |Annan
211 757 78 29 bilaga
306 775 223 5 ...........
582 758 62 21 2:—+
679 758 54 21 11—]
752 770 29 3 —
794 757 29 22 50]
841 769 29 3 —

136 830 32 21 fri
185 830 186 22 hufvudskrift
387 848 92 4 .....
491 829 42 29 fri

207 908 43 22 Där
267 908 53 21 flera
336 908 113 28 exemplar
472 908 22 21 af
518 914 91 20 samma,
633 907 157 28 stämpelafgift
805 906 78 22 under-

135 944 92 21 kastade
242 944 106 27 handling
363 944 63 21 skola
442 944 100 26 ingifvas,
563 944 40 21 bör
624 943 78 22 endast
720 945 31 19 ett
771 942 112 28 exemplar

135 986 54 15 vara
204 980 85 21 försedt
304 980 50 21 med
371 980 99 27 stämpel,
487 980 115 21 hvaremot
618 980 26 20 de
661 979 70 27 öfriga
742 979 141 27 exemplaren

136 1016 63 21 skola
215 1022 53 15 vara
285 1016 136 26 stämpelfria
437 1017 41 20 och
495 1016 69 21 förses
581 1015 50 22 med
648 1015 62 21 ordet
726 1015 91 27 duplett.

208 1046 170 32 Öfversättning,
394 1058 47 15 som
459 1052 66 26 jämte
542 1051 114 27 originalet
672 1050 32 22 till
722 1050 101 26 domstol,
840 1056 42 15 em-

136 1087 102 21 betsverk
255 1088 52 21 eller
323 1087 128 28 myndighet
473 1087 115 26 inlemnas,
612 1088 24 20 är
655 1086 82 28 jämväl
753 1086 128 28 stämpelfri.

207 1123 50 22 Jmf.
274 1124 7 20 i
298 1124 65 26 öfrigt
379 1124 12 20 7
408 1124 41 21 och
467 1124 27 20 14
510 1122 34 29 8$.

485 1212 13 21 5
514 1211 19 30 &.

208 1247 57 22 Från
282 1248 41 21 den
340 1248 7 21 i
363 1248 14 21 3
393 1248 41 21 och
453 1249 15 20 4
483 1248 30 29 88
536 1247 105 28 stadgade
665 1247 218 28 stämpelskyldighet

136 1285 39 20 äro
192 1282 118 30 befriade:

135 1317 153 23 Embetsverk
311 1321 57 19 samt
391 1318 90 23 embets-
506 1320 41 20 och
571 1318 135 28 tjenstemän
731 1319 7 20 i
761 1319 39 20 allt
823 1318 58 21 hvad

207 1354 95 21 embetet
318 1354 53 21 eller
386 1355 94 26 tjensten
499 1356 67 20 rörer.

136 1389 255 29 Fattigvårdsstyrelse,
409 1390 34 21 för
459 1389 181 26 hufvudskrifter,
662 1389 84 27 bilagor
761 1389 42 21 och
819 1395 63 20 expe-

208 1425 94 21 ditioner
317 1426 7 19 i
340 1425 51 26 mål,
415 1431 48 15 som
486 1425 37 20 vid
546 1425 121 20 domstolar
686 1425 41 20 och
744 1424 138 21 embetsverk

207 1461 95 21 rörande
318 1460 129 21 densamma
470 1460 143 21 förekomma.
645 1459 60 22 Dock
726 1459 68 28 gäller
810 1459 73 21 denna

208 1513 205 24 Bevillningsutskottets
426 1513 108 18 betänkande
547 1512 36 18 N:o
596 1513 16 17 3.

884 579 28 21 50]

884 649 29 22 50

884 757 27 21 25

925 326 121 22 Stämpelafgi

924 356 30 17 för
979 356 65 17 handli

924 392 33 16 gar
975 391 41 13 som
1035 386 11 17 ti

924 416 88 22 domstol,
1027 422 19 12 er

924 442 77 31 betsverk
1015 446 31 17 elli

925 482 63 12 annan
1011 482 35 16 my

925 506 66 22 dighet
1011 506 35 22 ing:

978 542 39 13 vas.

924 1247 92 18 Befrielse
1022 1247 24 18 fri

928 1278 118 21 stämpelsky

945 1307 94 22 digheten.
