1089 1742
205 135 29 20 32
404 133 29 22 U.
449 134 28 22 B.
499 146 20 2 —
521 132 88 29 Prop.
624 132 43 23 N:o
683 132 34 28 17.

207 208 108 26 misstaga
338 207 33 26 sig
393 213 39 14 om
455 206 160 27 legovilkoren,
638 206 87 21 hvilket
740 206 103 20 deremot
858 205 50 22 icke
923 204 36 21 be-

205 241 112 21 träffande
332 240 151 28 legogifvaren
493 242 31 26 är
539 240 70 26 fallet;
625 240 19 27 ej
660 240 71 20 heller
746 246 67 22 synes
829 246 29 14 en
873 239 86 21 allmän

206 277 44 20 rätt
271 275 34 21 till
328 275 145 28 uppsägning
494 276 80 20 kunna
596 274 150 28 legogifvaren
763 274 125 26 medgifvas
904 276 55 20 utan

206 312 33 18 att
253 310 8 20 i
275 309 118 27 betänklig
414 309 55 26 grad
492 309 72 21 rubba
584 309 44 21 den
643 308 106 22 säkerhet
763 309 8 20 i
786 308 175 27 legoförhållan-

206 343 66 27 dena,
289 350 50 14 som
355 345 65 25 utgör
435 345 30 19 ett
480 343 25 21 af
512 343 224 27 hufvudsyftemålen
747 343 53 21 med
811 342 44 21 den
866 342 94 22 afsedda

207 377 175 27 lagstiftningen.
399 377 83 27 Många
492 378 25 20 af
525 378 27 20 de
563 384 33 14 nu
608 377 101 21 rådande
722 377 238 26 missförhållandena,

206 411 109 22 särskildt
337 411 141 21 beträffande
500 413 57 26 torp,
581 411 94 21 härleda
691 411 32 27 sig
739 411 70 26 deraf,
825 413 31 19 att
871 411 89 26 legogif-

207 452 70 15 varen
292 445 88 27 ganska
395 446 96 20 allmänt
505 448 36 24 egt
555 447 44 20 rätt
613 448 32 18 att
660 447 42 19 när
717 452 53 18 som
783 446 59 20 helst
857 446 105 27 uppsäga

207 480 51 21 sina
279 482 96 24 torpare.
407 480 71 21 Dessa
501 480 215 20 missförhållanden
737 480 95 20 komme
847 480 33 20 att
894 479 66 21 äfven

207 514 122 20 framdeles
353 514 33 20 till
409 514 111 26 väsentlig
542 514 35 21 del
600 514 115 26 fortbestå,
738 514 48 20 ifall
809 513 151 27 legogifvaren

209 548 59 27 finge
291 548 127 21 förbehålla
433 548 34 26 sig
482 550 32 19 att
529 549 102 27 uppsäga
646 548 99 21 brukare
760 548 66 21 äfven
843 548 29 28 på
888 548 73 26 grund

208 582 25 21 af
266 582 73 21 andra
376 583 93 20 orsaker
501 584 29 19 än
561 582 92 26 sådana,
684 588 50 15 som
764 582 69 26 enligt
863 582 35 26 lag
928 584 34 18 ut-

208 618 54 25 göra
285 616 71 28 giltigt
379 617 49 20 skäl
451 616 78 21 dertill
563 618 77 27 Yppas
663 616 49 22 icke
733 617 85 27 dylika,
840 617 8 20 i
870 616 36 27 lag
929 618 33 19 ut-

206 651 127 27 tryckligen
356 651 101 21 nämnda
472 651 77 27 giltiga
564 651 156 27 anledningar,
736 651 43 21 bör
793 651 116 21 brukaren
924 657 38 15 en-

208 685 39 27 ligt
263 686 124 23 Utskottets
402 686 58 26 äsigt
474 686 69 20 hafva
558 686 94 27 tryggad
668 686 162 27 nyttjanderätt
849 685 61 21 ända
927 685 34 21 till

207 720 46 20 den
274 720 98 20 aftalade
392 720 124 26 legotidens
531 720 90 27 utgäng.
651 720 101 20 Sälunda
768 721 25 19 är
809 720 153 20 förhällandet

208 754 99 21 ordnadt
329 754 67 20 äfven
418 754 7 20 i
449 754 81 26 Norge,
553 754 91 21 hvarest
665 754 115 21 brukaren
796 755 26 19 är
836 753 125 27 berättigad

208 790 33 19 att
262 789 43 20 när
327 794 50 15 som
400 788 59 21 helst
481 790 104 25 uppsäga
606 788 30 28 pä
651 788 46 21 viss
712 788 33 21 tid
761 788 44 21 och
819 788 71 21 lifstid
906 794 56 22 upp-

208 822 74 28 gjordt
297 822 112 27 legoaftal,
417 822 120 21 hvaremot
551 822 200 28 uppsägningsrätt
762 822 81 22 endast
850 823 30 27 pä
888 822 74 28 grund

208 857 26 20 af
251 856 119 25 särskilda,
386 856 7 20 i
409 857 36 26 lag
468 856 91 27 angifna
583 858 92 20 orsaker
694 858 26 19 är
735 857 150 26 legogifvaren
901 857 62 21 med-

209 890 81 27 gifven.

539 1000 14 20 8
567 1000 30 27 (7)
612 1001 18 25 8.

278 1074 37 21 Att
337 1074 163 27 legogifvarens
522 1075 46 20 död
591 1075 49 20 icke
656 1074 90 21 utöfvar
760 1075 76 26 nägon
851 1075 110 21 inverkan

209 1109 30 26 pä
261 1109 78 26 legans
361 1108 96 21 bestånd
480 1109 99 26 framgår
602 1109 69 25 deraf,.
694 1111 32 18 att
744 1109 69 26 enligt
828 1109 134 26 föregående

208 1142 109 27 paragraf
337 1142 51 26 den,
410 1142 34 21 till
465 1143 92 20 hvilken
573 1143 163 26 legogifvarens
751 1144 44 19 rätt
810 1143 117 26 öfvergätt,
943 1143 19 27 ej

209 1177 44 20 har
268 1177 64 20 makt
347 1179 32 18 att
394 1177 69 20 häfva
479 1177 133 26 legoaftalet.

278 1211 50 21 Den
350 1211 128 26 föreslagna
500 1211 134 28 paragrafen
656 1213 25 18 är
696 1211 69 26 enligt
781 1211 123 21 Utskottets
920 1211 43 21 för-

210 1245 113 21 menande
345 1245 73 27 tydlig
437 1245 85 27 jemväl
542 1245 144 27 derutinnan,
709 1247 32 19 att
763 1248 52 25 torp
835 1245 38 22 vid
889 1246 74 27 ärftlig

209 1279 75 26 städja
300 1279 88 25 ätergär
402 1279 34 20 till
444 1279 141 26 jordegaren,
599 1286 37 13 om
645 1279 163 20 innehafvaren
817 1279 43 20 dör
867 1282 56 17 utan
932 1282 32 17 att

209 1313 134 20 efterlemna
358 1312 179 26 bröstarfvingar
551 1313 54 20 eller
620 1319 37 13 om
673 1313 47 20 han
731 1313 144 20 efterlemnar
882 1313 82 21 endast

209 1346 73 21 sådan
298 1346 171 26 hröstarfvinge,
485 1352 51 15 som
551 1346 18 27 ej
587 1347 26 20 är
624 1345 92 22 »fallen»
729 1348 32 19 att
771 1346 192 27 nyttjanderätten

210 1380 85 27 utöfva,
316 1383 14 18 t.
347 1387 34 13 ex.
397 1380 30 27 pä
449 1380 74 27 grund
545 1380 25 21 af
590 1380 145 27 svagsinthet,
754 1381 94 21 hvilken
864 1383 90 20 omstän

208 1415 79 26 dighet
301 1415 99 21 domstol
416 1415 38 20 vid
469 1415 158 27 uppkommen
642 1414 53 21 tvist
710 1421 50 21 eger
772 1415 88 28 pröfva.

280 1483 47 24 Lag-
339 1484 33 17 och
384 1483 183 18 Ekonomiutskottets
580 1483 110 19 betänkande
702 1484 37 18 N:o
752 1486 17 16 4.
