<?xml version="1.0" encoding="UTF-8"?>
<alto xmlns="http://www.loc.gov/standards/alto/ns-v3#" xmlns:xlink="http://www.w3.org/1999/xlink" xmlns:xsi="http://www.w3.org/2001/XMLSchema-instance" xsi:schemaLocation="http://www.loc.gov/standards/alto/ns-v3# http://www.loc.gov/alto/v3/alto-3-0.xsd">
	<Description>
		<MeasurementUnit>pixel</MeasurementUnit>
		<sourceImageInformation>
			<fileName>/tmp/tess_c5jk7_wg_input.PNG</fileName>
		</sourceImageInformation>
		<OCRProcessing ID="OCR_0">
			<ocrProcessingStep>
				<processingSoftware>
					<softwareName>tesseract 5.3.4</softwareName>
				</processingSoftware>
			</ocrProcessingStep>
		</OCRProcessing>
	</Description>
	<Layout>
		<Page WIDTH="1075" HEIGHT="1756" PHYSICAL_IMG_NR="0" ID="page_0">
			<PrintSpace HPOS="0" VPOS="0" WIDTH="1075" HEIGHT="1756">
				<ComposedBlock ID="cblock_0" HPOS="212" VPOS="134" WIDTH="389" HEIGHT="22">
					<TextBlock ID="block_0" HPOS="212" VPOS="134" WIDTH="389" HEIGHT="22">
						<TextLine ID="line_0" HPOS="212" VPOS="134" WIDTH="389" HEIGHT="22">
							<String ID="string_0" HPOS="212" VPOS="136" WIDTH="12" HEIGHT="20" WC="0.96" CONTENT="2"/><SP WIDTH="289" VPOS="136" HPOS="224"/>
							<String ID="string_1" HPOS="513" VPOS="134" WIDTH="39" HEIGHT="21" WC="0.95" CONTENT="N:o"/><SP WIDTH="16" VPOS="134" HPOS="552"/>
							<String ID="string_2" HPOS="568" VPOS="137" WIDTH="33" HEIGHT="19" WC="0.95" CONTENT="21."/>
						</TextLine>
					</TextBlock>
				</ComposedBlock>
				<ComposedBlock ID="cblock_1" HPOS="176" VPOS="202" WIDTH="759" HEIGHT="1271">
					<TextBlock ID="block_1" HPOS="176" VPOS="202" WIDTH="759" HEIGHT="1271">
						<TextLine ID="line_1" HPOS="182" VPOS="202" WIDTH="752" HEIGHT="27">
							<String ID="string_3" HPOS="182" VPOS="202" WIDTH="102" HEIGHT="22" WC="0.96" CONTENT="särskildt"/><SP WIDTH="22" VPOS="202" HPOS="284"/>
							<String ID="string_4" HPOS="306" VPOS="202" WIDTH="35" HEIGHT="22" WC="0.96" CONTENT="vid"/><SP WIDTH="23" VPOS="202" HPOS="341"/>
							<String ID="string_5" HPOS="364" VPOS="202" WIDTH="101" HEIGHT="21" WC="0.93" CONTENT="framtida"/><SP WIDTH="19" VPOS="202" HPOS="465"/>
							<String ID="string_6" HPOS="484" VPOS="202" WIDTH="139" HEIGHT="27" WC="0.91" CONTENT="jordarbeten"/><SP WIDTH="15" VPOS="202" HPOS="623"/>
							<String ID="string_7" HPOS="638" VPOS="203" WIDTH="57" HEIGHT="20" WC="0.96" CONTENT="inom"/><SP WIDTH="15" VPOS="203" HPOS="695"/>
							<String ID="string_8" HPOS="710" VPOS="209" WIDTH="82" HEIGHT="15" WC="0.96" CONTENT="samma"/><SP WIDTH="15" VPOS="209" HPOS="792"/>
							<String ID="string_9" HPOS="807" VPOS="202" WIDTH="87" HEIGHT="21" WC="0.96" CONTENT="område"/><SP WIDTH="16" VPOS="202" HPOS="894"/>
							<String ID="string_10" HPOS="910" VPOS="204" WIDTH="24" HEIGHT="19" WC="0.96" CONTENT="är"/>
						</TextLine>
						<TextLine ID="line_2" HPOS="182" VPOS="235" WIDTH="752" HEIGHT="28">
							<String ID="string_11" HPOS="182" VPOS="236" WIDTH="126" HEIGHT="27" WC="0.96" CONTENT="farligheten"/><SP WIDTH="23" VPOS="236" HPOS="308"/>
							<String ID="string_12" HPOS="331" VPOS="236" WIDTH="46" HEIGHT="21" WC="0.96" CONTENT="icke"/><SP WIDTH="22" VPOS="236" HPOS="377"/>
							<String ID="string_13" HPOS="399" VPOS="237" WIDTH="115" HEIGHT="21" WC="0.90" CONTENT="utesluten."/><SP WIDTH="31" VPOS="237" HPOS="514"/>
							<String ID="string_14" HPOS="545" VPOS="236" WIDTH="40" HEIGHT="22" WC="0.96" CONTENT="Vid"/><SP WIDTH="21" VPOS="236" HPOS="585"/>
							<String ID="string_15" HPOS="606" VPOS="236" WIDTH="157" HEIGHT="27" WC="0.96" CONTENT="anläggningen"/><SP WIDTH="19" VPOS="236" HPOS="763"/>
							<String ID="string_16" HPOS="782" VPOS="236" WIDTH="22" HEIGHT="21" WC="0.96" CONTENT="af"/><SP WIDTH="14" VPOS="236" HPOS="804"/>
							<String ID="string_17" HPOS="818" VPOS="235" WIDTH="116" HEIGHT="22" WC="0.96" CONTENT="elektriska"/>
						</TextLine>
						<TextLine ID="line_3" HPOS="182" VPOS="270" WIDTH="751" HEIGHT="28">
							<String ID="string_18" HPOS="182" VPOS="270" WIDTH="112" HEIGHT="27" WC="0.96" CONTENT="ledningar"/><SP WIDTH="14" VPOS="270" HPOS="294"/>
							<String ID="string_19" HPOS="308" VPOS="270" WIDTH="49" HEIGHT="21" WC="0.96" CONTENT="med"/><SP WIDTH="15" VPOS="270" HPOS="357"/>
							<String ID="string_20" HPOS="372" VPOS="270" WIDTH="67" HEIGHT="21" WC="0.93" CONTENT="sådan"/><SP WIDTH="16" VPOS="270" HPOS="439"/>
							<String ID="string_21" HPOS="455" VPOS="271" WIDTH="119" HEIGHT="27" WC="0.91" CONTENT="spännhöjd"/><SP WIDTH="15" VPOS="271" HPOS="574"/>
							<String ID="string_22" HPOS="589" VPOS="271" WIDTH="33" HEIGHT="21" WC="0.96" CONTENT="att"/><SP WIDTH="15" VPOS="271" HPOS="622"/>
							<String ID="string_23" HPOS="637" VPOS="270" WIDTH="140" HEIGHT="27" WC="0.96" CONTENT="ledningarna"/><SP WIDTH="15" VPOS="270" HPOS="777"/>
							<String ID="string_24" HPOS="792" VPOS="271" WIDTH="75" HEIGHT="20" WC="0.93" CONTENT="kunna"/><SP WIDTH="10" VPOS="271" HPOS="867"/>
							<String ID="string_25" HPOS="877" VPOS="270" WIDTH="56" HEIGHT="21" WC="0.93" CONTENT="med-"/>
						</TextLine>
						<TextLine ID="line_4" HPOS="182" VPOS="304" WIDTH="752" HEIGHT="28">
							<String ID="string_26" HPOS="182" VPOS="304" WIDTH="47" HEIGHT="22" WC="0.96" CONTENT="föra"/><SP WIDTH="19" VPOS="304" HPOS="229"/>
							<String ID="string_27" HPOS="248" VPOS="304" WIDTH="47" HEIGHT="22" WC="0.96" CONTENT="fara"/><SP WIDTH="15" VPOS="304" HPOS="295"/>
							<String ID="string_28" HPOS="310" VPOS="304" WIDTH="32" HEIGHT="22" WC="0.96" CONTENT="för"/><SP WIDTH="16" VPOS="304" HPOS="342"/>
							<String ID="string_29" HPOS="358" VPOS="304" WIDTH="25" HEIGHT="21" WC="0.96" CONTENT="lif"/><SP WIDTH="13" VPOS="304" HPOS="383"/>
							<String ID="string_30" HPOS="396" VPOS="305" WIDTH="38" HEIGHT="21" WC="0.96" CONTENT="och"/><SP WIDTH="16" VPOS="305" HPOS="434"/>
							<String ID="string_31" HPOS="450" VPOS="305" WIDTH="101" HEIGHT="27" WC="0.96" CONTENT="egendom"/><SP WIDTH="16" VPOS="305" HPOS="551"/>
							<String ID="string_32" HPOS="567" VPOS="305" WIDTH="107" HEIGHT="22" WC="0.93" CONTENT="erfordras"/><SP WIDTH="15" VPOS="305" HPOS="674"/>
							<String ID="string_33" HPOS="689" VPOS="304" WIDTH="139" HEIGHT="27" WC="0.92" CONTENT="fördenskull,"/><SP WIDTH="9" VPOS="304" HPOS="828"/>
							<String ID="string_34" HPOS="837" VPOS="305" WIDTH="33" HEIGHT="20" WC="0.96" CONTENT="att"/><SP WIDTH="16" VPOS="305" HPOS="870"/>
							<String ID="string_35" HPOS="886" VPOS="304" WIDTH="48" HEIGHT="21" WC="0.96" CONTENT="fullt"/>
						</TextLine>
						<TextLine ID="line_5" HPOS="182" VPOS="339" WIDTH="752" HEIGHT="27">
							<String ID="string_36" HPOS="182" VPOS="339" WIDTH="133" HEIGHT="22" WC="0.96" CONTENT="verksamma"/><SP WIDTH="21" VPOS="339" HPOS="315"/>
							<String ID="string_37" HPOS="336" VPOS="339" WIDTH="183" HEIGHT="27" WC="0.94" CONTENT="skyddsåtgärder"/><SP WIDTH="21" VPOS="339" HPOS="519"/>
							<String ID="string_38" HPOS="540" VPOS="342" WIDTH="44" HEIGHT="19" WC="0.96" CONTENT="mot"/><SP WIDTH="24" VPOS="342" HPOS="584"/>
							<String ID="string_39" HPOS="608" VPOS="339" WIDTH="62" HEIGHT="22" WC="0.96" CONTENT="dessa"/><SP WIDTH="22" VPOS="339" HPOS="670"/>
							<String ID="string_40" HPOS="692" VPOS="339" WIDTH="59" HEIGHT="22" WC="0.95" CONTENT="faror"/><SP WIDTH="14" VPOS="339" HPOS="751"/>
							<String ID="string_41" HPOS="765" VPOS="339" WIDTH="97" HEIGHT="27" WC="0.95" CONTENT="vidtagas"/><SP WIDTH="16" VPOS="339" HPOS="862"/>
							<String ID="string_42" HPOS="878" VPOS="340" WIDTH="56" HEIGHT="20" WC="0.96" CONTENT="samt"/>
						</TextLine>
						<TextLine ID="line_6" HPOS="183" VPOS="374" WIDTH="751" HEIGHT="27">
							<String ID="string_43" HPOS="183" VPOS="376" WIDTH="33" HEIGHT="20" WC="0.95" CONTENT="att"/><SP WIDTH="20" VPOS="376" HPOS="216"/>
							<String ID="string_44" HPOS="236" VPOS="375" WIDTH="62" HEIGHT="21" WC="0.96" CONTENT="dessa"/><SP WIDTH="20" VPOS="375" HPOS="298"/>
							<String ID="string_45" HPOS="318" VPOS="374" WIDTH="146" HEIGHT="27" WC="0.96" CONTENT="anordningar"/><SP WIDTH="15" VPOS="374" HPOS="464"/>
							<String ID="string_46" HPOS="479" VPOS="375" WIDTH="67" HEIGHT="21" WC="0.96" CONTENT="under"/><SP WIDTH="16" VPOS="375" HPOS="546"/>
							<String ID="string_47" HPOS="562" VPOS="375" WIDTH="40" HEIGHT="21" WC="0.96" CONTENT="den"/><SP WIDTH="15" VPOS="375" HPOS="602"/>
							<String ID="string_48" HPOS="617" VPOS="374" WIDTH="104" HEIGHT="22" WC="0.96" CONTENT="fortsatta"/><SP WIDTH="15" VPOS="374" HPOS="721"/>
							<String ID="string_49" HPOS="736" VPOS="374" WIDTH="76" HEIGHT="21" WC="0.93" CONTENT="driften"/><SP WIDTH="17" VPOS="374" HPOS="812"/>
							<String ID="string_50" HPOS="829" VPOS="374" WIDTH="105" HEIGHT="21" WC="0.90" CONTENT="vidmakt-"/>
						</TextLine>
						<TextLine ID="line_7" HPOS="182" VPOS="409" WIDTH="752" HEIGHT="28">
							<String ID="string_51" HPOS="182" VPOS="409" WIDTH="74" HEIGHT="28" WC="0.96" CONTENT="hållas,"/><SP WIDTH="16" VPOS="409" HPOS="256"/>
							<String ID="string_52" HPOS="272" VPOS="409" WIDTH="76" HEIGHT="22" WC="0.96" CONTENT="hvaraf"/><SP WIDTH="15" VPOS="409" HPOS="348"/>
							<String ID="string_53" HPOS="363" VPOS="409" WIDTH="45" HEIGHT="22" WC="0.96" CONTENT="åter"/><SP WIDTH="15" VPOS="409" HPOS="408"/>
							<String ID="string_54" HPOS="423" VPOS="409" WIDTH="62" HEIGHT="28" WC="0.96" CONTENT="följer"/><SP WIDTH="14" VPOS="409" HPOS="485"/>
							<String ID="string_55" HPOS="499" VPOS="411" WIDTH="33" HEIGHT="20" WC="0.93" CONTENT="att"/><SP WIDTH="14" VPOS="411" HPOS="532"/>
							<String ID="string_56" HPOS="546" VPOS="409" WIDTH="146" HEIGHT="22" WC="0.92" CONTENT="såbeskaffade"/><SP WIDTH="10" VPOS="409" HPOS="692"/>
							<String ID="string_57" HPOS="702" VPOS="409" WIDTH="113" HEIGHT="27" WC="0.96" CONTENT="ledningar"/><SP WIDTH="10" VPOS="409" HPOS="815"/>
							<String ID="string_58" HPOS="825" VPOS="409" WIDTH="46" HEIGHT="21" WC="0.96" CONTENT="icke"/><SP WIDTH="10" VPOS="409" HPOS="871"/>
							<String ID="string_59" HPOS="881" VPOS="409" WIDTH="53" HEIGHT="21" WC="0.96" CONTENT="böra"/>
						</TextLine>
						<TextLine ID="line_8" HPOS="182" VPOS="443" WIDTH="753" HEIGHT="28">
							<String ID="string_60" HPOS="182" VPOS="444" WIDTH="22" HEIGHT="21" WC="0.96" CONTENT="få"/><SP WIDTH="15" VPOS="444" HPOS="204"/>
							<String ID="string_61" HPOS="219" VPOS="443" WIDTH="101" HEIGHT="28" WC="0.96" CONTENT="anläggas"/><SP WIDTH="16" VPOS="443" HPOS="320"/>
							<String ID="string_62" HPOS="336" VPOS="445" WIDTH="54" HEIGHT="20" WC="0.95" CONTENT="utan"/><SP WIDTH="16" VPOS="445" HPOS="390"/>
							<String ID="string_63" HPOS="406" VPOS="443" WIDTH="97" HEIGHT="22" WC="0.96" CONTENT="tillstånd"/><SP WIDTH="16" VPOS="443" HPOS="503"/>
							<String ID="string_64" HPOS="519" VPOS="444" WIDTH="21" HEIGHT="21" WC="0.96" CONTENT="af"/><SP WIDTH="14" VPOS="444" HPOS="540"/>
							<String ID="string_65" HPOS="554" VPOS="443" WIDTH="94" HEIGHT="28" WC="0.96" CONTENT="offentlig"/><SP WIDTH="8" VPOS="443" HPOS="648"/>
							<String ID="string_66" HPOS="656" VPOS="443" WIDTH="124" HEIGHT="28" WC="0.96" CONTENT="myndighet"/><SP WIDTH="12" VPOS="443" HPOS="780"/>
							<String ID="string_67" HPOS="792" VPOS="443" WIDTH="38" HEIGHT="22" WC="0.96" CONTENT="och"/><SP WIDTH="11" VPOS="443" HPOS="830"/>
							<String ID="string_68" HPOS="841" VPOS="443" WIDTH="18" HEIGHT="28" WC="0.96" CONTENT="ej"/><SP WIDTH="9" VPOS="443" HPOS="859"/>
							<String ID="string_69" HPOS="868" VPOS="443" WIDTH="67" HEIGHT="22" WC="0.96" CONTENT="heller"/>
						</TextLine>
						<TextLine ID="line_9" HPOS="183" VPOS="477" WIDTH="750" HEIGHT="28">
							<String ID="string_70" HPOS="183" VPOS="477" WIDTH="78" HEIGHT="23" WC="0.91" CONTENT="drifvas"/><SP WIDTH="20" VPOS="477" HPOS="261"/>
							<String ID="string_71" HPOS="281" VPOS="480" WIDTH="54" HEIGHT="19" WC="0.96" CONTENT="utan"/><SP WIDTH="21" VPOS="480" HPOS="335"/>
							<String ID="string_72" HPOS="356" VPOS="479" WIDTH="34" HEIGHT="20" WC="0.95" CONTENT="att"/><SP WIDTH="13" VPOS="479" HPOS="390"/>
							<String ID="string_73" HPOS="403" VPOS="478" WIDTH="123" HEIGHT="27" WC="0.96" CONTENT="sakkunnig"/><SP WIDTH="14" VPOS="478" HPOS="526"/>
							<String ID="string_74" HPOS="540" VPOS="478" WIDTH="72" HEIGHT="27" WC="0.96" CONTENT="tillsyn"/><SP WIDTH="16" VPOS="478" HPOS="612"/>
							<String ID="string_75" HPOS="628" VPOS="477" WIDTH="58" HEIGHT="22" WC="0.96" CONTENT="öfver"/><SP WIDTH="14" VPOS="477" HPOS="686"/>
							<String ID="string_76" HPOS="700" VPOS="478" WIDTH="141" HEIGHT="27" WC="0.93" CONTENT="ledningarna"/><SP WIDTH="15" VPOS="478" HPOS="841"/>
							<String ID="string_77" HPOS="856" VPOS="477" WIDTH="77" HEIGHT="22" WC="0.92" CONTENT="anord-"/>
						</TextLine>
						<TextLine ID="line_10" HPOS="182" VPOS="512" WIDTH="751" HEIGHT="27">
							<String ID="string_78" HPOS="182" VPOS="519" WIDTH="45" HEIGHT="15" WC="0.93" CONTENT="nas."/><SP WIDTH="30" VPOS="519" HPOS="227"/>
							<String ID="string_79" HPOS="257" VPOS="512" WIDTH="120" HEIGHT="22" WC="0.91" CONTENT="Enahanda"/><SP WIDTH="15" VPOS="512" HPOS="377"/>
							<String ID="string_80" HPOS="392" VPOS="512" WIDTH="91" HEIGHT="27" WC="0.96" CONTENT="ordning"/><SP WIDTH="16" VPOS="512" HPOS="483"/>
							<String ID="string_81" HPOS="499" VPOS="518" WIDTH="61" HEIGHT="21" WC="0.93" CONTENT="synes"/><SP WIDTH="13" VPOS="518" HPOS="560"/>
							<String ID="string_82" HPOS="573" VPOS="512" WIDTH="79" HEIGHT="27" WC="0.92" CONTENT="jemväl"/><SP WIDTH="15" VPOS="512" HPOS="652"/>
							<String ID="string_83" HPOS="667" VPOS="513" WIDTH="53" HEIGHT="21" WC="0.96" CONTENT="böra"/><SP WIDTH="15" VPOS="513" HPOS="720"/>
							<String ID="string_84" HPOS="735" VPOS="512" WIDTH="107" HEIGHT="27" WC="0.91" CONTENT="tillämpas"/><SP WIDTH="12" VPOS="512" HPOS="842"/>
							<String ID="string_85" HPOS="854" VPOS="512" WIDTH="79" HEIGHT="21" WC="0.91" CONTENT="beträf-"/>
						</TextLine>
						<TextLine ID="line_11" HPOS="182" VPOS="546" WIDTH="751" HEIGHT="28">
							<String ID="string_86" HPOS="182" VPOS="547" WIDTH="64" HEIGHT="21" WC="0.92" CONTENT="fande"/><SP WIDTH="14" VPOS="547" HPOS="246"/>
							<String ID="string_87" HPOS="260" VPOS="547" WIDTH="83" HEIGHT="21" WC="0.96" CONTENT="sådana"/><SP WIDTH="15" VPOS="547" HPOS="343"/>
							<String ID="string_88" HPOS="358" VPOS="546" WIDTH="117" HEIGHT="22" WC="0.91" CONTENT="elektriska"/><SP WIDTH="14" VPOS="546" HPOS="475"/>
							<String ID="string_89" HPOS="489" VPOS="547" WIDTH="52" HEIGHT="27" WC="0.91" CONTENT="ljus-"/><SP WIDTH="15" VPOS="547" HPOS="541"/>
							<String ID="string_90" HPOS="556" VPOS="547" WIDTH="39" HEIGHT="21" WC="0.96" CONTENT="och"/><SP WIDTH="15" VPOS="547" HPOS="595"/>
							<String ID="string_91" HPOS="610" VPOS="546" WIDTH="170" HEIGHT="27" WC="0.96" CONTENT="kraftledningar"/><SP WIDTH="16" VPOS="546" HPOS="780"/>
							<String ID="string_92" HPOS="796" VPOS="546" WIDTH="23" HEIGHT="21" WC="0.96" CONTENT="af"/><SP WIDTH="12" VPOS="546" HPOS="819"/>
							<String ID="string_93" HPOS="831" VPOS="546" WIDTH="60" HEIGHT="27" WC="0.96" CONTENT="lägre"/><SP WIDTH="15" VPOS="546" HPOS="891"/>
							<String ID="string_94" HPOS="906" VPOS="548" WIDTH="27" HEIGHT="19" WC="0.96" CONTENT="än"/>
						</TextLine>
						<TextLine ID="line_12" HPOS="183" VPOS="580" WIDTH="750" HEIGHT="29">
							<String ID="string_95" HPOS="183" VPOS="581" WIDTH="95" HEIGHT="28" WC="0.91" CONTENT="antydda"/><SP WIDTH="22" VPOS="581" HPOS="278"/>
							<String ID="string_96" HPOS="300" VPOS="581" WIDTH="128" HEIGHT="27" WC="0.92" CONTENT="spännhöjd,"/><SP WIDTH="23" VPOS="581" HPOS="428"/>
							<String ID="string_97" HPOS="451" VPOS="587" WIDTH="46" HEIGHT="16" WC="0.97" CONTENT="som"/><SP WIDTH="16" VPOS="587" HPOS="497"/>
							<String ID="string_98" HPOS="513" VPOS="583" WIDTH="36" HEIGHT="19" WC="0.93" CONTENT="äro"/><SP WIDTH="17" VPOS="583" HPOS="549"/>
							<String ID="string_99" HPOS="566" VPOS="580" WIDTH="87" HEIGHT="22" WC="0.92" CONTENT="afsedda"/><SP WIDTH="15" VPOS="580" HPOS="653"/>
							<String ID="string_100" HPOS="668" VPOS="582" WIDTH="34" HEIGHT="20" WC="0.93" CONTENT="att"/><SP WIDTH="15" VPOS="582" HPOS="702"/>
							<String ID="string_101" HPOS="717" VPOS="581" WIDTH="78" HEIGHT="27" WC="0.91" CONTENT="dragas"/><SP WIDTH="17" VPOS="581" HPOS="795"/>
							<String ID="string_102" HPOS="812" VPOS="580" WIDTH="58" HEIGHT="22" WC="0.92" CONTENT="öfver"/><SP WIDTH="14" VPOS="580" HPOS="870"/>
							<String ID="string_103" HPOS="884" VPOS="581" WIDTH="49" HEIGHT="20" WC="0.92" CONTENT="kro-"/>
						</TextLine>
						<TextLine ID="line_13" HPOS="182" VPOS="615" WIDTH="751" HEIGHT="28">
							<String ID="string_104" HPOS="182" VPOS="621" WIDTH="54" HEIGHT="16" WC="0.90" CONTENT="nans"/><SP WIDTH="21" VPOS="621" HPOS="236"/>
							<String ID="string_105" HPOS="257" VPOS="615" WIDTH="63" HEIGHT="22" WC="0.96" CONTENT="mark"/><SP WIDTH="20" VPOS="615" HPOS="320"/>
							<String ID="string_106" HPOS="340" VPOS="615" WIDTH="51" HEIGHT="22" WC="0.95" CONTENT="eller"/><SP WIDTH="14" VPOS="615" HPOS="391"/>
							<String ID="string_107" HPOS="405" VPOS="616" WIDTH="30" HEIGHT="27" WC="0.96" CONTENT="på"/><SP WIDTH="14" VPOS="616" HPOS="435"/>
							<String ID="string_108" HPOS="449" VPOS="615" WIDTH="107" HEIGHT="27" WC="0.96" CONTENT="områden,"/><SP WIDTH="17" VPOS="615" HPOS="556"/>
							<String ID="string_109" HPOS="573" VPOS="615" WIDTH="38" HEIGHT="22" WC="0.96" CONTENT="der"/><SP WIDTH="14" VPOS="615" HPOS="611"/>
							<String ID="string_110" HPOS="625" VPOS="615" WIDTH="141" HEIGHT="28" WC="0.96" CONTENT="ledningarna"/><SP WIDTH="15" VPOS="615" HPOS="766"/>
							<String ID="string_111" HPOS="781" VPOS="615" WIDTH="74" HEIGHT="22" WC="0.96" CONTENT="kunna"/><SP WIDTH="15" VPOS="615" HPOS="855"/>
							<String ID="string_112" HPOS="870" VPOS="615" WIDTH="63" HEIGHT="21" WC="0.96" CONTENT="blifva"/>
						</TextLine>
						<TextLine ID="line_14" HPOS="181" VPOS="649" WIDTH="752" HEIGHT="28">
							<String ID="string_113" HPOS="181" VPOS="650" WIDTH="119" HEIGHT="27" WC="0.92" CONTENT="hinderliga"/><SP WIDTH="10" VPOS="650" HPOS="300"/>
							<String ID="string_114" HPOS="310" VPOS="649" WIDTH="33" HEIGHT="22" WC="0.93" CONTENT="för"/><SP WIDTH="15" VPOS="649" HPOS="343"/>
							<String ID="string_115" HPOS="358" VPOS="649" WIDTH="147" HEIGHT="28" WC="0.91" CONTENT="samfärdseln,"/><SP WIDTH="16" VPOS="649" HPOS="505"/>
							<String ID="string_116" HPOS="521" VPOS="651" WIDTH="70" HEIGHT="21" WC="0.96" CONTENT="såsom"/><SP WIDTH="15" VPOS="651" HPOS="591"/>
							<String ID="string_117" HPOS="606" VPOS="651" WIDTH="58" HEIGHT="21" WC="0.96" CONTENT="inom"/><SP WIDTH="16" VPOS="651" HPOS="664"/>
							<String ID="string_118" HPOS="680" VPOS="650" WIDTH="97" HEIGHT="21" WC="0.96" CONTENT="området"/><SP WIDTH="14" VPOS="650" HPOS="777"/>
							<String ID="string_119" HPOS="791" VPOS="649" WIDTH="34" HEIGHT="22" WC="0.93" CONTENT="för"/><SP WIDTH="11" VPOS="649" HPOS="825"/>
							<String ID="string_120" HPOS="836" VPOS="650" WIDTH="97" HEIGHT="27" WC="0.92" CONTENT="jernväg,"/>
						</TextLine>
						<TextLine ID="line_15" HPOS="182" VPOS="685" WIDTH="693" HEIGHT="29">
							<String ID="string_121" HPOS="182" VPOS="686" WIDTH="78" HEIGHT="22" WC="0.96" CONTENT="allmän"/><SP WIDTH="16" VPOS="686" HPOS="260"/>
							<String ID="string_122" HPOS="276" VPOS="688" WIDTH="47" HEIGHT="25" WC="0.96" CONTENT="väg,"/><SP WIDTH="16" VPOS="688" HPOS="323"/>
							<String ID="string_123" HPOS="339" VPOS="685" WIDTH="74" HEIGHT="27" WC="0.96" CONTENT="farled,"/><SP WIDTH="16" VPOS="685" HPOS="413"/>
							<String ID="string_124" HPOS="429" VPOS="687" WIDTH="58" HEIGHT="27" WC="0.96" CONTENT="gata,"/><SP WIDTH="16" VPOS="687" HPOS="487"/>
							<String ID="string_125" HPOS="503" VPOS="688" WIDTH="48" HEIGHT="25" WC="0.96" CONTENT="torg"/><SP WIDTH="15" VPOS="688" HPOS="551"/>
							<String ID="string_126" HPOS="566" VPOS="685" WIDTH="51" HEIGHT="23" WC="0.96" CONTENT="eller"/><SP WIDTH="16" VPOS="685" HPOS="617"/>
							<String ID="string_127" HPOS="633" VPOS="692" WIDTH="69" HEIGHT="15" WC="0.95" CONTENT="annan"/><SP WIDTH="17" VPOS="692" HPOS="702"/>
							<String ID="string_128" HPOS="719" VPOS="685" WIDTH="77" HEIGHT="22" WC="0.96" CONTENT="allmän"/><SP WIDTH="15" VPOS="685" HPOS="796"/>
							<String ID="string_129" HPOS="811" VPOS="685" WIDTH="64" HEIGHT="28" WC="0.95" CONTENT="plats."/>
						</TextLine>
						<TextLine ID="line_16" HPOS="250" VPOS="719" WIDTH="683" HEIGHT="29">
							<String ID="string_130" HPOS="250" VPOS="719" WIDTH="109" HEIGHT="29" WC="0.89" CONTENT="Sjelffallet"/><SP WIDTH="16" VPOS="719" HPOS="359"/>
							<String ID="string_131" HPOS="375" VPOS="722" WIDTH="24" HEIGHT="19" WC="0.96" CONTENT="är"/><SP WIDTH="15" VPOS="722" HPOS="399"/>
							<String ID="string_132" HPOS="414" VPOS="722" WIDTH="33" HEIGHT="20" WC="0.96" CONTENT="att"/><SP WIDTH="16" VPOS="722" HPOS="447"/>
							<String ID="string_133" HPOS="463" VPOS="720" WIDTH="114" HEIGHT="22" WC="0.93" CONTENT="elektriska"/><SP WIDTH="10" VPOS="720" HPOS="577"/>
							<String ID="string_134" HPOS="587" VPOS="720" WIDTH="51" HEIGHT="28" WC="0.92" CONTENT="ljus-"/><SP WIDTH="11" VPOS="720" HPOS="638"/>
							<String ID="string_135" HPOS="649" VPOS="720" WIDTH="50" HEIGHT="22" WC="0.96" CONTENT="eller"/><SP WIDTH="11" VPOS="720" HPOS="699"/>
							<String ID="string_136" HPOS="710" VPOS="720" WIDTH="170" HEIGHT="28" WC="0.96" CONTENT="kraftledningar"/><SP WIDTH="8" VPOS="720" HPOS="880"/>
							<String ID="string_137" HPOS="888" VPOS="721" WIDTH="45" HEIGHT="21" WC="0.96" CONTENT="icke"/>
						</TextLine>
						<TextLine ID="line_17" HPOS="180" VPOS="754" WIDTH="753" HEIGHT="28">
							<String ID="string_138" HPOS="180" VPOS="755" WIDTH="54" HEIGHT="22" WC="0.96" CONTENT="böra"/><SP WIDTH="14" VPOS="755" HPOS="234"/>
							<String ID="string_139" HPOS="248" VPOS="754" WIDTH="22" HEIGHT="22" WC="0.93" CONTENT="få"/><SP WIDTH="16" VPOS="754" HPOS="270"/>
							<String ID="string_140" HPOS="286" VPOS="755" WIDTH="77" HEIGHT="27" WC="0.92" CONTENT="dragas"/><SP WIDTH="16" VPOS="755" HPOS="363"/>
							<String ID="string_141" HPOS="379" VPOS="754" WIDTH="58" HEIGHT="22" WC="0.96" CONTENT="öfver"/><SP WIDTH="16" VPOS="754" HPOS="437"/>
							<String ID="string_142" HPOS="453" VPOS="761" WIDTH="82" HEIGHT="15" WC="0.96" CONTENT="annans"/><SP WIDTH="15" VPOS="761" HPOS="535"/>
							<String ID="string_143" HPOS="550" VPOS="756" WIDTH="71" HEIGHT="26" WC="0.96" CONTENT="grund"/><SP WIDTH="15" VPOS="756" HPOS="621"/>
							<String ID="string_144" HPOS="636" VPOS="756" WIDTH="53" HEIGHT="20" WC="0.93" CONTENT="utan"/><SP WIDTH="16" VPOS="756" HPOS="689"/>
							<String ID="string_145" HPOS="705" VPOS="755" WIDTH="71" HEIGHT="22" WC="0.92" CONTENT="dertill"/><SP WIDTH="16" VPOS="755" HPOS="776"/>
							<String ID="string_146" HPOS="792" VPOS="754" WIDTH="23" HEIGHT="22" WC="0.93" CONTENT="af"/><SP WIDTH="5" VPOS="754" HPOS="815"/>
							<String ID="string_147" HPOS="820" VPOS="755" WIDTH="113" HEIGHT="27" WC="0.93" CONTENT="jordegare"/>
						</TextLine>
						<TextLine ID="line_18" HPOS="180" VPOS="788" WIDTH="753" HEIGHT="29">
							<String ID="string_148" HPOS="180" VPOS="790" WIDTH="114" HEIGHT="21" WC="0.92" CONTENT="utverkadt"/><SP WIDTH="23" VPOS="790" HPOS="294"/>
							<String ID="string_149" HPOS="317" VPOS="788" WIDTH="104" HEIGHT="22" WC="0.95" CONTENT="tillstånd."/><SP WIDTH="31" VPOS="788" HPOS="421"/>
							<String ID="string_150" HPOS="452" VPOS="789" WIDTH="49" HEIGHT="22" WC="0.95" CONTENT="Men"/><SP WIDTH="23" VPOS="789" HPOS="501"/>
							<String ID="string_151" HPOS="524" VPOS="790" WIDTH="47" HEIGHT="21" WC="0.95" CONTENT="med"/><SP WIDTH="20" VPOS="790" HPOS="571"/>
							<String ID="string_152" HPOS="591" VPOS="789" WIDTH="99" HEIGHT="22" WC="0.93" CONTENT="afseende"/><SP WIDTH="15" VPOS="789" HPOS="690"/>
							<String ID="string_153" HPOS="705" VPOS="790" WIDTH="13" HEIGHT="21" WC="0.92" CONTENT="å"/><SP WIDTH="16" VPOS="790" HPOS="718"/>
							<String ID="string_154" HPOS="734" VPOS="789" WIDTH="62" HEIGHT="22" WC="0.93" CONTENT="dessa"/><SP WIDTH="15" VPOS="789" HPOS="796"/>
							<String ID="string_155" HPOS="811" VPOS="789" WIDTH="122" HEIGHT="28" WC="0.90" CONTENT="ledningars"/>
						</TextLine>
						<TextLine ID="line_19" HPOS="180" VPOS="821" WIDTH="753" HEIGHT="30">
							<String ID="string_156" HPOS="180" VPOS="824" WIDTH="109" HEIGHT="27" WC="0.96" CONTENT="betydelse"/><SP WIDTH="19" VPOS="824" HPOS="289"/>
							<String ID="string_157" HPOS="308" VPOS="830" WIDTH="63" HEIGHT="20" WC="0.96" CONTENT="synes"/><SP WIDTH="15" VPOS="830" HPOS="371"/>
							<String ID="string_158" HPOS="386" VPOS="823" WIDTH="7" HEIGHT="21" WC="0.96" CONTENT="i"/><SP WIDTH="14" VPOS="823" HPOS="393"/>
							<String ID="string_159" HPOS="407" VPOS="823" WIDTH="161" HEIGHT="27" WC="0.96" CONTENT="lagstiftningen"/><SP WIDTH="16" VPOS="823" HPOS="568"/>
							<String ID="string_160" HPOS="584" VPOS="824" WIDTH="53" HEIGHT="21" WC="0.93" CONTENT="böra"/><SP WIDTH="14" VPOS="824" HPOS="637"/>
							<String ID="string_161" HPOS="651" VPOS="821" WIDTH="85" HEIGHT="30" WC="0.87" CONTENT="intagas"/><SP WIDTH="15" VPOS="821" HPOS="736"/>
							<String ID="string_162" HPOS="751" VPOS="824" WIDTH="110" HEIGHT="27" WC="0.96" CONTENT="garantier"/><SP WIDTH="16" VPOS="824" HPOS="861"/>
							<String ID="string_163" HPOS="877" VPOS="827" WIDTH="56" HEIGHT="19" WC="0.96" CONTENT="emot"/>
						</TextLine>
						<TextLine ID="line_20" HPOS="180" VPOS="858" WIDTH="753" HEIGHT="28">
							<String ID="string_164" HPOS="180" VPOS="859" WIDTH="34" HEIGHT="21" WC="0.96" CONTENT="att"/><SP WIDTH="22" VPOS="859" HPOS="214"/>
							<String ID="string_165" HPOS="236" VPOS="858" WIDTH="97" HEIGHT="22" WC="0.93" CONTENT="enskilda"/><SP WIDTH="19" VPOS="858" HPOS="333"/>
							<String ID="string_166" HPOS="352" VPOS="858" WIDTH="125" HEIGHT="27" WC="0.90" CONTENT="jordegares"/><SP WIDTH="23" VPOS="858" HPOS="477"/>
							<String ID="string_167" HPOS="500" VPOS="859" WIDTH="45" HEIGHT="20" WC="0.96" CONTENT="rätt"/><SP WIDTH="23" VPOS="859" HPOS="545"/>
							<String ID="string_168" HPOS="568" VPOS="858" WIDTH="22" HEIGHT="22" WC="0.93" CONTENT="af"/><SP WIDTH="18" VPOS="858" HPOS="590"/>
							<String ID="string_169" HPOS="608" VPOS="858" WIDTH="153" HEIGHT="27" WC="0.91" CONTENT="jemförelsevis"/><SP WIDTH="24" VPOS="858" HPOS="761"/>
							<String ID="string_170" HPOS="785" VPOS="858" WIDTH="82" HEIGHT="22" WC="0.96" CONTENT="mindre"/><SP WIDTH="22" VPOS="858" HPOS="867"/>
							<String ID="string_171" HPOS="889" VPOS="859" WIDTH="44" HEIGHT="27" WC="0.96" CONTENT="vigt"/>
						</TextLine>
						<TextLine ID="line_21" HPOS="180" VPOS="892" WIDTH="753" HEIGHT="29">
							<String ID="string_172" HPOS="180" VPOS="892" WIDTH="18" HEIGHT="28" WC="0.95" CONTENT="ej"/><SP WIDTH="26" VPOS="892" HPOS="198"/>
							<String ID="string_173" HPOS="224" VPOS="892" WIDTH="34" HEIGHT="22" WC="0.96" CONTENT="får"/><SP WIDTH="25" VPOS="892" HPOS="258"/>
							<String ID="string_174" HPOS="283" VPOS="892" WIDTH="64" HEIGHT="28" WC="0.93" CONTENT="lägga"/><SP WIDTH="26" VPOS="892" HPOS="347"/>
							<String ID="string_175" HPOS="373" VPOS="892" WIDTH="159" HEIGHT="28" WC="0.90" CONTENT="oöfverstigliga"/><SP WIDTH="26" VPOS="892" HPOS="532"/>
							<String ID="string_176" HPOS="558" VPOS="892" WIDTH="75" HEIGHT="22" WC="0.96" CONTENT="hinder"/><SP WIDTH="27" VPOS="892" HPOS="633"/>
							<String ID="string_177" HPOS="660" VPOS="893" WIDTH="6" HEIGHT="21" WC="0.96" CONTENT="i"/><SP WIDTH="26" VPOS="893" HPOS="666"/>
							<String ID="string_178" HPOS="692" VPOS="894" WIDTH="67" HEIGHT="26" WC="0.96" CONTENT="vägen"/><SP WIDTH="28" VPOS="894" HPOS="759"/>
							<String ID="string_179" HPOS="787" VPOS="893" WIDTH="34" HEIGHT="21" WC="0.93" CONTENT="för"/><SP WIDTH="24" VPOS="893" HPOS="821"/>
							<String ID="string_180" HPOS="845" VPOS="893" WIDTH="88" HEIGHT="28" WC="0.91" CONTENT="anlägg-"/>
						</TextLine>
						<TextLine ID="line_22" HPOS="181" VPOS="926" WIDTH="751" HEIGHT="28">
							<String ID="string_181" HPOS="181" VPOS="927" WIDTH="77" HEIGHT="27" WC="0.96" CONTENT="ningar"/><SP WIDTH="22" VPOS="927" HPOS="258"/>
							<String ID="string_182" HPOS="280" VPOS="926" WIDTH="23" HEIGHT="22" WC="0.96" CONTENT="af"/><SP WIDTH="19" VPOS="926" HPOS="303"/>
							<String ID="string_183" HPOS="322" VPOS="926" WIDTH="165" HEIGHT="28" WC="0.96" CONTENT="ifrågavarande"/><SP WIDTH="22" VPOS="926" HPOS="487"/>
							<String ID="string_184" HPOS="509" VPOS="927" WIDTH="51" HEIGHT="27" WC="0.96" CONTENT="slag,"/><SP WIDTH="24" VPOS="927" HPOS="560"/>
							<String ID="string_185" HPOS="584" VPOS="933" WIDTH="46" HEIGHT="16" WC="0.96" CONTENT="som"/><SP WIDTH="24" VPOS="933" HPOS="630"/>
							<String ID="string_186" HPOS="654" VPOS="928" WIDTH="36" HEIGHT="20" WC="0.95" CONTENT="äro"/><SP WIDTH="24" VPOS="928" HPOS="690"/>
							<String ID="string_187" HPOS="714" VPOS="927" WIDTH="22" HEIGHT="21" WC="0.95" CONTENT="af"/><SP WIDTH="21" VPOS="927" HPOS="736"/>
							<String ID="string_188" HPOS="757" VPOS="929" WIDTH="70" HEIGHT="20" WC="0.96" CONTENT="större"/><SP WIDTH="28" VPOS="929" HPOS="827"/>
							<String ID="string_189" HPOS="855" VPOS="928" WIDTH="77" HEIGHT="22" WC="0.95" CONTENT="allmän"/>
						</TextLine>
						<TextLine ID="line_23" HPOS="179" VPOS="960" WIDTH="753" HEIGHT="30">
							<String ID="string_190" HPOS="179" VPOS="962" WIDTH="115" HEIGHT="27" WC="0.91" CONTENT="betydelse."/><SP WIDTH="30" VPOS="962" HPOS="294"/>
							<String ID="string_191" HPOS="324" VPOS="960" WIDTH="39" HEIGHT="22" WC="0.92" CONTENT="Ett"/><SP WIDTH="22" VPOS="960" HPOS="363"/>
							<String ID="string_192" HPOS="385" VPOS="960" WIDTH="22" HEIGHT="22" WC="0.96" CONTENT="af"/><SP WIDTH="21" VPOS="960" HPOS="407"/>
							<String ID="string_193" HPOS="428" VPOS="961" WIDTH="25" HEIGHT="22" WC="0.96" CONTENT="de"/><SP WIDTH="23" VPOS="961" HPOS="453"/>
							<String ID="string_194" HPOS="476" VPOS="960" WIDTH="118" HEIGHT="23" WC="0.93" CONTENT="förnämsta"/><SP WIDTH="21" VPOS="960" HPOS="594"/>
							<String ID="string_195" HPOS="615" VPOS="962" WIDTH="95" HEIGHT="21" WC="0.93" CONTENT="vilkoren"/><SP WIDTH="16" VPOS="962" HPOS="710"/>
							<String ID="string_196" HPOS="726" VPOS="962" WIDTH="33" HEIGHT="22" WC="0.93" CONTENT="för"/><SP WIDTH="15" VPOS="962" HPOS="759"/>
							<String ID="string_197" HPOS="774" VPOS="962" WIDTH="158" HEIGHT="28" WC="0.92" CONTENT="näringslifvets"/>
						</TextLine>
						<TextLine ID="line_24" HPOS="179" VPOS="995" WIDTH="754" HEIGHT="29">
							<String ID="string_198" HPOS="179" VPOS="996" WIDTH="92" HEIGHT="22" WC="0.96" CONTENT="bestånd"/><SP WIDTH="15" VPOS="996" HPOS="271"/>
							<String ID="string_199" HPOS="286" VPOS="996" WIDTH="39" HEIGHT="22" WC="0.96" CONTENT="och"/><SP WIDTH="15" VPOS="996" HPOS="325"/>
							<String ID="string_200" HPOS="340" VPOS="995" WIDTH="121" HEIGHT="28" WC="0.96" CONTENT="utveckling"/><SP WIDTH="16" VPOS="995" HPOS="461"/>
							<String ID="string_201" HPOS="477" VPOS="997" WIDTH="25" HEIGHT="20" WC="0.96" CONTENT="är"/><SP WIDTH="15" VPOS="997" HPOS="502"/>
							<String ID="string_202" HPOS="517" VPOS="996" WIDTH="39" HEIGHT="22" WC="0.96" CONTENT="den"/><SP WIDTH="17" VPOS="996" HPOS="556"/>
							<String ID="string_203" HPOS="573" VPOS="996" WIDTH="93" HEIGHT="28" WC="0.93" CONTENT="dyrbara"/><SP WIDTH="10" VPOS="996" HPOS="666"/>
							<String ID="string_204" HPOS="676" VPOS="996" WIDTH="118" HEIGHT="28" WC="0.92" CONTENT="menskliga"/><SP WIDTH="8" VPOS="996" HPOS="794"/>
							<String ID="string_205" HPOS="802" VPOS="997" WIDTH="131" HEIGHT="22" WC="0.92" CONTENT="arbetskraf-"/>
						</TextLine>
						<TextLine ID="line_25" HPOS="179" VPOS="1030" WIDTH="754" HEIGHT="28">
							<String ID="string_206" HPOS="179" VPOS="1032" WIDTH="48" HEIGHT="20" WC="0.93" CONTENT="tens"/><SP WIDTH="16" VPOS="1032" HPOS="227"/>
							<String ID="string_207" HPOS="243" VPOS="1030" WIDTH="126" HEIGHT="22" WC="0.92" CONTENT="ersättande"/><SP WIDTH="15" VPOS="1030" HPOS="369"/>
							<String ID="string_208" HPOS="384" VPOS="1030" WIDTH="48" HEIGHT="21" WC="0.96" CONTENT="med"/><SP WIDTH="15" VPOS="1030" HPOS="432"/>
							<String ID="string_209" HPOS="447" VPOS="1030" WIDTH="116" HEIGHT="22" WC="0.96" CONTENT="elementär"/><SP WIDTH="15" VPOS="1030" HPOS="563"/>
							<String ID="string_210" HPOS="578" VPOS="1030" WIDTH="64" HEIGHT="22" WC="0.96" CONTENT="kraft."/><SP WIDTH="23" VPOS="1030" HPOS="642"/>
							<String ID="string_211" HPOS="665" VPOS="1031" WIDTH="31" HEIGHT="21" WC="0.96" CONTENT="De"/><SP WIDTH="15" VPOS="1031" HPOS="696"/>
							<String ID="string_212" HPOS="711" VPOS="1031" WIDTH="89" HEIGHT="27" WC="0.96" CONTENT="krafter,"/><SP WIDTH="17" VPOS="1031" HPOS="800"/>
							<String ID="string_213" HPOS="817" VPOS="1038" WIDTH="45" HEIGHT="15" WC="0.93" CONTENT="som"/><SP WIDTH="15" VPOS="1038" HPOS="862"/>
							<String ID="string_214" HPOS="877" VPOS="1031" WIDTH="56" HEIGHT="23" WC="0.92" CONTENT="före-"/>
						</TextLine>
						<TextLine ID="line_26" HPOS="180" VPOS="1065" WIDTH="753" HEIGHT="27">
							<String ID="string_215" HPOS="180" VPOS="1066" WIDTH="68" HEIGHT="20" WC="0.96" CONTENT="finnas"/><SP WIDTH="15" VPOS="1066" HPOS="248"/>
							<String ID="string_216" HPOS="263" VPOS="1066" WIDTH="7" HEIGHT="21" WC="0.96" CONTENT="i"/><SP WIDTH="15" VPOS="1066" HPOS="270"/>
							<String ID="string_217" HPOS="285" VPOS="1065" WIDTH="84" HEIGHT="21" WC="0.96" CONTENT="landets"/><SP WIDTH="23" VPOS="1065" HPOS="369"/>
							<String ID="string_218" HPOS="392" VPOS="1065" WIDTH="82" HEIGHT="27" WC="0.95" CONTENT="ganska"/><SP WIDTH="22" VPOS="1065" HPOS="474"/>
							<String ID="string_219" HPOS="496" VPOS="1065" WIDTH="79" HEIGHT="21" WC="0.95" CONTENT="talrika"/><SP WIDTH="15" VPOS="1065" HPOS="575"/>
							<String ID="string_220" HPOS="590" VPOS="1065" WIDTH="76" HEIGHT="27" WC="0.95" CONTENT="forsar,"/><SP WIDTH="16" VPOS="1065" HPOS="666"/>
							<String ID="string_221" HPOS="682" VPOS="1065" WIDTH="57" HEIGHT="27" WC="0.96" CONTENT="ligga"/><SP WIDTH="16" VPOS="1065" HPOS="739"/>
							<String ID="string_222" HPOS="755" VPOS="1066" WIDTH="115" HEIGHT="22" WC="0.96" CONTENT="emellertid"/><SP WIDTH="16" VPOS="1066" HPOS="870"/>
							<String ID="string_223" HPOS="886" VPOS="1066" WIDTH="47" HEIGHT="22" WC="0.96" CONTENT="icke"/>
						</TextLine>
						<TextLine ID="line_27" HPOS="178" VPOS="1098" WIDTH="753" HEIGHT="29">
							<String ID="string_224" HPOS="178" VPOS="1099" WIDTH="70" HEIGHT="22" WC="0.96" CONTENT="sällan"/><SP WIDTH="21" VPOS="1099" HPOS="248"/>
							<String ID="string_225" HPOS="269" VPOS="1100" WIDTH="61" HEIGHT="26" WC="0.93" CONTENT="långt"/><SP WIDTH="23" VPOS="1100" HPOS="330"/>
							<String ID="string_226" HPOS="353" VPOS="1098" WIDTH="96" HEIGHT="28" WC="0.92" CONTENT="aflägsna"/><SP WIDTH="22" VPOS="1098" HPOS="449"/>
							<String ID="string_227" HPOS="471" VPOS="1099" WIDTH="48" HEIGHT="21" WC="0.96" CONTENT="från"/><SP WIDTH="15" VPOS="1099" HPOS="519"/>
							<String ID="string_228" HPOS="534" VPOS="1101" WIDTH="65" HEIGHT="25" WC="0.96" CONTENT="orter,"/><SP WIDTH="17" VPOS="1101" HPOS="599"/>
							<String ID="string_229" HPOS="616" VPOS="1106" WIDTH="45" HEIGHT="16" WC="0.96" CONTENT="som"/><SP WIDTH="15" VPOS="1106" HPOS="661"/>
							<String ID="string_230" HPOS="676" VPOS="1100" WIDTH="89" HEIGHT="27" WC="0.96" CONTENT="erbjuda"/><SP WIDTH="16" VPOS="1100" HPOS="765"/>
							<String ID="string_231" HPOS="781" VPOS="1100" WIDTH="67" HEIGHT="27" WC="0.93" CONTENT="öfriga"/><SP WIDTH="15" VPOS="1100" HPOS="848"/>
							<String ID="string_232" HPOS="863" VPOS="1101" WIDTH="68" HEIGHT="21" WC="0.90" CONTENT="betin-"/>
						</TextLine>
						<TextLine ID="line_28" HPOS="178" VPOS="1133" WIDTH="753" HEIGHT="28">
							<String ID="string_233" HPOS="178" VPOS="1134" WIDTH="69" HEIGHT="27" WC="0.92" CONTENT="gelser"/><SP WIDTH="26" VPOS="1134" HPOS="247"/>
							<String ID="string_234" HPOS="273" VPOS="1133" WIDTH="33" HEIGHT="22" WC="0.96" CONTENT="för"/><SP WIDTH="25" VPOS="1133" HPOS="306"/>
							<String ID="string_235" HPOS="331" VPOS="1134" WIDTH="40" HEIGHT="21" WC="0.93" CONTENT="den"/><SP WIDTH="24" VPOS="1134" HPOS="371"/>
							<String ID="string_236" HPOS="395" VPOS="1133" WIDTH="127" HEIGHT="21" WC="0.90" CONTENT="industriela"/><SP WIDTH="23" VPOS="1133" HPOS="522"/>
							<String ID="string_237" HPOS="545" VPOS="1134" WIDTH="168" HEIGHT="21" WC="0.94" CONTENT="verksamheten."/><SP WIDTH="38" VPOS="1134" HPOS="713"/>
							<String ID="string_238" HPOS="751" VPOS="1134" WIDTH="83" HEIGHT="22" WC="0.88" CONTENT="Endast"/><SP WIDTH="21" VPOS="1134" HPOS="834"/>
							<String ID="string_239" HPOS="855" VPOS="1141" WIDTH="76" HEIGHT="20" WC="0.96" CONTENT="genom"/>
						</TextLine>
						<TextLine ID="line_29" HPOS="180" VPOS="1167" WIDTH="751" HEIGHT="28">
							<String ID="string_240" HPOS="180" VPOS="1167" WIDTH="116" HEIGHT="23" WC="0.93" CONTENT="elektriska"/><SP WIDTH="15" VPOS="1167" HPOS="296"/>
							<String ID="string_241" HPOS="311" VPOS="1167" WIDTH="254" HEIGHT="27" WC="0.92" CONTENT="starkströmsledningar"/><SP WIDTH="16" VPOS="1167" HPOS="565"/>
							<String ID="string_242" HPOS="581" VPOS="1168" WIDTH="73" HEIGHT="20" WC="0.96" CONTENT="kunna"/><SP WIDTH="16" VPOS="1168" HPOS="654"/>
							<String ID="string_243" HPOS="670" VPOS="1168" WIDTH="61" HEIGHT="21" WC="0.96" CONTENT="dessa"/><SP WIDTH="16" VPOS="1168" HPOS="731"/>
							<String ID="string_244" HPOS="747" VPOS="1167" WIDTH="82" HEIGHT="22" WC="0.96" CONTENT="krafter"/><SP WIDTH="14" VPOS="1167" HPOS="829"/>
							<String ID="string_245" HPOS="843" VPOS="1169" WIDTH="29" HEIGHT="26" WC="0.93" CONTENT="på"/><SP WIDTH="11" VPOS="1169" HPOS="872"/>
							<String ID="string_246" HPOS="883" VPOS="1169" WIDTH="48" HEIGHT="21" WC="0.92" CONTENT="eko-"/>
						</TextLine>
						<TextLine ID="line_30" HPOS="179" VPOS="1202" WIDTH="753" HEIGHT="29">
							<String ID="string_247" HPOS="179" VPOS="1202" WIDTH="94" HEIGHT="22" WC="0.92" CONTENT="nomiskt"/><SP WIDTH="22" VPOS="1202" HPOS="273"/>
							<String ID="string_248" HPOS="295" VPOS="1202" WIDTH="107" HEIGHT="22" WC="0.91" CONTENT="brukbart"/><SP WIDTH="23" VPOS="1202" HPOS="402"/>
							<String ID="string_249" HPOS="425" VPOS="1203" WIDTH="44" HEIGHT="20" WC="0.93" CONTENT="sätt"/><SP WIDTH="22" VPOS="1203" HPOS="469"/>
							<String ID="string_250" HPOS="491" VPOS="1202" WIDTH="118" HEIGHT="22" WC="0.91" CONTENT="öfverföras"/><SP WIDTH="22" VPOS="1202" HPOS="609"/>
							<String ID="string_251" HPOS="631" VPOS="1202" WIDTH="33" HEIGHT="22" WC="0.96" CONTENT="till"/><SP WIDTH="23" VPOS="1202" HPOS="664"/>
							<String ID="string_252" HPOS="687" VPOS="1204" WIDTH="64" HEIGHT="25" WC="0.96" CONTENT="orter,"/><SP WIDTH="17" VPOS="1204" HPOS="751"/>
							<String ID="string_253" HPOS="768" VPOS="1203" WIDTH="37" HEIGHT="21" WC="0.96" CONTENT="der"/><SP WIDTH="16" VPOS="1203" HPOS="805"/>
							<String ID="string_254" HPOS="821" VPOS="1203" WIDTH="26" HEIGHT="21" WC="0.96" CONTENT="de"/><SP WIDTH="14" VPOS="1203" HPOS="847"/>
							<String ID="string_255" HPOS="861" VPOS="1210" WIDTH="71" HEIGHT="21" WC="0.96" CONTENT="gagna"/>
						</TextLine>
						<TextLine ID="line_31" HPOS="178" VPOS="1236" WIDTH="754" HEIGHT="28">
							<String ID="string_256" HPOS="178" VPOS="1236" WIDTH="258" HEIGHT="28" WC="0.92" CONTENT="näringsverksamheten."/><SP WIDTH="31" VPOS="1236" HPOS="436"/>
							<String ID="string_257" HPOS="467" VPOS="1236" WIDTH="77" HEIGHT="28" WC="0.80" CONTENT="Dylika"/><SP WIDTH="21" VPOS="1236" HPOS="544"/>
							<String ID="string_258" HPOS="565" VPOS="1237" WIDTH="111" HEIGHT="27" WC="0.96" CONTENT="ledningar"/><SP WIDTH="20" VPOS="1237" HPOS="676"/>
							<String ID="string_259" HPOS="696" VPOS="1239" WIDTH="37" HEIGHT="19" WC="0.91" CONTENT="äro"/><SP WIDTH="17" VPOS="1239" HPOS="733"/>
							<String ID="string_260" HPOS="750" VPOS="1237" WIDTH="89" HEIGHT="27" WC="0.91" CONTENT="derföre,"/><SP WIDTH="17" VPOS="1237" HPOS="839"/>
							<String ID="string_261" HPOS="856" VPOS="1244" WIDTH="33" HEIGHT="14" WC="0.96" CONTENT="om"/><SP WIDTH="17" VPOS="1244" HPOS="889"/>
							<String ID="string_262" HPOS="906" VPOS="1238" WIDTH="26" HEIGHT="21" WC="0.96" CONTENT="de"/>
						</TextLine>
						<TextLine ID="line_32" HPOS="178" VPOS="1270" WIDTH="753" HEIGHT="28">
							<String ID="string_263" HPOS="178" VPOS="1272" WIDTH="65" HEIGHT="21" WC="0.96" CONTENT="också"/><SP WIDTH="15" VPOS="1272" HPOS="243"/>
							<String ID="string_264" HPOS="258" VPOS="1271" WIDTH="6" HEIGHT="22" WC="0.96" CONTENT="i"/><SP WIDTH="15" VPOS="1271" HPOS="264"/>
							<String ID="string_265" HPOS="279" VPOS="1271" WIDTH="69" HEIGHT="22" WC="0.96" CONTENT="första"/><SP WIDTH="15" VPOS="1271" HPOS="348"/>
							<String ID="string_266" HPOS="363" VPOS="1270" WIDTH="58" HEIGHT="22" WC="0.96" CONTENT="hand"/><SP WIDTH="15" VPOS="1270" HPOS="421"/>
							<String ID="string_267" HPOS="436" VPOS="1272" WIDTH="59" HEIGHT="26" WC="0.96" CONTENT="tjena"/><SP WIDTH="16" VPOS="1272" HPOS="495"/>
							<String ID="string_268" HPOS="511" VPOS="1271" WIDTH="36" HEIGHT="22" WC="0.96" CONTENT="det"/><SP WIDTH="15" VPOS="1271" HPOS="547"/>
							<String ID="string_269" HPOS="562" VPOS="1271" WIDTH="97" HEIGHT="22" WC="0.93" CONTENT="enskilda"/><SP WIDTH="16" VPOS="1271" HPOS="659"/>
							<String ID="string_270" HPOS="675" VPOS="1272" WIDTH="122" HEIGHT="26" WC="0.91" CONTENT="förvärfvet,"/><SP WIDTH="17" VPOS="1272" HPOS="797"/>
							<String ID="string_271" HPOS="814" VPOS="1272" WIDTH="117" HEIGHT="22" WC="0.92" CONTENT="medelbart"/>
						</TextLine>
						<TextLine ID="line_33" HPOS="178" VPOS="1305" WIDTH="753" HEIGHT="28">
							<String ID="string_272" HPOS="178" VPOS="1306" WIDTH="23" HEIGHT="21" WC="0.96" CONTENT="af"/><SP WIDTH="13" VPOS="1306" HPOS="201"/>
							<String ID="string_273" HPOS="214" VPOS="1305" WIDTH="133" HEIGHT="22" WC="0.95" CONTENT="allmännare"/><SP WIDTH="14" VPOS="1305" HPOS="347"/>
							<String ID="string_274" HPOS="361" VPOS="1305" WIDTH="116" HEIGHT="26" WC="0.93" CONTENT="betydelse."/><SP WIDTH="23" VPOS="1305" HPOS="477"/>
							<String ID="string_275" HPOS="500" VPOS="1305" WIDTH="110" HEIGHT="27" WC="0.92" CONTENT="Rättighet"/><SP WIDTH="16" VPOS="1305" HPOS="610"/>
							<String ID="string_276" HPOS="626" VPOS="1307" WIDTH="32" HEIGHT="19" WC="0.93" CONTENT="att"/><SP WIDTH="16" VPOS="1307" HPOS="658"/>
							<String ID="string_277" HPOS="674" VPOS="1306" WIDTH="204" HEIGHT="27" WC="0.92" CONTENT="expropriationsvis"/><SP WIDTH="16" VPOS="1306" HPOS="878"/>
							<String ID="string_278" HPOS="894" VPOS="1313" WIDTH="37" HEIGHT="14" WC="0.91" CONTENT="an-"/>
						</TextLine>
						<TextLine ID="line_34" HPOS="177" VPOS="1339" WIDTH="754" HEIGHT="29">
							<String ID="string_279" HPOS="177" VPOS="1340" WIDTH="71" HEIGHT="21" WC="0.96" CONTENT="vända"/><SP WIDTH="16" VPOS="1340" HPOS="248"/>
							<String ID="string_280" HPOS="264" VPOS="1345" WIDTH="83" HEIGHT="16" WC="0.96" CONTENT="annans"/><SP WIDTH="17" VPOS="1345" HPOS="347"/>
							<String ID="string_281" HPOS="364" VPOS="1339" WIDTH="87" HEIGHT="21" WC="0.96" CONTENT="område"/><SP WIDTH="16" VPOS="1339" HPOS="451"/>
							<String ID="string_282" HPOS="467" VPOS="1339" WIDTH="32" HEIGHT="21" WC="0.92" CONTENT="för"/><SP WIDTH="15" VPOS="1339" HPOS="499"/>
							<String ID="string_283" HPOS="514" VPOS="1339" WIDTH="161" HEIGHT="27" WC="0.91" CONTENT="framdragning"/><SP WIDTH="17" VPOS="1339" HPOS="675"/>
							<String ID="string_284" HPOS="692" VPOS="1339" WIDTH="22" HEIGHT="22" WC="0.96" CONTENT="af"/><SP WIDTH="14" VPOS="1339" HPOS="714"/>
							<String ID="string_285" HPOS="728" VPOS="1339" WIDTH="102" HEIGHT="22" WC="0.96" CONTENT="elektrisk"/><SP WIDTH="15" VPOS="1339" HPOS="830"/>
							<String ID="string_286" HPOS="845" VPOS="1340" WIDTH="86" HEIGHT="28" WC="0.96" CONTENT="ledning"/>
						</TextLine>
						<TextLine ID="line_35" HPOS="176" VPOS="1373" WIDTH="754" HEIGHT="28">
							<String ID="string_287" HPOS="176" VPOS="1373" WIDTH="34" HEIGHT="22" WC="0.96" CONTENT="för"/><SP WIDTH="19" VPOS="1373" HPOS="210"/>
							<String ID="string_288" HPOS="229" VPOS="1373" WIDTH="111" HEIGHT="28" WC="0.96" CONTENT="belysning"/><SP WIDTH="16" VPOS="1373" HPOS="340"/>
							<String ID="string_289" HPOS="356" VPOS="1373" WIDTH="52" HEIGHT="22" WC="0.93" CONTENT="eller"/><SP WIDTH="14" VPOS="1373" HPOS="408"/>
							<String ID="string_290" HPOS="422" VPOS="1373" WIDTH="187" HEIGHT="28" WC="0.91" CONTENT="kraftöfverföring"/><SP WIDTH="15" VPOS="1373" HPOS="609"/>
							<String ID="string_291" HPOS="624" VPOS="1380" WIDTH="62" HEIGHT="21" WC="0.93" CONTENT="synes"/><SP WIDTH="16" VPOS="1380" HPOS="686"/>
							<String ID="string_292" HPOS="702" VPOS="1375" WIDTH="84" HEIGHT="22" WC="0.92" CONTENT="derföre"/><SP WIDTH="15" VPOS="1375" HPOS="786"/>
							<String ID="string_293" HPOS="801" VPOS="1375" WIDTH="52" HEIGHT="22" WC="0.92" CONTENT="böra"/><SP WIDTH="20" VPOS="1375" HPOS="853"/>
							<String ID="string_294" HPOS="873" VPOS="1376" WIDTH="57" HEIGHT="21" WC="0.88" CONTENT="med-"/>
						</TextLine>
						<TextLine ID="line_36" HPOS="177" VPOS="1408" WIDTH="754" HEIGHT="29">
							<String ID="string_295" HPOS="177" VPOS="1408" WIDTH="74" HEIGHT="28" WC="0.91" CONTENT="gifvas,"/><SP WIDTH="23" VPOS="1408" HPOS="251"/>
							<String ID="string_296" HPOS="274" VPOS="1409" WIDTH="55" HEIGHT="22" WC="0.96" CONTENT="helst"/><SP WIDTH="24" VPOS="1409" HPOS="329"/>
							<String ID="string_297" HPOS="353" VPOS="1409" WIDTH="36" HEIGHT="22" WC="0.96" CONTENT="det"/><SP WIDTH="20" VPOS="1409" HPOS="389"/>
							<String ID="string_298" HPOS="409" VPOS="1409" WIDTH="87" HEIGHT="26" WC="0.96" CONTENT="intrång"/><SP WIDTH="16" VPOS="1409" HPOS="496"/>
							<String ID="string_299" HPOS="512" VPOS="1408" WIDTH="40" HEIGHT="22" WC="0.96" CONTENT="den"/><SP WIDTH="15" VPOS="1408" HPOS="552"/>
							<String ID="string_300" HPOS="567" VPOS="1409" WIDTH="107" HEIGHT="22" WC="0.96" CONTENT="enskildes"/><SP WIDTH="15" VPOS="1409" HPOS="674"/>
							<String ID="string_301" HPOS="689" VPOS="1410" WIDTH="46" HEIGHT="21" WC="0.93" CONTENT="rätt"/><SP WIDTH="16" VPOS="1410" HPOS="735"/>
							<String ID="string_302" HPOS="751" VPOS="1409" WIDTH="122" HEIGHT="28" WC="0.91" CONTENT="derigenom"/><SP WIDTH="14" VPOS="1409" HPOS="873"/>
							<String ID="string_303" HPOS="887" VPOS="1411" WIDTH="44" HEIGHT="21" WC="0.96" CONTENT="kan"/>
						</TextLine>
						<TextLine ID="line_37" HPOS="177" VPOS="1439" WIDTH="752" HEIGHT="34">
							<String ID="string_304" HPOS="177" VPOS="1444" WIDTH="86" HEIGHT="22" WC="0.96" CONTENT="komma"/><SP WIDTH="15" VPOS="1444" HPOS="263"/>
							<String ID="string_305" HPOS="278" VPOS="1445" WIDTH="34" HEIGHT="20" WC="0.96" CONTENT="att"/><SP WIDTH="14" VPOS="1445" HPOS="312"/>
							<String ID="string_306" HPOS="326" VPOS="1443" WIDTH="45" HEIGHT="22" WC="0.96" CONTENT="lida"/><SP WIDTH="14" VPOS="1443" HPOS="371"/>
							<String ID="string_307" HPOS="385" VPOS="1443" WIDTH="7" HEIGHT="21" WC="0.96" CONTENT="i"/><SP WIDTH="16" VPOS="1443" HPOS="392"/>
							<String ID="string_308" HPOS="408" VPOS="1443" WIDTH="115" HEIGHT="22" WC="0.96" CONTENT="allmänhet"/><SP WIDTH="16" VPOS="1443" HPOS="523"/>
							<String ID="string_309" HPOS="539" VPOS="1439" WIDTH="23" HEIGHT="32" WC="0.96" CONTENT="ej"/><SP WIDTH="10" VPOS="1439" HPOS="562"/>
							<String ID="string_310" HPOS="572" VPOS="1444" WIDTH="42" HEIGHT="21" WC="0.96" CONTENT="kan"/><SP WIDTH="17" VPOS="1444" HPOS="614"/>
							<String ID="string_311" HPOS="631" VPOS="1443" WIDTH="65" HEIGHT="23" WC="0.96" CONTENT="blifva"/><SP WIDTH="14" VPOS="1443" HPOS="696"/>
							<String ID="string_312" HPOS="710" VPOS="1444" WIDTH="135" HEIGHT="28" WC="0.93" CONTENT="synnerligen"/><SP WIDTH="11" VPOS="1444" HPOS="845"/>
							<String ID="string_313" HPOS="856" VPOS="1445" WIDTH="73" HEIGHT="28" WC="0.92" CONTENT="betyd-"/>
						</TextLine>
					</TextBlock>
				</ComposedBlock>
				<GraphicalElement ID="cblock_2" HPOS="1070" VPOS="0" WIDTH="5" HEIGHT="354"></GraphicalElement >
			</PrintSpace>
		</Page>
	</Layout>
</alto>
