1073 1756
472 139 53 23 N:o
542 139 47 24 89.

358 510 71 27 Hans
455 511 162 32 Kejserliga
644 511 153 33 Majestäts
824 511 81 34 nådiga

290 557 139 33 proposition
455 558 34 25 till
517 557 104 26 Finlands
643 558 94 26 Ständer
755 565 33 19 om
805 559 101 33 förande

290 603 27 25 af
333 603 110 33 offentligt
460 604 99 32 register
577 603 67 27 öfver
661 611 118 26 personer,
797 611 46 19 som
854 605 51 26 icke

289 649 92 26 tillhöra
409 649 68 32 något
503 650 8 24 i
538 649 74 26 landet
640 650 122 32 behörigen
797 651 109 25 inrättadt

288 695 185 32 kyrkosamfand.

221 786 37 22 Uti
281 786 132 28 underdånig
435 787 112 22 skrifvelse
570 788 23 21 af
611 785 40 24 den
669 788 26 21 29
711 787 43 28 Maj
773 788 51 22 1897
841 788 65 22 hafva

153 821 124 23 Ständerna
295 821 126 27 framhållit,
437 821 101 22 hurusom
555 822 36 21 det
606 821 135 22 förhållande
755 822 6 21 i
777 822 56 22 vissa
847 822 59 22 delar

152 856 24 22 af
196 856 74 22 landet
292 856 69 22 blifvit
381 856 40 22 allt
443 856 133 22 allmännare
590 858 34 20 att
637 856 113 27 föräldrar,
766 857 73 21 hvilka
853 857 52 22 fort-

152 890 90 22 farande
257 890 86 28 qvarstå
358 890 70 22 såsom
444 890 137 23 medlemmar
592 891 8 21 i
611 890 41 22 den
663 891 243 27 evangelisk-lutherska

152 925 89 28 kyrkan,
258 925 69 23 ehuru
349 925 26 22 de
397 925 48 22 icke
467 925 6 22 i
493 926 43 22 alla
551 925 115 22 afseenden
683 924 90 24 omfatta
787 926 50 22 dess
851 926 54 28 lära,

151 960 46 22 icke
217 960 46 22 låta
283 966 77 22 genom
375 960 66 28 dopet
458 964 95 24 upptaga
568 960 47 22 sina
629 960 52 22 barn
696 960 34 22 till
745 961 139 21 medlemmar
899 962 6 20 i

152 995 95 27 kyrkans
262 994 136 28 gemenskap,
413 996 70 20 såsom
500 996 66 26 enligt
580 991 131 30 stadgandet
725 995 7 21 i
744 995 8 28 &
764 996 13 20 3
787 996 8 20 i
805 995 100 27 gällande

152 1030 104 27 kyrkolag
270 1030 67 22 borde
351 1030 44 21 ske.
425 1029 31 21 På
471 1036 77 16 senare
564 1029 57 22 tider
635 1028 56 22 hade
703 1028 79 28 jemväl
797 1030 41 21 den
853 1036 52 21 upp-

152 1064 121 28 fattningen
295 1064 38 22 hos
355 1064 85 21 landets
463 1064 137 27 presterskap
623 1063 39 21 allt
681 1069 45 16 mer
741 1064 75 21 vunnit
830 1064 75 27 insteg,

152 1100 33 20 att
207 1099 32 21 uti
262 1098 183 28 kyrkoböckerna,
468 1099 26 21 de
510 1098 37 22 der
562 1098 47 21 icke
625 1103 49 16 vore
689 1100 34 20 att
737 1098 106 21 likställas
858 1099 48 21 med

153 1133 146 27 civilregister,
314 1135 53 20 utan
382 1132 77 23 endast
473 1132 98 29 utgjorde
586 1132 94 28 kyrkans
695 1132 79 22 böcker
789 1132 59 22 öfver
859 1133 47 22 dess

153 1167 146 27 medlemmar,
321 1168 47 21 icke
383 1167 66 23 borde
464 1168 80 21 införas
560 1166 67 22 andra
641 1168 27 21 än
683 1167 33 27 de,
731 1172 45 17 som
791 1167 67 21 hörde
873 1168 33 22 till

151 1202 43 22 den
209 1202 100 27 kyrkliga
323 1202 159 28 församlingen.
512 1202 11 22 I
537 1202 53 27 följd
605 1201 64 22 häraf
683 1202 84 22 komme
782 1203 32 21 ett
823 1202 82 28 årligen

152 1236 127 28 tilltagande
302 1237 60 22 antal
387 1236 72 23 finska
481 1237 142 26 medborgare
645 1238 33 20 att
699 1236 78 27 finnas,
796 1237 110 27 angående

153 1271 84 22 hvilkas
252 1271 111 22 civilstånd
378 1272 43 21 alla
436 1271 111 28 offentliga
562 1270 110 23 urkunder
687 1270 122 23 saknades.:
823 1270 43 23 För
875 1272 30 21 af-

152 1306 115 28 hjelpande
282 1306 24 22 af
319 1307 60 21 detta
393 1307 186 22 missförhällande
594 1306 65 22 hafva
673 1305 127 26 Ständerna,
810 1307 53 21 utan
873 1309 33 19 att

153 1341 33 21 för
209 1341 32 21 sin
261 1341 34 21 del
310 1341 51 27 vilja
375 1341 50 27 ingä
439 1340 29 28 pä
483 1343 37 20 ett:
529 1340 113 22 uttalande
657 1346 34 16 om
707 1340 41 21 den
763 1340 100 27 rättsliga
877 1341 29 22 si-

151 1375 45 21 dan
209 1375 25 21 af
251 1375 71 21 denna
337 1375 67 26 fräga,
415 1375 155 26 underdänigst
585 1374 98 27 anhällit,
699 1377 32 20 att
746 1374 59 22 Hans
820 1375 84 26 Kejser-

153 1408 44 27 liga
215 1408 102 27 Majestät
331 1408 84 21 täcktes
430 1408 7 21 i
452 1407 68 22 näder
534 1407 89 27 vidtaga
637 1407 77 27 ätgärd
729 1413 34 16 om
779 1409 33 20 att
827 1407 78 28 odöpta

153 1442 53 22 barn
227 1442 32 22 till
275 1441 138 24 medlemmar
423 1441 24 22 af
459 1442 42 21 den
516 1441 111 22 lutherska
641 1441 82 28 kyrkan
737 1441 69 22 blefve
821 1441 85 22 införda
