1070 1720
352 107 26 23 U.
393 107 25 22 B.
434 121 26 4 —
476 108 72 28 Prop.
563 108 45 22 N:o
623 108 36 22 25.
866 107 14 20 9

128 182 37 14 nas
188 175 84 28 slutliga
296 175 69 21 beslut
386 176 7 20 i
414 176 64 21 saken
500 176 66 21 skulle
582 176 6 20 i
604 178 70 19 svaret
695 175 28 29 pä
740 176 41 20 den
800 182 28 14 nu
846 174 32 22 till
896 175 4 2 '

128 208 128 29 behandling
270 209 137 22 förevarande
423 210 76 28 nädiga
513 210 155 28 propositionen
684 210 116 21 framföras.

196 242 32 22 Pä
242 243 68 27 grund
325 243 23 21 af
363 243 36 21 det
413 243 85 29 förlopp
510 243 86 21 ärendet
606 243 87 21 sälunda
701 243 53 27 haft,
764 243 39 21 och
814 242 66 22 under

128 277 150 28 förutsättning
298 280 32 18 att
351 277 158 29 Ridderskapet
530 277 39 21 och
592 277 69 21 Adeln
680 277 36 21 vid
739 277 40 21 den
795 277 85 27 slutliga

127 310 155 29 behandlingen
307 310 22 22 af
352 310 87 22 ärendet
454 311 83 21 förenar
551 312 32 27 sig
601 318 32 14 om
649 311 26 21 de
691 311 69 27 öfriga
774 310 106 22 Ständens

127 344 70 22 beslut
211 345 7 20 i
234 344 259 29 löneförhöjningsfrägan,
501 345 60 21 torde
576 345 7 21 i
598 345 37 21 det
652 344 143 28 underdäniga
808 348 73 18 svaret

127 378 13 22 å
155 378 75 28 nådiga
245 379 154 28 propositionen
416 378 41 22 N:o
472 380 26 20 25
515 379 92 21 anmälas
622 382 32 18 att
668 378 118 22 Ständerna
801 378 33 21 för
847 379 32 21 sin

128 412 33 21 del
177 412 94 21 beslutit:

399 466 32 19 att
451 465 33 21 det
500 472 27 14 ur
542 465 216 27 bevillningsmedlen
773 464 106 27 utgående

332 499 97 28 bidraget
452 499 34 21 till
508 499 201 28 folkskollärarenes
729 499 38 21 och
783 498 96 21 lärarin-

333 540 82 14 nornas
436 533 30 28 pä
489 534 72 21 landet
582 534 59 21 löner
662 533 56 21 skall
740 533 56 26 ökas,
812 533 68 21 sedan

333 568 71 20 lärare
427 568 37 20 och
490 568 118 21 lärarinna
629 568 70 21 under
720 568 45 27 fem
786 567 38 21 ärs
847 568 33 21 tid

332 602 139 27 oförvitligen
493 602 100 27 fullgjort
614 602 39 21 sitt
675 602 50 25 kall,
749 602 48 20 med
816 602 63 27 tjugu

329 637 97 26 procent,
448 638 57 19 samt
523 636 94 28 därefter
631 636 65 21 hvart
710 636 65 27 femte
790 636 26 21 är
830 636 50 21 med

333 671 62 27 tjugu
422 673 95 25 procent,
539 671 35 20 till
598 671 46 20 dess
665 672 33 19 att
719 671 42 20 den
783 671 95 20 sålunda

333 705 80 20 skedda
428 705 150 28 tillökningen,
592 705 55 27 efter
661 705 34 21 det
710 705 101 28 tjugonde
822 705 57 28 tjän-

332 739 91 21 stedrets
438 739 88 28 utgång,
541 739 62 27 stigit
617 739 34 21 till
666 739 55 21 åttio
732 741 97 26 procent.

197 791 12 21 I
224 791 149 28 sammanhang
391 791 86 20 härmed
492 791 60 21 torde
567 791 117 21 Ständerna
699 791 37 21 hos
751 791 61 21 Hans
826 791 54 28 Kej-

129 826 77 28 serliga
220 826 101 28 Majestät
335 825 92 22 anhälla:

400 879 32 19 att
451 878 14 24 $
485 878 41 20 134
546 877 10 21 i
582 877 56 28 Kejs.
667 877 167 27 Förordningen
854 877 29 27 af
908 893 2 3 .

333 912 41 21 den
390 914 23 19 11
428 912 48 28 Maj
491 913 65 25 1866,
573 912 110 27 angäende
694 912 150 27 organisation
854 911 29 27 af

333 946 204 27 folkskoleväsendet
558 946 10 20 i
591 945 208 27 Storfurstendömet
820 945 57 21 Fin-

333 981 59 26 land,
416 981 103 27 jämförd
546 980 50 21 med
619 980 59 27 Kejs.
702 980 177 28 Kungörelserna

333 1016 29 27 af
381 1016 40 20 den
446 1016 27 20 19
493 1015 61 21 Mars
576 1015 60 21 1886
656 1014 39 21 och
715 1014 41 21 den
776 1015 26 20 13
817 1014 62 22 Mars

333 1050 67 26 1895,
417 1050 68 27 blefve
499 1049 87 21 ändrad
596 1049 10 21 i
621 1049 66 27 ofvan
703 1049 98 27 angifvet
814 1048 63 28 syfte.

197 1101 47 21 Och
259 1109 52 18 som,
325 1102 7 20 i
348 1101 52 28 följd
415 1101 66 27 häraf,
496 1102 33 20 för
543 1109 27 13 nu
583 1100 159 28 ifrägavarande
753 1100 129 28 budgetpost.

128 1139 58 19 utom
208 1136 38 22 det
266 1136 8 21 i
296 1136 40 22 den
358 1136 77 28 nädiga
455 1136 154 28 propositionen
633 1138 108 25 upptagna
764 1134 72 28 anslag
858 1134 22 21 af

129 1171 89 25 850,000
240 1170 59 22 mark
323 1170 104 22 erfordras
453 1173 30 18 ett
500 1170 78 28 belopp
596 1169 22 21 af
636 1170 89 26 700,000
740 1168 59 22 mark
814 1168 66 22 under

127 1204 175 21 nästkommande
325 1204 149 28 finansperiod,
496 1203 33 22 fär
550 1203 167 26 Statsutskottet,
735 1202 65 21 under
815 1202 64 21 redan

129 1238 95 27 antydda
239 1238 154 28 förutsättning,
409 1237 108 22 vördsamt
531 1236 86 22 föreslå:

401 1302 33 19 att
457 1300 124 22 Ständerna
602 1300 49 21 ville
671 1300 36 27 för
727 1299 53 21 åren
796 1299 82 20 1901—

334 1336 58 20 1904
411 1335 64 21 anslå
490 1337 30 19 ett
534 1334 74 27 belopp
623 1334 29 27 af
663 1334 79 20 inalles
761 1333 121 26 1,550,000

333 1368 63 21 mark
418 1368 35 21 till
479 1367 202 28 löneförhöjningar
703 1367 23 21 ät
749 1367 70 20 lärare
841 1366 37 21 och

335 1402 127 22 lärarinnor
476 1402 38 21 vid
527 1401 147 28 folkskolorna
687 1401 31 27 pä
734 1400 80 22 landet.

198 1449 145 18 Statsutshottets
355 1448 109 18 betänkande
478 1448 36 17 N:o
527 1449 16 17 4.
767 1446 2 2 |
