1053 1717
341 114 26 22 U.
383 114 25 22 B.
424 128 27 2 —
467 116 70 27 Prop.
553 116 43 22 N:o
613 116 33 22 27.
758 122 5 4 :
844 117 27 21 35

123 182 108 22 lutherska
244 183 109 28 föräldrar,
369 184 39 22 kan
425 184 112 22 Utskottet
552 185 55 21 efter
622 184 123 22 delfåendet
755 185 22 21 af
787 186 82 21 Preste-

123 216 97 22 ståndets
245 217 70 22 beslut
339 218 46 21 med
408 218 76 22 lätthet
506 219 63 21 äfven
591 220 7 20 i
620 220 47 20 vårt
686 220 86 27 förslag,
787 228 34 13 om
836 220 36 21 dei

124 259 71 13 vunne
217 252 122 25 understöd,
361 252 69 21 införa
453 253 27 21 de
503 254 80 20 mindre
598 254 81 27 tillägg,
694 260 46 14 som
756 254 6 21 i
777 254 53 28 följd
846 254 24 20 af

123 288 32 18 ett
169 284 76 22 sådant
260 286 171 21 Presteståndets
448 286 114 22 bifallande
578 287 71 21 beslut
664 288 84 20 komma
762 290 32 18 att
804 288 67 20 blifva

123 319 112 27 behöfliga.

192 353 32 21 Pä
248 354 68 28 grund
344 354 23 20 af
388 354 36 22 det
447 354 132 28 ofvansagda
601 355 65 21 hafva
681 356 22 20 vi
718 357 50 19 äran
784 355 89 21 föreslä:

397 414 32 18 att
447 412 125 21 Ständerna
589 412 51 21 ville
659 412 159 22 äterremittera
834 413 39 21 be-

330 446 118 21 tänkandet
463 446 35 21 till
518 446 104 22 Utskottet
635 446 36 28 för
685 448 33 20 att
732 447 121 21 omarbetas
864 447 10 20 i

328 480 71 21 sådan
427 480 105 29 riktning,
556 483 34 19 att
616 481 253 28 vregisterförfattningen

328 515 62 27 gälde
405 516 93 20 allenast
516 516 34 21 till
560 516 248 27 evangelisk-lutherska
820 516 54 27 kyr-

330 549 44 21 kan
392 549 72 22 såsom
484 550 142 21 medlemmar
643 550 95 21 hörande
753 550 122 27 föräldrars

331 584 76 28 odöpta
429 584 55 21 barn
502 586 58 20 samt
578 584 29 28 af
623 584 54 26 dem,
698 584 80 22 medan
796 584 25 21 de
835 586 39 19 äro

329 618 113 28 inskrifna
472 618 10 21 i
509 619 108 27 offentligt
647 619 95 27 register,
771 618 101 29 möjligen

329 653 66 27 födda
411 653 66 25 barn;
492 653 11 21 i
516 654 56 27 följd
585 653 84 27 hvaraf
680 653 193 28 författningsför-

330 688 68 27 slaget
417 688 83 21 komme
520 690 33 19 att
574 688 25 28 få
621 688 95 27 ungefär
729 688 98 27 följande
842 688 32 27 ly-

329 722 68 21 delse:

169 848 124 27 Förordning
310 853 32 17 om
357 847 89 23 förande
462 848 25 22 af
498 848 106 28 offentligt
619 848 92 28 register
727 848 61 23 öfver
802 848 30 23 till

212 882 242 28 evangelisk-lutherska
468 883 79 28 kyrkan
563 881 72 24 såsom
653 883 136 22 medlemmar

303 917 93 22 hörande
410 916 120 24 föräldrars
546 917 78 27 odöpta
639 918 59 21 barn.

194 974 119 28 Angående
334 974 89 22 förande
445 975 23 21 af
489 976 89 27 register
600 975 61 21 öfver
684 975 32 21 till
739 974 136 29 evangelisk-

125 1010 110 20 lutherska
247 1009 80 29 kyrkan
338 1010 69 20 såsom
419 1009 134 22 medlemmar
562 1009 93 21 hörande
668 1009 114 21 föräldrars
793 1009 82 29 odöpta

126 1043 58 27 barn,
207 1051 45 14 som
275 1044 47 21 icke
344 1044 84 21 tillhöra
450 1044 66 27 något
530 1045 6 19 i
552 1044 72 21 landet
640 1044 114 27 behörigen
769 1042 106 23 inrättad
863 1038 15 38 t

125 1078 176 28 kyrkosamfund,
317 1078 85 28 stadgas
418 1085 45 15 som
478 1078 72 29 följer:

479 1166 47 26 18.

195 1206 70 26 Öfver
287 1210 79 29 odöpta
389 1210 49 22 barn
457 1211 32 20 till
503 1210 111 26 föräldrar,
629 1217 44 14 som
690 1209 70 22 såsom
775 1209 104 21 medlem
867 1202 15 41 -

127 1253 44 13 mar
186 1245 52 21 höra
252 1245 33 21 till
300 1244 242 28 evangelisk-lutherska
557 1245 87 27 kyrkan,
659 1244 54 21 skall
728 1244 23 20 af
766 1244 105 27 borgerlig

127 1279 129 29 myndighet,
271 1286 44 14 som
333 1279 125 21 bestämmes
468 1286 76 20 genom
554 1278 75 28 nådigt
638 1277 150 26 förordnande,
800 1277 77 21 offent-

127 1314 39 28 ligt
185 1314 90 27 register
296 1313 65 27 föras,
383 1313 32 21 till
434 1312 48 22 dess
501 1313 78 21 barnen
602 1312 80 22 inträdt
704 1313 6 20 i
734 1312 64 28 något
818 1312 56 20 inom

127 1348 74 20 landet
216 1348 114 26 behörigen
346 1347 101 20 inrättadt
462 1346 173 28 kyrkosamfund.

197 1382 21 27 (2
234 1381 40 21 och
290 1382 12 20 3
317 1388 61 13 mom.
394 1380 69 21 såsom
479 1380 5 20 i
502 1379 158 27 betänkandet).

197 1456 129 24 Lagutskottets
339 1455 108 18 betänkande
461 1457 35 16 N:o
508 1456 28 17 12.
