1078 1734
359 124 28 22 U.
405 124 27 22 B.
448 138 27 2 —
491 124 73 29 Prop.
582 124 43 23 N:o
642 124 35 22 18.
883 125 14 21 5

147 193 89 27 lagtima
255 194 44 27 ting
315 194 6 20 i
337 196 65 24 orten,
417 200 44 15 som
478 194 52 21 efter
545 196 29 19 ett
589 194 22 21 år
627 194 45 21 från
688 194 160 21 skattebrefvets
865 197 32 18 ut-

147 227 101 22 färdande
264 227 52 22 först
331 228 90 26 infaller,
436 228 68 21 såsom
520 235 33 14 om
569 228 27 21 de
611 228 129 21 omedelbart
756 229 33 20 vid
803 229 93 20 hemma-

145 263 46 19 nets
206 262 116 28 öfvergång
337 262 30 21 till
383 262 67 21 skatte
466 262 70 21 blifvit
552 263 3 20 i
567 263 119 20 hemmanet
698 262 132 27 intecknade,
842 265 55 18 samt

145 295 34 20 vid
199 295 70 22 denna
289 298 40 19 rätt
348 295 128 22 fortfarande
497 296 121 25 bibehållas,
637 296 23 20 så
675 297 62 20 framt
752 296 93 21 ansökan
861 303 34 14 om

145 329 121 28 inteckning
281 332 70 19 senast
366 330 33 20 vid
416 329 64 28 sagda
496 331 44 27 ting
556 330 68 21 blifvit
635 330 67 27 gjord.
724 330 93 21 Sålunda
827 330 69 21 skalle

145 367 95 24 torparen
261 364 50 21 ernå
333 364 40 21 den
392 364 97 21 säkerhet
506 365 32 20 för
557 365 32 20 sin
611 365 156 26 nyttjanderätt,
782 367 30 18 att
827 365 74 20 denna'

144 398 47 21 icke
206 398 89 21 behöfde
311 399 48 20 vika
374 399 6 20 i
396 401 64 19 annat
474 399 43 26 fall,
532 401 26 19 än
575 399 36 21 der
627 399 119 21 hemmanet
758 399 139 27 utmätnings-

145 433 31 20 vis
196 433 69 21 såldes
284 433 32 20 för
331 433 65 20 sådan
411 433 91 27 fordran,
518 440 44 14 som
578 433 53 21 hade
643 433 104 22 företräde
763 434 87 20 framför
864 433 32 21 in-

145 467 99 28 teckning
265 467 141 21 öfverhufvud
428 480 27 3 —
471 468 18 20 d.
507 475 16 13 v.
540 475 14 13 s.
571 468 35 20 lön
622 467 20 21 åt
657 468 76 26 stadigt
748 468 94 21 anstälda
858 468 37 27 tje-

146 508 49 15 nare
215 502 12 21 å
249 503 121 20 hemmanet
391 504 54 19 samt
466 503 85 26 utskyld
570 503 39 20 och
624 502 88 21 likartad
729 502 71 27 utlaga
814 514 27 4 —
857 503 39 20 och

145 536 84 22 hvilken
253 537 47 21 icke
322 537 71 21 kunde
412 544 25 14 ur
455 537 124 27 lägenheten
597 537 54 27 utgå,
667 544 33 14 om
718 537 176 27 nyttjanderätten

146 571 53 28 egde
215 571 93 22 bestånd.

214 606 10 21 I
242 606 105 21 Utskottet
362 607 37 20 har
412 606 68 28 någon
491 606 239 28 meningsskiljaktighet
740 606 109 27 angående
861 607 33 20 be-

147 641 126 27 höfligheten
295 641 21 20 af
337 641 40 21 den
399 641 118 27 föreslagna
535 641 241 27 lagstiftningsåtgärden
792 639 47 22 icke
855 641 42 20 för-

146 678 72 24 sports.
247 674 31 27 Ty
299 675 5 20 i
325 675 75 27 sjelfva
420 674 72 22 verket
512 675 62 21 hafva
589 675 77 21 sådana
682 674 110 21 händelser
808 675 18 27 ej
843 674 54 21 varit

146 710 106 26 sällsynta,
273 712 30 18 att
324 709 260 28 kronohemmanstorpare
605 710 67 20 under
692 709 107 27 pågående
818 709 77 26 legotid

147 744 24 26 på
187 744 117 20 förberördt
319 746 40 19 sätt
375 746 49 18 utan
441 750 52 20 egen
510 744 115 27 förskyllan
642 744 67 20 blifvit
724 743 68 21 skilda
808 744 46 20 från
869 743 26 21 de

146 778 174 27 torplägenheter,
342 778 25 21 de
383 778 6 20 i
405 778 46 26 laga
474 778 90 28 ordning
581 777 46 22 haft
645 778 31 26 sig
688 777 106 27 upplåtna,
810 778 38 20 och
863 777 33 21 så-

147 812 65 20 lunda
234 812 43 27 gått
300 812 61 21 miste
379 819 33 14 om
434 812 108 21 frukterna
560 812 21 21 af
599 812 35 21 det
656 812 72 20 arbete
744 812 38 20 och
798 812 26 20 de
840 812 55 20 kost-

147 846 63 20 nader
233 846 25 21 de
274 846 11 20 å
301 846 48 21 dem
373 846 89 27 nedlagt.
492 846 72 29 Enligt
588 846 115 22 Utskottets
726 845 54 29 åsigt
797 852 48 14 vore
861 845 35 21 det

145 881 75 26 derför,
236 881 73 21 främst
324 881 6 21 i
346 882 111 20 rättvisans
476 881 94 26 intresse,
586 887 45 14 men
648 881 62 20 äfven
726 880 32 21 till
773 880 123 28 afvärjande

145 915 22 21 af
181 915 26 21 de
223 915 31 21 för
269 915 147 28 jordkulturen
432 915 12 21 å
460 915 163 22 kronohemman
635 915 151 27 ofördelakitga
797 914 99 21 verknin-

145 957 43 20 gar,
206 950 70 21 hvilka
299 950 137 21 osäkerheten
453 950 6 20 i
475 952 120 25 torparenes
611 949 113 28 besittning
739 949 6 21 i
761 950 31 19 sin
810 949 47 20 mån
873 950 24 19 är

145 985 68 26 egnad
228 986 30 20 att
273 985 100 26 medföra,
388 984 110 27 angeläget
513 987 30 18 att
558 987 81 24 torpare
654 983 12 21 å
682 984 164 21 kronohemman
861 983 34 20 be-

147 1019 60 20 redes
221 1019 68 26 skydd
305 1019 33 20 för
353 1019 32 20 sin
401 1019 165 26 besittningsrätt
581 1018 61 21 äfven
653 1018 32 20 för
695 1019 40 20 den
749 1017 105 26 händelse,
867 1019 30 18 att

147 1054 118 21 hemmanet
284 1053 65 28 köpes
367 1053 31 21 till
413 1053 67 21 skatte
496 1054 38 20 och
550 1053 63 21 sedan
630 1053 100 27 försäljes.
750 1065 24 3 --
791 1052 106 21 Utskottet

145 1088 39 20 har
207 1087 77 28 jemväl
307 1087 100 27 enhälligt
423 1088 95 20 omfattat
533 1087 35 21 det
583 1087 6 20 i
604 1087 157 27 propositionen
777 1086 120 27 föreslagna

145 1122 135 26 förfarandet,
296 1122 88 21 emedan
408 1121 116 22 detsamma
546 1121 26 28 på
593 1123 30 19 ett
645 1120 192 22 tillfredsställande
856 1122 41 19 sätt

146 1162 64 20 synes
224 1156 47 22 leda
287 1156 30 22 till
333 1156 36 21 det
382 1156 94 27 åsyftade
489 1156 124 25 ändamålet,
625 1158 30 19 att
668 1159 95 24 torparen
775 1154 120 28 icke
824 1150 10 37 i
842 1154 53 28 följd

146 1191 59 21 deraf
223 1194 30 18 att
272 1191 121 21 hemmanet
411 1191 133 27 skatteköpes
559 1190 34 22 må
608 1190 72 21 kunna
696 1190 42 21 lida
754 1190 121 28 minskning
890 1190 6 20 i

146 1226 32 20 sin
194 1228 45 18 rätt.

214 1260 11 20 I
240 1260 41 21 den
297 1260 77 26 nådiga
386 1260 156 27 propositionen
554 1260 37 20 har
601 1260 105 26 angifvits,
717 1261 29 19 att
756 1258 100 28 förslaget
865 1258 32 21 till

147 1294 148 27 förordningen
319 1294 114 21 föranledts
456 1294 26 20 bl.
501 1302 19 12 a.
538 1293 59 21 deraf
619 1296 29 18 att
669 1294 35 20 det
726 1293 30 21 till
780 1292 117 22 Ständerna

147 1328 156 21 öfverlemnade
319 1328 99 27 förslaget
432 1328 32 21 till
477 1328 33 27 lag
522 1335 34 13 om
568 1328 46 27 lega
624 1328 21 20 af
658 1330 45 24 torp
714 1328 39 20 och
764 1327 84 21 dermed
859 1327 38 20 lik-

146 1363 54 20 stäld
219 1362 151 26 nyttjanderätt
389 1362 31 20 till
434 1362 46 26 jord
496 1362 26 26 på
538 1362 76 24 landet,
630 1361 80 20 hvilket
724 1360 60 27 ingår
799 1361 7 19 i
821 1361 75 25 nådiga

147 1396 154 27 propositionen
318 1395 40 21 N:o
376 1396 31 24 17,
418 1395 46 21 icke
474 1397 79 18 ansetts
566 1395 70 20 kunna
646 1394 104 27 tillämpas
760 1394 12 20 å
783 1400 29 14 nu
823 1394 74 26 ifråga-

147 1429 92 22 varande
258 1429 45 28 slag
323 1430 21 20 af
362 1429 103 27 legoaftal.
495 1428 84 28 Tydligt
594 1430 22 20 är
631 1428 69 26 också,
714 1430 30 18 att
759 1427 27 22 då
800 1428 49 20 aftal
863 1434 33 14 om

216 1475 46 23 Lag-
275 1474 31 19 och
320 1474 182 19 Ekonomiutskottets
513 1474 115 18 betänkande.
635 1474 67 18 N:o.
685 1470 20 33 5.
