1067 1720
340 142 27 22 U.
383 143 24 21 B.
424 155 26 3 —
466 143 71 28 Prop.
552 143 39 23 N:o
607 143 37 22 20.
853 143 26 21 19

129 215 64 21 samt
212 214 31 22 de
261 214 93 23 insatta
373 214 96 23 medlen
490 215 34 22 till
537 215 50 22 280
597 215 114 28 miljoner
724 215 77 22 mark.
823 215 54 22 Men

129 247 174 24 erfarenheten
324 249 56 22 frän
404 249 78 22 andra
504 249 88 22 länder
613 249 47 22 har
677 249 92 28 jemväl
788 249 91 28 ädaga-

128 283 59 28 lagt,
205 282 37 22 att
255 283 52 22 smä
323 283 83 22 lokala
420 283 250 29 kreditinrättningar
688 283 115 22 hvarken
820 285 60 20 mot-

129 323 74 16 svara
223 317 142 22 ändamälet
383 318 59 21 eller
456 318 77 22 verka
547 318 56 22 med
616 317 141 30 framgäng,
772 319 61 20 utan
845 319 35 20 att

131 351 95 30 stödjas
237 352 25 23 af
273 359 30 15 en
315 352 38 22 för
361 352 54 23 dem
427 352 86 23 afsedd
525 352 118 23 särskildt
653 352 163 30 organiserad
827 359 54 15 cen-

129 386 144 23 tralanstalt.
302 387 42 22 Att
367 387 25 22 fä
420 387 36 22 till
484 387 71 23 ständ
579 394 29 15 en
632 387 69 28 dylik
721 387 98 26 anstalt,
839 387 39 22 för

128 421 95 22 hvilket
250 421 116 22 ändamål
394 421 153 23 tilldelandet
566 422 25 21 af
610 422 153 28 statsbidrag
783 423 94 20 ansetts

128 455 157 30 nödvändigt
304 456 75 22 äfven
398 456 6 22 i
423 456 182 28 kapitalstarka
633 456 45 22 och
700 456 61 29 högt
779 456 100 22 utveck-

127 490 56 22 lade
204 491 95 26 länder,
326 491 80 22 såsom
426 492 7 21 i
453 491 146 29 Frankrike,
623 491 122 22 Preussen
765 491 45 22 och
831 490 48 22 Un-

128 531 69 22 gern,
218 526 84 21 ställer
321 526 38 28 sig
377 525 77 23 likväl
473 526 81 22 under
572 526 45 22 hos
636 532 41 16 oss
696 526 113 22 rådande
825 526 54 21 kre-

128 559 211 23 ditförhållanden
367 562 88 26 ytterst
480 560 74 27 svårt,
577 560 53 22 ifall
652 560 124 29 förstaget
795 560 21 28 ej
835 566 44 16 un-

128 594 129 22 derstödes
285 594 56 22 med
368 594 141 29 betydande
539 594 150 23 subvention
709 595 26 21 af
753 594 125 22 allmänna

127 629 86 22 medel.

195 664 36 22 På
249 664 84 29 grund
353 664 25 23 af
395 665 42 22 det
459 664 183 23 ofvananförda
665 664 45 22 och
729 663 56 23 med
804 663 75 23 beak-

128 699 75 22 tande
222 699 25 22 af
265 700 92 21 tvenne
383 699 34 22 till
443 699 185 29 Ridderskapet
651 699 45 22 och
715 699 80 22 Adeln
815 700 64 21 samt

128 733 189 22 Bondeståndet
341 734 95 29 ingifna
464 735 45 21 och
537 734 34 22 till
601 733 138 23 Utskottets
769 733 110 23 behand-

127 768 52 29 ling
212 768 187 23 öfverlemnade
432 769 222 28 petitionsförslag,
682 769 39 21 får
754 768 126 23 Utskottet

127 803 129 23 vördsamt
274 803 98 27 föreslå,

367 868 36 21 att
428 867 146 23 Ständerna
593 868 10 20 i
622 867 43 22 sitt
692 873 59 16 svar
771 866 37 30 på
831 867 49 22 den

333 901 99 30 nådiga
448 902 192 29 propositionen
656 901 59 22 ville
731 902 10 22 i
754 901 126 23 underdå-

333 937 86 29 nighet
444 937 116 26 anhålla,
584 937 36 21 att
645 936 80 22 derest
748 943 29 15 en
800 936 80 22 ända-

333 971 145 29 mälsenligt
503 971 168 30 organiserad
690 971 189 23 centralkredit-

333 1006 103 26 anstalt,
456 1007 57 22 med
540 1006 101 29 uppgift
660 1004 141 34 attzgenom
833 1006 48 22 för-

333 1042 113 28 medling
466 1042 31 22 af
512 1041 135 29 andelslag
665 1041 133 29 tillgodose
817 1041 62 22 min-

333 1076 44 22 dre
390 1076 184 28 jordbrukares
596 1076 57 22 med
677 1076 60 22 flere
763 1076 117 28 närings-

333 1111 103 22 idkares
461 1110 165 26 kreditbehof,
652 1118 90 22 genom
769 1111 110 22 enskildt

333 1146 115 22 initiativ
462 1146 111 22 kommer
583 1145 40 24 till
633 1146 84 26 ständ,
730 1146 149 22 densamma

334 1180 74 22 mätte
426 1180 31 22 af
470 1182 82 20 staten
571 1179 99 23 erhålla
688 1180 91 28 nödigt
791 1180 89 22 under-

332 1214 63 22 stöd.

196 1358 11 21 I
226 1358 222 28 handläggningen
470 1358 25 21 af
513 1358 67 21 detta
600 1358 92 21 ärende
711 1357 77 21 hafva
802 1357 75 22 delta-

128 1392 35 28 git
182 1391 169 22 ordföranden
371 1391 29 22 E.
414 1391 112 25 Berneri,
543 1391 168 22 ledamöterne
724 1390 153 22 friherrarne

128 1426 29 22 O.
183 1425 86 23 Wrede
288 1426 46 29 och
355 1426 27 22 A.
401 1432 50 15 von
468 1425 135 29 Knorring,
621 1425 75 22 Adolf
715 1425 117 26 Aminoff,
852 1425 28 22 E.

128 1460 152 29 Furuhjelm,
300 1460 22 22 J.
343 1460 27 22 R.
388 1460 143 26 Danielson,
546 1460 27 22 K.
587 1460 28 22 A.
632 1459 161 27 Schroderus,
808 1459 27 23 G.
851 1460 27 22 A.

197 1504 48 23 Lag-
258 1504 32 18 och
303 1504 183 18 Ekonomiutskottels
499 1504 110 18 betänkande
623 1504 40 18 N:o
676 1504 16 17 9.
