1075 1773
386 146 23 24 U.
425 147 23 23 B.
466 161 25 3 —
508 148 63 29 Prop.
587 148 38 25 N:o
640 146 36 24 24.
892 148 13 20 5

234 213 27 21 33
277 212 21 29 &.
330 213 167 29 Ridderskapet
520 215 43 21 och
587 214 73 21 Adeln
682 214 42 21 har
747 214 100 25 beslutit,
874 216 32 18 att

160 248 212 28 begynnelseorden
398 250 140 27 »Angifvelse
562 257 38 15 om
623 250 73 21 brott»
723 250 74 20 skulle
813 249 92 27 utbytas

161 287 49 19 mot
233 284 72 22 orden
331 279 63 27 »Ätal
417 286 35 21 för
468 286 80 21 brott».
581 286 34 21 Då
631 286 61 21 detta
709 286 145 21 sistnämnda
870 288 34 18 ut-

160 321 66 27 tryck
242 320 81 22 härvid
340 321 165 29 otvifvelaktigt
521 323 25 19 är
561 322 107 27 riktigare
688 328 53 14 men
757 321 104 27 betingar
877 328 28 14 en

160 357 99 27 ändring
282 356 24 21 af
328 356 28 22 de
381 364 79 15 senare
476 358 7 21 i
500 364 90 15 samma
606 358 93 26 mening
714 357 191 21 förekommande

160 393 71 21 orden
257 400 66 14 »men
348 394 52 21 sker
416 394 59 28 det»,
496 394 35 22 fär
546 395 114 21 Utskottet
676 394 119 21 vördsamt.
811 393 94 21 föreslä:

441 462 36 20 att
499 461 124 21 Ständerna
648 460 48 22 ville
719 460 122 28 godkänna
864 459 41 28 föl-

368 497 69 27 jande
453 497 79 27 lydelse
546 497 36 27 för
596 504 66 14 mom.
681 498 10 20 1
709 498 28 26 af
749 498 29 20 33
793 497 28 27 $:

435 528 78 27 »Åtal
526 534 44 27 för
586 534 71 20 brott
672 535 56 19 emot
739 534 71 20 denna
821 532 83 28 förord-

372 569 53 28 ning
443 572 103 26 upptages
558 570 42 21 och
612 570 99 27 afdömes
722 570 27 27 af
758 570 40 21 den
807 570 48 26 rätt,
865 569 41 21 där

374 606 73 21 brottet
463 606 70 28 blifvit
540 607 126 27 uppenbart,
683 612 58 15 men
759 606 146 28 uppdagas

373 642 98 22 brottet
487 642 36 22 vid
538 642 130 22 embetsverk
683 649 19 15 o.
718 649 17 14 s.
753 649 18 15 v.

230 713 109 27 Slutligen
363 714 43 21 har
428 714 190 27 Borgareständet
634 714 122 28 uppdragit
772 715 23 20 ät
812 714 91 21 Utskot-

157 750 31 19 tet
204 751 33 19 att
252 751 103 26 uppgöra
372 756 31 21 ny
413 750 128 27 beräkning
557 750 24 21 af
590 750 132 21 inkomsten
734 750 51 21 från
796 750 108 27 stämpel-

157 784 157 28 bevillningen
325 786 75 21 under
408 786 208 21 nästinstundande
625 785 157 29 finansperiod
790 786 30 28 pä
828 786 75 26 grund

158 820 24 20 af
202 827 27 14 en
253 821 70 27 högre
339 822 139 27 exempelvis
494 823 13 20 3
518 821 24 28 1/,
560 821 28 25 %/o
605 822 57 27 årlig
676 822 96 21 tillväxt.
804 822 53 20 Men
873 822 30 20 dä

157 856 72 27 öfriga
252 857 68 21 ständ
344 858 102 26 godkänt
470 858 125 21 Utskottets
618 858 85 27 förslag
718 858 34 20 till
768 857 135 27 beräkning,

158 899 50 14 som
232 893 71 21 redan
324 896 111 25 upptager
451 901 28 14 en
496 895 68 26 högre
580 895 56 26 ärlig
652 894 89 21 tillväxt
756 895 31 20 än
803 894 44 21 den
863 894 40 20 nä-

157 929 52 26 diga
225 929 182 28 propositionen,
418 930 83 22 tilläter
513 930 33 27 sig
557 931 115 21 Utskottet
683 930 119 21 vördsamt
813 929 89 22 föreslä:

442 1004 31 19 att
496 1002 181 28 Borgareständet
701 1002 54 27 ville,
777 1003 50 20 med
841 1002 61 28 frän-

371 1039 84 26 gående
479 1039 27 27 af
525 1039 35 21 sitt
584 1039 67 20 beslut
676 1037 7 22 i
705 1039 72 20 denna
794 1039 39 26 del,
849 1039 53 26 god-

371 1075 76 20 känna
468 1075 110 21 Ulskottets
593 1075 90 28 förslag.

228 1138 149 29 Helsingfors,
395 1140 44 22 den
457 1141 26 21 16
500 1141 44 27 Maj
563 1141 63 21 1900.

228 1279 9 21 I
261 1280 202 27 handläggningen
486 1280 25 21 af
529 1280 60 21 detta
606 1278 84 23 ärende
706 1278 64 22 inom
788 1280 113 21 Utskottet

155 1315 69 21 hafva
248 1316 92 26 deltagit
365 1316 154 21 ordföranden
536 1316 116 21 Snellman
669 1318 60 18 samt
745 1316 156 21 ledamöterne

155 1351 133 27 Schulman,
315 1352 132 26 Grotenfelt,
475 1352 122 26 Wegelius,
623 1352 112 26 Ilmanen,
762 1352 137 26 Päivärinta,

155 1382 83 31 Öberg,
262 1386 150 28 Aejmelaeus,
438 1388 89 26 Idman,
551 1388 120 25 Forsman,
696 1387 137 21 Danielsson
855 1388 45 20 och

157 1421 95 27 Flygare
268 1422 119 21 äfvensom
404 1421 72 22 delvis
493 1422 150 28 suppleanten
660 1422 143 26 Rosengvist.

226 1528 159 24 Bevillningsutsk.
399 1529 180 24 sammanj.-förslag.
605 1529 39 19 Bet.
657 1529 34 19 N:o
704 1531 17 17 3.
