1064 1745
421 137 28 22 U.
464 137 27 21 B.
507 149 27 3 —
548 137 72 27 Prop.
635 136 40 22 N:o
691 137 35 21 29.

410 204 46 21 Der
472 204 209 28 omständigheterna
697 204 80 21 sädant
789 203 101 28 päkalla,
902 211 48 20 eger

343 239 116 25 Guvernör,
472 239 54 27 efter
538 238 137 21 inhemtande
685 238 29 27 af
717 238 158 21 vederbörande
879 239 68 27 polis-

339 272 134 28 myndighets
491 273 107 28 yttrande,
614 272 104 28 förbjuda
737 273 62 20 såväl
815 272 135 28 försäljning

340 307 35 20 till
391 307 134 28 afhemtning
539 314 44 13 som
599 307 147 28 utskänkning
761 307 28 28 af
797 307 21 21 öl
828 307 39 21 och
874 309 77 26 porter

340 341 69 21 under
434 341 132 21 marknader
592 341 37 21 och
656 341 118 28 torgdagar
799 344 56 18 samt
881 341 67 28 dagen

341 375 144 28 derförinnan
509 376 109 27 äfvensom
640 376 37 20 vid
699 376 72 21 andra
790 375 112 28 tillfällen,
921 375 29 21 dä

339 412 69 18 större
430 410 141 27 folksamling
589 417 47 20 eger
655 417 54 17 rum,
729 410 53 20 dock
801 412 32 18 att
851 410 97 27 antydda

339 443 80 27 förbud
438 444 47 20 icke
502 445 36 19 mä
556 444 109 27 innefatta
683 443 160 28 inskränkning
861 444 9 19 i
884 443 64 28 bryg-

337 478 121 27 geriegares
473 478 8 19 i
497 478 52 26 stad
557 480 44 18 rätt
614 480 31 18 att
653 478 123 27 (utesl.)
750 473 27 36 pä
784 477 165 28 beställning

339 512 36 20 till
394 512 115 27 afpnämare
529 512 7 19 i
551 512 49 21 stad
619 512 69 27 forsla
707 511 49 21 sina
775 511 176 28 tillverkningar.

340 573 31 1 =
405 546 39 29 Om
453 546 58 29 tid,
535 547 28 20 dä
566 546 167 30 utskänkning
755 546 36 21 mä
813 553 39 21 ega
869 552 50 14 rum
939 546 13 20 å

339 581 62 25 hotel,
416 581 134 21 konditorier
565 581 38 21 och
618 581 71 20 andra
700 581 172 27 näringsställen
882 580 9 21 i
902 580 50 21 stad

339 615 38 21 och
394 616 32 27 pä
446 615 80 24 landet,
545 615 39 21 der
602 615 187 21 värdshusrörelse
804 615 71 27 idkas,
890 615 61 27 gälle

338 649 57 21 hvad
413 650 72 21 derom
505 651 26 19 är
549 650 52 21 eller
620 649 117 28 framdeles
756 649 43 21 kan
817 649 68 21 varda
901 649 48 27 för-

339 684 101 21 ordnadt.
480 677 21 27 Ä
526 684 133 28 gästgifveri,
685 685 38 20 der
752 683 147 28 utskänkning
925 683 26 28 af

339 718 144 27 maltdrycker
500 719 22 19 ät
537 718 90 21 resande
642 720 27 18 är
683 719 93 24 tilläten,
787 719 36 20 mä
833 718 70 21 sädan
913 720 36 18 ut-

338 752 123 28 skänkning
477 759 38 21 ega
531 760 48 13 rum
595 752 47 21 alla
658 752 56 21 tider
730 753 28 27 af
771 752 84 28 dygnet.

613 810 15 27 $
643 810 35 20 17.

411 851 26 25 ÖL
457 855 52 21 eller
520 858 75 24 porter
610 855 36 21 mä
665 855 45 20 icke
726 856 13 20 &
758 855 194 28 försäljnings-

339 890 66 20 eller
423 889 224 28 utskänkningsställe
666 889 105 21 utlemnas
790 889 34 21 till
843 890 47 25 den,
906 896 45 14 som

339 923 139 29 synbarligen
494 926 26 19 är
535 924 140 28 öfverlastad,
693 924 38 21 och
743 924 22 28 ej
776 924 67 21 heller
855 924 34 21 till
903 924 48 25 den,

338 966 44 14 som
399 958 45 21 icke
461 959 92 27 uppnätt
569 959 81 27 femton
666 959 33 21 är.

407 993 56 25 Den,
482 1000 44 14 som
545 995 26 19 är
589 993 141 27 öfverlastad,
745 994 38 26 fär
802 993 21 27 ej
837 993 110 27 utdrifvas

338 1028 53 27 från
409 1028 229 28 utskänkningsställe,
659 1028 85 20 hvarest
762 1028 45 20 han
825 1028 122 28 maltdryck

339 1062 87 28 förtärt,
444 1062 52 20 eller
512 1064 53 19 utan
581 1062 54 21 värd
651 1063 89 20 lemnas.

614 1120 16 26 $
645 1120 34 20 18.

406 1166 57 24 Den,
481 1172 43 14 som
546 1166 35 20 vid
597 1165 81 21 handel
692 1165 69 27 säljer
775 1165 54 21 eller
843 1165 109 21 utlemnar

339 1199 84 21 mindre
439 1201 28 19 än
483 1200 34 20 det
533 1200 35 20 till
583 1200 136 27 försäljning
729 1200 9 20 i
749 1199 76 28 hvarje
837 1199 44 28 fall
891 1199 60 21 med-

337 1233 64 28 gifna
421 1234 80 20 minsta
517 1234 82 28 belopp,
616 1234 52 20 eller
683 1236 42 18 mot
740 1234 129 28 stadgandet
883 1234 9 20 i
901 1233 22 27 $£
939 1234 14 19 9

339 1268 56 20 låter
417 1268 34 21 det
473 1268 66 27 köpta
562 1269 13 20 å
595 1268 73 20 stället
689 1268 104 27 förtäras,
813 1268 52 20 eller
882 1268 70 27 öfver-

339 1300 74 21 träder
432 1300 105 28 förbuden
557 1302 7 19 i
579 1302 15 26 $
609 1302 20 23 6,
645 1300 15 27 $
676 1302 27 19 14
719 1308 68 13 mom.
803 1302 15 19 2
833 1302 38 19 och
885 1301 16 28 $
916 1301 36 24 15,

339 1334 53 20 eller
410 1335 8 19 i
438 1334 105 28 egenskap
563 1335 28 27 af
605 1335 134 27 gästgifvare
755 1335 117 20 utskänker
886 1335 68 20 malt-

339 1369 66 27 dryck
425 1369 22 20 åt
467 1375 74 14 annan
561 1371 29 18 än
609 1369 97 25 resande,
723 1369 45 21 böte
783 1369 71 27 första
867 1369 85 28 gången

339 1403 53 28 från
411 1403 38 20 och
467 1403 48 20 med
533 1403 107 28 tjugufem
659 1403 34 20 till
713 1403 39 21 och
770 1403 48 20 med
835 1403 117 21 etthundra

339 1438 74 28 femtio
437 1437 61 22 mark
522 1437 37 22 och
582 1437 72 22 andra
672 1438 85 29 gången
777 1438 53 27 från
849 1438 38 21 och
905 1437 48 22 med

271 1484 184 18 Ekonomiutskottets
467 1484 110 18 betänkande
590 1484 35 18 N:o
641 1485 14 16 7.
