1075 1781
399 136 24 25 U.
439 136 23 23 B.
478 148 28 4 —
523 137 61 29 Prop.
602 136 41 24 N:o
651 137 37 23 24.
892 136 29 23 59

172 207 43 22 per
227 200 23 23 af
265 201 107 28 tjugofem
388 202 43 21 och
445 201 76 22 femtio
538 203 78 26 pennis
632 204 57 19 samt
704 208 36 20 en,
761 202 38 22 två
815 202 42 22 och
872 202 49 27 fyra

172 237 75 20 marks
257 236 94 27 valörer,
363 239 57 20 samt
431 238 187 26 stämpelmärken
628 237 24 22 af
661 237 52 26 fem,
724 237 38 26 tio,
773 238 69 27 tjugu,
851 238 70 26 tjugu-

171 271 52 26 fem,
239 271 80 28 fyratio
335 273 43 20 och
393 272 76 21 femtio
486 274 77 25 pennis
580 275 57 19 samt
652 279 28 14 en
696 273 82 26 marks,
794 279 29 15 en
838 273 42 21 och
891 278 28 15 en

171 307 47 21 half
233 308 81 25 marks,
331 307 43 26 två,
391 309 40 24 tre,
447 307 56 28 fyra,
523 309 50 26 fem,
589 309 38 24 tio,
643 308 90 26 femton,
757 309 69 26 tjugu,
851 308 68 26 tjugu-

171 343 52 26 fem,
239 344 80 25 trettio,
335 343 87 27 fyratio,
438 343 84 27 femtio,
539 343 124 26 etthundra,
679 342 125 23 tvåhundra
815 343 42 22 och
867 343 53 21 fem-

171 378 88 22 hundra
274 379 75 21 marks
368 379 93 22 valörer.

516 445 29 22 20
559 444 23 29 8:

243 485 152 28 Stämplarnas
411 487 106 22 utseende
539 487 42 21 och
605 487 56 21 form
677 487 120 22 fastställes
814 487 23 21 af
853 486 66 23 Sena-

170 523 49 20 tens
235 522 280 27 Ekonomiedepartement,
532 529 48 16 som
595 523 83 26 jämväl
694 523 114 22 meddelar
816 524 103 21 närmare

170 557 137 23 föreskrifter
323 558 95 22 rörande
434 560 67 20 sättet
516 559 35 21 för
565 559 148 27 stämplarnas
729 559 143 27 makulering.

516 641 26 22 21
559 640 21 29 &.

242 683 43 21 För
301 685 31 19 att
347 682 168 22 tillhandahälla
527 683 148 22 allmänheten
686 683 179 27 stämpelpapper
877 683 42 22 och

171 718 186 28 stämpelmärken
373 719 57 21 skall
446 719 6 21 i
468 719 77 26 hvarje
561 719 49 21 stad
631 721 57 19 samt
703 719 7 21 i
726 719 76 26 hvarje
825 719 94 27 tingslag

171 757 90 24 antagas
277 755 55 21 efter
348 754 68 22 behof
432 761 27 15 en
475 755 54 21 eller
544 754 53 23 flere
612 755 123 26 försäljare,
748 755 41 20 hos
805 755 75 21 hvilka
891 754 27 22 de

171 793 56 19 mest
249 790 109 27 behöfliga
374 790 83 22 värden
479 791 56 21 böra
557 791 71 21 finnas
644 793 32 19 att
691 790 67 27 tillgå.
789 791 42 21 Vid
847 790 72 22 finska

171 826 212 27 Passexpeditionen
398 827 7 20 i
422 826 32 22 S:t
470 826 133 27 Petersburg
619 827 40 20 bör
673 826 83 27 jämväl
772 826 90 27 lämplig
877 826 42 22 för-

171 862 80 27 säljare
267 863 113 25 anställas,
396 862 35 22 för
447 864 31 19 att
494 862 167 22 tillhandahålla
677 861 150 22 allmänheten
843 862 27 21 de
883 868 36 15 va-

170 898 59 21 Törer
244 897 23 22 af
282 897 179 28 stämpelpapper
484 898 42 21 och
549 898 193 27 stämpelmärken,
766 904 48 15 som
834 897 34 22 för
884 897 35 22 be-

170 933 76 21 hofvet
269 933 115 21 därstädes
407 933 76 21 kunna
504 934 117 21 erfordras.
654 933 70 21 Dessa
745 933 116 26 försäljare
878 939 40 21 ega

169 969 35 20 för
220 968 78 27 medel,
315 975 49 15 som
380 975 78 20 genom
475 969 159 27 försäljningen
649 968 83 27 inflyta,
746 969 7 20 i
769 968 149 27 försäljnings-

170 1004 113 28 provision
298 1004 99 22 beräkna
413 1005 33 26 sig
461 1004 32 22 till
509 1005 64 27 godo,
585 1005 7 20 i
606 1003 136 28 Helsingfors
758 1006 40 23 tre,
815 1004 7 21 i
838 1003 33 22 S:t
881 1003 38 30 Pe;

169 1040 101 28 tersburg
285 1040 43 22 och
343 1039 71 28 öfriga
430 1040 75 22 städer
520 1041 50 27 fyra
585 1041 97 26 procent,
692 1040 42 22 och
750 1039 28 29 pä
794 1039 75 22 landet
884 1039 35 22 för

170 1076 85 22 influtet
271 1076 80 28 belopp
368 1076 22 22 af
406 1076 59 22 ända
476 1077 32 21 till
519 1079 86 19 ettusen
621 1076 64 21 mark
696 1075 46 23 ätta
752 1078 97 25 procent,
861 1078 58 20 samt

169 1112 50 28 fyra
235 1114 91 26 procent
341 1112 35 22 för
391 1112 59 22 hvad
474 1118 102 16 summan
599 1112 34 21 för
652 1111 47 22 äret
715 1112 46 21 kan
776 1112 77 26 utgöra
869 1111 49 22 där-

170 1148 93 26 utöfver,
280 1148 90 22 hvilken
386 1149 112 26 provision
523 1148 115 26 försäljare
653 1154 52 20 eger
720 1148 8 21 i
744 1147 127 27 afgifvande
887 1154 32 16 re-

169 1184 117 28 dovisning
301 1184 35 21 för
352 1184 28 21 de
396 1184 93 21 influtna
512 1184 87 22 medlen
619 1183 70 22 räkna
705 1184 33 27 sig
753 1183 33 21 till
801 1183 58 27 godo
875 1184 42 21 och

169 1219 112 23 innehälla
296 1220 38 21 vid
349 1219 101 23 medlens
468 1220 128 27 leverering.

515 1302 28 22 22
558 1301 21 30 8.

241 1344 215 28 Försäljningsställe
464 1344 57 22 skall
531 1344 72 22 hällas
613 1344 36 22 för
659 1344 150 22 allmänheten
822 1344 97 27 tillgäng-

169 1381 38 27 Egt
223 1381 76 27 hvarje
315 1380 125 28 söknedag:
457 1381 8 21 i
481 1380 50 22 stad
546 1379 50 23 från
611 1380 95 22 klockan
722 1380 37 21 nio
775 1379 48 22 före
835 1380 84 21 midda-

168 1422 43 20 gen
226 1416 33 21 till
274 1415 37 21 två
328 1416 174 26 eftermiddagen
517 1416 42 20 och
576 1415 28 27 pä
619 1415 152 27 landsbygden
787 1414 13 21 å
815 1416 39 24 tid,
869 1422 48 14 som

169 1451 116 27 försäljare
309 1456 79 21 genom
412 1450 78 27 anslag
512 1450 7 21 i
541 1450 195 26 kommunalstuga
752 1449 42 21 och
810 1450 108 26 tingsstad

241 1504 206 24 Bevillningsutskottets
459 1503 110 19 betänkande
581 1503 38 19 N:o
631 1504 17 17 3.
