1053 1714
345 112 26 23 U.
387 113 25 21 B.
427 127 26 2 —
469 114 70 27 Prop.
555 114 43 22 N:o
613 114 35 22 27.
840 114 27 20 45

119 194 24 14 ur
158 188 6 20 i
181 187 73 21 landet
278 187 114 21 bestående
408 187 166 28 kyrkosamfund
590 188 34 20 för
638 190 32 18 att
685 187 89 28 öfvergä
789 187 31 20 till
836 186 33 22 så-

119 221 52 21 dant
193 220 105 28 samfund,
316 228 44 14 som
376 221 47 21 icke
438 222 67 20 finnes
521 222 5 20 i
543 222 73 20 landet
631 221 113 27 behörigen
762 220 107 26 inrättadt,

118 254 72 26 borde,
213 256 63 20 innan
299 254 175 28 flyttningsbetyg
494 255 33 21 för
543 255 76 21 honom
636 254 101 26 utfärdas,
752 254 72 28 styrka
838 257 31 17 att

118 289 41 21 han
180 288 81 21 inträdt
283 289 6 19 i
313 288 37 21 det
372 288 173 28 kyrkosamfund,
565 289 33 20 till
613 288 81 22 hvilket
709 288 41 21 han
766 288 103 21 förklarat

119 322 32 28 sig
166 322 66 21 önska
248 321 96 29 öfvergå,
360 322 46 22 icke
422 330 62 20 synes
500 322 101 29 lämpligt,
617 326 49 17 utan
682 324 92 19 tvärtom
791 321 78 29 egnadt

119 359 31 19 att
165 358 6 19 i
188 357 106 27 väsentlig
309 356 47 21 mån
372 357 94 26 förringa
482 356 124 29 betydelsen
621 357 23 21 af
659 356 168 28 ifrågavarande,
843 356 27 28 på

118 391 110 27 religions-
254 391 40 21 och
319 391 198 21 samvetsfrihetens
544 392 81 28 princip
646 390 109 29 grundade
778 390 91 28 lagstift-

119 425 147 28 ningsåtgärd,
282 432 62 14 anser
358 426 35 27 jag
409 426 42 26 mig
467 426 50 20 böra
533 425 108 21 vördsamt
656 424 87 22 föreslå:

392 484 32 19 att
445 482 150 21 nästnämnda
618 482 69 21 vilkor
701 482 36 28 för
752 481 117 28 öfvergång

360 517 34 20 till
414 517 182 28 kyrkosamfund,
611 523 47 14 som
673 517 20 27 ej
707 516 73 28 finnes
794 516 10 20 i
819 516 49 20 lan-

358 551 35 20 det
415 551 112 27 behörigen
550 551 114 25 inrättadt,
686 551 66 20 måtte
773 557 28 14 ur
822 550 46 27 för-

359 585 216 28 faitningsförslaget
595 585 106 21 uteslutas
723 585 38 21 och
783 584 89 21 ärendet

358 619 10 21 i
389 620 80 21 sådant
492 620 100 27 afseende
617 619 34 21 tll
672 619 103 22 Utskottet
789 619 80 20 äterre-

359 654 105 21 mäitteras.

189 699 147 28 Helsingfors,
350 699 41 21 den
408 701 24 20 27
449 700 62 29 April
528 701 59 20 1900.

658 751 18 22 F.
692 749 111 30 Stjernvall.

191 797 41 20 Om
249 796 135 21 förestående
399 798 130 20 reservation
544 797 75 21 förena
634 797 42 27 sig:

189 842 20 23 R.
224 842 20 23 A.
258 842 75 23 Wrede.
615 843 18 23 J.
648 849 34 16 von
698 842 106 23 Haartman.

191 876 58 24 Ernst
264 876 110 24 Estlander.
618 877 18 22 T.
651 876 19 23 L.
686 877 44 22 Eck.

191 1466 149 23 Lagutskottets
353 1465 119 19 betänkande
484 1466 39 19 N:o
535 1467 28 16 12.
