1070 1720
365 106 28 22 U.
409 106 25 22 B.
451 118 25 3 —
491 105 73 29 Prop.
581 105 44 24 N:o
640 105 37 23 25.
882 106 14 20 3

145 173 35 21 Då
203 174 65 21 under
290 174 139 21 innevarande
452 174 22 21 är
495 174 64 28 några
580 174 81 22 mindre
685 174 73 28 anslag
774 174 122 28 ytterligare

147 208 70 21 kunna
232 208 84 22 komma
331 208 7 21 i
353 207 65 29 fräga,
433 208 39 21 har
480 208 112 21 Utskottet
598 211 70 18 ansett
681 208 101 28 beloppet
791 208 36 21 vid
840 207 56 21 ärets

145 241 78 29 utgäng
238 242 52 21 böra
304 241 101 23 beräknas
421 242 32 20 till
469 242 89 26 530,000
574 242 65 21 mark.
668 241 53 22 Med
736 242 97 20 afseende
846 241 51 21 därä

145 279 32 17 att
191 276 105 28 ökningen
311 276 23 21 af
349 276 108 21 städernas
479 276 87 28 utgifter
585 276 33 21 för
633 275 206 22 folkskoleväsendet
854 275 44 22 stär

146 311 6 19 i
168 310 127 28 ungefärligt
309 310 132 21 förhällande
456 310 31 20 till
504 310 159 28 folkmängdens
677 310 85 21 tillväxt
775 310 7 20 i
792 309 105 27 städerna,

146 344 48 21 kan'
206 344 33 21 det
253 347 92 25 antagas,
360 346 32 19 att
406 344 102 22 behofvet
522 344 22 22 af
558 344 129 28 statsbidrag
703 345 7 20 i
727 343 100 22 medeltal
844 343 53 22 skall

145 378 54 28 stiga
214 379 7 20 i
236 378 41 22 den
292 379 127 28 proportion,
441 386 44 13 som
501 379 7 20 i
528 378 41 22 den
592 378 76 28 nädiga
689 378 156 29 propositionen
861 377 36 22 be-

146 412 91 28 räknats,
259 412 50 21 eller
333 415 32 19 att
383 416 31 17 ett
429 412 62 28 årligt
505 412 91 21 tillskott
610 412 23 21 af
647 413 76 26 25,000
739 412 59 21 mark
813 412 33 21 för
861 414 36 19 än-

146 447 93 20 damälet
253 446 110 22 erfordras.

215 480 31 21 Pä
260 480 62 21 dessa
340 481 91 27 grunder
447 480 32 21 fär
496 480 109 22 Utskottet
619 480 78 21 föreslä
711 483 32 18 att
757 481 32 20 till
799 479 98 29 utgängs-

147 515 29 20 tal
192 518 59 25 tages
263 515 140 21 ofvannämda
419 515 77 28 belopp
511 514 23 22 af
548 515 90 26 530,000
660 515 66 26 mark,
749 514 38 21 och
810 517 32 18 att
862 514 37 21 det

147 548 65 29 ärliga
232 548 197 29 tillskottsanslaget
438 548 115 22 bibehälles
566 548 36 22 vid
620 549 75 25 25,000
710 548 66 21 mark.
805 548 11 20 1
832 548 66 28 enlig-

147 583 37 21 het
196 583 86 21 härmed
298 582 89 22 erhälles
402 583 92 28 följande
510 583 80 29 kalkyl:

278 652 24 22 år
317 653 53 21 1901
386 665 27 3 —
429 653 89 25 530,000
527 652 27 28 -4
562 652 76 26 25,000
645 661 28 10 =
682 652 89 26 555,000

288 696 8 11 >
315 687 54 22 1902
386 700 26 2 —
429 688 89 26 555,000
525 689 27 25 +
561 687 74 25 25,000
644 696 28 10 =
679 686 93 26 580,000

288 730 9 11 »
316 722 54 21 1903
385 734 27 4 —
428 722 90 26 580,000
526 722 26 27 +
562 721 75 26 25,000
645 730 28 10 =
681 721 91 26 605,000

288 766 8 10 >
315 757 54 21 1904
385 768 27 3 —
428 756 89 26 605,000
526 757 26 26 +
561 756 74 25 25,000
643 765 29 9 =
680 755 90 25 630,000

495 796 85 21 Summa
592 795 55 22 Fmk
662 796 110 26 2,370,000

148 861 7 20 i
170 860 72 21 stället
257 860 33 20 för
304 859 41 22 den
359 858 77 30 nädiga
457 859 165 28 propositionens
641 858 123 21 slutsumma
785 858 114 26 2,298,000

148 894 65 27 mark,
228 894 39 22 och
284 893 31 22 fär
331 893 111 22 Utskottet
457 893 81 22 säledes
553 892 108 22 vördsamt
675 891 87 23 föreslä:

422 958 33 20 att
471 956 123 21 Ständerna
609 955 66 22 måtte
690 955 78 28 bevilja
782 957 29 19 ett
820 955 80 28 anslag

353 991 30 27 af
401 991 128 26 2,370,000
549 990 62 21 mark
625 989 72 22 säsom
713 989 75 27 bidrag
803 989 36 27 för
854 996 44 15 un-

353 1025 84 21 derhäll
457 1024 29 28 af
502 1024 113 22 städernas
629 1024 117 28 folkskolor
761 1024 69 21 under
844 1023 56 22 ären

356 1060 146 20 1901—1904.

217 1169 40 21 Uti
277 1169 31 21 sin
331 1168 116 28 beräkning
468 1168 22 22 af
512 1167 156 29 anslagsposten
690 1167 35 21 för
745 1166 115 28 aflönande
876 1166 29 28 af

150 1204 200 28 Värarepersonalen
371 1203 38 21 vid
430 1202 146 28 folkskolorna
596 1202 31 28 pä
647 1202 74 21 landet
737 1204 80 26 upptog
832 1200 69 22 Stats-

148 1238 104 22 utskottet
266 1238 36 21 vid
318 1238 53 21 1897
387 1237 34 21 ärs
435 1237 102 27 landtdag
549 1239 32 19 ett
594 1236 78 28 belopp
687 1235 23 21 af
721 1236 109 26 1,330,000
841 1235 60 21 mark

149 1272 33 21 för
198 1272 23 21 år
237 1272 60 21 1898.
326 1271 32 21 Af
372 1271 27 21 de
413 1271 31 20 uti
459 1271 40 21 den
514 1270 77 28 nådiga
605 1270 155 29 propositionen
775 1268 126 22 meddelade

149 1305 99 22 siffrorna
262 1304 92 29 framgär
368 1307 31 19 att
414 1304 59 22 detta
488 1304 71 28 anslag
574 1304 47 21 icke
636 1304 63 27 tagits
717 1304 7 20 i
739 1303 96 28 anspräk,
850 1306 52 18 utan

149 1339 32 22 att
202 1339 35 20 för
257 1339 66 26 sagda
345 1337 95 22 ändamäl
463 1337 96 27 utgifvits
574 1337 74 21 endast
662 1337 54 20 Fmk
733 1337 117 25 1,226,607:
868 1337 34 19 42.

150 1373 72 27 Enligt
243 1371 113 22 Utskottet
373 1371 23 21 af
417 1365 171 33 Öfverstyrelsen
603 1369 34 22 för
651 1369 148 22 skolväsendet
814 1368 88 22 medde-

149 1406 47 22 lade
212 1405 71 22 siffror
298 1404 114 29 beviljades
428 1404 64 21 under
507 1403 23 21 är
546 1404 54 21 1899
616 1411 41 21 nya
671 1403 73 28 anslag

218 1451 145 20 Statsutskottets
375 1451 110 17 betänkande
497 1450 37 18 N:o
547 1452 17 15 4.
