1700 1906
661 214 29 23 U.
705 215 31 22 B.
751 228 24 2 —
791 215 74 28 Prop.
881 215 40 23 N:o
937 215 36 22 17.
1166 216 26 20 35

440 282 94 29 ligheten
550 283 101 28 gestaltat
665 284 33 27 sig
712 284 28 28 pä
755 286 31 19 ett
800 285 48 25 sätt,
863 291 45 14 som
923 283 48 22 icke
987 286 117 19 motsvarar
1118 283 75 21 hvad
1179 278 17 38 i

442 317 90 21 berörda
547 317 151 28 författningar
711 318 83 21 afsetts.

509 356 106 22 Brukares
639 358 193 28 arbetsskyldighet
847 358 141 21 förekommer
1002 358 31 20 uti
1049 365 28 13 nu
1092 357 100 28 gällande

440 390 102 28 legoaftal
563 392 7 20 i
589 391 95 29 följande
705 392 105 21 särskilda
831 392 79 21 former
931 392 115 28 nemligen:
1061 392 132 27 dagsverken

440 426 100 27 antingen
564 426 31 20 till
613 426 106 21 bestämdt
733 427 58 21 antal
805 427 7 20 i
828 427 81 21 veckan
925 426 45 21 året
985 434 33 13 om
1035 426 50 21 eller
1103 426 41 21 ock
1159 425 33 21 till

441 459 109 22 faststäldt
570 460 58 22 antal
650 460 34 21 för
706 461 45 21 helt
771 461 24 21 år
814 460 51 22 eller
880 461 41 21 ock
936 460 67 22 under
1018 462 57 20 vissa
1091 460 102 26 årstider;

439 495 64 27 jemte
526 494 105 22 ordinarie
654 495 105 29 dagsverk
781 496 127 28 hjelpdagar
929 496 32 20 till
980 496 55 20 visst
1049 494 58 22 antal
1122 494 70 22 under

441 528 65 22 bråda
534 528 134 28 arbetstider,
695 530 70 21 såsom
794 530 35 21 vid
855 530 74 22 slåtter
953 530 41 21 och
1018 529 74 27 skörd;
1119 530 74 27 öfver-

439 564 70 27 dagar
522 564 34 21 till
571 564 142 28 obegränsadt
721 565 57 21 antal
790 565 27 28 på
827 564 125 29 tillsägelse;
962 564 112 22 äfvensom
1084 564 109 21 särskilda

439 598 138 28 åligganden,
593 599 74 21 hvilka
682 600 47 20 icke
745 601 37 19 äro
797 599 110 21 bestämda
921 600 7 20 i
943 599 55 21 form
1014 599 23 21 af
1052 598 140 28 dagsverken.

508 632 12 22 I
535 633 154 28 hufvudsaklig
700 634 221 21 öfverensstämmelse
933 633 48 21 med
991 633 202 28 jordlegokomiténs

439 667 87 28 förslag,
546 668 69 21 skulle
638 668 66 28 enligt
725 668 41 21 den
791 668 77 28 nådiga
883 668 158 28 propositionen
1057 667 135 27 arbetslegan

439 701 89 21 sålunda
550 701 84 27 ordnas,
656 705 31 18 att
705 702 147 28 dagsverkena
867 701 66 22 borde
948 709 51 14 vara
1013 702 33 20 till
1061 702 79 20 antalet
1156 701 36 21 be-

439 736 82 22 stämda
544 736 41 22 och
607 736 24 22 så
651 736 110 22 fördelade
784 736 67 22 under
873 737 52 26 året,
947 739 31 19 att
994 736 105 22 brukaren
1114 742 78 22 genom

439 771 62 21 deras
524 770 135 29 fullgörande
681 772 18 27 ej
722 771 86 22 hindras
823 775 30 18 att
869 771 70 21 drifva
955 772 37 20 sitt
1007 773 48 26 eget
1070 770 123 28 landtbruk,

439 805 117 29 hvarjemte
571 805 210 29 öfverdagsverkena
798 805 64 22 borde
878 805 28 29 på
921 805 110 22 enahanda
1044 806 43 20 sätt
1096 804 96 22 fördelas

440 842 56 19 samt
510 841 90 20 ersättas
616 840 47 22 med
679 840 13 21 å
707 844 59 18 orten
781 840 105 28 gångbart
901 841 50 28 pris.

508 874 175 22 Vidkommande
699 874 75 22 främst
789 874 272 29 dagsverksskyldigheten,
1077 881 63 21 synes
1156 874 38 21 det

439 909 122 28 föreslagna
585 908 129 30 stadgandet
735 909 110 29 angående
867 909 50 21 dess
939 909 124 27 fördelning
1077 908 48 22 icke
1141 916 51 14 vara

439 951 42 21 nog
502 943 78 29 tydligt
602 943 99 22 affattadt
722 944 40 22 och
785 944 18 28 ej
819 944 66 21 heller
904 944 97 28 lämpligt
1021 943 70 21 såsom
1111 943 78 21 allmän

439 978 63 28 regel.
531 977 44 22 För
595 978 37 21 det
646 978 90 22 afsedda
751 978 120 21 ändamålet
886 980 24 19 är
924 978 43 26 det,
983 978 66 27 enligt
1064 977 126 22 Utskottets

439 1012 70 25 tanke,
532 1012 76 28 nödigt
629 1015 32 18 att
681 1012 95 28 särskilja
792 1012 13 21 å
820 1020 39 13 ena
874 1012 61 22 sidan
950 1011 27 22 de
992 1011 107 28 legoaftal,
1114 1011 76 21 hvilka

439 1046 107 22 innehålla
566 1046 135 28 bestämning
715 1048 19 27 ej
749 1046 91 22 allenast
854 1054 35 14 om
904 1046 80 21 antalet
999 1045 134 28 dagsverken
1148 1045 41 21 och

439 1080 130 30 hjelpdagar,
584 1083 51 19 utan
651 1080 63 22 äfven
730 1088 35 14 om
780 1081 59 21 tiden
854 1083 37 19 när
907 1080 26 22 de
949 1080 60 22 skola
1023 1082 91 26 utgöras,
1125 1079 13 21 å
1148 1079 43 21 den

439 1116 66 22 andra
520 1116 44 21 åter
579 1115 81 22 sådana
675 1116 58 26 aftal,
747 1116 8 21 i
770 1116 73 21 hvilka
857 1116 60 21 tiden
933 1116 47 20 icke
995 1114 72 23 blifvit
1085 1114 107 22 bestämd.

439 1151 11 21 I
473 1150 132 22 förstnämda
625 1150 39 22 fall
683 1150 81 22 känner
779 1151 104 21 brukaren
900 1150 28 29 på
942 1149 92 22 förhand
1049 1149 41 21 den
1106 1149 85 21 arbets-

441 1185 128 28 skyldighet,
599 1185 85 21 hvartill
699 1185 41 21 han
755 1184 111 22 förbundit
881 1186 39 26 sig,
935 1184 40 21 och
990 1184 42 21 kan
1047 1183 95 21 derefter
1151 1191 41 13 an-

440 1219 67 22 ordna
528 1219 94 21 skötseln
645 1219 22 22 af
689 1221 38 20 sitt
748 1222 49 25 eget
817 1219 103 28 jordbruk
942 1219 110 21 äfvensom
1071 1217 37 22 vid
1123 1217 66 22 behof

440 1254 97 21 anskaffa
558 1254 69 21 ökade
649 1253 158 22 arbetskrafter.
835 1254 74 27 Något
927 1253 70 28 giltigt
1011 1253 46 21 skäl
1073 1252 119 28 föreligger

440 1288 82 22 således
538 1289 47 20 icke
601 1289 38 20 här
651 1291 32 18 att
693 1289 114 21 inskränka
817 1288 127 28 rättigheten
955 1290 32 19 att
996 1288 7 20 i
1013 1286 173 29 legokontraktet

440 1323 48 21 fritt
502 1322 82 21 fördela
600 1323 82 20 arbetet
697 1323 28 27 på
737 1323 146 27 regelbundna
894 1321 135 28 veckodagar
1040 1321 51 21 eller
1101 1321 13 20 å
1123 1320 67 21 andra

440 1357 61 27 tider,
516 1364 46 14 som
577 1359 99 26 parterne
690 1357 57 20 finna
762 1357 108 28 lämpliga;
886 1355 41 22 och
942 1355 104 22 brukaren
1062 1355 41 21 kan
1114 1355 6 20 i
1131 1354 60 21 detta

440 1391 38 22 fall
501 1391 48 22 icke
565 1390 139 29 undandraga
719 1392 33 27 sig
769 1390 143 29 fullgörandet
929 1390 23 21 af
966 1391 32 20 sin
1013 1389 132 22 förbindelse
1160 1389 30 28 på

441 1427 41 20 den
504 1425 77 30 grund,
602 1428 31 19 att
651 1425 41 22 han
708 1425 61 22 deraf
783 1425 68 22 skulle
865 1424 87 22 hindras
967 1427 32 18 att
1013 1424 61 21 sköta
1090 1424 37 21 sitt
1142 1429 51 22 eget

440 1461 108 27 jordbruk.
578 1461 77 19 Denna
677 1460 157 27 omständighet
849 1460 38 20 bör
902 1459 95 20 deremot
1012 1458 47 21 med
1076 1458 49 20 fullt
1142 1457 46 21 skäl

440 1497 60 25 tagas
523 1495 6 19 i
552 1493 139 22 betraktande
705 1493 37 21 vid
758 1493 107 27 legoaftal,
881 1492 73 21 hvilka
969 1492 68 21 sakna
1053 1491 135 27 bestämning

440 1536 35 14 om
498 1527 60 22 tiden
579 1527 35 21 för
635 1527 160 28 skyldighetens
811 1526 138 29 fullgörande.
978 1525 33 29 Ty
1027 1527 6 20 i
1049 1525 141 22 nästnämnda

512 1575 48 22 Lag-
573 1575 32 18 och
618 1574 183 19 Ekonomiutskottets
814 1574 112 17 betänkande
939 1573 40 18 N:o
991 1574 17 17 4.
