1053 1717
176 123 26 21 36
289 131 5 5 e
396 121 26 22 U.
438 122 28 22 R.
481 136 27 2 —
524 121 74 27 Prop.
615 122 44 21 N:o
675 121 37 22 27.

527 196 12 20 2
556 196 18 26 &.

246 240 59 28 Vilja
327 240 103 21 föräldrar
452 241 56 20 inom
524 239 242 29 evangelisk-lutherska
782 239 81 28 kyrkan
878 239 48 21 icke

175 274 43 21 läta
241 275 37 20 sitt
299 274 52 21 barn
368 274 31 20 till
415 273 42 29 dop
473 274 106 26 befordra,
594 281 49 13 vare
659 273 97 28 skyldige
772 275 32 19 att
818 274 57 20 inom
889 272 38 22 tvä

180 308 101 21 mänader
295 308 56 21 efter
365 308 85 21 barnets
465 308 83 21 födelse
562 310 51 26 göra
629 308 97 20 anmälan
741 307 73 21 derom
831 308 38 20 hos
882 307 44 21 för-

176 342 128 28 samlingens
326 342 139 28 kyrkoherde,
487 342 86 22 hvilken
595 342 28 21 dä
638 341 38 21 bör
690 342 61 28 gifva
767 341 47 27 den,
829 350 46 13 som
890 349 37 13 an-

180 376 68 22 mälan
265 376 80 29 gjorde,
363 377 59 27 intyg
440 376 117 21 utredande
573 375 141 22 föräldrarnes
731 383 62 13 namn
809 376 40 21 och
864 375 63 22 ständ

178 411 51 21 eller
242 412 53 27 yrke
310 414 55 18 samt
379 411 108 21 födelseär
502 410 40 22 och
557 411 41 27 dag
614 410 118 28 äfvensom,
743 410 45 21 ifall
799 410 127 22 föräldrarne

178 447 36 19 äro
237 446 60 27 gifta,
320 447 39 19 när
381 445 26 21 de
428 446 68 27 ingått
516 446 128 26 äktenskap;
667 445 41 21 och
725 444 54 22 skall
794 444 59 22 detta
867 445 60 28 intyg

176 480 65 28 jemte
259 480 87 28 uppgift
365 487 34 13 om
422 480 84 21 barnets
522 480 81 21 födelse
619 480 56 20 inom
691 487 26 13 en
733 478 77 22 månad
826 479 55 21 efter
895 487 32 13 er-

179 514 110 21 hällandet
311 514 22 21 af
357 514 81 28 intyget
460 514 108 21 meddelas
586 513 240 29 registermyndigheten
847 514 36 20 för
897 516 31 19 att

176 549 7 20 i
201 548 110 28 offentligt
325 549 90 27 register
430 548 121 22 antecknas.

247 582 84 22 Samma
352 582 255 29 anmälningsskyldighet
628 589 44 14 som
696 582 104 21 föräldrar
822 582 81 28 äligger
920 583 7 21 i

179 616 120 22 förenämdt
314 616 101 22 afseende
430 617 62 21 äfven
509 624 69 14 annan
594 616 108 22 mälsman.

251 651 83 22 Varder
355 651 75 22 barnet
451 651 119 22 sedermera
592 651 32 21 till
647 650 43 29 dop
710 650 129 28 befordradt,
854 651 74 21 skall
918 646 13 38 i

180 685 102 22 afseende
304 685 13 21 å
336 686 49 21 dess
401 686 112 21 införande
531 687 7 20 i
554 685 159 22 vederbörande
728 685 135 29 församlings
878 685 49 22 huf-

179 720 88 22 vudbok
283 720 40 22 och
338 720 111 22 afförande
465 728 24 14 ur
504 720 110 28 offentligt
628 721 90 27 register
733 720 104 28 iakttagas
851 720 75 22 hvad
916 716 12 36 i

178 756 12 20 5
206 756 12 26 &
233 755 92 28 stadgas.

246 795 65 28 (Sista
325 803 62 13 mom.
402 795 69 21 säsom
487 796 6 20 i
509 795 156 26 betänkandet).

528 877 12 20 3
556 878 19 26 &.

249 922 57 21 Barn
323 922 33 21 till
374 922 109 27 föräldrar,
498 930 45 13 som
559 922 67 28 begge
641 922 70 22 finnas
727 924 7 20 i
749 922 110 29 offentligt
873 924 55 27 regi-

177 959 43 19 ster
242 956 91 27 införda,
355 956 54 21 skall
428 957 56 21 inom
499 956 37 21 tvä
551 956 100 22 mänader
667 956 55 22 efter
736 957 96 21 födelsen
848 958 31 20 till
895 958 32 21 in-

178 990 89 22 förande
289 992 6 20 i
319 991 98 27 registret
435 991 99 26 anmälas,
551 991 89 21 säframt
655 990 37 22 det
707 992 47 21 icke
771 991 109 22 befordras
895 992 32 21 till

177 1026 115 27 intagning
314 1026 56 20 inom
392 1025 66 28 något
479 1026 6 20 i
508 1026 72 21 landet
600 1025 113 29 behörigen
731 1026 102 22 inrättadt
850 1027 88 28 kyrko--

175 1059 106 21 samfund.

246 1094 41 21 Om
313 1094 24 21 af
351 1094 130 22 föräldrarne
496 1094 40 22 den
554 1103 38 13 ena
607 1094 70 22 finnes
693 1096 7 20 i
716 1095 109 29 offentligt
839 1096 89 27 register

176 1128 73 20 införd
272 1128 40 22 och
337 1128 41 21 den
399 1128 64 22 andra
478 1128 72 22 tillhör
564 1130 6 20 i
587 1129 72 21 landet
674 1129 116 21 bestäende
805 1130 123 28 kyrkosam-

176 1162 61 27 fund,
263 1162 54 21 skall
340 1162 75 22 barnet
437 1166 103 25 upptagas
563 1164 6 20 i
592 1170 79 14 samma
694 1163 85 26 böcker,
796 1164 38 21 der
849 1164 40 21 den
905 1166 24 19 är

177 1196 77 26 införd,
269 1196 88 21 hvilken
373 1196 83 22 barnets
472 1196 51 22 värd
539 1198 91 27 lagligen
645 1198 78 20 tillhör.

532 1277 13 19 4
560 1277 20 25 8.

244 1320 12 20 I
272 1320 101 21 afseende
389 1320 13 21 ä
417 1320 57 22 hem-
489 1321 40 22 och
544 1320 202 29 skolundervisning
760 1322 60 22 skola
831 1323 6 20 i
849 1322 79 22 offent-

176 1354 44 29 ligt
234 1355 91 27 register
339 1354 85 22 införda
437 1354 71 22 finska
523 1355 138 29 medborgare
676 1356 40 21 och
732 1356 62 22 deras
809 1356 51 22 barn
876 1364 51 15 vara

179 1389 160 22 underkastade
361 1389 97 29 gällande
480 1390 133 28 stadganden
635 1394 55 18 samt
711 1398 63 15 anses
792 1392 83 21 tilihöra
891 1392 36 22 det

179 1423 140 27 skoldistrikt,
334 1425 55 21 inom
405 1424 82 22 hvilket
501 1424 27 22 de
543 1426 36 20 äro
596 1424 88 23 bosatta.

247 1472 134 22 Lagutskottets
393 1472 109 18 betänkande
513 1472 39 18 N:o
564 1472 28 18 12.
