1050 1717
339 118 30 22 U.
386 119 27 22 B.
429 132 28 2 —
471 119 73 29 Prop.
563 118 42 24 N:o
623 118 36 23 27.
844 120 26 20 31

118 194 42 19 gen
183 187 38 21 sin
245 187 69 27 afsigt
337 187 40 21 hos
400 187 172 28 församlingens
598 188 130 27 kyrkoherde
754 187 117 21 tillkänna.

119 220 153 21 Framhärdar
293 221 52 25 han,
368 221 87 21 oaktadt
477 222 79 21 honom
578 222 29 27 af
623 222 146 27 kyrkoherden
783 221 89 28 jemlikt

119 255 130 27 kyrkolagen
273 255 112 21 meddelad
405 255 160 28 undervisning
581 256 38 20 och
634 256 135 27 förmaning,
785 255 35 21 uti
834 255 37 21 sin

119 289 69 27 afsigt
209 291 33 19 att
261 289 63 27 ifrån
347 290 110 21 lutherska
477 291 96 26 kyrkans
594 291 129 26 gemenskap
745 290 33 27 sig
797 289 75 28 skilja,

118 323 89 21 inställe
228 323 40 27 sig,
287 324 68 21 sedan
375 324 70 21 minst
466 324 35 21 två
523 324 106 21 månader
645 324 54 28 efter
718 324 152 27 ofvannämda

120 357 212 28 tillkännagifvande
354 357 102 28 förflutit,
471 358 39 21 hos
525 359 145 27 kyrkoherden
686 359 39 21 och
739 358 80 27 förnye
833 358 38 20 sin

119 392 108 20 anmälan
241 392 50 20 med
305 392 89 27 uppgift
408 399 35 14 om
457 392 42 21 den
510 392 93 21 troslära
613 392 45 21 hän
668 392 111 27 omfattat.
803 391 66 28 Styr-

119 426 35 20 kes
169 426 54 27 efter
237 426 96 21 sålunda
346 426 63 27 gjord
423 427 112 25 anmälan,
550 427 116 27 hvaröfver
680 427 58 20 bevis
753 426 29 27 af
793 426 79 28 kyrko-

119 460 80 21 herden
218 461 19 26 ej
252 461 37 20 må
304 462 84 26 vägras,
404 462 33 19 att
450 460 71 21 sådan
535 461 235 27 församlingsmedlem
785 460 88 21 inträdt

119 495 9 19 i
141 495 36 20 det
198 495 180 27 kyrkosamfund,
399 495 34 21 till
455 495 80 21 hvilket
557 495 46 21 han
623 495 110 27 förklarat
752 494 33 28 sig
801 495 70 20 önska

119 528 94 28 öfvergå,
229 529 56 21 skall
299 529 180 28 flyttningsbetyg
493 529 36 28 för
544 529 79 21 honom
639 529 109 27 utfärdas.

187 563 46 21 För
247 563 48 27 den,
309 571 45 13 som
369 563 54 22 efter
437 563 100 29 uppnådd
552 564 91 27 tjuguett
656 563 34 21 års
705 563 59 21 ålder
778 563 95 21 anmäler

120 597 31 28 sig
173 597 32 22 till
228 597 83 21 utträde
329 597 47 21 från
391 601 63 18 annat
469 599 7 19 i
491 598 71 21 landet
576 597 114 22 bestående
705 597 166 28 kyrkosamfund

119 632 36 27 för
170 633 33 19 att
217 631 88 29 öfvergå
316 632 32 21 till
360 632 170 28 kyrkosamfund,
540 639 45 14 som
596 633 17 26 ej
625 632 67 20 finnes
703 632 8 20 i
720 631 72 21 landet
803 631 66 21 behö
855 627 17 37 -

118 666 63 28 rigen
202 666 107 27 inrättadt,
332 667 57 21 skall
411 666 43 26 ock,
477 667 54 27 efter
552 667 34 21 det
600 666 70 28 styrkt
684 666 75 25 blifvit
773 667 32 19 att
820 666 50 20 han

118 701 86 21 inträdt
217 701 10 21 i
241 701 81 21 sådant
341 701 112 27 samfund,
474 700 177 29 flyttningsbetyg
671 701 83 27 (utesl.)
769 699 102 22 utfärdas.

187 734 56 27 Den,
252 742 47 14 som
309 735 96 21 sålunda
415 736 86 20 utträdt
508 736 53 26 från
571 736 41 20 den
619 734 251 27 evangelisk-luthersk
858 730 16 36 a

118 769 85 28 kyrkan
225 770 52 20 eller
296 771 72 19 annat
381 770 9 20 i
405 770 74 20 landet
494 769 113 27 behörigen
622 769 109 21 inrättadt
745 769 127 27 kyrkosam-

119 804 64 28 fund,
196 804 57 21 skall
267 804 10 20 i
291 804 107 27 offentligt
412 804 89 28 register
515 804 94 27 införas.

187 838 27 28 Ej
237 838 35 21 mä
287 838 75 28 (utesl)
378 846 81 20 person,
478 845 43 14 som
537 838 63 21 ofvan
615 839 74 24 nämts,
704 837 46 21 från
765 836 104 23 vederbö-

119 872 64 21 rande
199 873 183 27 kyrkosamfunds
398 873 73 21 böcker
481 872 50 21 eller
543 872 157 28 förteckningar
710 872 85 26 afföras,
805 872 64 20 innan

120 907 111 29 utredning
245 907 112 21 inkommit
371 910 32 18 att
416 907 42 21 han
473 907 71 21 blifvit
553 908 8 20 i
571 906 107 29 offentligt
687 907 89 28 register
791 906 77 28 (utesl.)

120 941 76 22 införd.

474 988 47 26 28.

188 1033 66 21 Hvad
267 1033 10 20 i
291 1033 158 27 förordningen
464 1033 29 27 af
504 1034 41 20 den

188 1074 35 14 om
243 1067 92 27 förande
355 1067 29 27 af
400 1067 107 28 offentligt
522 1067 89 27 register
626 1067 59 26 öfver
696 1073 111 21 personer,
821 1073 49 14 som

119 1101 44 21 icke
187 1101 88 21 tillhöra
297 1101 67 28 något
378 1101 9 20 i
402 1101 73 21 landet
491 1101 113 28 behörigen
618 1101 109 20 inrättadt
741 1101 129 27 kyrkosam-

119 1136 64 28 fund,
206 1135 73 28 finnes
301 1136 106 27 stadgadt,
426 1136 63 21 lände
504 1136 9 20 i
529 1136 132 27 tillämpliga
676 1135 61 21 delar
752 1135 35 21 till
801 1134 70 28 efter-

119 1171 86 20 rättelse
215 1170 84 28 jemväl
313 1170 36 28 för
364 1170 24 21 de
402 1171 11 20 i
433 1171 6 20 1
460 1171 7 27 $
482 1170 119 21 omnämda
613 1176 110 21 personer.

377 1233 40 26 38
447 1232 35 27 (15
498 1233 12 26 $
525 1233 7 20 i
546 1232 68 29 prop.)

187 1279 76 20 Denna
285 1278 128 28 förordning,
436 1278 85 21 hvilken
539 1277 48 22 icke
603 1278 60 20 berör
676 1276 194 29 grekisk-katolska

119 1313 82 28 kyrkan
216 1313 39 21 och
270 1313 48 21 dess
333 1313 142 26 medlemmar,
490 1312 53 21 skall
557 1311 62 22 träda
633 1312 7 20 i
654 1311 97 29 gällande
762 1311 56 21 kraft
828 1310 41 21 den

188 1473 148 22 Lagutskottets
349 1471 119 18 betänkande
480 1472 37 17 N:o
529 1471 28 18 12.
