1700 1903
760 219 39 22 N:o
818 220 31 21 17.
1126 221 26 20 25

775 289 23 20 69
811 287 24 28 8.

494 325 59 22 Aftal
578 332 34 15 om
635 326 48 27 lega
705 326 23 22 af
748 329 47 25 torp
819 328 65 26 enligt
907 327 68 22 denna
996 329 47 26 lag!
1058 328 34 21 må
1111 328 18 26 ej
1149 328 31 21 in-

428 359 96 22 tecknas.

779 406 27 21 70
821 406 18 27 8.

496 439 45 21 Har
556 439 32 21 uti
603 439 101 27 legoaftal
720 440 108 27 upptagits
843 439 110 27 förbehåll,
969 446 45 16 som
1030 439 66 28 enligt
1110 439 71 23 denna

427 472 35 26 lag
478 472 19 27 ej
514 474 23 20 är
552 473 78 21 tillåtet
645 474 53 21 eller
713 474 89 22 innebär
816 474 153 28 inskränkning
985 474 23 21 af
1021 474 92 22 brukare
1125 474 54 27 jäm-

427 506 41 22 likt
485 508 31 25 14,
535 508 31 26 16,
578 508 27 20 44
621 508 39 21 och
675 509 26 21 57
713 508 24 28 $$
747 508 162 22 tillkommande
925 511 50 25 rätt,
991 514 49 16 vare
1050 509 76 22 sådant
1137 508 43 23 för-

427 540 70 22 behåll
513 543 50 20 utan
579 542 85 22 verkan.

775 572 26 21 71
818 572 18 27 8.

495 604 113 28 Angäende
625 606 25 21 de
665 606 74 27 vilkor,
755 606 120 22 hvarunder
891 609 47 25 torp
955 608 12 20 &
977 606 152 29 kungsgärdar,
1140 608 38 21 mi-

427 639 55 22 litie-
497 640 39 21 och
551 640 132 22 civilstatens
698 642 55 20 samt
769 642 168 26 presterskapets
955 642 105 22 boställen
1071 641 108 23 äfvensom

427 675 12 20 å
455 674 167 23 kronohemman
637 675 35 22 mä
686 675 132 29 innehafvas,
834 678 25 19 är
873 676 102 22 särskildt
990 676 107 27 stadgadt.

775 741 26 20 12
817 740 18 26 $.

496 779 75 21 Denna
593 779 35 27 lag
650 778 55 22 skall
728 779 64 22 lända
808 780 32 21 till
855 779 142 22 efterrättelse
1014 779 46 22 frän
1076 779 39 22 och
1130 779 48 21 med

427 813 39 21 den

495 842 19 28 Ä
529 848 102 28 legoaftal
647 848 108 28 angäende
771 851 48 25 torp
835 849 13 22 &
863 849 125 27 skatteköpt
1003 849 175 26 kronohemman,

429 883 39 21 der
484 882 76 22 aftalet
575 883 80 27 ingätts
670 883 45 22 före
731 883 142 27 skatteköpet,
885 889 38 22 ege
935 884 68 21 denna
1011 884 36 26 lag
1057 884 18 26 ej
1087 883 93 27 tillämp-

426 918 58 26 ning,
519 917 18 27 ej
566 918 67 21 heller
664 917 12 22 &
703 918 59 27 aftal,
791 918 136 28 hvarigenom
960 918 63 22 innan
1048 918 71 22 denna
1144 918 34 27 lag

427 952 59 21 trädt
508 952 7 22 i
530 952 59 22 kraft
604 952 157 28 nyttjanderätt
776 952 34 22 till
826 953 77 22 landbo
918 953 53 21 eller
985 953 92 21 brukare
1093 952 24 22 af
1131 954 47 26 torp

426 986 110 28 upplätits.
567 987 46 21 Har
635 987 69 27 nägon
729 987 135 22 derförinnan
887 987 116 22 förvärfvat
1030 987 66 22 sädan
1123 989 55 25 nytt-

423 1022 117 27 janderätt,
562 1024 52 20 utan
638 1024 32 20 att
693 1022 57 22 tiden
773 1022 33 22 för
829 1022 85 22 aftalets
935 1022 90 22 beständ
1041 1024 24 20 är
1081 1022 97 22 bestämd

426 1056 52 22 eller
493 1056 76 22 aftalet
583 1056 119 22 innefattar
717 1056 157 28 lifstidsstädja,
891 1056 38 22 och
945 1057 50 21 sker
1010 1057 18 27 ej
1039 1057 139 27 uppsägning,

426 1091 94 27 upphöre
543 1092 123 27 legoaftalet
689 1092 56 21 ändä
768 1093 32 20 att
815 1092 57 28 gälla
895 1092 12 21 &
922 1092 81 26 fardag,
1020 1098 45 15 som
1080 1091 99 22 inträffar

425 1126 31 22 tio
472 1126 24 21 är
510 1126 102 22 härefter.

774 1190 26 21 73
816 1190 19 27 8.

495 1229 62 22 Hvad
577 1231 60 25 1—9,
655 1230 24 21 15
695 1229 39 22 och
751 1230 24 21 16
791 1229 23 28 $$
830 1230 25 21 16
870 1229 48 27 kap.
935 1231 55 19 samt
1007 1230 9 20 1
1034 1229 40 22 och
1089 1229 12 21 2
1115 1228 25 29 88
1153 1229 24 21 17

426 1264 48 27 kap.
491 1263 152 27 Jordabalken,
662 1265 9 20 1
688 1264 39 21 och
742 1264 13 21 4
771 1263 24 28 $$
807 1265 12 20 6
829 1264 56 27 kap.,
902 1264 6 21 5
924 1263 11 28 $
951 1264 13 20 8
979 1263 56 28 kap.,
1053 1264 60 25 1—5,
1130 1264 20 25 7,
1166 1265 12 20 9

426 1298 38 22 och
490 1299 25 20 10
533 1299 25 27 88
574 1299 26 21 27
616 1298 49 27 kap.
680 1298 204 27 Byggningabalken
900 1300 55 20 samt
971 1297 151 27 förordningen
1138 1298 40 21 den

428 1334 25 20 10
475 1333 120 22 November
620 1333 60 27 1892,
700 1332 151 22 innehällande
867 1333 57 21 vissa
939 1332 132 27 stadganden
1087 1332 91 22 rörande

425 1368 48 27 lega
495 1367 22 22 af
538 1367 49 28 jord
605 1367 28 27 pä
654 1367 79 28 landet,
749 1367 108 22 äfvensom
873 1367 65 22 andra
954 1366 150 28 författningar
1119 1367 60 21 inne-

425 1402 59 22 hålla
502 1404 44 19 mot
564 1402 70 21 denna
652 1402 35 27 lag
702 1401 115 28 stridande,
835 1401 33 22 mä
883 1401 19 28 ej
918 1401 108 28 tillämpas
1042 1402 13 20 &
1069 1400 108 28 legoaftal,

426 1437 87 21 hvarom
530 1436 38 21 här
583 1436 94 27 stadgas.
