1075 1761
384 471 83 34 Förslag
488 471 32 26 till
542 471 61 34 nådig
630 471 116 33 förordning
768 471 102 34 angående
893 471 37 26 vil-

317 518 60 27 koren
396 517 31 27 för
445 517 114 27 inrättande
578 517 36 27 och
633 517 129 33 begagnande
781 516 23 27 af
820 517 109 27 elektriska

317 564 147 33 anläggningar
482 563 31 27 för
532 563 101 27 alstrande
653 563 22 26 af
691 564 41 33 ljus
749 564 48 26 eller
815 563 31 27 för
864 563 65 27 öfver-

318 609 66 34 föring
402 609 22 27 af
441 610 61 26 kraft.

532 685 44 27 18.

246 725 60 21 Hvar
325 731 45 15 som
390 720 105 26 ästundar
517 725 81 22 inrätta
621 725 101 22 elektrisk
745 725 129 28 anläggning
896 725 33 22 för

178 760 111 21 alstrande
305 759 22 21 af
340 760 42 27 ijus
400 759 50 22 eller
472 759 33 22 för
527 759 128 27 öfverföring
675 759 22 21 af
713 760 59 21 kraft
791 760 79 21 medels
885 760 43 21 led-

178 795 83 26 ningar,
281 794 89 21 afsedda
392 793 32 22 för
448 794 115 21 elektriska
580 796 121 24 strömmar,
720 794 82 22 hvilkas
822 795 107 27 spänning

179 828 142 28 Ofverskjuter
336 829 42 21 viss
395 828 22 21 af
430 827 92 23 Senaten
537 828 100 23 faststäld
652 831 72 25 gräns,
736 829 80 22 ansöke
831 829 97 22 tillstånd

178 863 72 21 dertill
264 863 39 22 hos
319 863 139 22 Guvernören
474 863 7 21 i
497 864 36 20 det
547 863 42 27 län,
603 864 58 20 inom
671 863 81 22 hvilket
762 864 40 22 den
813 864 116 22 elektriska

177 900 130 25 generatorn
321 898 96 22 kommer
432 899 33 20 att
480 898 112 28 förläggas.
622 898 45 27 Lag
685 904 81 16 samma
781 904 51 16 vare
849 898 79 22 beträf-

177 932 64 23 fande
257 933 102 21 elektrisk
374 932 51 28 ljus-
436 932 51 22 eller
497 932 188 28 kraftanläggning
699 933 48 21 med
760 935 68 20 ström
838 933 24 22 af
869 934 59 27 lägre

178 970 26 19 än
221 968 82 27 antydd
318 968 113 26 spänning,
448 968 71 21 derest
534 968 140 26 ledningarna
688 970 37 19 äro
737 968 87 22 afsedda
835 970 33 20 att
879 968 48 22 dra-

177 1008 38 20 gas
231 1002 59 22 öfver
305 1002 95 21 kronans
415 1002 61 20 mark
491 1002 50 21 eller
556 1002 57 21 inom
629 1002 98 22 omrädet
738 1002 34 22 för
787 1002 77 22 allmän
880 1004 46 26 väg,

174 1036 97 28 jernväg,
287 1036 74 27 farled,
376 1038 58 25 gata,
450 1037 48 26 torg
513 1036 51 22 eller
579 1042 70 16 annan
667 1036 78 22 allmän
760 1037 64 27 plats.

528 1111 46 27 28.

245 1151 126 27 Ansökning
386 1157 34 15 om
435 1150 98 22 tillstånd
543 1151 33 21 till
585 1151 124 21 inrättande
718 1150 23 22 af
746 1151 68 22 sådan
825 1151 101 22 elektrisk

177 1186 135 27 anläggning,
328 1192 46 15 som
389 1186 7 21 i
413 1187 8 20 1
440 1186 11 27 $
467 1187 67 26 säges,
551 1185 53 22 skall
620 1185 85 28 åtföljas
721 1185 31 22 af:

244 1221 21 26 a)
289 1220 88 27 behörig
398 1220 116 28 utredning
533 1227 33 14 om
585 1220 121 22 sökandens
721 1221 46 21 rätt
782 1221 33 21 att
829 1220 97 28 begagna

176 1254 37 21 det
228 1255 93 26 område,
333 1261 46 15 som
389 1254 33 21 för
437 1254 156 28 anläggningen
605 1255 67 27 jemte
687 1255 71 22 dertill
772 1255 96 21 hörande
882 1255 43 21 led-

176 1289 76 26 ningar
274 1289 108 20 erfordras
406 1288 50 21 eller
479 1295 33 14 om
535 1289 121 20 meddeladt
678 1289 97 20 tillstånd
798 1290 33 19 att
850 1295 75 20 genom

176 1322 160 26 expropriation
351 1321 108 22 förvärfva
474 1321 67 21 sådan
557 1323 55 25 rätt;

245 1355 22 27 b)
283 1356 86 27 uppgift
384 1361 34 16 om
433 1355 59 22 tiden
507 1355 32 22 för
556 1356 167 27 anläggningens
739 1356 125 27 utförande;

244 1391 21 26 e)
284 1390 133 27 beskrifning
432 1389 58 22 öfver
506 1390 35 21 det
557 1392 85 26 system,
661 1397 45 15 som
721 1391 33 21 för
770 1391 154 28 anläggningen

176 1425 54 22 skall
246 1425 109 22 användas
368 1425 66 27 jemte
450 1424 84 28 uppgift
548 1426 28 26 på
591 1426 67 20 sättet
677 1425 38 21 och
736 1426 60 21 arten
812 1425 23 21 af
848 1427 76 20 ström-

175 1466 59 15 mens
249 1460 129 27 fördelning;
