1075 1761
202 143 11 18 2
500 140 41 21 N:o
561 141 31 20 23.

173 208 39 21 det
231 215 42 14 ena
288 208 38 21 till
341 207 78 28 Nådig
435 207 137 28 förordning
588 215 37 13 om
640 207 139 22 hämmande
795 207 26 21 af
835 207 90 21 smitto-

173 249 87 14 samma
283 241 245 29 husdjurssjukdomar
543 241 63 21 inom
621 241 102 22 Finland
740 241 43 21 och
799 241 39 21 det
853 241 72 21 andra

172 276 38 22 till
225 277 78 28 Nådig
318 276 145 28 kungörelse,
480 276 164 21 innehållande
656 276 148 22 föreskrifter
814 276 37 20 till
862 276 63 21 häm-

172 311 83 21 mande
271 310 26 22 af
312 311 167 21 smittosamma
490 310 243 28 husdjurssjukdomar
743 310 63 22 inom
816 310 108 21 Finland.

240 346 47 20 Det
309 345 64 22 förra
396 345 25 21 af
443 344 66 22 dessa
531 344 87 28 förslag
642 348 25 18 är
689 344 127 29 uppgjordt
835 344 30 28 på
881 344 44 21 den

175 379 117 21 allmänna
308 380 8 20 i
331 381 11 21 5
359 380 13 26 $
389 381 24 19 22
431 379 51 29 kap.
499 379 141 28 Byggninga
656 379 90 21 Balken
762 379 104 21 uttalade
883 379 42 21 och

172 414 36 21 uti
231 414 28 21 de
278 414 66 21 flesta
361 413 72 21 andra
448 413 92 22 länders
556 413 239 29 farsotslagstiftning
810 413 115 28 ingående

172 449 132 28 grundsats,
329 450 36 19 att
387 455 74 21 egare,
484 449 63 20 inom
570 449 69 20 hvars
662 448 114 28 ladugård
797 448 127 21 smittosam

173 482 215 29 husdjurssjukdom
412 482 138 21 misstänkes
573 482 71 21 hafva
667 482 108 27 utbrutit,
792 485 25 18 är
832 482 94 28 skyldig

172 516 142 22 underkasta
338 517 35 28 sig
393 517 62 20 vissa
473 517 197 28 inskränkningar
685 517 7 20 i
708 516 36 21 sin
759 518 48 19 rätt
823 518 34 19 att
872 516 54 21 fritt

174 551 122 28 disponera
318 551 67 22 öfver
407 551 50 21 sina
481 551 52 28 djur
555 551 43 21 och
618 558 76 14 annan
710 551 120 28 egendom,
847 551 29 21 då
891 551 34 21 så-

173 586 46 21 dan
246 585 171 28 inskränkning
439 585 95 28 pröfvas
557 585 36 21 för
615 585 149 28 sjukdomens
787 585 138 21 hämmande

174 620 43 22 och
232 619 168 22 förhindrande
411 620 26 20 af
447 620 106 21 smittans
564 619 142 29 utbredning
717 626 56 14 vara
783 619 141 29 nödvändig;

173 654 43 22 och
232 655 42 20 har
288 654 8 21 i
312 654 268 28 författningsförslaget
596 655 63 27 förty
670 654 163 21 sammanförts
845 654 28 21 de
884 654 41 21 all-

172 693 85 18 männa
280 690 151 28 stadganden,
455 690 80 21 hvilka
558 689 101 29 påbjuda
676 689 113 29 åtgärder,
805 696 49 14 som
869 689 56 21 kän-

173 724 53 21 bart
247 724 93 28 ingripa
362 724 35 21 uti
413 724 44 21 den
473 723 116 22 enskildes
605 723 320 29 eganderättsförhållanden.

173 758 34 21 Af
230 758 65 22 dessa
318 758 108 28 åtgärder
449 758 36 21 för
505 758 137 27 djurfarsots
662 758 137 20 hämmande
815 762 40 16 äro
870 758 55 20 ned-

172 792 122 28 slagtning
320 792 25 21 af
370 792 67 28 sjuka
460 792 43 21 och
525 792 37 21 för
585 791 106 29 sjukdom
714 792 139 20 misstänkta
873 792 53 27 djur

172 826 44 22 och
239 826 184 22 verkställandet
446 826 25 21 af
493 826 85 28 nödiga
602 825 279 29 desinfektionsåtgärder
897 826 27 21 de

172 861 182 21 verksammaste
378 861 37 21 för
438 861 138 28 djurfarsots
592 860 161 28 bekämpande
769 868 52 13 men
837 860 88 22 tilllika

173 895 63 22 svårt
258 895 139 28 ingripande
420 895 7 21 i
451 895 148 28 djuregarens
622 895 113 28 ekonomi,
761 895 42 21 och
827 895 41 21 har
885 895 39 21 det

174 929 78 22 derför
274 931 66 27 synts
359 929 95 22 rättvist
469 932 35 19 att
520 929 138 28 djuregaren
674 929 141 21 åtminstone
831 929 38 21 till
885 929 39 21 nå-

171 971 50 21 gon
244 963 37 22 del
296 965 97 20 ersättes
409 963 37 22 för
461 963 85 22 honom
562 964 135 28 härigenom
713 963 150 21 förorsakade
879 963 46 22 för-

173 999 73 21 luster
261 999 42 21 och
319 999 132 21 kostnader.
477 998 47 22 Vid
539 998 175 22 fastställandet
729 998 26 21 af
764 998 160 28 ersättningen

172 1033 37 21 för
232 1033 110 21 aflifvade
365 1032 52 28 djur
440 1033 41 21 har
504 1032 58 22 dock
586 1034 88 20 ansetts
696 1034 35 19 att
750 1032 37 21 för
803 1032 56 28 djur,
876 1040 49 14 som

172 1067 121 21 befunnits
316 1067 107 29 angripet
446 1067 26 21 af
493 1067 45 21 den
557 1067 106 28 sjukdom
679 1066 111 22 hvarmed
806 1066 39 22 det
861 1067 64 21 miss-

171 1102 82 20 tänkts
268 1108 56 14 vara
339 1101 130 28 behäftadt,
487 1101 44 21 full
547 1101 130 28 ersättning
693 1101 21 28 ej
730 1101 41 21 bör
786 1102 63 27 utgå,
866 1108 59 14 eme-

171 1136 48 21 dan
233 1135 83 22 värdet
331 1136 26 20 af
372 1136 83 21 sädant
471 1135 52 28 djur
534 1139 24 17 är
570 1136 36 21 för
618 1142 83 22 egaren
712 1136 67 27 ringa
791 1135 56 21 eller
857 1136 67 21 intet.

240 1170 72 21 Detta
334 1170 88 27 förslag
445 1170 42 20 har
510 1170 65 21 Hans
590 1169 132 28 Kejserliga
737 1169 110 28 Majestät
862 1170 63 20 velat

172 1204 38 21 till
237 1203 141 22 Ständernas
406 1203 131 29 antagande
561 1203 149 28 öfverlemna,
735 1203 128 29 hvarjemte
879 1203 46 22 för-

172 1239 76 28 slaget
262 1238 38 21 till
310 1238 79 28 Nädig
400 1238 145 29 kungörelse,
554 1238 165 21 innehällande
730 1238 147 21 föreskrifter
888 1238 37 21 till

172 1273 138 21 hämmande
326 1273 26 20 af
367 1273 167 21 smittosamma
546 1272 243 29 husdjurssjukdomar
796 1273 63 21 inom
869 1273 56 20 Fin-

172 1307 62 27 land,
257 1307 95 20 hvilken
376 1307 137 26 kungörelse
533 1310 25 16 är
579 1306 82 20 afsedd
677 1309 35 17 att
727 1307 8 19 i
751 1307 174 20 administrativ

171 1343 47 25 väg
232 1340 112 27 utfärdas,
361 1339 117 21 meddelas
494 1339 130 21 Ständerna
639 1339 38 21 till
692 1339 139 22 kännedom.
