1048 1750
297 131 84 25 Ständ.
397 132 39 23 Sv.
451 146 27 3 —
493 133 74 29 Prop.
581 133 42 23 N:o
638 133 37 23 27.
848 134 15 22 3

110 204 67 27 tagas
197 203 52 22 från
271 203 169 30 undervisning
457 205 8 20 i
484 205 45 22 den
547 205 265 29 evangelisk-lutherska
829 206 33 21 lä-

109 244 43 14 ran
173 237 64 22 säväl
258 237 9 22 i
287 238 118 22 folkskola
425 245 49 15 som
492 239 239 28 elementarläroverk,
750 239 43 22 har
810 240 51 21 icke

109 271 91 22 kunnat
227 271 22 22 af
276 271 130 23 Ständerna
433 275 97 27 antagas
557 274 25 21 sä
609 273 52 22 vidt
684 273 99 22 anförda
800 273 61 22 stad-

108 305 78 29 gande
207 305 68 22 berör
292 306 65 28 barn,
375 307 93 22 hvilkas
486 307 113 22 föräldrar
616 307 95 22 tillhöra
729 307 46 22 den
793 315 69 15 evan-

109 339 206 29 gelisk-lutherska
337 341 99 28 kyrkan,
463 344 57 19 utan
546 342 72 22 hafva
640 341 138 29 Ständerna,
797 343 8 21 i
823 350 40 14 an-

109 374 106 29 slutning
237 375 37 21 till
291 375 62 22 hvad
371 375 109 29 gällande
497 376 275 29 grundlagsstadganden
789 377 9 21 i
816 380 46 18 äm-

109 410 41 20 net
176 409 123 28 innehålla,
325 409 9 22 i
361 410 84 29 antydt
471 410 109 22 afseende
598 410 74 23 delvis
690 411 173 22 omformulerat

108 443 151 22 förevarande
276 444 115 28 paragraf.

177 477 37 22 Då
240 478 39 22 det
306 479 74 22 måste
407 486 66 15 anses
494 486 56 15 vara
568 479 79 28 billigt
665 481 35 20 att
717 479 9 22 i
743 479 120 29 offentligt

108 512 98 29 register
223 515 114 27 upptaget
353 513 65 28 barn,
437 515 26 20 sä
480 516 65 19 snart
562 513 40 22 det
620 514 84 22 vunnit
716 513 72 30 nödig
798 521 64 22 mog-

108 547 54 28 nad,
188 547 94 22 beredes
309 548 121 29 möjlighet
449 550 34 20 att
501 549 92 20 komma
610 549 8 20 i
637 548 136 29 åtnjutande
793 549 22 21 af
833 549 29 21 de

109 581 121 29 förmäner,
248 582 81 22 hvilka
347 582 28 22 de
392 583 9 21 i
419 582 80 22 landet
513 583 124 22 bestäende
650 583 213 28 kyrkosamfunden

108 616 98 29 erbjuda
223 616 51 22 sina
291 616 154 29 medlemmar,
463 617 69 23 hafva
551 617 137 28 Ständerna,
707 617 81 23 hvilka
799 617 63 22 hälla

108 650 49 22 före
184 652 34 19 att
244 658 29 15 en
293 658 84 22 person
394 651 41 22 vid
452 652 88 21 femton
558 652 37 21 års
613 651 64 22 ålder
693 652 44 21 bör
755 659 43 21 ega
816 651 45 22 den

108 684 227 30 omdömesförmäga,
363 693 49 14 som
431 685 36 22 uti
485 693 32 14 nu
535 685 177 29 ifrägavarande
729 685 132 23 hänseende

108 718 121 29 erfordras,
260 719 4 22 i
292 720 14 21 2
333 727 68 14 mom.
430 720 14 21 6
472 721 13 26 &
504 720 23 21 af
544 719 172 22 nedanstående
734 720 127 29 lagförslag

108 754 23 27 (7
168 754 13 26 8
216 754 8 21 i
259 754 182 29 propositionen)
476 755 109 28 upptagit
619 754 129 29 stadgande
783 754 78 22 derom

108 789 36 21 att
164 787 9 22 i
191 788 117 29 offentligt
325 789 98 28 register
439 789 77 22 införd
534 795 89 23 person,
642 796 48 14 som
708 789 46 28 fylt
771 789 89 22 femton

109 823 32 28 är,
169 826 25 18 är
220 823 132 29 berättigad
378 825 35 20 att
440 823 67 22 äfven
525 826 58 19 utan
602 823 122 22 mälsmans
743 823 118 29 samtycke

109 857 57 22 söka
192 857 91 22 inträde
309 858 36 21 uti
371 858 73 27 nägot
470 858 9 21 i
501 858 81 22 landet
604 857 125 30 behörigen
747 857 115 23 inrättadt

108 892 190 29 kyrkosamfund.
334 893 47 21 För
409 892 72 29 öfrigt
501 892 43 22 har
561 892 139 29 paragrafen
717 893 9 21 i
743 893 63 22 vissa
823 892 38 22 de-

108 926 36 22 lar
162 926 163 22 underkastats
343 927 196 29 omformulering.

179 961 146 28 Stadgandet
351 961 8 21 i
386 962 13 21 2
427 969 66 14 mom.
521 962 15 21 8
564 963 12 26 &
604 961 23 22 af
644 961 174 29 propositionen
836 962 23 27 (2

108 1003 68 14 mom.
206 995 13 22 7
247 997 12 25 8
283 996 9 21 i
309 995 175 29 nedanintagna
501 995 247 30 författningsförslag)
766 995 43 22 har
825 995 37 22 för

109 1030 118 22 vinnande
246 1030 23 22 af
287 1032 71 20 större
377 1030 116 29 tydlighet
511 1030 73 23 delvis
603 1030 189 23 omformulerats.

178 1065 83 28 Enligt
287 1065 185 28 propositionens
499 1065 14 21 9
541 1067 13 25 &
575 1073 54 14 vore
648 1065 107 22 anmälan
773 1065 38 21 till
829 1065 33 22 of-

109 1098 96 29 fentligt
231 1099 97 29 register
354 1099 30 22 fri
410 1099 52 22 frän
489 1100 109 28 stämpel-
625 1099 43 22 och
685 1098 80 29 hvarje
785 1106 76 15 annan

109 1133 76 29 afgift.
215 1134 36 22 Dä
269 1133 130 23 Ständerna
418 1134 129 22 emellertid
565 1134 13 21 &
596 1134 80 29 hvarje
694 1133 113 29 landtdag
820 1134 41 22 vid

108 1168 143 29 behandling
270 1169 23 20 af
310 1169 84 28 frägan
412 1176 36 14 om
466 1169 227 29 stämpelbevillning
711 1176 44 21 ega
764 1169 97 27 besluta,

109 1203 81 22 hvilka
210 1203 142 28 handlingar
369 1203 65 22 skola
452 1211 56 15 vara
526 1203 167 29 stämpelafgift
711 1203 150 22 underkasta-

109 1237 35 27 de,
171 1237 43 22 har
239 1237 40 22 det
296 1237 51 22 icke
366 1240 65 25 synts
448 1238 108 29 lämpligt
573 1239 35 20 att
626 1238 8 21 i
652 1245 36 14 nu
701 1237 161 28 föreliggande

109 1271 238 29 författningsförslag
373 1274 104 27 upptaga
504 1272 147 27 bestämning
673 1271 98 22 rörande
789 1271 72 22 sådan

110 1305 75 28 afgift,
210 1305 60 22 helst
296 1305 163 29 tillämpandet
485 1307 23 21 af
526 1305 28 22 de
572 1306 31 29 på
621 1305 64 22 detta
703 1305 92 22 område
813 1305 48 29 gäl-

108 1339 70 22 lande
208 1339 143 29 stadganden
381 1340 8 21 i
415 1341 118 28 väsentlig
558 1341 54 20 mån
638 1340 75 21 skulle
739 1339 122 28 försvåras,

110 1374 76 21 derest
212 1374 115 22 desamma
347 1374 59 27 icke,
425 1375 75 20 såsom
517 1382 32 13 nu
568 1377 24 18 är
609 1374 72 27 fallet,
699 1375 84 20 funnes
802 1380 58 15 sam-

108 1407 122 23 manförda
255 1407 9 22 i
291 1415 29 14 en
341 1407 60 22 enda
418 1407 142 29 förordning.
596 1407 70 22 Hvad
683 1409 50 20 åter
750 1407 110 22 beträffar

109 1442 76 28 öfriga
213 1441 94 30 afgifter
327 1442 36 22 för
382 1441 106 23 anmälan
507 1442 37 21 till
562 1441 118 28 offentligt
697 1441 104 28 register,
819 1441 42 22 har
