1067 1717
341 104 26 22 U.
384 105 23 21 B.
424 118 26 6 —
464 106 72 27 Prop.
552 105 44 23 N:o
612 106 38 22 25.
678 110 2 3 '
870 105 27 20 11

144 172 6 20 i
165 172 71 21 stället
257 172 34 21 för
312 172 63 22 demi
397 172 75 29 nådiga
495 174 154 28 propositionen
665 173 120 23 beräknade
800 173 96 27 anslags-

143 210 74 24 posten
233 206 22 22 af
272 208 88 25 133,200
376 207 64 21 mark.

212 241 12 21 I
239 241 48 21 stöd
302 241 23 21 af
339 241 56 21 hvad
410 242 87 21 sålunda
512 242 80 21 anförts
607 241 33 22 får
654 242 112 21 Utskottet
781 241 86 21 föreslå:

418 306 32 19 att
467 304 123 22 Ständerna
604 304 35 27 för
648 304 177 28 finansperioden
838 305 57 20 1901

349 339 86 20 —1904
458 338 66 21 målte
541 338 117 27 godkänna
675 345 26 14 en
719 339 138 26 anslagspost
871 338 29 27 af

349 373 102 25 136,200
473 373 62 20 mark
555 373 10 20 i
584 372 76 28 bidrag
682 373 35 20 till
735 372 159 28 pensionering

349 406 29 26 af
388 406 303 27 folkskolelärarepersonalen
707 407 10 20 i
731 407 109 20 städerna.

161 571 2 2 =
212 542 63 22 Emot
291 542 40 21 den
346 543 8 20 i
369 542 75 29 nådiga
460 543 154 28 propositionen
630 543 124 21 meddelade
766 542 97 29 kalkylen
875 543 22 21 af

143 576 27 21 de
185 577 72 28 anslag
272 584 45 14 som
326 572 110 38 erfordras
446 577 38 24 till
500 578 117 21 understöd
627 577 23 21 ät
659 577 63 28 sjuka
732 577 164 28 folkskollärare

143 611 38 21 och
198 611 134 27 lärarinnor,
351 612 98 27 100,000
464 612 67 27 mark,
550 611 108 22 äfvensom
673 613 7 19 i
695 612 78 27 bidrag
789 612 34 20 till
837 618 58 21 upp-

142 645 92 27 förande
249 646 30 27 af
289 645 145 28 folkskolehus
450 647 38 20 och
502 646 142 27 slöjdlokaler,
661 646 104 25 280,000
779 646 66 25 mark,
859 645 38 21 har

145 679 111 25 Utskottet
280 680 53 21 intet
357 682 32 19 att
410 679 96 25 invända,
526 682 48 19 utan
592 679 32 21 får
647 679 33 21 för
701 680 31 20 sin
755 679 34 21 del
812 679 85 22 förorda

143 713 118 22 desammas
276 713 159 28 godkännande.

214 857 74 22 Under
298 858 27 21 de
335 860 32 19 tre
379 861 81 18 senaste
473 857 193 30 finansperioderna
675 857 65 22 hafva
755 857 139 22 Ständerna
884 853 15 38 i

145 885 210 35 folkskolebudgeten
370 893 98 28 upptagit
483 899 25 15 en
523 893 131 28 anslagspost
664 892 33 21 för
708 892 71 28 hvarje
789 891 55 29 gång
855 895 44 18 stor

145 927 76 26 51,000
237 910 69 41 mark
311 927 35 20 till
360 927 128 20 inrättande
503 927 29 27 af
543 927 101 21 bibliotek
656 927 7 20 i
671 926 225 21 landskommunerna

144 961 64 27 för
193 961 165 26 folkskollärare
373 961 36 20 och
427 961 134 21 lärarinnor.
586 960 42 21 För
643 961 100 28 perioden
757 961 144 21 1901—1904.

144 997 62 18 äskas
227 998 31 17 ett
276 994 93 28 förhöjdt
384 995 73 27 anslag
472 995 22 21 af
510 995 76 27 25,000
609 995 57 20 mark
686 995 34 20 för
735 994 27 27 år,
779 994 50 21 eller
844 994 54 21 altså

145 1029 33 20 för
193 1028 67 29 fyra
257 1036 18 13 år
291 1029 88 23 100,000
395 1029 65 21 mark.

214 1063 10 20 I
240 1062 170 22 Statsutskottets
431 1063 132 21 betänkande
581 1062 32 21 till
633 1064 52 19 1897
702 1063 33 20 års
752 1042 98 48 landedag
863 1038 14 56 ir
867 1063 33 22 in-.

144 1097 39 28 går
198 1097 89 28 följande
309 1097 115 21 uttalande:
453 1097 22 20 >»I
491 1097 71 29 hvarje
578 1097 37 21 fall
631 1105 60 20 synes
707 1097 37 21 det
759 1096 92 28 önskliet
867 1100 32 18 att

145 1131 186 28 uppmärksamhet
346 1139 62 20 egnas
424 1131 61 22 dessa
496 1139 74 20 genom
583 1131 194 28 bevillningsmedel
789 1130 108 28 grundade

145 1165 108 21 bibliotek.
269 1165 61 21 öfver
352 1165 81 22 hvilkas
456 1166 120 27 utveckling
599 1165 38 22 och
662 1165 77 21 rörelse
761 1173 25 13 cn
803 1167 94 19 närmare

146 1199 86 22 relation
248 1199 204 22 borde-utarbetas.;>
485 1199 32 21 Fn
534 1199 64 22 sådan
614 1199 87 22 relation
717 1199 112 28 föreligger
844 1199 54 26 icke,

145 1240 48 14 men
217 1233 31 21 väl
273 1233 37 21 har
328 1233 112 22 Utskottet
455 1233 47 22 haft
516 1237 31 18 att
562 1233 60 29 tillgå
636 1233 113 28 uppgifter.
765 1241 44 13 som
825 1233 22 21 af
863 1241 36 14 ve-

145 1267 131 21 derbörande
304 1267 236 29 —folkskoleinspektorer
569 1267 106 29 angående
705 1267 62 21 dessa
796 1267 102 21 bibliotek

145 1301 94 21 tillstälts
260 1301 220 29 Skolöfverstyrelsen,
503 1302 106 21 äfvensom
628 1301 127 29 protokollet
777 1301 46 21 från
844 1300 55 22 folk-

145 1335 228 27 skoleinspektorernas
396 1337 56 19 möte
471 1336 6 20 i
496 1336 132 26 Helsingfors
648 1336 40 20 den
713 1336 83 20 11—14
819 1336 79 26 januari

149 1369 59 25 1899,
233 1369 38 21 där
298 1368 64 21 saken
389 1368 63 21 äfven
478 1368 126 22 afhandlats.
635 1369 31 20 Af
688 1368 61 22 dessa
777 1368 120 21 uttalanden

147 1402 96 28 framgår,
266 1405 32 19 att
318 1402 73 28 frågan
414 1410 33 14 om
473 1402 128 22 biblioteken
628 1402 75 22 skridit
728 1405 31 19 ett
783 1402 115 28 afgöraude

217 1448 143 18 Statsutskottets
372 1448 110 18 betänkande
497 1448 35 18 N:o
545 1450 17 16 A.
