1053 1717
342 120 30 22 U.
387 120 29 22 B.
431 134 27 2 —
473 121 74 28 Prop.
562 121 43 23 N:o
620 121 65 34 27.
860 122 13 20 5

122 188 53 21 fund
196 196 38 14 var
248 188 94 29 skyldigt
356 191 33 19 att
402 188 98 22 meddela
514 190 45 20 sina
574 189 141 27 medlemmar,
730 190 67 21 mäste
812 197 61 14 anses

121 230 52 14 vara
192 222 90 22 slutförd
296 222 35 21 för
344 222 72 28 hvarje
431 230 76 21 person
521 223 37 21 vid
572 223 41 21 den
629 223 58 21 älder
701 224 23 20 af
738 224 92 28 tjuguett
844 224 29 26 är,

121 256 29 20 dä
164 256 83 21 utträde
265 256 66 28 enligt
345 256 102 28 förslaget
461 256 57 28 finge
533 256 43 22 ske.
605 256 53 22 Med
671 257 81 29 hänsyn
766 258 34 20 till
815 264 58 22 nyss-

121 290 119 28 åberopade
264 290 132 22 förhållande
420 290 54 21 hade
499 291 37 21 det
557 294 59 25 synts
636 291 92 21 Senaten
750 299 51 13 vara
824 291 49 21 med

121 324 82 21 mindre
210 324 56 21 väda
278 324 98 21 förenadt
386 327 32 19 att
427 324 69 22 tilläta
505 325 115 26 fullvuxna,
630 325 95 27 religiöst
734 325 138 28 uppfostrade

120 365 100 21 personer
234 361 33 18 att
281 358 85 21 utträda
380 366 24 13 ur
418 358 92 28 kyrkans
524 358 134 29 gemenskap,
668 361 27 19 än
709 362 33 18 att
756 359 62 21 derur
827 362 45 18 ute-

121 392 54 21 sluta
190 392 66 29 späda
270 392 58 26 barn,
338 392 74 22 hvilka
426 394 55 20 ännu
495 392 92 22 saknade
603 393 27 21 all
645 393 125 29 uppfostran
782 393 40 21 och
830 392 42 22 för-

120 426 63 28 måga
197 426 23 22 af
235 434 53 20 egen
302 426 105 29 pröfning.
432 427 113 21 Dessutom
561 427 70 21 kunde
646 427 66 28 enligt
728 428 10 20 1
756 428 29 26 $i
796 427 76 28 nådiga

120 460 149 29 förordningen
292 461 22 21 af
336 461 40 21 den
399 462 24 20 11
447 461 121 22 November
591 462 61 26 1889,
670 462 107 28 angäende
792 461 81 22 kristna

120 495 197 28 religionssamfund
331 496 8 20 i
353 496 91 21 Finland
459 496 23 20 af
496 504 67 13 annan
577 496 152 28 protestantisk
744 496 88 21 troslära
846 498 26 19 än

120 529 41 21 den
184 530 245 28 evangelisk-lutherska,
444 530 75 21 endast
540 530 66 21 sådan
640 530 165 28 «protestantiska
825 530 47 22 reli-

120 564 163 28 gionssamfund,
294 564 73 22 hvilka
380 564 60 21 stodo
455 564 28 28 pä
496 564 82 21 bibelns
590 564 40 21 och
642 564 40 21 den
692 564 130 29 apostoliska
836 564 36 22 be-

120 598 124 21 kännelsens
258 598 74 28 grund,
348 598 78 22 erhälla
441 598 102 28 rättighet
557 601 32 19 att
601 598 68 22 säsom
680 598 192 22 dissenterförsam-

119 632 69 28 lingar
209 632 124 29 offentligen
355 632 74 22 utöfva
450 633 32 20 sin
497 632 93 28 religion.
619 632 51 21 Men
686 632 118 22 emellertid
817 632 55 22 hade

119 667 43 27 det,
185 667 67 21 såsom
267 668 8 20 i
292 667 124 21 förberörda
437 667 144 28 underdäniga
603 667 210 28 petitionsskrifvelse
836 674 36 14 an-

119 702 59 26 förts,
193 702 8 20 i
216 702 56 21 vissa
292 702 59 21 delar
370 702 23 21 af
405 702 72 21 landet
498 701 73 22 blifvit
585 701 38 21 allt
637 702 127 21 allmännare
779 704 32 18 att
824 709 48 21 per-

119 743 66 19 soner,
201 736 64 21 ehuru
283 736 27 22 de
325 736 134 22 beträffande
473 736 119 28 barndopet
606 736 40 21 och
660 736 63 22 äfven
739 737 7 20 i
760 736 66 21 andra
840 736 32 21 af-

119 770 91 22 seenden
232 770 47 22 icke
301 771 50 21 ville
371 770 128 22 underkasta
521 771 32 28 sig
575 770 40 21 den
634 770 243 28 evangelisk-lutherska.

120 805 92 29 kyrkans
234 805 94 28 ordning,
347 805 65 21 likväl
434 805 131 21 fortfarande
585 805 113 28 gvarstodo
722 806 57 20 inom
804 805 69 21 denna

120 840 73 28 kyrka,
209 842 49 19 enär
272 840 27 21 de
314 840 48 21 med
377 839 99 22 afseende
491 839 13 21 ä
519 840 31 20 sin
565 839 98 28 religiösa
677 839 136 29 uppfattning
824 839 48 21 icke

119 874 68 21 heller
200 874 56 21 inom
271 877 64 18 annat
349 875 6 19 i
371 874 72 21 landet
457 874 102 21 inrättadt
574 873 165 29 kyrkosamfund
754 874 64 20 funno
830 874 42 20 till-

120 908 150 22 fredsställelse
291 908 34 21 för
345 909 45 21 sina
410 908 97 32 religiösa
521 908 66 21 behof
601 910 55 19 samt
670 908 99 28 antingen
779 915 50 14 voro
839 908 33 20 för

120 942 89 28 fåtaliga
230 946 32 18 att
283 943 70 21 kunna
374 942 59 22 bilda
451 945 31 18 ett
497 942 100 21 särskildt
611 942 75 21 sådant
700 942 172 28 kyrkosamfund,

120 984 44 14 som
187 977 65 29 enligt
273 977 97 28 gällande
391 977 35 28 lag
440 976 45 22 fick
500 977 55 21 inom
571 976 71 21 landet
657 976 84 22 komma
755 976 32 22 till
803 976 69 26 ständ,

121 1011 50 21 eller
187 1012 39 20 ock
241 1012 84 28 hyllade
340 1011 47 21 frän
403 1011 70 21 bibeln
488 1011 40 21 och
543 1011 40 21 den
594 1010 128 29 apostoliska
732 1010 140 22 bekännelsen

120 1045 24 21 sä
165 1045 113 21 afvikande
301 1045 83 29 äsigter,
398 1048 32 18 att
451 1045 27 21 de
500 1045 28 28 pä
549 1044 169 28 lagstiftningens
742 1044 130 22 närvarande

121 1079 129 29 ståndpunkt
271 1080 47 20 icke
341 1087 50 14 voro
413 1079 131 28 berättigade
566 1082 32 17 att
619 1078 57 21 bilda
690 1078 91 21 särskild
795 1078 77 28 kyrko-

121 1114 127 28 församling.
270 1114 49 22 Och
334 1114 61 21 äfven
410 1114 61 21 dessa
486 1113 178 27 omständigheter
678 1112 118 29 påkallade,
806 1113 66 27 enligt

121 1148 102 22 Senatens
238 1148 70 26 tanke,
322 1147 218 29 lagstiftningsåtgärd
554 1148 8 20 i
577 1147 99 21 afseende
686 1146 13 22 å
709 1147 107 28 religions-
832 1146 39 22 och

121 1182 195 22 samvetsfrihetens
331 1182 135 28 utvidgande.

189 1216 13 21 I
216 1216 217 22 öfverensstämmelse
453 1215 92 29 härmedj
559 1215 38 21 har
612 1215 92 21 Senaten
719 1215 99 28 uppgjort
832 1214 40 22 och

120 1252 64 27 jemte
207 1250 129 28 underdånig
357 1249 125 22 hemställan
504 1250 33 20 för
551 1249 42 21 den
608 1250 13 20 6
635 1248 120 22 December
770 1250 54 20 1899
839 1248 33 21 till

120 1285 63 21 Hans
197 1285 111 28 Majestäts
320 1284 77 28 nådiga
411 1284 99 28 pröfning
524 1284 85 20 insändt
620 1283 78 28 förslag
708 1283 33 21 till
751 1282 121 28 landtdags-

120 1320 129 28 proposition
264 1320 8 20 i
287 1318 137 22 förevarande
447 1320 66 20 ämne.
541 1318 41 22 Uti
606 1318 69 21 denna
695 1317 125 21 hemställan
834 1317 39 21 har

121 1352 97 26 Senaten,
233 1356 57 18 utom
313 1355 69 20 annat,
397 1352 79 20 anmält
497 1355 32 17 att
550 1351 74 27 frågan
642 1358 34 14 om
696 1350 128 28 äktenskaps
839 1351 33 19 in-

121 1386 81 28 gående
217 1386 56 21 inför
287 1386 106 27 borgerlig
408 1385 123 27 myndighet
546 1384 23 21 af
583 1384 91 21 Senaten
689 1384 65 28 gjorts
769 1384 33 20 till
816 1384 56 20 före-

121 1421 43 21 mål
183 1420 34 22 för
236 1423 32 19 ett
286 1419 100 22 särskildt
400 1419 139 28 underdånigt
553 1418 225 29 propositionsförslag.
806 1418 66 21 Det
861 1414 15 37 i

191 1466 133 23 Lagutskottets
336 1466 111 17 betänkande
458 1465 38 18 N:o
508 1465 29 18 12.
