1075 1753
385 184 29 22 U.
430 184 27 22 B.
474 196 26 4 —
516 184 73 28 Prop.
606 184 42 22 N:o
665 184 36 22 19.
885 185 25 20 17

417 527 240 28 Reservationer.

524 595 16 21 I

195 618 146 28 Ötversättning.

229 689 36 21 Dä
284 689 133 22 Utskottets
436 689 165 22 ofvanstäende
620 690 86 28 förslag
724 690 92 21 komme
826 692 35 19 att
873 697 39 13 en-

160 723 75 29 sidigt
253 723 90 29 skydda
362 723 185 30 skogsköparens
565 726 53 25 rätt,
628 723 83 22 medan
731 723 103 22 deremot
852 723 60 29 jord-

161 765 84 22 egaren
265 758 69 22 äfven
352 758 123 22 framdeles
494 766 52 14 vore
564 761 75 19 utsatt
656 759 36 21 för
709 759 80 20 risken
807 760 35 19 att
854 758 59 21 efter

160 792 229 29 afverkningstidens
407 793 91 28 utgång
516 793 72 22 återfå
608 793 49 28 ,sin
667 793 137 28 skogsmark
814 792 98 29 ödelagd

152 827 51 21 -och
221 829 56 19 utan
295 827 145 27 växtkraft";

231 861 29 21 dä
287 861 40 22 det
354 861 23 22 af
394 861 122 22 Utskottet
534 862 7 21 i
559 861 70 21 slutet
648 861 23 22 af
691 862 11 20 1
724 862 12 25 $
755 861 9 21 i
782 860 78 21 stället
878 860 35 21 för

160 895 45 22 den
214 895 87 29 nädiga
320 896 186 28 propositionens
524 896 173 28 bestämningar
715 895 134 28 föreslagna
867 902 45 20 nya

160 929 136 30 stadgande,
315 929 91 23 hvilket
424 933 25 18 är
468 930 74 21 afsedt
560 932 35 20 att
613 929 102 30 aflägsna
732 930 76 21 denna
820 929 55 27 risk,
887 933 25 17 är

158 967 58 20 utan
235 965 31 21 all
285 965 127 28 betydelse;

229 999 29 22 dä
276 999 154 28 föreskrifter,
451 999 81 24 hvilka
549 999 48 22 afse
609 999 99 28 skogens
722 997 135 30 skyddande
871 997 42 22 och

160 1033 170 28 befrämjandet
349 1034 23 21 af
399 1034 51 20 dess
474 1034 111 26 återväxt,
604 1033 135 28 lämpligare
759 1033 55 20 böra
832 1033 56 27 ingå
905 1033 9 19 i

161 1067 144 29 skogslagen,
326 1071 29 18 än
374 1067 8 22 i
400 1075 32 14 nu
451 1067 158 29 föreliggande
627 1067 136 28 lagförslag;

230 1101 29 22 dä
287 1109 28 14 en
343 1102 23 21 af
393 1102 147 28 Regeringen
567 1101 93 22 nedsatt
686 1101 86 22 komit&
794 1108 48 14 som
861 1101 53 20 bäst

160 1135 74 22 häller
262 1137 29 27 pä
316 1138 34 19 att
368 1136 138 27 undersöka,
524 1135 115 22 huruvida
657 1135 126 28 anledning
802 1135 112 21 förekom-

160 1177 47 14 mer
226 1171 35 20 att
279 1171 29 27 pä
327 1172 34 19 ett
379 1170 55 21 eller
452 1172 73 19 annat
542 1172 47 19 sätt
606 1170 115 28 begränsa
739 1169 45 21 den
796 1169 116 21 enskildes

162 1206 47 19 rätt
228 1206 34 19 att
280 1205 79 28 nyttja
377 1205 35 20 sin
431 1204 69 29 skog;

230 1238 29 21 dä
283 1247 61 19 man,
363 1246 83 21 genom
465 1241 35 19 att
518 1238 116 22 behandla
651 1237 160 30 föreliggande
829 1237 85 28 lagför-

161 1273 50 28 slag
241 1273 8 20 i
278 1273 167 28 sammanhang
476 1273 52 22 med
556 1273 27 21 de
610 1273 9 21 i
645 1271 147 30 nyssantydd
809 1271 106 28 riktning

161 1307 90 28 gäende
271 1307 127 28 ändringar
416 1307 8 21 i
443 1307 146 29 skogslagen,
608 1307 80 21 hvilka
700 1306 123 22 framdeles
835 1306 80 21 kunna

161 1342 92 21 komma
273 1343 35 20 att
325 1345 76 25 göras,
420 1342 84 21 lättare
524 1345 28 18 än
570 1341 63 22 hvad
651 1349 84 14 annars
754 1345 24 17 är
791 1340 65 21 fallet
868 1340 47 21 kan

160 1376 66 27 gifva
252 1376 113 27 förslaget
393 1383 29 13 en
441 1376 132 27 affattning,
593 1383 48 21 som
659 1377 129 19 motsvarar
806 1374 51 21 dess
876 1378 39 17 än-

164 1408 88 27 damäl;

231 1442 28 22 dä
281 1443 154 22 förevarande
453 1443 133 28 lagförslag,
606 1450 36 14 om
660 1442 39 22 det
717 1442 77 22 blefve
814 1444 101 26 antaget,

161 1476 78 23 kunde
257 1477 53 22 leda
323 1477 86 23 derhän
428 1480 34 20 att
480 1477 79 22 idkare
579 1477 22 22 af
613 1476 217 28 trävaruindustrin,
845 1476 68 22 säkra

232 1527 133 22 Lagutskottets
378 1526 110 19 betänkande
500 1526 37 18 N:o
553 1527 15 16 7.
