1075 1759
317 179 85 24 Ständ.
418 179 39 23 Sv.
472 192 28 4 —
515 180 74 28 Prop.
605 180 42 22 N:o
663 179 36 23 21.
888 180 12 20 3

146 259 69 21 egare
241 251 94 29 skyldig
362 254 36 19 att
424 252 37 22 för
481 251 148 23 bestridande
648 251 25 22 af
689 251 158 22 kostnaderna
864 252 37 20 för

144 286 112 28 tillsynen
273 286 97 29 erlägga
388 286 75 28 afgift,
482 294 49 14 som
549 286 24 22 af
591 285 102 22 Senaten
710 286 144 21 bestämmes.

499 344 14 21 3
533 344 20 26 8.

213 389 46 22 Till
287 388 111 23 elektrisk
425 389 145 29 anläggning
597 388 102 22 hörande
725 388 98 30 ledning
845 389 56 21 eller

144 431 78 14 annan
240 424 133 28 inrättning
390 424 36 22 får
444 424 51 21 icke
513 424 62 21 föras
593 424 30 28 på
641 431 89 14 annans
748 423 76 29 grund
842 426 57 19 utan

144 458 23 22 af
193 458 137 29 jordegaren
357 457 81 22 dertill
464 458 125 22 utverkadt
615 458 113 22 tillstånd.
770 458 65 21 Dock
863 458 37 20 mä
923 452 4 2 |

144 500 69 20 egare
239 492 56 22 eller
321 492 151 22 innehafvare
497 492 24 22 af
542 492 47 22 fast
607 492 119 28 egendom,
745 491 76 23 derest
839 492 61 22 elek-

144 527 59 21 trisk
221 527 147 29 anläggning
385 527 93 29 pröfvas
497 534 56 15 vara
571 526 24 22 af
613 526 142 23 allmännare
773 526 126 30 betydelse,

143 562 80 21 kunna
241 562 96 28 åläggas
356 563 36 20 att
409 564 49 19 mot
475 561 44 22 full
537 561 130 29 ersättning
683 562 61 21 afstå
756 561 84 29 nödigt
853 568 46 14 om-

143 595 55 22 råde
225 596 36 22 för
287 596 46 21 den
360 596 38 22 till
416 596 173 28 anläggningen
607 595 104 23 hörande
729 596 97 28 ledning
844 595 56 22 eller

143 630 48 22 tåla
210 630 45 22 den
276 630 171 29 inskränkning
465 630 8 21 i
491 631 36 21 sin
545 632 48 20 rätt
612 632 34 20 att
664 630 107 29 begagna
789 630 110 27 området,

144 672 48 14 som
211 664 36 22 för
265 664 66 29 dylik
348 664 96 29 ledning
462 664 124 28 erfordras;
606 665 44 21 och
668 665 60 21 skall
740 665 8 21 i
761 664 84 22 sådant
857 664 42 22 fall

142 699 99 22 förfaras
268 700 31 28 på
326 701 47 20 sätt
391 699 69 28 lagen
479 706 37 15 om
534 700 173 27 expropriation
726 699 23 21 af
766 699 47 22 fast
831 706 68 21 egen-

143 733 54 21 dom
215 733 36 22 för
268 733 97 22 allmänt
383 733 71 21 behof
471 733 91 22 förmår.

494 790 16 22 4
529 791 19 26 8.

212 835 70 23 Hvad
308 835 9 21 i
345 836 29 21 12
400 836 13 26 $
436 836 31 21 34
495 836 52 28 kap.
575 835 43 22 och
638 836 11 20 1
670 836 13 26 $
703 835 31 21 35
753 836 51 28 kap.
824 835 75 21 straff-

143 870 71 29 lagen
232 870 94 28 stadgas
345 870 120 29 angäende
483 870 130 22 hindrande
631 870 56 21 eller
702 870 108 22 störande
824 870 23 21 af
859 870 40 21 all-

143 909 55 17 män
217 904 107 29 telegraf-
342 904 56 22 eller
415 904 186 22 telefonanstalts
619 904 152 29 begagnande
790 906 61 20 samt
863 912 36 14 om

144 939 162 29 skadegörelse
333 940 13 21 å
373 939 98 28 telegraf
498 939 55 21 eller
571 939 87 22 telefon
676 946 42 21 ege
736 938 163 22 motsvarande

144 974 150 29 tillämpning
321 973 84 29 jemväl
424 974 13 21 &
455 974 72 21 sådan
551 973 111 22 elektrisk
681 973 150 29 anläggning,
851 980 48 14 som

144 1008 9 22 i
172 1008 75 22 denna
265 1008 40 29 lag
323 1008 153 22 omförmäles.

212 1043 51 21 Har
289 1044 77 27 någon
384 1042 84 22 skadat
484 1042 57 22 eller
558 1042 54 22 sökt
629 1041 73 22 skada
720 1041 66 29 dylik
804 1042 96 28 anlägg-

144 1077 58 29 ning
225 1076 74 22 under
324 1076 88 22 sådana
430 1076 168 28 förhållanden,
617 1084 48 14 som
683 1076 8 21 i
713 1077 31 20 10
763 1077 13 25 $
796 1076 32 21 34
847 1076 52 29 kap.

144 1111 136 29 strafflagen
299 1111 66 28 afses,
384 1112 90 21 straffes
493 1112 74 21 såsom
587 1111 39 21 der
645 1114 25 18 är
688 1110 116 28 stadgadt.

498 1169 14 21 5
533 1170 19 26 8.

214 1214 51 22 Den
292 1222 47 14 som
357 1216 56 20 utan
433 1214 107 22 tillstånd
558 1214 56 22 eller
632 1214 8 22 i
659 1214 58 22 strid
735 1216 61 19 emot
815 1214 27 21 de
861 1213 40 22 vid

144 1249 153 23 meddelande
316 1249 23 21 af
357 1249 107 21 tillstånd
482 1249 65 29 gifna
564 1249 145 21 föreskrifter
727 1249 100 21 inrättar
845 1248 56 21 eller

143 1284 92 28 nyttjar
253 1283 151 29 anläggning,
422 1290 50 15 som
490 1284 8 20 i
516 1284 75 21 denna
609 1283 40 29 lag
667 1284 67 26 afses,
746 1283 91 21 straffes
849 1282 52 22 med

144 1318 69 22 böter
238 1318 69 28 högst
332 1317 138 23 femhundra
491 1318 71 27 mark,
581 1317 42 21 der
641 1318 20 28 ej
681 1318 92 20 svårare
792 1317 67 21 straff
876 1320 25 18 är

145 1352 9 22 i
172 1352 40 28 lag
230 1352 116 28 stadgadt.

215 1385 46 21 Till
287 1386 95 20 rättelse
400 1386 9 20 i
426 1385 63 21 hvad
511 1386 108 26 olofligen
639 1386 62 20 skett
719 1392 42 20 ege
780 1386 122 20 Guvernör

145 1418 179 29 handräckning
341 1419 71 28 gifva,
432 1422 42 18 när
493 1419 50 21 skäl
561 1418 78 22 dertill
657 1422 46 18 äro.

215 1453 82 22 Denna
314 1453 41 29 lag
372 1452 60 22 skall
450 1452 67 23 träda
535 1453 6 21 i
562 1453 63 21 kraft
642 1452 45 22 den
