1067 1748
192 167 13 20 6
412 165 28 22 U.
458 166 28 22 B.
502 178 27 3 —
543 165 73 28 Prop.
632 164 45 23 N:o
692 164 37 23 28.

193 233 81 28 bidrag
289 232 36 22 till
342 232 184 22 brandväsendet
540 232 43 22 och
598 232 210 29 gatubelysningen
824 231 119 22 äfvensom

193 267 164 29 gatuandelars
372 267 121 21 underhäll
508 267 9 20 i
532 267 111 21 särskilda
658 266 83 21 städer.

262 335 53 22 Med
331 335 126 28 anledning
472 334 68 22 däraf
552 337 34 19 att
601 337 81 25 posten
698 335 120 27 ersättning
833 335 35 21 till
880 337 63 18 stats-

190 371 86 28 fonden
280 370 42 28 för
330 369 246 22 militieboställsvärden
581 369 119 28 upptagits
707 369 36 21 till
750 369 59 21 Fmk
818 369 126 27 105,000:—

194 404 82 22 medan
302 404 132 21 densamma
457 403 73 28 enligt
554 403 246 29 kapitalräkningarna
824 403 37 22 för:
890 403 54 21 ären

196 440 53 21 1897
274 438 45 22 och
346 439 54 21 1898
425 438 99 28 uppgätt
548 438 36 21 till
602 445 58 21 resp.
678 439 95 25 114,362:
785 440 24 19 19
826 438 42 21 och
883 438 61 21 Fmk

196 474 96 25 122,240:
302 474 33 25 97,
356 472 66 21 torde
441 472 42 21 här
498 472 56 22 böra
568 472 133 21 framhällas
717 475 34 18 att
765 473 128 28 utgifterna
908 472 36 21 för

194 507 72 28 sagda
281 508 25 20 är
320 514 57 14 voro
393 507 153 27 exceptionelt
561 506 66 28 höga,
640 506 112 21 beroende
763 506 77 29 därpä,
852 509 34 18 att
898 509 47 19 sär-

194 541 76 22 skilda
292 541 168 28 utgiftsposter,
482 541 79 21 hvilka
583 540 99 28 tidigare
705 541 77 20 blifvit
800 541 52 21 frän
868 541 78 21 landt-

194 576 144 21 ränterierna
360 575 131 21 utbetalade
506 576 74 20 säsom
596 574 105 27 förskott,
717 574 58 21 först
789 575 73 21 under
878 574 67 22 dessa

194 610 40 21 två
250 610 24 21 är
289 609 8 22 i
312 609 186 28 räkenskaperna
513 609 111 28 slutligen
640 608 86 22 afförts.

252 679 42 21 Att
310 679 104 28 anslaget
430 680 40 25 jör
492 678 142 28 oförutsedda
656 678 64 25 behof
733 678 34 21 till
787 678 105 21 Senatens
907 679 37 20 och

194 713 243 28 Militieexpeditionens
443 713 139 28 förfogande
590 712 42 21 har
639 712 61 29 höjts
708 712 52 21 från
765 713 60 20 Fmk
832 713 113 26 20,000:—

195 748 36 21 till
247 747 59 22 Fmk
330 749 120 23 30,000:—
473 755 35 14 om
532 747 50 21 året
598 746 75 22 finner
686 747 122 21 Utskottet
822 747 8 20 i
846 747 45 21 den
905 747 41 23 nä-

196 783 54 28 diga
264 782 174 28 propositionen
454 782 36 21 till
506 781 56 22 fullo
578 781 142 22 motiveradt.

263 850 53 21 Med
332 849 126 29 anledning
480 849 68 22 däraf
568 852 34 19 att
623 850 8 21 i
647 849 43 21 den
708 849 86 29 nädiga
808 850 137 28 propositio-

196 893 51 19 nen,
263 885 7 20 i
290 884 103 28 enlighet
408 884 52 22 med
475 884 143 22 förfarandet
636 884 7 21 i
659 884 27 20 de
701 884 40 22 vid
756 884 98 28 tidigare
869 884 77 22 landt-

196 920 71 28 dagar
282 919 128 28 framlagda
433 918 119 22 enahanda
572 918 176 30 propositioner,
763 918 71 22 bland
849 918 97 30 utgifter

195 953 119 30 upptagits
338 961 28 13 en
390 953 98 21 särskild
506 955 52 25 post
573 953 131 28 afkortning
716 954 42 27 för
770 954 121 27 fattigdom
908 954 37 21 och

196 989 70 20 andra
282 989 51 27 laga
348 988 88 21 orsaker
450 988 42 20 vill
506 987 127 26 Utskottet,
648 990 56 18 utan
720 990 34 18 att
764 994 31 14 nu
805 987 140 23 härutinnan

196 1022 95 28 vidtaga
314 1023 77 27 nägon
414 1022 107 28 ändring,
538 1022 81 21 endast
634 1022 122 21 framhälla
771 1024 41 24 att,
828 1022 29 22 dä
872 1022 74 29 enligt

196 1059 12 25 8
224 1058 26 20 37
266 1057 7 21 i
290 1057 86 28 nådiga
398 1056 155 29 kungörelsen
578 1056 27 22 af
618 1056 44 21 den
678 1058 12 20 3
707 1056 44 29 maj
770 1058 60 26 1899,
846 1057 100 21 innefat-

196 1091 70 22 tande
281 1095 104 18 närmare
400 1091 144 21 föreskrifter
558 1091 40 21 vid
613 1091 191 28 genomförandet
819 1092 26 21 af
854 1098 92 22 reorga-

196 1126 129 21 nisationen
342 1126 26 20 af
380 1126 150 21 statsverkets
545 1126 76 21 kassa-
639 1125 43 21 och
696 1126 248 28 räkenskapsväsende,

196 1162 34 19 ett
245 1159 109 22 särskildt
373 1162 143 26 gemensamt
530 1160 72 21 konto
617 1158 36 22 för
668 1159 164 29 afkortningar
847 1159 51 21 icke
913 1160 33 21 vi-

196 1190 55 36 dare
270 1190 93 36 kommer
384 1196 34 19 att
433 1194 135 28 uppläggas,
584 1196 56 18 utan
656 1194 28 21 de
700 1194 63 21 olika
777 1194 169 21 inkomstkonti

196 1228 99 22 belastas
318 1228 36 21 för
376 1228 180 29 uppdebiterade
571 1228 132 27 inkomster,
714 1228 80 22 hvilka
806 1228 72 21 blifva
889 1228 58 22 före-

195 1263 47 21 mäl
264 1263 36 21 för
322 1262 142 29 afkortning,
490 1262 75 22 denna
586 1265 54 26 post
654 1263 51 21 icke
720 1263 122 21 framdeles
857 1263 65 21 torde
938 1263 8 21 i

196 1296 28 21 de
240 1297 74 27 ärliga
328 1297 175 26 statsförslagen
520 1304 12 13 å
547 1297 150 26 utgiftssidan
712 1299 120 26 upptagas.

264 1363 82 23 Ibland
362 1364 27 21 de
401 1364 8 21 i
420 1363 45 22 den
475 1364 86 29 nådiga
570 1364 173 29 propositionen
753 1364 73 22 under
836 1364 110 23 rubriken

196 1401 72 21 extra
292 1399 104 27 utgifter
423 1399 115 28 uppförda
564 1398 81 29 anslag
669 1401 113 29 upptages
805 1399 82 22 främst
910 1400 36 21 för

196 1434 153 28 nybyggnader
375 1434 36 20 vid
436 1433 241 28 butaljonskasernerna
702 1441 28 14 en
756 1437 52 26 post
833 1434 30 33 pä
885 1435 61 21 Fmk

197 1469 97 27 675,000:
306 1481 31 13 —,
361 1468 114 21 beräknad
491 1467 37 22 för
542 1468 52 21 hela
608 1467 190 30 finansperioden.
829 1463 117 28 Ändamä-

264 1515 142 17 Statsutskottets
418 1515 110 18 betänkande
539 1515 38 17 N:o
589 1516 17 16 3.
