1056 1750
123 1267 48 27 28.

219 162 13 20 4
415 160 28 21 U.
458 160 27 21 B.
501 172 27 3 —
544 160 71 26 Prop.
631 159 40 22 N:o
688 159 33 21 29.

192 228 77 21 seende
291 228 51 20 derä
365 230 30 18 att
414 228 128 26 bryggerier,
558 228 6 20 i
581 228 66 20 likhet
666 228 46 20 med
732 228 65 20 andra
815 227 126 21 industriela

191 262 148 26 inrättningar,
354 262 7 20 i
377 262 25 20 de
417 262 61 21 flesta
490 262 71 21 städer
574 262 60 21 torde
646 268 50 14 vara
706 261 96 27 förlagda
813 262 31 20 till
855 261 86 21 stadens

191 298 82 23 utkant,
289 297 89 21 hvarest:
394 297 116 27 ordningen
528 298 23 18 är
566 296 85 21 svårare
671 298 31 19 att
722 296 115 21 öfvervaka
851 298 27 18 än
893 296 7 21 i
916 296 25 20 de

192 332 93 20 centrala
301 331 95 26 delarna,
416 331 53 20 varit
485 331 23 21 af
521 331 40 21 den
580 331 61 26 äsigt,
658 331 32 19 att
704 330 125 27 försäljning
843 330 24 20 af
880 330 61 21 malt-

192 366 89 28 drycker
300 365 97 27 buteljvis
412 365 46 21 frän
474 365 96 27 bryggeri
586 365 7 21 i
612 365 47 21 stad
677 364 47 22 icke
740 364 65 21 borde
820 364 121 27 tillstädjas.

191 400 34 21 Då
246 400 111 21 Utskottet
379 399 89 21 sålunda
490 400 7 21 i
516 400 126 26 ordningens
660 399 90 21 intresse
768 399 119 21 föranlätits
909 401 33 19 att

192 434 118 23 framställa
336 434 79 27 förslag
441 441 33 15 om
500 437 32 19 att
556 434 162 27 ifrågavarande
744 434 103 27 rättighet
872 433 70 22 blefve

193 469 235 28 bryggeriinnehafvare
445 469 116 27 fräntagen,
581 470 39 21 har
638 470 58 19 detta
716 469 65 20 likväl
799 469 57 20 skett
874 468 68 21 under

193 505 40 20 den
252 504 155 27 förutsättning,
427 505 32 19 att
473 504 76 21 honom
565 503 169 22 tillförsäkrades
752 503 101 27 rättighet
869 505 31 18 att
915 503 27 26 pä

193 538 94 21 ansökan
307 538 127 23 åtminstone
453 538 12 21 &
484 541 29 18 ett
532 539 61 20 ställe
613 539 6 20 i
638 538 80 25 staden,
734 537 73 22 såvida
823 538 58 20 detta
895 537 46 21 icke

192 573 94 21 befinner
308 573 31 27 sig
362 573 7 21 i
391 573 65 21 sådan
475 573 64 27 trakt,
560 574 36 20 der
614 572 125 27 försäljning
759 572 22 21 af
797 573 21 20 öl
837 572 37 21 och
894 578 48 21 por-

191 610 34 19 ter
250 610 24 19 är
299 608 118 26 förbjuden,
442 608 22 21 fä
485 607 61 22 äfven
569 607 99 27 buteljvis
691 607 33 21 till
746 607 131 26 afhemtning
900 606 42 22 för-

193 642 54 26 sälja
265 642 46 20 sina
329 642 167 27 tillverkningar.
526 641 134 22 Beträffande
679 642 180 26 partiförsäljning
879 647 63 15 anser

191 676 119 27 Utskottetj
325 679 32 18 att
378 676 46 21 från
448 677 97 27 bryggeri
567 676 7 21 i
598 676 46 21 stad
663 676 57 26 finge
746 676 98 26 försäljas
863 676 20 20 öl
903 676 38 20 och

192 713 71 28 porter
278 712 7 20 i
301 711 79 27 partier
396 717 32 14 om
444 710 81 22 hälften
540 711 81 21 mindre
636 711 57 21 antal
709 710 138 27 halfbuteljer
858 712 26 18 än
895 710 46 20 från

192 746 98 26 bryggeri
313 746 27 26 pä
362 745 72 21 landet
452 748 23 18 är
494 745 83 26 tillåtet,
597 746 50 20 enär
666 746 20 20 öl
704 745 39 21 och
759 748 77 23 porter,
853 744 89 27 tappadt

193 780 27 27 pä
237 780 144 26 halfbuteljer,
397 780 175 26 hufvudsakligen
589 780 105 20 användes
706 780 70 20 säsom
788 778 154 28 näringsmedel

193 814 39 21 och
251 814 52 21 brist
322 814 27 26 pä
368 814 101 26 lämpliga
486 814 164 26 förvaringsrum
670 816 38 24 gör
727 814 36 20 det
778 814 32 20 för
825 814 116 26 privatper-

192 855 63 15 soner
273 849 6 20 i
299 849 47 21 stad
367 848 57 22 svärt
439 851 31 18 att
488 848 56 22 förse
560 849 32 26 sig
610 848 48 21 med
673 850 68 19 större
757 848 72 21 förräd
844 847 23 21 af
881 848 61 20 dessa

193 883 94 27 drycker.

261 935 54 21 Dei
335 935 157 26 propositionen
510 935 119 27 föreslagna
648 934 185 27 minimibeloppen
851 934 28 21 25
898 933 44 21 hel-

193 970 38 20 och
249 970 28 20 50
297 969 136 27 halfbuteljer
451 968 63 22 hafva
532 968 24 21 af
571 969 111 21 Utskottet
700 969 120 21 förändrats
837 968 34 21 till
886 974 55 20 resp.

191 1004 28 20 24
234 1004 44 20 hel-
294 1004 39 20 och
349 1004 27 20 48
392 1003 143 27 halfbuteljer,
551 1003 22 21 af
588 1003 62 21 orsak
666 1005 30 19 att
711 1003 34 20 vid
762 1009 24 15 en
803 1002 33 22 del
853 1003 88 27 brygge-

191 1037 42 21 rier
248 1038 35 20 vid
299 1038 181 27 partiförsäljning
496 1037 22 22 af
533 1038 18 20 öl
572 1038 38 20 och
629 1039 72 25 porter
717 1037 107 21 användas
839 1033 60 25 Tädor
910 1037 31 21 in-

191 1072 127 21 nehällande
337 1073 28 21 24
380 1072 97 27 buteljer.
508 1072 66 21 Ordet
592 1072 92 27 ,slutna*
704 1072 39 21 har
758 1072 80 26 tillagts
853 1071 89 21 framför

192 1106 61 21 ordet
271 1106 90 26 buteljer
383 1106 33 21 för
437 1107 105 21 vinnande
560 1106 24 21 af
598 1106 144 27 likformighet
756 1106 47 22 med
815 1106 127 26 stadyandet

191 1141 7 21 i
217 1141 13 20 8
249 1140 18 28 $.
297 1141 166 27 Bestämningen
488 1147 34 15 om
538 1142 41 20 den
594 1141 106 21 kvantitet
715 1140 20 21 öl
751 1141 50 20 eller
817 1143 72 24 porter
905 1141 37 20 bu-

192 1175 91 26 teljerna
298 1176 53 21 böra
368 1176 105 21 innehälla
489 1176 38 21 har
542 1176 108 21 uteslutits
665 1175 33 21 för
712 1175 134 21 undvikande
859 1175 22 21 af
890 1181 52 20 upp-

191 1209 94 27 repning,
305 1209 27 22 dä
351 1209 109 22 enahanda
478 1210 132 26 bestämning
625 1209 59 26 ingår
700 1210 6 20 i
721 1209 104 26 sistsagda
840 1209 17 27 $.

261 1263 47 20 Den
323 1263 7 20 i
346 1263 13 20 2
375 1262 10 27 $
404 1263 9 20 1
431 1268 61 15 mom.
512 1262 109 27 ingående,
636 1267 26 15 ur
681 1260 260 27 bränvinslagstiftningen

193 1299 63 23 tagna
271 1295 204 26 tidsbestämningen
490 1295 100 27 ,Januari
605 1295 87 21 månad"
704 1295 39 20 har
758 1295 22 20 af
788 1295 110 20 Utskottet
908 1296 34 19 ut-

193 1330 56 26 bytts
261 1331 44 19 mot
318 1330 160 25 bestämningen
490 1329 106 26 ,Oktober
604 1329 94 25 månad”,
707 1329 86 20 hvilken
801 1329 141 21 förekommer

191 1364 7 21 i
216 1364 149 21 motsvarande
388 1363 116 27 stadgande
526 1364 31 20 uti
580 1362 151 28 förordningen
754 1363 108 27 angående
884 1363 57 22 vissa

192 1399 176 27 inskränkningar
383 1398 7 21 i
406 1398 91 21 handeln
515 1399 48 21 med
583 1398 59 21 viner
658 1398 38 21 och
712 1398 67 21 andra
793 1404 88 21 svagare
896 1404 45 15 rus-

192 1434 87 27 drycker
295 1433 40 22 och
350 1433 86 21 hvilken
451 1432 183 27 tidsbestämning,
643 1432 65 27 enligt
723 1432 55 22 hvad
793 1432 148 22 erfarenheten

191 1468 61 26 visat,
269 1475 50 15 vore
335 1468 130 27 lämpligare.

259 1514 182 18 Ekonomiutskottets
453 1514 110 18 betänkande
575 1514 37 17 N:o
628 1514 14 17 7.
