1095 1745
258 135 13 19 8
553 134 40 20 N:o
612 134 30 20 17.

583 202 12 20 8
611 202 17 26 &.

297 242 46 21 Dör
357 242 94 20 brukare
466 241 66 21 innan
547 241 145 27 legostämma,
708 246 45 16 som
769 240 99 22 afslutats
884 240 28 26 på
922 240 57 22 vissa

230 276 30 27 år,
283 278 38 19 ute
344 278 30 24 är,
398 282 50 14 vare
469 275 54 22 hans
539 276 55 20 enka
609 275 37 21 och
661 274 169 28 bröstarfvingar
844 274 135 27 berättigade

230 311 33 21 att
278 311 61 26 legan
355 310 83 21 behålla
453 310 69 21 under
538 310 39 21 den
594 310 135 21 återstående
743 309 114 27 legotiden.
882 308 97 22 Lifstids-

230 345 71 27 städja
316 345 59 27 njute
391 344 76 22 hustru
484 344 53 22 efter
552 344 93 22 brukare
656 344 32 21 till
699 344 54 27 godo
765 344 24 21 så
798 344 63 27 länge
870 344 43 21 hon
925 344 54 21 enka

231 380 68 20 sitter.
322 379 56 27 Vilja
393 379 55 21 enka
464 379 49 21 eller
528 378 169 26 bröstarfvingar
713 379 7 21 i
729 378 44 27 fall,
784 384 46 16 som
840 378 62 21 ofvan
913 380 65 25 sagts,

229 414 63 26 legan
303 415 103 25 uppsäga,
418 414 51 25 göre
479 414 36 20 det
525 414 56 20 inom
593 419 35 15 sex
636 413 102 21 månader
746 413 47 21 från
802 413 120 22 brukarens
931 413 48 21 död.

230 447 41 22 Vid
295 447 71 27 ärftlig
388 447 70 27 städja
477 447 54 21 skall
554 447 183 27 nyttjanderätten
757 447 85 27 öfvergå
861 447 32 21 till
909 448 70 26 någon

230 481 23 22 af
273 481 120 22 brukarens
416 481 175 27 bröstarfvingar,
614 487 44 15 som
682 483 24 19 är
727 481 64 22 fallen
814 481 39 22 och
871 481 58 28 villig
947 483 32 19 att

230 515 186 28 nyttjanderätten
439 515 79 26 utöfva,
542 515 38 21 och
596 515 52 22 efter
664 515 78 22 honom
757 515 32 22 till
804 516 70 26 någon
890 515 23 22 af
926 516 53 21 hans

229 549 175 27 bröstarfvingar,
419 550 34 21 led
464 549 53 22 efter
527 550 40 26 led,
578 550 29 27 på
617 551 44 20 sätt
671 550 174 27 legokontraktet
855 550 124 26 innehåller,

230 584 50 21 eller
303 584 39 21 den
366 586 85 19 senaste
470 584 107 21 brukaren
593 583 118 27 förordnat,
728 584 51 21 eller
794 584 53 22 hans
863 585 116 21 rättsinne-

231 618 86 21 hafvare
332 618 72 21 derom
419 619 123 20 bestämma.

579 677 47 26 98.

295 715 142 22 Efterlemnar
457 716 16 27 ej
495 716 93 22 brukare
604 717 54 20 enka
674 716 51 21 eller
740 716 176 27 bröstarfvingar,
933 722 46 15 som

226 750 84 27 jämlikt
325 751 13 20 8
353 751 11 27 $
380 753 37 18 äro
441 751 134 26 berättigade
597 753 32 19 att
653 751 186 26 nyttjanderätten
860 751 32 21 till
907 752 72 25 torpet

229 784 115 28 ofvertaga,
362 784 96 28 upphöre
476 784 63 28 legan
555 787 64 19 nästa
633 784 76 28 fardag
725 784 54 22 efter
794 785 120 21 brukarens
930 785 48 26 död,

229 819 57 21 ändå
301 821 33 19 att
350 819 40 21 den
406 819 93 21 aftalade
513 819 106 27 legotiden
635 820 28 20 dä
678 821 58 19 ännu
752 820 17 27 ej
786 822 24 19 är
825 822 43 19 ute.

577 884 24 20 10
617 883 18 26 8.

296 923 86 28 Fardag
400 923 33 21 för
449 923 126 22 afträdande
591 923 22 22 af
625 925 49 26 torp
691 925 24 20 är
732 924 40 21 den
788 924 108 27 fjortonde
911 924 68 27 dagen

227 957 8 21 i
250 957 58 22 Mars
323 958 85 26 mänad,
425 958 37 21 der
477 959 17 27 ej
512 959 133 21 annorlunda
659 957 68 23 finnes
743 958 97 22 aftaladt.

296 992 49 21 Med
367 992 49 27 laga
437 992 76 28 fardag
530 993 80 22 förstäs
625 993 47 26 den,
690 999 46 15 som
751 993 84 21 infaller
850 993 68 21 andra
934 994 46 21 äret

228 1027 54 21 efter
297 1027 41 26 det,
354 1027 122 22 hvarunder
491 1028 134 27 uppsägning
640 1028 65 21 skett.
728 1027 68 22 Nästa
810 1027 76 28 fardag
896 1029 25 20 är
932 1029 47 26 den,

229 1067 45 16 som
289 1062 46 20 äret
350 1063 50 19 näst
415 1061 54 22 efter
483 1062 67 22 skedd
565 1062 135 27 uppsägning
715 1062 90 22 infaller.

579 1126 23 19 11
619 1125 18 27 &.

295 1164 10 21 I
327 1164 43 21 alla
392 1165 26 20 de
439 1165 43 26 fall,
503 1165 28 21 dä
546 1165 100 27 legoaftal
661 1165 84 28 upphör
760 1166 28 27 pä
803 1165 70 27 grund
888 1165 24 22 af
924 1171 55 22 upp-

228 1199 95 26 sägning,
346 1200 54 19 utan
425 1201 33 19 att
480 1199 58 21 tiden
561 1199 34 21 för
613 1199 136 22 afträdandet
765 1202 24 19 är
804 1199 104 27 bestämd,
925 1199 54 22 skall

228 1232 100 27 flyttning
343 1233 38 20 ske
396 1234 12 20 ä
423 1233 48 28 laga
486 1233 81 28 fardag.

295 1267 90 26 Upphör
404 1267 139 27 legostämma
557 1268 7 21 i
579 1267 51 28 följd
649 1268 23 21 af
691 1268 97 25 dödsfall,
804 1268 54 21 efter
872 1268 57 21 hvad
944 1269 6 20 i
966 1269 12 20 9

229 1301 11 26 &
256 1302 68 24 säges,
347 1301 79 20 räknas
449 1301 75 26 fardag
547 1307 45 15 som
609 1308 32 14 om
657 1302 136 26 uppsägning
808 1302 59 20 skett
882 1302 40 20 den
937 1301 42 27 dag

229 1334 113 21 dödsfallet
357 1335 85 20 timade.

573 1365 24 20 12
613 1364 18 27 $.

296 1403 140 26 Uppsägning
451 1403 54 21 skall
520 1404 37 20 ske
573 1404 7 21 i
595 1404 94 21 vittnens
705 1406 90 20 närvaro
812 1405 50 21 eller
876 1405 102 27 skriftligt

228 1437 57 21 bevis
301 1437 51 21 derä
368 1438 67 26 tagas.
465 1437 49 21 Kan
530 1437 17 27 ej
565 1438 40 21 den
621 1437 79 28 träffas,
717 1444 46 15 som
773 1439 137 28 uppsägning
920 1439 58 21 med-
