1078 1756
213 181 12 20 2
515 179 40 22 N:o
573 181 32 20 19.

183 248 72 21 kunna
274 248 110 26 fortbestä,
403 250 24 19 är
442 248 36 21 det
494 248 23 21 af
531 250 81 20 största
627 248 109 26 betydelse
752 250 32 19 att
799 248 48 22 dess
862 248 74 21 idkare

183 283 28 27 pä
226 282 90 22 förhand
332 282 72 22 kunna
419 282 32 22 för
467 282 69 27 nägon
552 282 32 22 tid
598 283 80 21 framät
692 282 98 22 försäkra
806 283 32 27 sig
849 288 33 16 om
893 282 43 22 till-

183 317 81 27 räcklig
287 317 90 27 tillgång
399 318 28 26 pä
447 317 76 21 råvara
539 318 40 21 och
595 317 122 27 derigenom
733 318 34 20 stä
782 316 119 22 oberoende
916 316 23 22 af

183 352 228 26 prisfluktuationerna
431 352 13 21 &
463 352 122 21 densamma
600 354 55 19 samt
671 352 13 21 å
699 352 68 20 andra
782 351 59 22 sidan
858 351 18 27 ej
893 351 44 21 hel-

183 386 32 21 ler
237 386 81 26 nödgas
341 386 35 21 vid
395 386 151 27 afverkningen
566 386 133 22 öfverskrida
714 386 142 21 marknadens
872 384 66 23 behof

183 420 33 21 för
232 420 100 21 tillfället.
364 420 79 21 Sädant
458 420 39 21 har
512 420 7 21 i
535 420 106 27 väsentlig
656 420 50 21 män
722 420 118 21 försvärats
856 420 81 26 derige-

182 459 49 16 nom
254 456 34 19 att
310 454 126 27 inteckning
456 454 46 21 icke
521 454 92 21 erhålles
628 454 33 21 till
677 454 100 21 säkerhet
792 454 33 21 för
841 453 95 27 skogsaf-

183 488 217 27 verkningskontrakt
423 488 38 22 och
485 489 80 26 köpare
584 488 23 22 af
625 489 52 26 skog
692 488 83 22 säledes
790 489 78 21 saknar
884 488 53 27 möj-

182 523 67 27 lighet
264 525 32 19 att
312 523 125 22 säkerställa
452 523 111 22 beständet
575 523 23 22 af
607 523 263 27 afverkningskontraktet
880 525 58 20 emot

182 557 108 22 blifvande
306 564 63 20 egare
384 557 24 21 af
421 557 132 28 lägenheten,
570 564 45 15 som
632 557 17 28 ej
666 557 110 22 förbundit
787 557 32 27 sig
830 559 33 20 att
873 557 63 22 efter-

183 591 57 22 lefva
268 591 130 27 kontraktet,
424 594 31 19 ett
480 592 133 21 förhållande
638 592 77 21 hvaraf
735 592 114 27 jordägare
874 591 62 22 äfven

183 626 97 21 stundom
296 627 107 26 begagnat
418 626 32 27 sig
465 626 6 21 i
487 627 120 27 bedrägligt
617 626 61 27 syfte.
700 627 47 21 Den
759 626 119 26 osäkerhet,
890 632 46 15 som

182 661 92 21 sålunda
289 667 50 21 eger
354 667 46 16 rum
417 661 47 22 med
480 661 99 22 afseende
590 663 13 20 å
613 661 114 22 beståndet
737 661 24 22 af
770 661 72 28 dylika
853 661 84 22 afverk-

182 696 173 26 ningskontrakt,
380 696 40 21 har
441 696 109 21 föranledt
572 696 101 21 idkarene
696 696 24 21 af
741 695 194 22 trävaruindustrin

182 732 33 20 att
237 730 7 21 i
267 732 45 19 stor
332 730 61 21 skala
415 730 97 27 begagna
534 731 32 27 sig
582 730 23 21 af
619 732 91 25 utvägen
727 733 33 19 att
775 729 113 22 tillhandla
904 730 32 27 sig

181 764 49 22 hela
260 765 124 27 lägenheter
414 765 48 22 med
491 765 42 27 god
563 765 163 27 skogstillgång.
764 765 173 28 Lägenheternas

181 799 59 22 förre
272 806 63 21 egare
365 799 21 22 få
411 800 33 21 väl
465 799 6 22 i
497 807 26 14 en
549 801 35 20 del
609 799 38 22 fall
676 799 118 22 tillsvidare
817 799 120 28 gvarblifva

181 840 45 16 som
250 835 151 21 arrendatorer
424 834 23 22 af
472 835 40 21 den
534 835 75 22 odlade
632 835 83 26 jorden,
740 841 47 15 men
811 834 44 22 ofta
877 836 60 25 tages

181 869 126 28 lägenheten
332 870 8 21 i
364 870 93 27 anspråk
483 871 77 20 endast
585 870 33 21 för
644 870 125 27 afverkning
794 869 23 22 af
839 869 38 22 den
902 869 34 22 vid

181 904 65 27 köpet
278 904 52 22 derå
359 904 108 27 befintliga
496 905 87 26 skogen,
613 905 75 20 medan
717 904 128 27 jordbruket
869 905 67 20 under

181 939 58 21 tiden
250 939 46 21 helt
306 939 39 21 och
356 939 67 21 hållet
431 939 127 21 försummas
567 939 40 22 och
615 939 126 26 lägenheten
750 941 24 19 är
783 938 78 27 derför,
870 939 66 21 sedan

182 972 39 22 den
238 973 90 21 sålunda
344 973 89 21 blottats
448 974 28 26 på
491 974 32 20 sin
535 972 163 28 skogstillgång,
709 974 25 20 så
744 972 52 27 godt
806 978 46 16 som
863 973 73 21 värde-

180 1008 40 20 lös.
246 1008 38 21 Ett
299 1007 125 27 fortgående
434 1007 7 21 i
453 1008 92 26 antydda
556 1008 100 26 riktning,
667 1007 137 27 hvarigenom
817 1007 38 21 allt
866 1009 70 20 större

181 1042 103 21 områden
299 1042 85 21 komme
400 1044 31 20 att
447 1042 26 27 gå
489 1042 91 22 tillbaka
595 1042 6 21 i
618 1042 73 26 odling
701 1042 39 21 och
753 1042 47 21 dess
811 1042 55 21 förre
877 1042 59 21 inne-

180 1076 88 22 hafvare
292 1076 42 21 öka
356 1076 81 22 antalet
461 1076 22 22 af
498 1076 39 22 den
554 1077 113 21 obesuttna
682 1076 155 27 befolkningen,
853 1077 6 20 i
875 1076 61 22 bästa

181 1110 37 22 fall
234 1110 124 22 förvandlas
373 1110 47 22 från
435 1111 114 27 jordegare
567 1111 34 22 till
616 1111 130 26 legotagare,
762 1113 24 19 är
801 1111 94 21 hvarken
911 1117 26 15 ur

181 1146 83 21 kultur-
288 1146 53 21 eller
365 1146 78 21 allmän
467 1146 124 22 ekonomisk
614 1146 106 27 synpunkt
743 1146 100 27 önskligt.
877 1146 60 21 Hans

179 1180 120 27 Kejserliga
314 1180 102 28 Majestät
430 1181 40 21 har
485 1181 131 21 fördenskull
632 1182 69 20 ansett
716 1180 74 27 frågan
807 1186 34 16 om
852 1180 82 22 afverk-

180 1214 108 26 ningsrätt
308 1214 33 21 till
356 1215 97 21 växande
469 1216 53 26 skog
539 1215 12 21 å
566 1221 80 15 annans
662 1214 60 22 mark
737 1215 54 20 böra
807 1214 77 22 ordnas
900 1221 36 21 ge-

179 1254 50 15 nom
244 1248 221 27 lagstiftningsätgärd
480 1249 6 21 i
503 1250 66 20 sådan
585 1248 101 28 riktning,
698 1250 32 20 att
740 1249 196 21 trävaruindustrin

179 1282 71 22 blefve
273 1282 7 21 i
302 1282 63 22 ständ
381 1285 32 19 att
429 1283 82 21 erhälla
526 1284 37 20 sitt
579 1284 66 20 behof
658 1284 23 20 af
694 1284 76 20 rävara
786 1285 51 19 utan
854 1286 32 18 att
902 1283 32 21 för

179 1316 135 25 skyddandet
336 1316 23 20 af
380 1316 39 21 sitt
442 1316 82 21 förvärf
545 1316 82 27 nödgas
642 1316 102 21 förskaffa
760 1316 33 27 sig
808 1316 127 27 eganderätt

179 1348 33 22 till
228 1349 160 27 skogsmarken,
405 1352 54 19 samt
476 1352 32 20 att
521 1350 133 27 jordegaren,
670 1356 45 15 som
731 1350 94 27 upplätit
837 1350 33 22 sin
882 1350 53 28 skog

179 1384 33 21 till
235 1383 131 28 afverkning,
389 1384 46 21 icke
451 1390 50 16 vore
517 1386 68 20 utsatt
601 1384 33 22 för
650 1386 32 20 att
698 1384 68 22 äterfä
782 1385 88 21 marken
885 1384 50 22 öde-

179 1418 49 27 lagd
244 1418 39 21 och
299 1420 52 20 utan
366 1418 117 22 växtkraft.
506 1419 68 21 Dessa
589 1418 98 28 syftemäl
698 1419 64 21 hafva
772 1421 80 20 ansetts
862 1420 73 22 kunna

178 1452 7 21 i
209 1453 104 27 väsentlig
335 1454 53 27 grad
411 1454 112 21 befordras
546 1455 122 27 derigenom
691 1456 32 20 att
742 1454 123 28 inteckning
879 1454 56 28 finge

179 1487 109 22 meddelas
303 1488 35 21 till
354 1488 99 21 säkerhet
469 1488 33 21 för
517 1488 195 27 afverkningsaftal,
724 1495 48 15 men
783 1489 66 21 likväl
860 1490 75 21 endast
