1064 1756
342 156 70 22 Ständ.
428 158 33 20 Sv.
476 169 29 3 —
521 156 59 28 Prop.
597 156 35 23 N:o
647 157 37 22 25.
861 159 24 19 11

410 220 32 20 att
464 218 127 22 Ständerna
611 220 37 26 för
667 219 54 22 åren
738 219 150 22 1901—1904

341 252 96 27 anslagit
452 259 27 15 en
493 260 86 14 summa
591 254 28 26 af
625 253 78 21 inalles
713 253 102 25 100,000
824 253 64 21 mark

341 286 33 21 till
399 286 122 22 biblioteken
545 287 36 27 för
604 287 73 21 lärare
701 288 36 20 och
759 287 128 21 lärarinnor

340 320 37 21 vid
391 320 143 28 folkskolorna
546 320 31 28 på
593 321 78 22 landet.

203 525 83 21 Medan
310 525 39 22 det
366 527 30 26 på
411 526 141 22 Ständernas
567 526 100 22 initiativ
682 527 119 21 tillkomna
816 527 70 21 ansla-

134 561 40 26 get
198 559 36 21 för
257 559 131 22 inrättande
413 560 23 21 af
458 560 111 22 bibliotek
591 561 36 20 för
649 561 171 22 folkskollärare
844 561 42 21 och

133 593 126 22 lärarinnor
281 596 29 27 på
331 594 161 29 landsbygden
509 598 100 19 närmast
625 595 69 22 afsett
708 595 178 28 lärarepersona-

134 628 49 21 lens
208 629 131 28 utbildning
364 629 43 22 och
432 629 87 22 således
545 629 80 22 endast
649 630 127 21 medelbart
801 632 86 26 gagnat

134 663 201 28 undervisningen,
358 671 69 20 synes
449 663 70 22 bland
541 664 112 28 åtgärder,
675 664 88 21 direkte
779 664 107 21 afseende

133 697 169 22 förbättrandet
325 698 23 21 af
367 698 45 21 den
427 698 130 26 sistnämda,
573 698 98 22 särskild
685 699 201 28 uppmärksamhet

133 731 56 22 böra
213 739 70 21 egnas
308 732 159 22 anskaffandet
492 733 23 21 af
537 733 95 28 lämplig
654 733 233 28 åskådningsmateriel

133 765 36 22 för
183 766 160 22 folkskolorna.
374 767 137 28 Isynnerhet
525 767 9 22 i
548 767 135 26 folkskolan,
699 775 49 14 som
761 767 9 22 i
784 767 57 22 flere
855 768 31 21 af-

132 800 102 21 seenden
256 801 91 21 arbetar
370 801 73 21 under
466 809 149 21 ogynsamma
637 801 164 26 förhållanden,
819 809 68 21 synes

135 834 39 21 det
189 835 112 28 muntliga
315 835 132 28 föredraget
463 835 101 22 erfordra
579 836 77 21 stödet
669 836 23 21 af
701 835 186 29 undervisnings-

133 869 81 26 medel,
241 876 48 15 som
314 869 159 28 åskådliggöra
497 870 125 21 läroämnet
645 871 42 20 och
709 873 56 25 göra
786 870 100 21 lärarens

133 903 168 29 framställning
323 911 62 14 mera
404 904 113 22 lefvande.
547 905 12 20 I
575 905 63 20 detta
653 905 107 21 afseende
775 907 38 19 äro
829 904 56 22 folk-

133 937 112 26 skolorna,
269 938 107 21 särskildt
398 940 29 27 på
449 939 166 28 landsbygden,
639 942 60 18 ännu
721 941 25 19 så
765 939 57 28 godt
837 946 49 15 som

132 972 147 29 fullständigt
293 972 8 21 i
316 973 110 21 afsaknad
441 973 22 21 af
478 973 85 28 nödiga
577 973 144 28 bjelpmedel.
744 973 45 22 För
804 973 81 22 under-

133 1006 122 29 visningen
272 1007 9 21 i
295 1007 104 28 geografi
413 1007 75 22 finnas
504 1007 37 22 väl
555 1007 9 21 i
579 1007 28 22 de
622 1007 68 22 flesta
705 1008 76 21 skolor
796 1010 34 19 ett
845 1015 40 21 par

133 1041 146 27 väggkartor,
291 1049 53 14 men
353 1041 134 22 härutöfver
496 1042 70 21 hafva
575 1036 160 34 fordringarna
744 1042 9 21 i
763 1042 122 21 allmänhet

132 1074 51 22 icke
205 1075 87 21 sträckt
315 1075 41 28 sig,
379 1075 43 21 och
445 1083 62 14 mera
526 1075 141 29 vidtgående
682 1076 121 28 yrkanden
817 1076 69 22 hafva

132 1109 139 22 härutinnan
292 1109 51 22 icke
365 1109 72 22 heller
459 1110 23 21 af
505 1109 277 29 distriktsinspektörerne
798 1110 87 21 kunnat

132 1143 142 22 framställas.
304 1143 46 22 För
372 1143 140 22 folkskolans
534 1144 121 21 förseende
670 1145 53 20 med
738 1144 147 29 åskådnings-

132 1177 103 22 materiel
249 1178 36 21 för
301 1178 62 21 såväl
377 1178 140 28 nyssnämda
532 1185 49 14 som
592 1178 73 29 öfriga
675 1179 132 20 läroämnen
816 1178 69 22 hafva

132 1211 103 22 deremot
257 1212 7 21 i
286 1212 57 21 flera
365 1212 158 22 kulturländer
547 1213 52 20 från
623 1213 40 21 det
687 1213 124 21 allmännas
836 1213 49 21 sida

132 1245 49 22 dels
196 1246 97 22 lemnats
309 1247 88 21 direkta
411 1247 127 22 understöd
554 1247 43 21 och
611 1247 88 28 bidrag,
715 1247 48 22 dels
773 1247 111 28 vidtagits

131 1281 117 26 anstalter,
271 1288 48 14 som
343 1281 68 21 afsett
433 1283 35 19 att
490 1282 70 21 sänka
579 1281 72 28 priset
667 1284 30 26 på
711 1281 173 28 ifrågavarande

132 1314 253 29 undervisningsmedel
399 1318 60 19 samt
473 1315 107 22 befordra
594 1316 127 28 tillgången
730 1317 30 26 på
771 1316 114 21 desamma

132 1355 84 22 genom
240 1349 185 28 uppmuntrande
450 1349 23 22 af
501 1350 298 28 förläggarverksamheten.
821 1349 64 22 Erfa-

131 1383 112 20 renheten
264 1383 41 20 har
323 1383 66 25 visat,
405 1385 35 18 att
455 1383 132 28 betydande
602 1383 164 28 förbättringar
781 1383 8 20 i
803 1383 81 20 under-

132 1416 121 28 visningen
275 1416 96 21 sålunda
393 1418 86 19 ernåtts
497 1419 57 18 samt
571 1417 220 28 lärarepersonalens
807 1416 77 21 arbete

131 1450 116 29 betydligt
262 1450 158 21 underlättats.
