1078 1756
342 163 71 22 Ständ.
428 164 33 23 Sv.
476 177 28 2 —
520 163 59 28 Prop.
596 163 36 22 N:o
649 163 32 23 17.
858 165 26 20 49

206 225 47 21 Har
270 226 155 28 tillträdessyn
439 226 20 28 ej
476 227 81 26 hållits,
572 229 37 19 må
623 227 60 21 hvad
697 227 70 22 ofvan
785 227 100 28 stadgats

138 259 50 21 icke
211 266 41 21 ega
271 259 152 28 tillämpning;
438 260 58 21 dock
511 268 53 14 vare
578 261 7 20 i
601 261 37 20 det
653 260 40 21 fall
707 268 50 21 syn,
773 267 48 15 som
836 261 8 20 i
860 263 25 19 16

137 293 16 28 S
169 295 12 19 3
197 300 65 14 mom.
278 293 151 27 omförmäles,
444 294 8 21 i
466 294 65 28 fråga
553 301 37 15 om
606 294 107 26 vanhäfd,
729 294 92 22 hvartill
835 295 51 21 bru-

138 327 71 22 karen
224 327 58 22 efter
297 328 130 22 densamma
441 328 61 29 gjort
517 329 35 28 sig
567 328 98 29 skyldig,
680 328 85 23 ansedd
780 328 46 22 lika
835 329 51 21 med

136 362 162 29 tillträdessyn.

484 429 26 19 29
526 427 20 28 8.

207 465 47 22 Har
276 466 118 28 byggnad,
411 473 47 15 som
480 467 36 21 för
537 467 146 28 lägenhetens
699 466 58 22 bruk
771 466 70 29 nödig
856 469 30 24 är,

138 500 106 22 förstörts
260 500 53 22 eller
324 501 25 21 af
358 501 61 22 ålder
429 501 94 22 förfallit
533 501 43 22 och
585 501 39 21 vid
635 508 42 21 syn
687 501 121 22 förklarats
819 501 69 28 odug-

139 535 39 28 lig,
194 535 86 28 åligger
301 535 45 26 det,
367 535 73 22 sävidt
456 535 19 28 ej
492 535 141 22 annorlunda
647 535 8 21 i
669 535 133 28 legoaftalet
817 535 73 22 öfver-

138 569 154 26 enskommits,
307 569 114 22 brukaren
436 572 33 19 att
484 570 44 21 den
542 569 115 29 ombygga
672 569 53 22 eller
736 577 75 14 annan
820 570 8 20 i
838 569 51 22 stäl-

139 603 32 22 let
185 603 105 29 uppföra;
307 603 43 22 och
365 603 41 22 bör
420 603 162 30 legogifvaren,
593 604 74 21 derest
676 604 67 22 huset
753 603 20 29 ej
785 604 103 22 förstörts

138 644 84 22 genom
245 638 124 22 brukarens
392 638 110 26 vållande,
518 639 78 22 anvisa
618 639 71 21 denne
707 638 62 22 inom
784 639 105 28 lägenhe-

139 675 50 19 tens
212 673 54 22 eller
281 673 188 29 hufvudgårdens
485 673 90 23 område
590 673 80 29 nödigt
684 673 64 23 virke
763 673 43 22 och
821 675 69 20 annat

140 707 110 29 naturligt
266 708 227 29 byggnadsmaterial.
524 709 47 22 Gör
586 708 157 30 legogifvaren
758 708 38 22 det
811 708 20 29 ej
848 708 42 23 och

139 742 41 22 vill
202 742 19 28 ej
243 743 70 22 heller
328 742 55 29 sjelf
404 743 84 29 bygga,
512 744 78 21 stånde
606 743 113 22 brukaren
733 743 51 22 fritt
799 745 33 20 att
847 750 45 15 om-

141 777 78 29 bygga
242 777 54 22 eller
321 777 98 29 uppföra
441 778 65 22 huset
526 778 26 22 af
563 778 71 26 virke,
650 785 48 14 som
713 777 45 23 han
773 777 118 26 anskaffat,

139 812 45 22 och
205 811 63 29 njute
291 812 46 22 han
362 812 126 29 ersättning
503 813 26 21 af
541 812 156 29 legogifvaren
711 812 36 22 för
762 812 129 29 byggnads-

142 846 108 26 material,
265 854 51 14 som
331 846 52 22 bort
397 846 84 23 honom
496 848 26 20 af
534 848 74 21 denne
622 847 97 26 anvisas;
735 854 52 14 men
797 847 40 21 vill
846 846 46 22 han

140 881 73 22 hellre
234 881 68 29 legan
324 884 109 26 uppsäga,
448 889 53 15 vare
517 881 125 39 berättigad
657 883 34 19 att
705 880 81 30 aflytta
801 883 12 19 å
827 884 65 19 nästa

140 916 88 28 fardag,
244 923 36 15 om
296 916 46 21 han
358 915 40 23 vid
413 916 174 29 uppsägningen
602 915 191 29 tillkännagifver,
804 918 33 40 att
845 916 45 21 han

142 951 52 27 laga
208 949 81 29 fardag
304 950 20 28 ej
341 950 64 28 njuta
420 950 46 22 vill.

486 1016 28 20 30
528 1014 21 29 8.

209 1053 27 29 Ej
254 1054 69 22 hafve
339 1054 97 22 brukare
451 1054 35 22 lof
499 1057 33 19 att
546 1058 54 19 utan
612 1054 168 29 legogifvarens
790 1054 102 22 tillständ

140 1089 53 22 från
215 1089 136 28 lägenheten
375 1089 103 22 bortföra
500 1090 53 21 eller
575 1088 101 23 bortföra
694 1089 46 21 låta
758 1089 65 21 foder
838 1089 54 21 eller

141 1124 85 28 gödsel.

209 1158 47 20 Har
279 1158 105 25 brukare,
403 1164 49 15 som
466 1158 58 21 intill
538 1157 82 29 fardag
634 1159 13 19 ä
661 1157 136 29 lägenheten
811 1158 81 20 under-

142 1191 65 21 hållit
228 1194 47 18 mot
298 1192 50 21 dess
371 1192 86 21 storlek
472 1192 42 22 och
528 1192 162 28 fodertillgäng
705 1192 110 21 svarande
829 1192 63 21 krea-

144 1225 185 28 tursbesättning,
352 1226 38 21 vid
413 1226 152 28 aflyttningen
586 1225 65 22 foder
666 1232 61 21 gvar,
743 1227 37 19 mä
794 1226 46 20 han
855 1225 37 22 det

142 1259 114 29 medtaga;
279 1260 41 22 vill
342 1260 46 21 han
403 1260 59 29 sälja
476 1260 81 26 fodret,
572 1259 121 29 hembjude
708 1259 38 22 det
761 1259 57 22 först
833 1260 59 29 lego-

144 1294 105 29 gifvaren
264 1295 54 21 eller
335 1294 101 26 brukare,
452 1302 47 15 som
515 1295 57 21 efter
587 1294 106 22 kommer.

489 1360 26 19 31
531 1358 21 29 8.

211 1396 174 28 Nyttjanderätt
410 1397 34 20 till
468 1397 147 27 lägenhetens
642 1396 57 28 skog
722 1396 125 21 tillkomme
872 1396 20 28 ej

144 1430 102 25 brukare,
270 1430 53 21 med
344 1430 87 21 mindre
453 1430 111 21 förbehäll
586 1430 76 21 derom
677 1429 72 29 gjorts
764 1430 8 21 i
786 1429 106 29 legokon-

144 1465 89 21 traktet.
