1075 1736
335 103 84 23 Ständ.
437 104 36 22 Sv.
491 117 27 2 —
534 105 71 28 Prop.
622 104 43 22 N:o
681 103 35 23 22.
891 105 12 20 5

150 174 103 22 skadade
276 175 52 22 icke
352 175 62 22 varit
437 175 86 29 pligtig
539 176 9 21 i
566 176 100 28 tjensten
685 174 86 30 åtlyda,
790 176 21 28 ej
830 174 73 23 heller

150 208 73 23 skada
250 216 48 15 som
324 209 100 23 drabbat
450 210 96 28 sjöman,
570 209 30 23 då
626 209 47 23 han
698 209 75 22 under
795 210 108 28 åtnjuten

150 243 104 28 ledighet
272 243 56 22 eller
346 244 45 21 ock
409 243 110 29 olofligen
536 244 116 28 aflägsnat
669 244 36 28 sig
722 244 52 21 från
793 244 109 28 fartyget.

220 277 46 21 Till
288 278 135 27 besättning
447 278 74 27 enligt
544 278 76 21 denna
638 278 40 27 lag
695 278 85 20 räknas
798 278 52 21 icke
868 278 35 21 så-

151 310 91 23 kallade
262 310 179 29 ,apprentices,"
461 318 49 15 som
519 311 81 29 åtfölja
609 311 79 28 fartyg
699 311 37 21 för
747 318 58 21 egen
817 311 86 22 utbild-

150 345 58 29 ning
226 345 43 22 och
284 345 52 22 icke
348 346 92 29 åtnjuta
452 345 64 28 hyra,
530 346 20 29 ej
562 345 73 22 heller
647 347 148 26 restauratör,
807 345 96 22 hvilken

150 380 42 21 har
210 379 190 30 kosthållningen
419 379 95 22 ombord
532 381 74 20 såsom
623 380 92 27 företag
732 379 37 22 för
781 387 58 21 egen
851 379 52 22 räk-

151 415 62 28 ning,
232 414 56 21 eller
304 414 43 22 hos
365 414 72 22 sådan
456 414 91 22 anstäld
566 414 124 29 betjening.

501 530 53 25 28.

219 608 46 22 Det
291 608 89 28 åligger
406 608 177 29 fartygsredare,
607 609 9 22 i
634 610 117 28 egenskap
775 608 24 22 af
817 608 86 22 arbets-

149 642 97 29 gifvare,
265 645 35 19 att
318 642 137 23 säkerställa
473 643 45 22 den
536 644 13 22 å
567 643 58 22 hans
643 644 79 29 fartyg
740 642 107 24 anstälda
865 643 38 21 be-

150 677 117 29 sättnings
294 678 8 21 i
329 677 76 22 denna
429 678 40 29 lag
492 678 111 29 stadgade
627 680 48 20 rätt
698 678 37 22 till
762 676 141 24 skadestånd

150 718 83 22 genom
254 712 133 28 försäkring
409 712 9 22 i
439 720 29 14 en
490 714 29 28 på
540 712 147 29 delegarenes
706 712 139 29 ömsesidiga
864 720 39 14 an-

150 746 120 29 svarighet
290 746 107 30 grundad
419 747 366 29 olycksfallsförsäkringsanstalt
805 746 36 22 för
859 747 44 28 sjö-

152 784 53 18 män
226 781 9 21 i
252 781 111 28 Finland;
382 781 43 22 och
443 782 43 27 må,
505 782 71 22 sedan
594 781 72 22 sådan
684 782 133 28 försäkring
835 780 68 28 skett,

152 815 100 29 anspråk
270 816 30 28 på
318 815 141 23 skadestånd
477 819 67 26 göras
563 816 82 22 endast
663 816 41 22 hos
723 816 122 22 anstalten.

220 850 111 21 Befrielse
354 850 53 22 från
431 858 32 13 nu
486 850 84 23 nämda
593 850 205 29 försäkringspligt
821 850 37 22 må
882 850 20 27 ej

151 883 135 29 medgifvas.

501 990 14 21 3
530 975 26 49 8.

220 1072 51 21 Den
289 1071 8 22 i
318 1071 30 21 10
367 1072 13 26 8
398 1071 8 21 i
423 1071 70 28 lagen
511 1071 23 21 af
552 1070 45 22 den
616 1071 14 20 5
649 1069 127 22 December
795 1069 63 21 1895
871 1069 33 22 af-

151 1105 64 22 liden
237 1105 115 22 arbetares
372 1105 60 22 enka
451 1104 44 23 och
511 1104 58 22 barn
586 1103 100 29 tillagda
702 1105 49 20 rätt
768 1103 37 22 till
823 1103 81 22 skade-

150 1139 70 23 stånd
249 1139 61 22 skall
339 1139 44 22 ock
412 1138 191 30 tillgodokomma
631 1138 142 22 försvunnen
803 1137 101 29 sjömans

151 1174 82 22 hustru
251 1173 44 23 och
312 1174 65 27 barn,
393 1173 8 21 i
418 1172 111 23 händelse
546 1172 32 22 all
589 1172 168 22 underrättelse
771 1178 36 15 om
819 1171 86 22 honom

152 1208 44 22 och
214 1208 40 21 det
271 1208 85 28 fartyg,
373 1208 14 21 å
403 1207 92 22 hvilket
511 1207 46 21 han
575 1208 78 20 senast
670 1206 62 22 varit
744 1205 98 28 anstäld,
855 1208 50 19 ute-

152 1242 80 22 blifvit
248 1241 75 23 under
340 1242 41 21 två
398 1242 89 28 gånger
505 1241 25 22 så
546 1241 56 28 lång
620 1240 42 28 tid,
675 1247 48 15 som
735 1241 8 21 i
755 1239 112 30 Sjölagen
880 1243 25 18 är

152 1276 100 29 stadgad
273 1277 9 22 i
302 1276 68 29 fråga
393 1283 36 15 om
446 1278 48 19 rätt
512 1277 34 20 att
564 1275 37 22 till
618 1274 235 29 försäkringsgifvare
872 1273 33 22 af-

151 1311 67 22 träda
239 1311 132 22 försäkradt
392 1310 103 27 föremål,
512 1310 96 23 hvarom
628 1309 168 22 underrättelse
813 1309 92 26 saknas,

151 1346 26 21 så
202 1345 43 22 ock
268 1346 52 22 ifall
341 1345 79 28 fartyg
443 1345 77 22 förlist
543 1343 43 24 och
606 1343 132 29 trovärdigt
755 1342 150 23 meddelande

152 1386 37 14 om
207 1381 36 19 att
260 1379 46 22 den
324 1379 127 22 försvunne
469 1378 73 22 lefver
559 1377 52 22 icke
630 1377 62 22 inom
710 1379 35 19 ett
762 1378 26 21 år
805 1376 100 21 derefter

151 1413 95 28 inlupit.
