1092 1739
218 142 26 19 12
450 140 28 22 U.
495 140 26 22 B.
537 153 28 3 —
579 140 74 28 Prop.
670 140 42 22 N:o
728 140 34 22 17.

218 210 55 25 torp,
290 208 79 20 hvilka
384 208 66 21 äfven
466 208 36 20 för
517 208 142 20 närvarande
670 209 39 19 äro
721 208 94 20 föremål
826 208 35 20 för
872 207 98 21 särskild

217 242 146 26 lagstiftning.

286 416 43 20 Vid
345 416 107 27 pröfning
468 416 24 21 af
505 416 37 20 det
555 416 125 20 Ständerna
690 415 114 27 förelagda
813 415 158 27 lagförslaget
963 411 12 36 i

218 450 66 26 öfrigt
307 450 42 20 har
371 450 126 21 detsamma
518 450 25 20 af
558 450 111 21 Utskottet
684 450 117 21 befunnits
816 450 7 20 i
840 450 132 21 hufvudsak

218 485 82 26 egnadt
323 487 31 18 att
377 484 102 28 afhjelpa
501 484 112 22 bristerna
629 484 6 20 i
650 484 104 26 gällande
777 484 140 26 lagstiftning
932 491 38 14 om

219 520 47 25 lega
290 520 24 20 af
333 519 58 27 jord.
421 520 74 20 Jemte
517 519 38 21 det
577 519 87 21 sådana
687 519 117 21 allmänna
823 519 149 27 stadganden,

218 553 78 21 hvilka
312 553 124 21 föranledts
458 554 25 20 af
496 554 107 20 behofvet
618 552 19 27 ej
658 553 89 20 mindre
763 556 32 18 att
811 553 161 21 åstadkomma

218 588 54 20 reda
288 588 44 21 och
355 588 103 27 trygghet
477 588 8 20 i
500 587 225 27 legoförhållandena
741 589 30 19 än
787 588 66 20 äfven
869 590 32 18 att
916 588 56 20 före-

219 622 73 27 bygga
315 623 103 20 inrotade
441 622 122 26 missbruk,
588 622 69 27 gjorts
673 622 158 26 obligatoriskt
848 622 124 24 bindande,

218 658 44 20 har
283 657 30 27 åt
328 657 164 21 aftalsfriheten
515 658 98 20 lemnats
635 656 117 26 tillbörligt
767 659 120 25 utrymme.
919 657 54 21 Der-

216 692 69 26 jemte
301 691 69 21 hafva
386 691 227 26 legoförhållandena
627 690 142 27 fullständigt
785 691 93 21 ordnats
893 692 36 20 för
943 691 28 21 de

219 726 45 26 fall,
288 725 29 21 då
330 726 66 20 dessa
412 726 18 26 ej
451 726 73 20 blifvit
539 726 6 20 i
561 725 128 27 legoaftalet
703 726 125 20 bestämda.
860 726 113 20 Utskottet

219 760 43 21 har
275 759 131 27 visserligen
422 762 74 19 ansett
511 760 33 27 sig
559 760 57 20 böra
631 759 81 21 föreslå
729 759 111 21 särskilda
849 760 124 26 ändringar

219 795 7 20 i
242 795 150 26 lagförslaget,
408 801 52 15 men
477 795 66 21 dessa
559 795 97 20 hänföra
672 794 33 27 sig
720 795 152 20 öfverhufvud
889 795 33 20 till
937 794 36 21 de-

219 829 235 28 taljomständigheler
468 830 44 20 och
528 830 47 20 afse
591 829 106 26 antingen
713 829 167 27 förtydligande
891 830 25 20 af
923 836 51 21 pro-

220 863 136 28 positionen,
372 864 54 20 eller
441 864 128 21 ersättande
585 864 24 20 af
623 863 70 27 nägra
703 863 6 20 i
719 863 135 22 densamma
862 863 111 27 ingäende

220 899 142 26 stadganden
380 899 52 20 med
447 899 134 27 lämpligare
597 899 44 20 och
652 905 62 14 mera
722 898 147 21 verksamma
877 898 97 21 bestäm-

221 933 87 26 ningar,
328 933 54 21 eller
402 933 42 20 ock
462 933 158 21 modifikation
636 933 25 20 af
675 932 74 21 alltför
765 933 91 27 mycket
871 933 104 21 inskrän-

221 967 75 21 kande
312 967 143 21 föreskrifter.

289 1001 45 21 Till
356 1001 195 28 ändringsförslag
574 1002 25 21 af
619 1003 71 20 större
713 1002 126 27 principiell
859 1002 116 27 betydelse

221 1037 43 20 har
279 1036 153 27 lagförslagets
445 1037 101 20 innehäll
558 1037 112 20 föranledt
680 1037 80 21 endast
773 1037 6 20 i
790 1037 62 26 fräga
868 1044 38 14 om
918 1037 57 26 lego-

222 1072 85 19 rättens
323 1071 95 20 bestånd
429 1071 38 20 vid
479 1071 76 26 utlegd
566 1071 116 26 lägenhets
693 1071 122 27 öfvergäng
823 1072 31 20 till
864 1078 30 20 ny
903 1077 71 20 egare.

291 1105 76 26 Enligt
389 1105 171 27 propositionen
585 1105 72 22 skulle
674 1105 139 21 beträffande
829 1105 28 21 de
872 1106 104 25 lägenhe-

221 1141 40 24 ter,
284 1145 50 15 som
357 1139 48 20 deri
426 1139 65 26 afses,
510 1140 114 26 nemligen
647 1139 175 28 dagsverkstorp
845 1140 43 20 och
912 1139 64 27 dags-

222 1173 161 28 verkskyldiga
405 1173 223 27 landbolägenheter,
649 1174 134 26 legoaftalet,
799 1176 55 19 utan
871 1174 105 21 afseende

222 1207 14 20 å
252 1207 91 28 ombyte
359 1207 25 20 af
396 1213 71 21 egare,
484 1207 70 21 blifva
570 1207 155 22 beständande
742 1209 60 20 ända
810 1208 33 21 till
852 1208 125 27 legotidens

223 1242 89 26 utgäng.
344 1241 62 21 Enär
426 1241 123 27 legorätten
571 1243 77 20 säsom
666 1242 73 21 sädan
756 1243 147 20 tillerkändes
918 1243 59 27 prio-

223 1276 50 19 ritet
300 1276 95 19 framför
420 1276 45 19 alla
487 1276 38 19 vid
550 1277 133 24 lägenheten
709 1277 108 19 häftande
842 1277 135 24 fordringar,

224 1308 66 20 äfven
314 1315 38 13 om
374 1308 67 20 dessa
464 1308 74 21 blifvit
560 1308 135 21 intecknade
711 1309 48 20 före
774 1309 134 26 legoaftalet,
924 1315 53 14 vore

223 1341 132 26 inteckning
377 1341 19 27 ej
420 1341 35 21 för
475 1342 124 27 tryggande
615 1342 25 21 af
653 1342 70 27 sagda
738 1344 44 19 rätt
797 1343 105 26 behöflig.
934 1343 44 20 En-

223 1376 51 21 dast
301 1376 35 21 för
359 1375 116 22 vinnande
500 1376 25 21 af
547 1376 124 27 publicitet,
688 1377 28 27 pä
731 1377 38 21 det
781 1380 32 19 att
828 1377 7 21 i
850 1377 127 28 möjligaste

224 1410 71 22 måtto
318 1410 140 28 tillförlitliga
484 1411 113 27 uppgifter
620 1418 37 14 om
681 1411 122 22 bestående
819 1412 159 26 legokontrakt

223 1445 38 21 vid
277 1445 72 21 behof
362 1445 77 21 kunde
455 1446 98 20 erhållas
569 1452 27 14 ur
606 1452 28 14 en
646 1446 91 21 officiell
748 1446 148 28 förteckning,
907 1447 71 21 borde

293 1491 48 22 Lag-
354 1491 32 17 och
399 1491 184 18 Ekonomiutskottets
595 1491 110 18 betänkande
717 1492 38 18 N:o
767 1494 17 16 4.
