1075 1786
196 153 29 20 44
428 152 21 22 U.
466 153 20 21 B.
504 164 25 3 ---
547 152 66 27 Prop.
631 152 36 22 N:o
678 152 37 22 24.

48 211 92 39 Befrielse
148 211 42 39 från
199 215 104 30 Skrifter
319 217 41 20 och
376 215 153 29 handlingar,
545 223 47 14 som
608 216 93 27 ingifvas
719 217 31 20 till
769 217 53 20 eller
844 217 99 20 utfärdas

54 247 132 22 stämpelskyl-

72 277 97 22 digheten.

47 1052 142 23 Stämpelafgift

46 1083 30 16 för
84 1082 105 17 afhandlin-

47 1117 33 16 gar
107 1112 82 17 emellan

70 1142 92 17 enskilda.

269 252 22 21 af
307 252 81 21 Finska
405 252 209 27 Passexpeditionen
631 252 53 21 eller
700 252 22 21 af
738 252 205 27 Tullexpeditionen

267 288 8 20 i
291 287 32 22 S:t
339 287 136 27 Petersburg.

197 322 53 23 Allt
263 321 65 23 hvad
343 323 32 21 till
391 323 85 21 landets
493 323 151 27 myndigheter
656 322 98 28 ingifves
769 324 53 20 eller
833 322 48 22 från
893 323 49 22 dem

268 358 111 27 utfärdas
395 359 6 21 i
418 358 73 28 frågor
507 359 94 21 rörande
624 359 77 27 gratial
726 366 26 14 ur
767 359 177 27 krigsmanshus-

269 394 82 22 kassan
367 396 53 21 eller
436 396 123 26 pensioner,
576 395 173 27 gratifikationer
766 396 41 20 och
824 395 119 21 understöd

268 431 35 21 för
319 431 69 21 enkor
403 431 42 21 och
461 431 55 21 barn
532 431 55 21 efter
603 431 80 21 aflidne
699 431 92 21 embets-
802 431 42 21 och
856 432 87 26 tjenste-

268 468 51 20 män
335 467 50 21 från
400 467 113 21 allmänna
529 469 63 19 stats-
609 467 41 21 och
666 466 150 22 militiemedel
827 469 57 20 samt
894 466 50 22 från

268 502 43 22 alla
319 502 91 27 publika
418 502 41 22 och
468 503 100 21 enskilda
577 502 64 22 enke-
646 503 41 21 och
692 502 149 28 pupillkassor
848 503 7 21 i
856 503 86 28 landet.

546 539 13 21 6
575 538 20 29 8.

267 575 135 26 Afhandling
425 575 94 22 emellan
543 573 108 24 enskilda
675 577 58 19 samt
752 575 134 21 förbindelse
902 575 42 21 och

196 617 73 15 annan
286 611 71 26 skrift,
374 617 48 15 som
434 610 22 22 af
464 610 84 22 sådana
557 610 106 26 utfärdas,
673 612 35 20 mä
717 610 87 22 affattas
813 610 28 28 pä
850 612 93 25 ostämp-

195 646 47 22 ladt
257 653 90 21 papper,
364 653 50 15 men
436 647 46 25 bör,
507 646 29 22 då
552 647 42 21 den
618 646 81 22 företes
722 646 37 22 vid
780 647 95 21 domstol
891 646 54 22 eller

197 682 217 28 embetsmyndighet,
432 682 70 22 förses
519 683 50 21 med
585 681 70 23 sådan
672 682 100 28 stämpel,
788 689 48 15 som
852 683 40 21 här
908 688 35 16 ne-

197 718 43 22 dan
256 719 35 21 för
305 719 77 26 hvarje
399 718 37 22 fall
452 719 71 21 finnes
534 720 74 24 utsatt,
621 718 92 22 såframt
726 718 42 22 slik
778 718 106 28 handling
894 718 48 22 icke

196 755 34 21 för
245 755 55 21 visst
315 754 97 28 angifvet
428 754 103 22 ändamål
547 756 25 20 är
587 756 111 26 upptagen
723 754 74 22 såsom
814 754 127 28 stämpelfri.

197 790 201 28 Stämpelbeloppet
421 792 24 20 är
467 791 110 21 bestämdt
601 790 33 21 för
651 790 48 22 hela
716 791 158 27 afhandlingen
890 790 53 22 eller

196 826 97 25 skriften,
310 829 53 19 utan
380 826 103 22 afseende
500 825 13 22 å
529 826 51 21 dess
595 826 60 26 vidd,
680 826 74 22 därest
770 826 6 21 i
792 826 87 22 tariffen
895 826 48 22 icke

196 862 145 27 uttryckligen
357 864 70 25 säges,
451 864 32 19 att
506 862 93 27 stämpel
615 862 110 21 beräknas
749 863 34 21 för
803 862 76 28 hvarje
895 862 47 26 ark,

195 897 78 22 hvaraf
289 897 93 22 skriften
398 896 80 27 består,
495 897 54 22 eller
564 897 55 21 efter
635 903 73 15 annan
724 897 77 27 grund.

849 963 34 18 np
913 968 20 13 ini

213 1051 128 31 Aktiebref
352 1053 7 21 i
375 1053 87 26 handel,
479 1053 78 28 fartyg,
573 1053 59 22 bank
649 1053 41 22 och
700 1053 116 22 industriel

378 1089 119 26 inrättning
513 1089 53 21 eller
582 1091 67 19 annat
665 1089 91 27 företag,
768 1096 48 15 som

378 1125 24 20 är
425 1125 110 26 grundadt
555 1124 29 27 på
603 1124 76 26 aktier,
702 1125 113 26 stämplas,

378 1159 28 22 då
422 1159 50 22 hela
496 1161 96 20 insatsen
608 1160 34 21 för
665 1161 76 26 hvarje
758 1160 58 22 aktie

378 1196 24 20 är
418 1194 100 22 bestämd
534 1196 32 20 till
579 1195 42 21 100
631 1195 63 21 mark
705 1195 53 21 eller
769 1195 46 21 der-

378 1226 89 36 under,
482 1230 37 21 med
552 1248 3 4 .
589 1248 3 4 .
625 1248 4 3 .
668 1248 1 3 0
704 1248 1 4 0
743 1248 1 4 0
774 1249 4 3 .
817 1249 1 4 |
860 1244 25 3 —
908 1231 28 21 10

355 1266 134 26 därutöfver,
501 1267 34 21 för
545 1267 77 26 hvarje
633 1267 54 21 fulla
699 1267 43 22 100
752 1267 64 21 mark

377 1303 66 20 med.
477 1319 3 4 .
514 1303 300 22 L]
859 1315 16 4 —
892 1303 43 21 [10]

195 1339 3 8 |
212 1336 132 28 Anvisning
361 1337 105 27 stämplas
482 1337 74 22 säsom
572 1337 158 28 Förskrifning.

212 1371 278 30 Arfskiftesinstrument,
507 1372 28 21 dä
553 1373 122 21 detsamma
692 1375 124 26 upprättats

241 1407 74 22 säsom
331 1413 28 16 en
374 1407 57 22 ifrän
448 1409 321 26 bouppteckningsinstrument
786 1409 29 21 af-

241 1443 57 22 skild
313 1444 113 27 handling,
443 1444 106 27 stämplas
565 1444 73 23 såsom
648 1451 73 15 annan
734 1445 79 27 bilaga.

242 1479 28 22 Se
286 1481 14 20 4
315 1480 20 28 8.

264 1521 205 25 Bevillningsutskottets
482 1522 109 19 betänkande
603 1522 37 19 N:o
653 1524 16 16 3.
