1067 1711
361 138 29 22 U.
406 139 28 22 B.
450 152 25 1 —
493 139 72 27 Prop.
582 140 39 21 N:o
637 140 37 21 20.
868 140 24 20 17

434 210 102 22 32—35
557 210 39 29 $$.

402 267 98 28 (Säsom
519 268 7 21 i
545 267 83 29 prop.)

478 330 32 23 36
530 330 22 29 $.

210 381 114 34 Ändring
343 387 7 22 i
368 387 173 28 guvernörens
561 387 93 29 utslag,
673 387 105 22 hvarom
804 387 6 21 i
835 387 15 22 8
877 387 14 29 8

140 422 88 25 nämts,
256 421 74 22 sökes
356 421 46 22 hos
432 421 123 23 Senatens
579 421 313 29 Ekonomiedepartement

140 456 67 21 inom
226 456 82 22 trettio
319 456 87 29 dagar,
424 463 63 20 men,
508 456 34 22 då
561 456 172 29 andelslagets
752 456 96 22 hemort
861 457 31 21 är

141 490 106 29 belägen
266 491 9 21 i
294 490 192 29 Lappmarkens
504 491 93 26 härad,
623 491 70 22 inom
711 491 76 22 sextio
807 491 84 28 dagar

140 525 56 22 från
216 525 48 22 den
283 525 57 29 dag,
360 525 110 28 utslaget
488 525 105 29 delgafs.
614 525 98 30 (Utesl.)

209 559 199 29 Tillämpningen
428 559 25 22 af
472 560 81 22 denna
572 559 42 29 lag
632 559 116 29 vidtager
768 559 48 22 den

208 720 47 23 Vid
282 720 188 29 behandlingen
498 721 26 21 af
549 720 175 29 föreliggande
751 720 139 29 lagförslag

138 755 46 21 har
203 754 41 23 det
264 755 20 28 ej
305 755 97 22 kunnat
420 755 86 28 undgå
526 754 131 26 Utskottet,
676 755 36 21 aft
730 761 40 15 om
784 754 45 22 ock
842 755 48 22 den

138 789 143 29 föreslagna
304 789 74 29 lagen
404 789 119 29 erbjuder
542 795 30 16 en
591 788 147 30 nödvändig
762 789 128 22 förutsätt-

137 823 62 29 ning
225 824 39 21 för
292 830 30 15 en
351 823 223 28 sammanslutning
602 823 7 22 i
636 823 160 28 kooperativt
818 823 72 28 syfte,

138 858 68 22 detta
225 858 117 22 ändamål
365 858 78 22 likväl
468 858 53 22 icke
544 857 89 22 endast
652 864 90 22 genom
760 864 29 15 en
810 857 79 22 sådan

137 892 43 29 lag
204 892 50 22 kan
273 892 7 22 i
299 892 128 22 önskvärd
453 892 57 22 mån
532 891 175 29 förverkligas.
744 892 48 22 Det
811 892 79 22 måste

138 926 84 23 derför
240 927 83 26 också,
343 927 32 29 på
394 928 50 21 sätt
462 927 48 22 den
533 926 38 22 för
596 926 176 30 lagförslagets
790 927 99 21 utarbe-

138 962 75 22 tande
232 962 101 22 tillsatta
352 962 109 22 komitén
480 962 8 22 i
507 962 41 22 sitt
566 961 160 23 betänkande
747 961 143 26 framhållit,

138 1002 73 16 anses
236 996 81 23 såsom
346 1003 30 16 en
398 996 223 29 maktpåliggande
643 996 100 29 uppgift
761 996 39 22 för
819 997 71 21 stats-

137 1031 187 29 förvaltningen
350 1033 34 20 att
411 1032 92 28 jemväl
530 1030 104 28 positivt
656 1030 118 23 befordra
794 1031 96 21 andels-

137 1066 205 22 verksamhetens
371 1066 149 28 utveckling.
558 1064 57 22 Med
644 1065 142 22 beaktande
816 1065 74 22 häraf

137 1101 47 21 har
212 1107 29 15 en
269 1100 39 22 för
335 1100 169 22 befordrande
530 1100 24 22 af
573 1100 49 21 den
642 1100 165 28 kooperativa
832 1100 56 22 idén

137 1134 85 22 bildad
251 1134 123 29 förening,
403 1134 120 26 Pellervo,
553 1134 56 21 från
640 1134 45 21 och
716 1134 55 21 med
800 1134 89 28 början

138 1169 25 22 af
180 1169 173 22 innevarande
372 1169 28 22 år
418 1169 94 28 tillagts
531 1168 200 23 statsunderstöd
752 1168 25 22 af
795 1168 94 26 20,000

137 1203 71 22 mark
226 1210 40 15 om
286 1203 53 22 året
357 1203 39 22 för
414 1210 30 15 en
465 1203 34 22 tid
519 1203 25 22 af
561 1203 49 22 fem
630 1203 34 21 år.

206 1238 56 22 Men
287 1238 108 22 förutom
420 1238 42 22 det
479 1237 138 23 understöd
635 1237 56 22 från
712 1238 93 22 statens
825 1237 62 26 sida,

138 1279 52 16 som
210 1273 35 22 till
265 1273 293 22 andelsverksamhetens
578 1272 174 29 befrämjande
768 1272 7 21 i
790 1272 98 22 allmän-

138 1307 42 22 het
198 1307 75 22 äfven
292 1307 134 22 framdeles
445 1307 71 22 torde
534 1313 62 16 vara
616 1308 35 21 att
669 1307 122 28 påräkna,
812 1313 75 22 synes

138 1348 30 14 en
188 1348 61 21 gren
269 1341 25 21 af
312 1342 81 21 denna
413 1342 161 20 verksamhet
591 1341 101 27 påkalla
706 1341 107 20 särskild
826 1347 62 21 upp-

137 1375 177 26 märksamhet,
334 1375 124 27 nemligen
477 1375 31 21 de
527 1375 137 27 andelslag,
684 1374 85 21 hvilka
787 1374 52 21 afse
854 1375 36 20 att

126 1409 132 26 «förmedla
286 1408 148 29 erforderlig
461 1408 82 22 kredit
565 1408 25 22 åt
612 1408 96 22 mindre
736 1408 153 22 bemedlade.

138 1444 150 29 Isynnerhet
317 1444 39 22 för
386 1443 164 22 innehafvare
582 1443 24 22 af
639 1443 95 22 mindre
764 1442 124 29 jordbruk

208 1493 44 24 Lag-
266 1493 30 18 och
308 1493 182 18 Ekononiiuiskottels
503 1492 109 19 betänkande
625 1492 37 18 N:o
675 1494 16 16 9.
808 1494 12 15 2
