1700 1920
669 242 72 22 Ständ.
757 242 35 23 Sv.
808 256 27 2 —
851 242 60 28 Prop.
928 243 35 21 N:o
978 242 37 22 23.
1189 244 26 19 13

463 307 45 20 rast
530 305 89 29 möjligt
638 305 110 29 vidtagas,
764 313 52 14 men
832 306 61 21 detta
909 306 113 21 försvåras
1039 306 48 21 ofta
1102 306 114 28 betydligt

466 346 83 22 genom
564 339 312 29 länedjurläkaredistriktens
892 342 60 19 stora
967 340 158 28 utsträckning
1140 340 76 21 äfven-

463 380 49 14 som
527 381 84 20 genom
626 376 33 18 att
669 374 196 28 länedjurläkaren
875 374 36 21 för
921 373 100 22 tillfället
1031 374 44 20 kan
1086 381 54 13 vara
1151 374 65 21 stadd

464 409 29 26 på
508 407 132 28 tjensteresa
655 408 34 20 till
704 415 29 13 en
748 415 75 14 annan
847 408 37 20 del
899 407 25 21 af
937 408 114 20 distriktet
1066 407 54 21 eller
1134 409 30 26 på
1180 414 36 14 an-

462 444 40 18 nat
527 444 44 18 sätt
596 442 133 21 förhindrad
755 444 33 19 att
814 441 137 22 omedelbart
976 442 73 21 afresa
1073 442 34 20 till
1123 444 35 19 ort
1174 441 43 21 och

463 475 71 21 ställe.
564 475 46 21 För
633 478 32 18 att
687 476 7 20 i
717 476 82 21 sådant
821 476 41 21 fall
877 476 128 20 underlätta
1020 475 158 21 anskaffandet
1194 475 25 20 af

463 507 71 28 nödig
557 507 197 29 djurläkarehjelp,
777 509 70 20 borde
869 508 68 21 äfven
956 509 7 20 i
979 510 84 19 statens
1078 508 72 27 tjenst
1167 507 50 22 icke

463 542 102 21 anstälde
581 542 135 28 djurläkare,
733 543 78 21 hvilka
826 543 51 21 med
887 542 105 28 behörigt
1004 542 136 28 begifvande
1150 542 66 28 prak-

464 577 68 21 tisera
557 577 7 20 i
588 577 84 26 landet,
695 577 83 25 kunna,
801 577 128 22 oberoende
951 577 66 21 deraf
1030 576 112 22 huruvida
1158 577 59 21 läne-

464 611 145 28 djurläkaren
633 611 42 21 har
700 611 77 22 förfall
805 611 55 22 eller
884 611 27 28 ej,
937 611 26 21 af
987 611 118 22 Guvernör
1130 611 87 21 förord-

464 653 47 18 nas,
528 653 36 14 om
579 645 28 22 de
623 645 74 22 dertill
712 645 110 22 förklarat
832 647 36 28 sig
881 646 83 28 villige,
977 648 33 19 att
1020 645 39 22 vid
1071 645 103 22 befaradt
1184 647 33 20 ut-

464 679 62 23 brott
551 680 26 21 af
599 680 125 22 smittosam
749 680 105 28 sjukdom
869 680 127 22 undersöka
1017 680 147 29 sjukdomens
1179 687 38 14 na-

464 717 38 19 tur
526 714 43 22 och
594 715 93 28 vidtaga
711 715 84 28 nödiga
819 715 111 28 åtgärder.
975 715 79 28 Enligt
1079 715 138 21 Ständernas

465 749 60 28 åsigt
549 757 54 14 vore
626 749 37 21 det
686 749 106 28 önskligt,
816 751 33 19 att
865 749 172 28 bestämningen
1052 749 7 20 i
1075 751 12 19 2
1103 749 14 28 $
1132 756 37 14 om
1184 751 34 18 att

467 783 126 26 Guvernör,
619 783 38 22 vid
672 783 79 22 förfall
770 783 36 22 för
821 783 187 29 länedjurläkare,
1024 784 46 21 kan
1085 783 71 22 anlita
1180 790 38 14 an-

466 825 46 14 nan
536 817 125 29 behörigen
683 818 142 28 legitimerad
847 818 135 29 djurläkare,
1005 817 76 22 blefve
1097 817 121 22 omformu-

465 852 63 21 lerad
553 852 8 21 i
589 852 148 22 ofvannämdt
769 853 61 28 syfte
855 853 42 22 och
923 855 33 19 att
980 854 30 27 på
1034 852 108 29 lämpliga
1166 851 52 22 stäl-

465 887 38 21 len
528 886 26 22 af
576 887 110 29 förslaget
710 887 35 21 till
769 887 136 29 kungörelse
930 887 63 22 ordet
1010 887 206 28 ,länedjurläkare*

466 921 76 22 blefve
567 922 78 28 utbytt
670 923 60 21 emot
755 922 38 21 det
814 929 62 14 mera
898 921 140 22 omfattande
1061 921 64 22 ordet
1145 920 73 29 ,djur-

465 955 97 22 läkare".

534 990 34 21 På
591 991 38 21 det
651 992 34 20 att
707 998 27 14 ur
750 993 13 19 3
778 991 14 28 &
807 993 70 19 måtte
893 990 95 28 framgå,
1004 993 33 19 att
1051 990 168 28 Medicinalsty-

467 1024 73 22 relsen
564 1024 49 22 icke
637 1025 57 21 blott
718 1026 41 20 bör
774 1025 56 28 följa
845 1026 51 21 med
911 1025 169 29 utbredningen
1095 1025 26 21 af
1134 1025 85 21 smitto-

466 1066 86 14 samma
566 1059 247 28 husdjurssjukdomar,
830 1062 55 19 utan
900 1059 69 22 äfven
985 1059 34 21 till
1033 1059 185 22 förekommande

466 1093 44 21 och
534 1093 134 22 hämmande
691 1094 26 21 af
737 1094 85 21 sådana
837 1094 93 28 vidtaga
945 1094 147 28 erforderliga
1108 1094 110 27 åtgärder,

466 1126 41 22 har
533 1127 43 34 det
595 1130 92 24 ansetts,
711 1130 33 19 att
766 1128 8 21 i
791 1130 9 19 I
817 1135 66 15 mom.
899 1128 26 22 af
938 1128 74 21 denna
1027 1128 109 28 paragraf
1149 1127 71 22 borde

466 1161 85 22 införas
577 1169 28 14 en
620 1162 237 29 tilläggsbestämning
873 1163 82 25 derom,
971 1165 33 18 att
1018 1162 201 28 Medicinalstyrel-

466 1203 47 19 sen,
538 1196 29 22 då
589 1196 124 29 anledning
730 1196 73 22 dertill
821 1197 157 25 förekommer,
993 1196 41 22 hos
1049 1196 171 22 vederbörande

467 1230 118 22 Guvernör
610 1231 42 21 bör
676 1234 55 25 göra
758 1231 167 29 framställning
947 1238 36 15 om
1006 1231 78 29 dylika
1103 1231 116 29 åtgärders

468 1264 143 28 vidtagande.

535 1300 45 20 För
605 1302 32 19 att
662 1300 36 22 för
722 1300 136 28 djuregaren
872 1301 129 21 underlätta
1015 1300 167 22 efterlefnaden
1197 1300 25 22 af

467 1333 27 21 de
517 1333 26 21 af
565 1333 128 28 djurläkare
712 1334 138 21 föreskrifna
865 1334 134 28 åtgärderna
1014 1334 35 21 till
1065 1335 155 28 bekämpande

466 1366 27 21 af
514 1367 109 21 utbruten
647 1368 128 21 smittosam
801 1368 106 27 sjukdom
931 1375 55 14 vore
1009 1368 38 21 det
1065 1369 106 27 önskligt,
1187 1370 33 19 att

467 1400 145 29 djurläkaren
637 1402 63 21 alltid
725 1402 73 21 skulle
821 1403 74 21 lemna
915 1402 129 28 skriftligen
1059 1403 108 20 affattade
1182 1410 38 13 an-

466 1435 117 27 visningar
605 1435 84 26 härom,
714 1437 43 20 och
773 1436 70 21 borde
858 1437 62 27 förty
936 1443 28 14 ur
979 1438 12 18 3
1007 1443 66 14 mom.
1090 1436 26 21 af
1128 1438 14 18 4
1156 1436 14 28 8
1186 1443 34 14 or-

467 1468 45 22 den
528 1469 18 25 ,i
562 1469 113 27 vigtigare
691 1470 53 20 fall
761 1470 116 21 uteslutas.

534 1502 91 21 Jemväl
640 1502 70 22 hafva
727 1502 127 22 Ständerna
872 1505 73 19 ansett
961 1503 86 28 nödigt,
1064 1506 33 18 att
1113 1503 7 20 i
1136 1510 84 14 samma

466 1539 101 19 moment
577 1536 100 22 infördes
693 1538 32 20 ett
740 1536 84 30 tillägg
839 1537 76 22 derom
925 1539 34 19 att
969 1537 130 29 djurläkare
1112 1536 70 27 alltid,
1193 1537 29 22 då
