1059 1731
169 155 28 20 66
351 155 84 24 Ständ.
451 156 39 22 Sv.
506 167 28 5 —
548 156 76 29 Prop.
638 156 42 22 N:o
694 155 39 24 24.

238 225 49 23 Vill
304 227 78 28 någon
400 226 88 23 tilltala
506 227 217 29 stämpelförsäljare
741 227 37 22 för
795 225 32 24 fel
845 227 9 22 i
872 225 53 23 dess

170 260 140 29 befattning,
329 261 91 22 anmäle
438 261 84 22 sådant
539 260 41 23 hos
599 261 44 22 den
661 261 145 30 myndighet,
819 268 48 15 som
884 261 41 22 ho-

172 301 55 16 nom
244 294 126 23 förordnat.

514 364 32 21 34
559 365 20 26 8.

239 419 129 30 Angående
391 421 154 28 tillverkning
567 421 43 22 och
633 420 173 29 utkreditering
824 420 23 22 af
864 423 62 19 samt

169 455 152 29 redovisning
346 455 36 22 för
407 455 186 30 stämpelpapper
619 455 43 22 och
686 454 176 30 stämpelmärke
881 455 43 21 fin-

170 497 42 15 nes
230 489 111 23 särskildt
358 489 117 30 stadgadt.

515 592 31 22 35
560 593 20 26 8.

239 650 84 22 Denna
339 649 137 30 förordning
493 649 82 23 länder
592 648 37 23 till
647 648 153 22 efterrättelse
816 649 52 23 från
878 649 46 22 den

174 686 12 21 1
206 684 99 23 Januari
325 684 62 22 1901
407 684 38 22 till
462 684 120 29 utgången
600 683 23 23 af
641 684 25 21 år
687 683 70 22 1904.

238 868 36 22 Då
293 867 39 22 det
353 867 136 28 emellertid,
511 866 111 23 särskildt
639 867 9 22 i
665 866 111 24 händelse
793 868 73 28 några
883 870 41 20 vä-

169 902 101 29 sentliga
294 901 163 30 förändringar
480 902 8 21 i
513 901 107 23 afseende
641 903 14 21 &
673 902 194 29 stämpelskatten
884 903 41 28 på-

168 937 82 28 kallas,
276 944 56 16 vore
359 936 23 23 af
409 937 120 28 synnerlig
556 936 51 29 vigt
624 938 36 21 att
677 936 127 29 utredning
821 936 103 31 förelåge

169 979 38 15 om
233 971 29 22 de
288 971 64 22 olika
379 971 185 22 skattetitlarnas
589 971 131 22 finansiella
746 971 126 29 betydelse,
899 971 25 22 få

169 1005 131 23 Ständerna
318 1005 111 29 slutligen
451 1005 41 22 hos
513 1005 74 22 Eders
603 1005 133 30 Kejserliga
753 1005 111 30 Majestät
881 1013 43 14 un-

169 1040 137 29 derdånigst
323 1039 103 23 anhålla:

440 1087 32 20 att
496 1086 34 21 till
549 1085 254 22 nästsammanträdande
821 1086 102 28 landtdag

373 1127 27 14 en
420 1120 104 22 statistisk
544 1121 126 27 redogörelse
691 1119 66 29 blefve
773 1120 99 29 afgifven
888 1121 34 27 öf-

374 1162 36 14 ver
434 1155 25 20 de
481 1155 81 28 belopp,
589 1155 71 21 hvilka
682 1155 70 21 under
772 1155 66 28 något
855 1155 27 20 år
898 1155 30 28 af

374 1189 176 28 finansperioden
576 1190 148 21 1901—1904
749 1189 87 28 influtit
860 1189 16 21 å
898 1189 26 21 de

374 1224 111 28 vigtigaste
505 1219 7 37 =
518 1225 128 20 skattetitlar
678 1223 245 29 stämpelförordningen

375 1258 125 21 innehäller.

239 1323 114 22 Finlands
372 1322 99 23 Ständer
488 1323 132 22 framhärda
637 1325 43 20 ete.

238 1393 154 29 Helsingfors,
410 1392 46 22 den
474 1392 31 22 22
523 1392 49 30 Maj
593 1392 72 23 1900.

296 1473 118 23 Helsingfors
428 1472 50 18 1900.
502 1472 118 24 Helsingfors
633 1472 161 24 Centraltryckeri.
