1078 1767
209 150 13 19 4
508 150 40 21 N:o
563 152 33 19 21.

383 535 82 35 Förslag
487 537 32 26 till
537 537 34 33 lag
595 536 101 34 angående
715 536 110 27 elektriska
843 536 84 33 anlägg-

314 583 72 32 ningar
404 581 31 27 för
454 583 101 26 alstrande
574 582 22 27 af
617 583 39 33 ljus
675 583 48 26 eller
748 582 31 27 för
806 581 122 34 öfverföring

314 627 23 28 af
354 627 61 28 kraft,

533 705 44 27 18.

245 744 108 22 Elektrisk
369 744 129 27 anläggning
512 744 33 21 för
556 744 109 22 alstrande
676 744 22 21 af
706 744 41 27 ljus
756 745 51 21 eller
817 744 32 21 för
860 744 67 22 öfver-

178 779 69 27 föring
265 779 23 22 af
304 779 58 22 kraft
384 779 48 21 med
454 780 24 21 så
500 779 42 27 hög
565 779 106 28 spänning
693 779 38 22 hos
751 779 41 22 den
812 779 115 22 elektriska

178 815 116 21 strömmen
310 814 51 22 eller
376 820 79 16 annars
466 814 23 21 af
497 814 67 22 sådan
574 813 146 23 beskaffenhet
731 814 50 22 eller
791 814 48 22 med
849 814 78 22 sådant

177 849 55 28 läge,
241 851 33 20 att
289 849 157 28 anläggningen
460 850 44 21 kan
519 849 95 22 medföra
623 849 56 22 våda
688 849 33 22 för
731 849 25 22 lif
764 849 51 22 eller
825 849 102 28 egendom

177 884 33 22 får
225 885 46 21 icke
286 885 93 21 inrättas
395 884 50 22 eller
460 884 105 22 bedrifvas
580 885 66 21 innan
663 884 97 22 tillstånd
771 884 70 22 dertill
855 885 72 21 utver-

177 919 50 22 kats
242 920 29 26 på
286 921 44 20 sätt
346 919 39 21 och
399 919 7 21 i
423 919 39 21 den
486 919 90 27 ordning
598 918 101 22 särskildt
719 919 77 21 varder
819 919 107 27 stadgadt.

246 953 32 22 De
292 953 133 22 föreskrifter
436 954 32 21 till
480 953 157 28 förebyggande
645 953 23 22 af
674 954 67 21 skada
757 955 13 20 ä
782 953 25 22 lif
816 953 39 22 och
864 960 63 21 egen-

178 989 54 26 dom,
248 995 46 15 som
308 989 8 20 i
330 988 52 27 följd
397 988 63 21 häraf
472 988 118 22 fastställas
605 988 33 21 för
654 995 41 20 nya
709 988 116 21 elektriska
841 988 86 27 anlägg-

177 1023 83 27 ningar,
280 1023 61 21 skola
356 1023 107 27 tillämpas
476 1023 78 27 jemväl
570 1023 12 21 å
597 1022 139 22 härförinnan
759 1022 97 22 bedrifna
871 1022 56 21 elek-

177 1058 69 21 triska
260 1058 155 27 anläggningar
431 1057 22 22 af
466 1057 145 28 ofvanantydd
627 1059 40 19 art.

528 1139 47 26 28

247 1174 63 27 Öfver
325 1179 82 21 sådana
423 1179 114 21 elektriska
548 1179 159 27 anläggningar,
718 1185 45 15 som
780 1179 7 20 i
808 1180 8 19 1
836 1179 12 27 $
864 1178 62 27 afses,

177 1213 109 22 anordnas
301 1213 92 22 särskild
408 1213 78 27 tillsyn,
503 1213 38 22 och
556 1220 50 15 vare
620 1213 167 28 anläggningens
797 1219 63 21 egare
870 1213 56 27 skyl-

177 1247 36 28 dig
229 1248 33 21 att
277 1247 33 22 för
324 1247 138 22 bestridande
478 1247 22 22 af
516 1248 146 21 kostnaderna
677 1247 32 22 för
724 1247 100 27 tillsynen
840 1247 86 27 erlägga

177 1281 68 28 afgift,
262 1289 46 15 som
323 1282 23 21 af
359 1282 92 21 Senaten
466 1283 134 21 bestämmes.

528 1356 12 20 3
556 1355 18 27 8.

245 1396 39 22 Till
300 1396 101 22 elektrisk
419 1395 128 28 anläggning
562 1395 95 22 hörande
679 1395 86 28 ledning
787 1396 50 22 eller
855 1402 71 16 annan

175 1432 121 27 inrättning
315 1431 33 22 fär
365 1431 47 22 icke
433 1430 58 23 föras
512 1430 29 28 pä
564 1437 83 16 annans
666 1431 69 27 grund
750 1432 54 21 utan
827 1431 22 22 af
866 1431 60 28 jord-

176 1473 78 21 egaren
270 1466 70 22 dertill
358 1466 115 22 utverkadt
483 1466 103 22 tillständ.
617 1466 59 22 Dock
687 1466 34 21 mä
732 1472 63 22 egare
806 1466 50 22 eller
866 1466 59 22 inne-
