1056 1745
330 132 28 23 U.
373 133 27 21 B.
416 145 27 4 —
458 133 71 28 Prop.
545 134 40 23 N:o
602 135 34 22 29.
805 137 24 20 11

248 201 32 28 af
292 202 250 28 stadsfullmäktige
557 204 68 21 eller
638 203 222 26 rädhusstämma,

246 236 41 20 mä
306 236 175 27 innehafvare
501 237 32 26 af
546 237 121 28 bryggeri
683 238 42 27 för
741 238 120 21 tillverk-

245 270 66 27 ning
333 270 32 27 af
383 271 178 28 maltdrycker
587 272 44 21 och
657 272 150 27 försäljare
832 273 29 26 af

245 304 103 21 sådana
371 304 108 27 drycker
505 305 54 21 icke
575 306 8 19 i
599 305 208 28 öfverläggning
827 306 33 21 el-

246 338 39 21 ler
300 338 86 21 beslut
401 339 114 28 deltaga.

527 391 15 28 $
557 393 19 19 6.

314 436 32 28 Ej
357 437 35 20 må
401 437 71 27 någon
481 437 82 27 (utesl.)
572 437 70 27 forsla
651 437 146 28 maltdrycker
807 437 52 28 från

244 470 58 28 gård
310 470 36 21 till
353 470 56 28 gård
417 472 36 26 för
462 473 32 19 att
502 471 35 21 till
546 472 49 20 salu
604 471 115 27 utbjudas;
728 471 53 21 dock
790 474 26 18 är
825 472 35 20 det

246 504 242 29 bryggeriinnehafvare
502 505 94 29 obetaget
611 508 31 18 att
653 505 8 20 i
672 505 86 21 sådana
766 506 93 27 partier,

245 545 45 14 som
316 539 9 19 i
346 539 15 27 $
384 540 12 20 1
423 541 67 25 säges,
514 540 31 27 på
572 539 129 28 beställning
727 540 35 20 till
793 540 66 26 afnä-

245 579 60 14 mare
321 572 106 27 försända
442 574 49 20 sina
507 573 174 27 tillverkningar.
721 573 87 28 (Utesl.)

529 630 14 27 $
558 632 20 19 8.

314 676 38 21 Då
372 676 20 20 öl
411 676 52 21 eller
482 679 76 25 porter
580 677 35 20 till
634 676 49 21 salu
705 676 68 22 hålles
792 677 8 20 i
815 677 44 21 slu-

244 713 35 19 ten
301 710 43 21 hel-
367 711 52 20 eller
444 710 123 28 halfbutelj,
592 711 58 20 skall
672 710 103 28 helbutelj
797 712 62 20 inne-

245 744 62 22 hälla
330 745 65 21 minst
420 745 35 21 tvä
478 745 115 28 tredjedels
615 745 50 21 liter
683 745 39 21 och
741 745 118 28 halfbutelj

245 780 66 20 minst
328 786 25 14 en
368 780 115 27 tredjedels
495 780 56 21 liter.
578 780 111 21 Utlemnas
697 780 62 21 dessa
768 780 91 28 drycker

245 814 63 27 frän
324 813 269 29 försäljningsställe
608 816 68 18 utom
691 814 121 28 bryggeri
827 814 32 21 uti

245 851 70 19 annat
334 848 56 25 kärl,
409 850 30 19 än
459 848 70 21 sluten
547 848 46 21 hel-
612 848 53 21 eller
679 848 124 27 halfbutelj,
823 849 36 20 mä

245 881 98 28 beloppet
360 881 46 21 icke
425 882 126 27 understiga
571 882 35 21 tvä
629 881 38 21 och
686 889 25 14 en
733 882 53 27 half
803 882 55 21 liter.

518 946 15 27 $
549 947 34 19 14.

314 991 179 28 Försäljning
509 991 32 28 af
553 992 24 20 öl
593 991 45 22 och
650 994 93 25 porter
758 992 47 21 till
821 992 38 28 af-

244 1026 134 28 hemtning
401 1027 39 20 mä
463 1029 68 18 utom
555 1026 122 28 bryggeri
703 1026 56 21 icke
782 1027 76 21 idkas

244 1061 8 20 i
290 1061 53 25 bod,
377 1068 51 14 som
458 1063 29 19 är
517 1061 128 28 upplåten
670 1061 47 20 till
746 1061 112 28 försälj-

243 1095 65 29 ning
334 1095 31 28 af
384 1095 86 22 andra
497 1102 77 14 varor
601 1097 34 19 än
658 1095 112 22 bränvin
794 1095 65 22 eller

243 1130 76 21 viner
338 1130 46 21 och
403 1130 84 21 andra
504 1136 109 22 svagare
628 1130 169 28 rusdrycker,
815 1130 42 21 och

244 1164 24 28 ej
284 1164 84 20 heller
383 1165 8 19 i
407 1164 79 24 lokal,
502 1171 51 13 som
568 1164 56 20 med
639 1164 84 21 sådan
739 1164 47 20 bod
801 1164 58 21 står

243 1199 9 19 i
267 1198 150 21 omedelbar
432 1198 137 28 förening;
585 1198 45 21 och
646 1198 44 28 får
701 1198 83 21 sådan
794 1198 64 21 han-

243 1233 42 20 del
307 1233 9 20 i
338 1232 60 21 stad
423 1233 106 27 utöfvas
555 1233 95 21 endast
675 1233 9 19 i
707 1234 81 26 öppen
811 1233 48 21 bod

242 1268 56 20 med
320 1267 99 28 utgång
442 1267 45 21 till
509 1270 68 25 gata,
601 1270 56 24 torg
680 1266 66 22 eller
768 1274 90 14 annan

243 1302 101 20 allmän
364 1302 83 26 plats.

312 1335 16 21 I
341 1335 118 21 allmänhet
475 1336 35 20 må
525 1335 135 28 försäljning
675 1335 29 27 af
711 1335 21 20 öl
743 1335 52 20 eller
803 1341 54 21 por-

243 1371 33 18 ter
298 1369 36 20 till
355 1369 135 27 afhemtning
509 1372 56 17 samt
585 1369 147 26 utskänkning
751 1369 28 26 af
795 1369 62 20 dessa

244 1402 91 28 drycker
351 1403 96 27 försiggå
463 1402 76 21 endast
554 1402 80 27 helgfri
647 1402 42 27 dag
701 1401 53 28 från
765 1402 92 20 klockan

243 1437 37 20 nio
293 1437 32 27 på
341 1442 114 22 morgonen
471 1436 35 21 till
521 1436 92 21 klockan
629 1441 36 15 sex
677 1436 33 27 på
725 1435 95 28 aftonen.

176 1482 181 18 Ekonomiutskottets
369 1481 110 18 betänkande
490 1481 37 18 N:o
543 1481 14 18 7.
