<?xml version="1.0" encoding="UTF-8"?>
<alto xmlns="http://www.loc.gov/standards/alto/ns-v3#" xmlns:xlink="http://www.w3.org/1999/xlink" xmlns:xsi="http://www.w3.org/2001/XMLSchema-instance" xsi:schemaLocation="http://www.loc.gov/standards/alto/ns-v3# http://www.loc.gov/alto/v3/alto-3-0.xsd">
	<Description>
		<MeasurementUnit>pixel</MeasurementUnit>
		<sourceImageInformation>
			<fileName>/tmp/tess_hv_hdb90_input.PNG</fileName>
		</sourceImageInformation>
		<OCRProcessing ID="OCR_0">
			<ocrProcessingStep>
				<processingSoftware>
					<softwareName>tesseract 5.3.4</softwareName>
				</processingSoftware>
			</ocrProcessingStep>
		</OCRProcessing>
	</Description>
	<Layout>
		<Page WIDTH="1075" HEIGHT="1767" PHYSICAL_IMG_NR="0" ID="page_0">
			<PrintSpace HPOS="0" VPOS="0" WIDTH="1075" HEIGHT="1767">
				<ComposedBlock ID="cblock_0" HPOS="171" VPOS="155" WIDTH="517" HEIGHT="30">
					<TextBlock ID="block_0" HPOS="171" VPOS="155" WIDTH="517" HEIGHT="30">
						<TextLine ID="line_0" HPOS="171" VPOS="155" WIDTH="517" HEIGHT="30">
							<String ID="string_0" HPOS="171" VPOS="157" WIDTH="14" HEIGHT="20" WC="0.96" CONTENT="4"/><SP WIDTH="214" VPOS="157" HPOS="185"/>
							<String ID="string_1" HPOS="399" VPOS="155" WIDTH="23" HEIGHT="23" WC="0.87" CONTENT="U."/><SP WIDTH="16" VPOS="155" HPOS="422"/>
							<String ID="string_2" HPOS="438" VPOS="155" WIDTH="22" HEIGHT="23" WC="0.92" CONTENT="B."/><SP WIDTH="18" VPOS="155" HPOS="460"/>
							<String ID="string_3" HPOS="478" VPOS="169" WIDTH="27" HEIGHT="3" WC="0.92" CONTENT="—"/><SP WIDTH="16" VPOS="169" HPOS="505"/>
							<String ID="string_4" HPOS="521" VPOS="155" WIDTH="64" HEIGHT="30" WC="0.95" CONTENT="Prop."/><SP WIDTH="16" VPOS="155" HPOS="585"/>
							<String ID="string_5" HPOS="601" VPOS="155" WIDTH="38" HEIGHT="23" WC="0.96" CONTENT="N:o"/><SP WIDTH="16" VPOS="155" HPOS="639"/>
							<String ID="string_6" HPOS="655" VPOS="155" WIDTH="33" HEIGHT="23" WC="0.96" CONTENT="24."/>
						</TextLine>
					</TextBlock>
				</ComposedBlock>
				<ComposedBlock ID="cblock_1" HPOS="169" VPOS="220" WIDTH="747" HEIGHT="419">
					<TextBlock ID="block_1" HPOS="169" VPOS="220" WIDTH="746" HEIGHT="238">
						<TextLine ID="line_1" HPOS="241" VPOS="220" WIDTH="672" HEIGHT="29">
							<String ID="string_7" HPOS="241" VPOS="221" WIDTH="83" HEIGHT="21" WC="0.96" CONTENT="Vidare"/><SP WIDTH="24" VPOS="221" HPOS="324"/>
							<String ID="string_8" HPOS="348" VPOS="222" WIDTH="43" HEIGHT="20" WC="0.92" CONTENT="har"/><SP WIDTH="21" VPOS="222" HPOS="391"/>
							<String ID="string_9" HPOS="412" VPOS="221" WIDTH="165" HEIGHT="28" WC="0.92" CONTENT="Ridderskapet"/><SP WIDTH="24" VPOS="221" HPOS="577"/>
							<String ID="string_10" HPOS="601" VPOS="222" WIDTH="43" HEIGHT="20" WC="0.93" CONTENT="och"/><SP WIDTH="16" VPOS="222" HPOS="644"/>
							<String ID="string_11" HPOS="660" VPOS="222" WIDTH="73" HEIGHT="20" WC="0.90" CONTENT="Adeln"/><SP WIDTH="16" VPOS="222" HPOS="733"/>
							<String ID="string_12" HPOS="749" VPOS="220" WIDTH="93" HEIGHT="21" WC="0.92" CONTENT="beslutit"/><SP WIDTH="16" VPOS="220" HPOS="842"/>
							<String ID="string_13" HPOS="858" VPOS="223" WIDTH="32" HEIGHT="19" WC="0.96" CONTENT="att"/><SP WIDTH="15" VPOS="223" HPOS="890"/>
							<String ID="string_14" HPOS="905" VPOS="220" WIDTH="8" HEIGHT="20" WC="0.96" CONTENT="i"/>
						</TextLine>
						<TextLine ID="line_2" HPOS="170" VPOS="257" WIDTH="743" HEIGHT="29">
							<String ID="string_15" HPOS="170" VPOS="257" WIDTH="55" HEIGHT="21" WC="0.96" CONTENT="sista"/><SP WIDTH="17" VPOS="257" HPOS="225"/>
							<String ID="string_16" HPOS="242" VPOS="259" WIDTH="126" HEIGHT="19" WC="0.95" CONTENT="momentet"/><SP WIDTH="16" VPOS="259" HPOS="368"/>
							<String ID="string_17" HPOS="384" VPOS="257" WIDTH="24" HEIGHT="21" WC="0.96" CONTENT="af"/><SP WIDTH="14" VPOS="257" HPOS="408"/>
							<String ID="string_18" HPOS="422" VPOS="257" WIDTH="147" HEIGHT="22" WC="0.96" CONTENT="förevarande"/><SP WIDTH="11" VPOS="257" HPOS="569"/>
							<String ID="string_19" HPOS="580" VPOS="253" WIDTH="11" HEIGHT="38" WC="0.89" CONTENT="&amp;"/><SP WIDTH="20" VPOS="253" HPOS="591"/>
							<String ID="string_20" HPOS="611" VPOS="258" WIDTH="73" HEIGHT="20" WC="0.96" CONTENT="skulle"/><SP WIDTH="11" VPOS="258" HPOS="684"/>
							<String ID="string_21" HPOS="695" VPOS="257" WIDTH="87" HEIGHT="21" WC="0.96" CONTENT="införas"/><SP WIDTH="12" VPOS="257" HPOS="782"/>
							<String ID="string_22" HPOS="794" VPOS="259" WIDTH="31" HEIGHT="19" WC="0.96" CONTENT="ett"/><SP WIDTH="12" VPOS="259" HPOS="825"/>
							<String ID="string_23" HPOS="837" VPOS="257" WIDTH="76" HEIGHT="27" WC="0.96" CONTENT="tillägg"/>
						</TextLine>
						<TextLine ID="line_3" HPOS="170" VPOS="292" WIDTH="743" HEIGHT="28">
							<String ID="string_24" HPOS="170" VPOS="293" WIDTH="79" HEIGHT="21" WC="0.96" CONTENT="derom"/><SP WIDTH="16" VPOS="293" HPOS="249"/>
							<String ID="string_25" HPOS="265" VPOS="295" WIDTH="33" HEIGHT="19" WC="0.93" CONTENT="att"/><SP WIDTH="16" VPOS="295" HPOS="298"/>
							<String ID="string_26" HPOS="314" VPOS="293" WIDTH="280" HEIGHT="27" WC="0.92" CONTENT="ansökningshandlingar"/><SP WIDTH="16" VPOS="293" HPOS="594"/>
							<String ID="string_27" HPOS="610" VPOS="293" WIDTH="96" HEIGHT="21" WC="0.96" CONTENT="rörande"/><SP WIDTH="15" VPOS="293" HPOS="706"/>
							<String ID="string_28" HPOS="721" VPOS="295" WIDTH="62" HEIGHT="19" WC="0.91" CONTENT="extra"/><SP WIDTH="11" VPOS="295" HPOS="783"/>
							<String ID="string_29" HPOS="794" VPOS="293" WIDTH="73" HEIGHT="21" WC="0.91" CONTENT="nådår"/><SP WIDTH="9" VPOS="293" HPOS="867"/>
							<String ID="string_30" HPOS="876" VPOS="292" WIDTH="37" HEIGHT="22" WC="0.96" CONTENT="vid"/>
						</TextLine>
						<TextLine ID="line_4" HPOS="169" VPOS="329" WIDTH="745" HEIGHT="27">
							<String ID="string_31" HPOS="169" VPOS="329" WIDTH="131" HEIGHT="27" WC="0.92" CONTENT="presttjenst"/><SP WIDTH="16" VPOS="329" HPOS="300"/>
							<String ID="string_32" HPOS="316" VPOS="329" WIDTH="74" HEIGHT="21" WC="0.93" CONTENT="skulle"/><SP WIDTH="17" VPOS="329" HPOS="390"/>
							<String ID="string_33" HPOS="407" VPOS="329" WIDTH="92" HEIGHT="27" WC="0.91" CONTENT="fritagas"/><SP WIDTH="17" VPOS="329" HPOS="499"/>
							<String ID="string_34" HPOS="516" VPOS="329" WIDTH="49" HEIGHT="21" WC="0.93" CONTENT="från"/><SP WIDTH="17" VPOS="329" HPOS="565"/>
							<String ID="string_35" HPOS="582" VPOS="329" WIDTH="168" HEIGHT="27" WC="0.91" CONTENT="stämpelafgift."/><SP WIDTH="25" VPOS="329" HPOS="750"/>
							<String ID="string_36" HPOS="775" VPOS="329" WIDTH="51" HEIGHT="21" WC="0.96" CONTENT="Och"/><SP WIDTH="16" VPOS="329" HPOS="826"/>
							<String ID="string_37" HPOS="842" VPOS="329" WIDTH="30" HEIGHT="20" WC="0.96" CONTENT="då"/><SP WIDTH="12" VPOS="329" HPOS="872"/>
							<String ID="string_38" HPOS="884" VPOS="330" WIDTH="30" HEIGHT="19" WC="0.96" CONTENT="ett"/>
						</TextLine>
						<TextLine ID="line_5" HPOS="170" VPOS="365" WIDTH="745" HEIGHT="27">
							<String ID="string_39" HPOS="170" VPOS="365" WIDTH="73" HEIGHT="27" WC="0.96" CONTENT="dylikt"/><SP WIDTH="24" VPOS="365" HPOS="243"/>
							<String ID="string_40" HPOS="267" VPOS="365" WIDTH="77" HEIGHT="27" WC="0.96" CONTENT="tillägg"/><SP WIDTH="24" VPOS="365" HPOS="344"/>
							<String ID="string_41" HPOS="368" VPOS="365" WIDTH="47" HEIGHT="21" WC="0.96" CONTENT="står"/><SP WIDTH="23" VPOS="365" HPOS="415"/>
							<String ID="string_42" HPOS="438" VPOS="365" WIDTH="7" HEIGHT="21" WC="0.92" CONTENT="i"/><SP WIDTH="23" VPOS="365" HPOS="445"/>
							<String ID="string_43" HPOS="468" VPOS="366" WIDTH="237" HEIGHT="20" WC="0.88" CONTENT="öfverensstämmelse"/><SP WIDTH="24" VPOS="366" HPOS="705"/>
							<String ID="string_44" HPOS="729" VPOS="365" WIDTH="53" HEIGHT="21" WC="0.96" CONTENT="med"/><SP WIDTH="19" VPOS="365" HPOS="782"/>
							<String ID="string_45" HPOS="801" VPOS="365" WIDTH="7" HEIGHT="21" WC="0.96" CONTENT="i"/><SP WIDTH="17" VPOS="365" HPOS="808"/>
							<String ID="string_46" HPOS="825" VPOS="371" WIDTH="90" HEIGHT="15" WC="0.96" CONTENT="samma"/>
						</TextLine>
						<TextLine ID="line_6" HPOS="170" VPOS="400" WIDTH="745" HEIGHT="29">
							<String ID="string_47" HPOS="170" VPOS="402" WIDTH="103" HEIGHT="20" WC="0.94" CONTENT="moment"/><SP WIDTH="26" VPOS="402" HPOS="273"/>
							<String ID="string_48" HPOS="299" VPOS="401" WIDTH="7" HEIGHT="20" WC="0.94" CONTENT="i"/><SP WIDTH="27" VPOS="401" HPOS="306"/>
							<String ID="string_49" HPOS="333" VPOS="400" WIDTH="67" HEIGHT="28" WC="0.95" CONTENT="öfrigt"/><SP WIDTH="25" VPOS="400" HPOS="400"/>
							<String ID="string_50" HPOS="425" VPOS="401" WIDTH="99" HEIGHT="28" WC="0.93" CONTENT="beviljad"/><SP WIDTH="24" VPOS="401" HPOS="524"/>
							<String ID="string_51" HPOS="548" VPOS="401" WIDTH="166" HEIGHT="27" WC="0.91" CONTENT="stämpelfrihet"/><SP WIDTH="26" VPOS="401" HPOS="714"/>
							<String ID="string_52" HPOS="740" VPOS="400" WIDTH="34" HEIGHT="22" WC="0.95" CONTENT="får"/><SP WIDTH="27" VPOS="400" HPOS="774"/>
							<String ID="string_53" HPOS="801" VPOS="400" WIDTH="114" HEIGHT="22" WC="0.94" CONTENT="Utskottet"/>
						</TextLine>
						<TextLine ID="line_7" HPOS="169" VPOS="436" WIDTH="229" HEIGHT="22">
							<String ID="string_54" HPOS="169" VPOS="436" WIDTH="119" HEIGHT="22" WC="0.90" CONTENT="vördsamt"/><SP WIDTH="15" VPOS="436" HPOS="288"/>
							<String ID="string_55" HPOS="303" VPOS="436" WIDTH="95" HEIGHT="22" WC="0.86" CONTENT="föreslå:"/>
						</TextLine>
					</TextBlock>
					<TextBlock ID="block_2" HPOS="379" VPOS="467" WIDTH="537" HEIGHT="100">
						<TextLine ID="line_8" HPOS="455" VPOS="467" WIDTH="461" HEIGHT="28">
							<String ID="string_56" HPOS="455" VPOS="469" WIDTH="31" HEIGHT="20" WC="0.89" CONTENT="att"/><SP WIDTH="30" VPOS="469" HPOS="486"/>
							<String ID="string_57" HPOS="516" VPOS="467" WIDTH="122" HEIGHT="22" WC="0.53" CONTENT="Ständerna"/><SP WIDTH="31" VPOS="467" HPOS="638"/>
							<String ID="string_58" HPOS="669" VPOS="467" WIDTH="47" HEIGHT="21" WC="0.93" CONTENT="ville"/><SP WIDTH="23" VPOS="467" HPOS="716"/>
							<String ID="string_59" HPOS="739" VPOS="467" WIDTH="121" HEIGHT="28" WC="0.92" CONTENT="godkänna"/><SP WIDTH="29" VPOS="467" HPOS="860"/>
							<String ID="string_60" HPOS="889" VPOS="468" WIDTH="27" HEIGHT="19" WC="0.88" CONTENT="ett"/>
						</TextLine>
						<TextLine ID="line_9" HPOS="386" VPOS="503" WIDTH="529" HEIGHT="28">
							<String ID="string_61" HPOS="386" VPOS="503" WIDTH="74" HEIGHT="28" WC="0.95" CONTENT="tillägg"/><SP WIDTH="18" VPOS="503" HPOS="460"/>
							<String ID="string_62" HPOS="478" VPOS="503" WIDTH="31" HEIGHT="22" WC="0.95" CONTENT="till"/><SP WIDTH="15" VPOS="503" HPOS="509"/>
							<String ID="string_63" HPOS="524" VPOS="504" WIDTH="61" HEIGHT="21" WC="0.95" CONTENT="slutet"/><SP WIDTH="15" VPOS="504" HPOS="585"/>
							<String ID="string_64" HPOS="600" VPOS="504" WIDTH="27" HEIGHT="27" WC="0.94" CONTENT="af"/><SP WIDTH="12" VPOS="504" HPOS="627"/>
							<String ID="string_65" HPOS="639" VPOS="504" WIDTH="70" HEIGHT="27" WC="0.95" CONTENT="sagda"/><SP WIDTH="17" VPOS="504" HPOS="709"/>
							<String ID="string_66" HPOS="726" VPOS="505" WIDTH="97" HEIGHT="19" WC="0.96" CONTENT="moment"/><SP WIDTH="15" VPOS="505" HPOS="823"/>
							<String ID="string_67" HPOS="838" VPOS="503" WIDTH="27" HEIGHT="28" WC="0.93" CONTENT="af"/><SP WIDTH="9" VPOS="503" HPOS="865"/>
							<String ID="string_68" HPOS="874" VPOS="503" WIDTH="41" HEIGHT="27" WC="0.92" CONTENT="föl-"/>
						</TextLine>
						<TextLine ID="line_10" HPOS="379" VPOS="540" WIDTH="168" HEIGHT="27">
							<String ID="string_69" HPOS="379" VPOS="540" WIDTH="70" HEIGHT="27" WC="0.91" CONTENT="jande"/><SP WIDTH="11" VPOS="540" HPOS="449"/>
							<String ID="string_70" HPOS="460" VPOS="540" WIDTH="87" HEIGHT="27" WC="0.76" CONTENT="lydelse:"/>
						</TextLine>
					</TextBlock>
					<TextBlock ID="block_3" HPOS="384" VPOS="575" WIDTH="529" HEIGHT="64">
						<TextLine ID="line_11" HPOS="455" VPOS="575" WIDTH="458" HEIGHT="28">
							<String ID="string_71" HPOS="455" VPOS="577" WIDTH="73" HEIGHT="20" WC="0.96" CONTENT="eller"/><SP WIDTH="20" VPOS="577" HPOS="528"/>
							<String ID="string_72" HPOS="548" VPOS="578" WIDTH="85" HEIGHT="19" WC="0.93" CONTENT="extra"/><SP WIDTH="22" VPOS="578" HPOS="633"/>
							<String ID="string_73" HPOS="655" VPOS="576" WIDTH="96" HEIGHT="21" WC="0.91" CONTENT="nådår"/><SP WIDTH="16" VPOS="576" HPOS="751"/>
							<String ID="string_74" HPOS="767" VPOS="575" WIDTH="47" HEIGHT="21" WC="0.93" CONTENT="vid"/><SP WIDTH="12" VPOS="575" HPOS="814"/>
							<String ID="string_75" HPOS="826" VPOS="577" WIDTH="87" HEIGHT="26" WC="0.91" CONTENT="prest-"/>
						</TextLine>
						<TextLine ID="line_12" HPOS="384" VPOS="612" WIDTH="176" HEIGHT="27">
							<String ID="string_76" HPOS="384" VPOS="612" WIDTH="88" HEIGHT="27" WC="0.86" CONTENT="tjenst."/><SP WIDTH="82" VPOS="612" HPOS="472"/>
							<String ID="string_77" HPOS="554" VPOS="628" WIDTH="6" HEIGHT="6" WC="0.26" CONTENT="a"/>
						</TextLine>
					</TextBlock>
				</ComposedBlock>
				<ComposedBlock ID="cblock_2" HPOS="170" VPOS="676" WIDTH="745" HEIGHT="203">
					<TextBlock ID="block_4" HPOS="170" VPOS="676" WIDTH="745" HEIGHT="203">
						<TextLine ID="line_13" HPOS="242" VPOS="676" WIDTH="672" HEIGHT="29">
							<String ID="string_78" HPOS="242" VPOS="677" WIDTH="11" HEIGHT="21" WC="0.96" CONTENT="7"/><SP WIDTH="17" VPOS="677" HPOS="253"/>
							<String ID="string_79" HPOS="270" VPOS="676" WIDTH="21" HEIGHT="29" WC="0.82" CONTENT="8."/><SP WIDTH="33" VPOS="676" HPOS="291"/>
							<String ID="string_80" HPOS="324" VPOS="678" WIDTH="190" HEIGHT="26" WC="0.91" CONTENT="Borgareständet"/><SP WIDTH="22" VPOS="678" HPOS="514"/>
							<String ID="string_81" HPOS="536" VPOS="678" WIDTH="42" HEIGHT="21" WC="0.93" CONTENT="har"/><SP WIDTH="15" VPOS="678" HPOS="578"/>
							<String ID="string_82" HPOS="593" VPOS="677" WIDTH="93" HEIGHT="21" WC="0.90" CONTENT="beslutit"/><SP WIDTH="16" VPOS="677" HPOS="686"/>
							<String ID="string_83" HPOS="702" VPOS="677" WIDTH="119" HEIGHT="28" WC="0.92" CONTENT="uppdraga"/><SP WIDTH="16" VPOS="677" HPOS="821"/>
							<String ID="string_84" HPOS="837" VPOS="677" WIDTH="23" HEIGHT="21" WC="0.93" CONTENT="ät"/><SP WIDTH="16" VPOS="677" HPOS="860"/>
							<String ID="string_85" HPOS="876" VPOS="678" WIDTH="38" HEIGHT="20" WC="0.91" CONTENT="Ut-"/>
						</TextLine>
						<TextLine ID="line_14" HPOS="172" VPOS="713" WIDTH="743" HEIGHT="28">
							<String ID="string_86" HPOS="172" VPOS="713" WIDTH="83" HEIGHT="21" WC="0.92" CONTENT="skottet"/><SP WIDTH="24" VPOS="713" HPOS="255"/>
							<String ID="string_87" HPOS="279" VPOS="715" WIDTH="32" HEIGHT="19" WC="0.96" CONTENT="att"/><SP WIDTH="23" VPOS="715" HPOS="311"/>
							<String ID="string_88" HPOS="334" VPOS="713" WIDTH="31" HEIGHT="28" WC="0.96" CONTENT="pä"/><SP WIDTH="23" VPOS="713" HPOS="365"/>
							<String ID="string_89" HPOS="388" VPOS="713" WIDTH="104" HEIGHT="28" WC="0.91" CONTENT="lämpligt"/><SP WIDTH="24" VPOS="713" HPOS="492"/>
							<String ID="string_90" HPOS="516" VPOS="714" WIDTH="63" HEIGHT="21" WC="0.91" CONTENT="ställe"/><SP WIDTH="24" VPOS="714" HPOS="579"/>
							<String ID="string_91" HPOS="603" VPOS="713" WIDTH="74" HEIGHT="21" WC="0.93" CONTENT="införa"/><SP WIDTH="16" VPOS="713" HPOS="677"/>
							<String ID="string_92" HPOS="693" VPOS="713" WIDTH="126" HEIGHT="27" WC="0.92" CONTENT="stadgande"/><SP WIDTH="16" VPOS="713" HPOS="819"/>
							<String ID="string_93" HPOS="835" VPOS="713" WIDTH="80" HEIGHT="21" WC="0.91" CONTENT="derom"/>
						</TextLine>
						<TextLine ID="line_15" HPOS="172" VPOS="749" WIDTH="741" HEIGHT="27">
							<String ID="string_94" HPOS="172" VPOS="751" WIDTH="33" HEIGHT="19" WC="0.93" CONTENT="att"/><SP WIDTH="16" VPOS="751" HPOS="205"/>
							<String ID="string_95" HPOS="221" VPOS="749" WIDTH="100" HEIGHT="26" WC="0.96" CONTENT="urkund,"/><SP WIDTH="24" VPOS="749" HPOS="321"/>
							<String ID="string_96" HPOS="345" VPOS="755" WIDTH="51" HEIGHT="16" WC="0.93" CONTENT="som"/><SP WIDTH="16" VPOS="755" HPOS="396"/>
							<String ID="string_97" HPOS="412" VPOS="749" WIDTH="112" HEIGHT="22" WC="0.95" CONTENT="utfärdats"/><SP WIDTH="16" VPOS="749" HPOS="524"/>
							<String ID="string_98" HPOS="540" VPOS="749" WIDTH="7" HEIGHT="21" WC="0.93" CONTENT="i"/><SP WIDTH="17" VPOS="749" HPOS="547"/>
							<String ID="string_99" HPOS="564" VPOS="750" WIDTH="74" HEIGHT="21" WC="0.96" CONTENT="stället"/><SP WIDTH="15" VPOS="750" HPOS="638"/>
							<String ID="string_100" HPOS="653" VPOS="749" WIDTH="35" HEIGHT="21" WC="0.93" CONTENT="för"/><SP WIDTH="16" VPOS="749" HPOS="688"/>
							<String ID="string_101" HPOS="704" VPOS="749" WIDTH="78" HEIGHT="21" WC="0.96" CONTENT="dödad"/><SP WIDTH="17" VPOS="749" HPOS="782"/>
							<String ID="string_102" HPOS="799" VPOS="749" WIDTH="79" HEIGHT="27" WC="0.96" CONTENT="sådan,"/><SP WIDTH="17" VPOS="749" HPOS="878"/>
							<String ID="string_103" HPOS="895" VPOS="749" WIDTH="18" HEIGHT="27" WC="0.96" CONTENT="ej"/>
						</TextLine>
						<TextLine ID="line_16" HPOS="170" VPOS="785" WIDTH="743" HEIGHT="28">
							<String ID="string_104" HPOS="170" VPOS="792" WIDTH="53" HEIGHT="15" WC="0.93" CONTENT="vore"/><SP WIDTH="17" VPOS="792" HPOS="223"/>
							<String ID="string_105" HPOS="240" VPOS="785" WIDTH="13" HEIGHT="21" WC="0.92" CONTENT="å"/><SP WIDTH="10" VPOS="785" HPOS="253"/>
							<String ID="string_106" HPOS="263" VPOS="791" WIDTH="47" HEIGHT="22" WC="0.92" CONTENT="nyo"/><SP WIDTH="16" VPOS="791" HPOS="310"/>
							<String ID="string_107" HPOS="326" VPOS="785" WIDTH="158" HEIGHT="22" WC="0.92" CONTENT="underkastad"/><SP WIDTH="16" VPOS="785" HPOS="484"/>
							<String ID="string_108" HPOS="500" VPOS="785" WIDTH="168" HEIGHT="28" WC="0.92" CONTENT="stämpelafgift."/><SP WIDTH="32" VPOS="785" HPOS="668"/>
							<String ID="string_109" HPOS="700" VPOS="785" WIDTH="35" HEIGHT="21" WC="0.96" CONTENT="Då"/><SP WIDTH="17" VPOS="785" HPOS="735"/>
							<String ID="string_110" HPOS="752" VPOS="791" WIDTH="28" HEIGHT="15" WC="0.96" CONTENT="en"/><SP WIDTH="16" VPOS="791" HPOS="780"/>
							<String ID="string_111" HPOS="796" VPOS="785" WIDTH="64" HEIGHT="27" WC="0.93" CONTENT="dylik"/><SP WIDTH="16" VPOS="785" HPOS="860"/>
							<String ID="string_112" HPOS="876" VPOS="785" WIDTH="37" HEIGHT="21" WC="0.77" CONTENT="be-"/>
						</TextLine>
						<TextLine ID="line_17" HPOS="170" VPOS="821" WIDTH="744" HEIGHT="28">
							<String ID="string_113" HPOS="170" VPOS="822" WIDTH="75" HEIGHT="21" WC="0.92" CONTENT="frielse"/><SP WIDTH="24" VPOS="822" HPOS="245"/>
							<String ID="string_114" HPOS="269" VPOS="827" WIDTH="68" HEIGHT="22" WC="0.96" CONTENT="synes"/><SP WIDTH="24" VPOS="827" HPOS="337"/>
							<String ID="string_115" HPOS="361" VPOS="828" WIDTH="54" HEIGHT="14" WC="0.95" CONTENT="vara"/><SP WIDTH="17" VPOS="828" HPOS="415"/>
							<String ID="string_116" HPOS="432" VPOS="821" WIDTH="24" HEIGHT="22" WC="0.92" CONTENT="af"/><SP WIDTH="14" VPOS="821" HPOS="456"/>
							<String ID="string_117" HPOS="470" VPOS="821" WIDTH="131" HEIGHT="27" WC="0.92" CONTENT="billigheten"/><SP WIDTH="16" VPOS="821" HPOS="601"/>
							<String ID="string_118" HPOS="617" VPOS="821" WIDTH="116" HEIGHT="27" WC="0.96" CONTENT="betingad,"/><SP WIDTH="17" VPOS="821" HPOS="733"/>
							<String ID="string_119" HPOS="750" VPOS="821" WIDTH="34" HEIGHT="21" WC="0.96" CONTENT="får"/><SP WIDTH="16" VPOS="821" HPOS="784"/>
							<String ID="string_120" HPOS="800" VPOS="821" WIDTH="114" HEIGHT="21" WC="0.96" CONTENT="Utskottet"/>
						</TextLine>
						<TextLine ID="line_18" HPOS="170" VPOS="857" WIDTH="228" HEIGHT="22">
							<String ID="string_121" HPOS="170" VPOS="858" WIDTH="118" HEIGHT="21" WC="0.93" CONTENT="vördsamt"/><SP WIDTH="15" VPOS="858" HPOS="288"/>
							<String ID="string_122" HPOS="303" VPOS="857" WIDTH="95" HEIGHT="22" WC="0.74" CONTENT="föreslå:"/>
						</TextLine>
					</TextBlock>
				</ComposedBlock>
				<ComposedBlock ID="cblock_3" HPOS="381" VPOS="923" WIDTH="534" HEIGHT="274">
					<TextBlock ID="block_5" HPOS="383" VPOS="923" WIDTH="531" HEIGHT="64">
						<TextLine ID="line_19" HPOS="452" VPOS="923" WIDTH="462" HEIGHT="28">
							<String ID="string_123" HPOS="452" VPOS="925" WIDTH="32" HEIGHT="20" WC="0.93" CONTENT="att"/><SP WIDTH="4" VPOS="925" HPOS="484"/>
							<String ID="string_124" HPOS="488" VPOS="923" WIDTH="121" HEIGHT="22" WC="0.92" CONTENT="Ständerna"/><SP WIDTH="8" VPOS="923" HPOS="609"/>
							<String ID="string_125" HPOS="617" VPOS="923" WIDTH="47" HEIGHT="21" WC="0.95" CONTENT="ville"/><SP WIDTH="5" VPOS="923" HPOS="664"/>
							<String ID="string_126" HPOS="669" VPOS="923" WIDTH="121" HEIGHT="28" WC="0.96" CONTENT="godkänna"/><SP WIDTH="8" VPOS="923" HPOS="790"/>
							<String ID="string_127" HPOS="798" VPOS="925" WIDTH="26" HEIGHT="19" WC="0.88" CONTENT="ett"/><SP WIDTH="8" VPOS="925" HPOS="824"/>
							<String ID="string_128" HPOS="832" VPOS="923" WIDTH="82" HEIGHT="28" WC="0.88" CONTENT="tilllägg"/>
						</TextLine>
						<TextLine ID="line_20" HPOS="383" VPOS="959" WIDTH="465" HEIGHT="28">
							<String ID="string_129" HPOS="383" VPOS="959" WIDTH="32" HEIGHT="21" WC="0.96" CONTENT="till"/><SP WIDTH="14" VPOS="959" HPOS="415"/>
							<String ID="string_130" HPOS="429" VPOS="960" WIDTH="63" HEIGHT="21" WC="0.96" CONTENT="slutet"/><SP WIDTH="14" VPOS="960" HPOS="492"/>
							<String ID="string_131" HPOS="506" VPOS="960" WIDTH="28" HEIGHT="27" WC="0.95" CONTENT="af"/><SP WIDTH="13" VPOS="960" HPOS="534"/>
							<String ID="string_132" HPOS="547" VPOS="961" WIDTH="12" HEIGHT="20" WC="0.92" CONTENT="7"/><SP WIDTH="16" VPOS="961" HPOS="559"/>
							<String ID="string_133" HPOS="575" VPOS="960" WIDTH="15" HEIGHT="27" WC="0.92" CONTENT="$"/><SP WIDTH="16" VPOS="960" HPOS="590"/>
							<String ID="string_134" HPOS="606" VPOS="959" WIDTH="28" HEIGHT="28" WC="0.96" CONTENT="af"/><SP WIDTH="11" VPOS="959" HPOS="634"/>
							<String ID="string_135" HPOS="645" VPOS="959" WIDTH="98" HEIGHT="28" WC="0.96" CONTENT="följande"/><SP WIDTH="16" VPOS="959" HPOS="743"/>
							<String ID="string_136" HPOS="759" VPOS="960" WIDTH="89" HEIGHT="27" WC="0.96" CONTENT="lydelse:"/>
						</TextLine>
					</TextBlock>
					<TextBlock ID="block_6" HPOS="381" VPOS="996" WIDTH="534" HEIGHT="201">
						<TextLine ID="line_21" HPOS="454" VPOS="996" WIDTH="461" HEIGHT="27">
							<String ID="string_137" HPOS="454" VPOS="996" WIDTH="80" HEIGHT="21" WC="0.96" CONTENT="Dock"/><SP WIDTH="25" VPOS="996" HPOS="534"/>
							<String ID="string_138" HPOS="559" VPOS="997" WIDTH="43" HEIGHT="20" WC="0.96" CONTENT="må"/><SP WIDTH="23" VPOS="997" HPOS="602"/>
							<String ID="string_139" HPOS="625" VPOS="996" WIDTH="129" HEIGHT="27" WC="0.95" CONTENT="stämpel"/><SP WIDTH="23" VPOS="996" HPOS="754"/>
							<String ID="string_140" HPOS="777" VPOS="996" WIDTH="19" HEIGHT="27" WC="0.92" CONTENT="ej"/><SP WIDTH="22" VPOS="996" HPOS="796"/>
							<String ID="string_141" HPOS="818" VPOS="997" WIDTH="14" HEIGHT="20" WC="0.92" CONTENT="å"/><SP WIDTH="26" VPOS="997" HPOS="832"/>
							<String ID="string_142" HPOS="858" VPOS="1003" WIDTH="57" HEIGHT="20" WC="0.91" CONTENT="nyo"/>
						</TextLine>
						<TextLine ID="line_22" HPOS="382" VPOS="1031" WIDTH="533" HEIGHT="28">
							<String ID="string_143" HPOS="382" VPOS="1031" WIDTH="125" HEIGHT="27" WC="0.96" CONTENT="fordras"/><SP WIDTH="24" VPOS="1031" HPOS="507"/>
							<String ID="string_144" HPOS="531" VPOS="1032" WIDTH="47" HEIGHT="27" WC="0.96" CONTENT="för"/><SP WIDTH="22" VPOS="1032" HPOS="578"/>
							<String ID="string_145" HPOS="600" VPOS="1031" WIDTH="149" HEIGHT="28" WC="0.95" CONTENT="handling"/><SP WIDTH="25" VPOS="1031" HPOS="749"/>
							<String ID="string_146" HPOS="774" VPOS="1031" WIDTH="141" HEIGHT="28" WC="0.95" CONTENT="utfärdad"/>
						</TextLine>
						<TextLine ID="line_23" HPOS="383" VPOS="1067" WIDTH="530" HEIGHT="28">
							<String ID="string_147" HPOS="383" VPOS="1067" WIDTH="7" HEIGHT="20" WC="0.95" CONTENT="i"/><SP WIDTH="19" VPOS="1067" HPOS="390"/>
							<String ID="string_148" HPOS="409" VPOS="1069" WIDTH="107" HEIGHT="20" WC="0.95" CONTENT="stället"/><SP WIDTH="18" VPOS="1069" HPOS="516"/>
							<String ID="string_149" HPOS="534" VPOS="1068" WIDTH="47" HEIGHT="27" WC="0.96" CONTENT="för"/><SP WIDTH="15" VPOS="1068" HPOS="581"/>
							<String ID="string_150" HPOS="596" VPOS="1068" WIDTH="98" HEIGHT="21" WC="0.95" CONTENT="dödad"/><SP WIDTH="15" VPOS="1068" HPOS="694"/>
							<String ID="string_151" HPOS="709" VPOS="1067" WIDTH="120" HEIGHT="28" WC="0.93" CONTENT="urkund,"/><SP WIDTH="17" VPOS="1067" HPOS="829"/>
							<String ID="string_152" HPOS="846" VPOS="1067" WIDTH="67" HEIGHT="21" WC="0.92" CONTENT="hvil-"/>
						</TextLine>
						<TextLine ID="line_24" HPOS="382" VPOS="1103" WIDTH="533" HEIGHT="29">
							<String ID="string_153" HPOS="382" VPOS="1103" WIDTH="53" HEIGHT="22" WC="0.96" CONTENT="ken"/><SP WIDTH="28" VPOS="1103" HPOS="435"/>
							<String ID="string_154" HPOS="463" VPOS="1103" WIDTH="151" HEIGHT="29" WC="0.96" CONTENT="bevisligen"/><SP WIDTH="26" VPOS="1103" HPOS="614"/>
							<String ID="string_155" HPOS="640" VPOS="1104" WIDTH="85" HEIGHT="21" WC="0.96" CONTENT="redan"/><SP WIDTH="33" VPOS="1104" HPOS="725"/>
							<String ID="string_156" HPOS="758" VPOS="1103" WIDTH="74" HEIGHT="22" WC="0.96" CONTENT="varit"/><SP WIDTH="25" VPOS="1103" HPOS="832"/>
							<String ID="string_157" HPOS="857" VPOS="1103" WIDTH="58" HEIGHT="22" WC="0.96" CONTENT="med"/>
						</TextLine>
						<TextLine ID="line_25" HPOS="381" VPOS="1140" WIDTH="532" HEIGHT="29">
							<String ID="string_158" HPOS="381" VPOS="1141" WIDTH="119" HEIGHT="28" WC="0.96" CONTENT="stämpel"/><SP WIDTH="22" VPOS="1141" HPOS="500"/>
							<String ID="string_159" HPOS="522" VPOS="1140" WIDTH="43" HEIGHT="21" WC="0.93" CONTENT="till"/><SP WIDTH="25" VPOS="1140" HPOS="565"/>
							<String ID="string_160" HPOS="590" VPOS="1141" WIDTH="135" HEIGHT="27" WC="0.92" CONTENT="stadgadt"/><SP WIDTH="20" VPOS="1141" HPOS="725"/>
							<String ID="string_161" HPOS="745" VPOS="1141" WIDTH="97" HEIGHT="27" WC="0.93" CONTENT="belopp"/><SP WIDTH="20" VPOS="1141" HPOS="842"/>
							<String ID="string_162" HPOS="862" VPOS="1140" WIDTH="51" HEIGHT="27" WC="0.89" CONTENT="för-"/>
						</TextLine>
						<TextLine ID="line_26" HPOS="381" VPOS="1176" WIDTH="77" HEIGHT="21">
							<String ID="string_163" HPOS="381" VPOS="1176" WIDTH="77" HEIGHT="21" WC="0.96" CONTENT="sedd:"/>
						</TextLine>
					</TextBlock>
				</ComposedBlock>
				<ComposedBlock ID="cblock_4" HPOS="166" VPOS="1240" WIDTH="747" HEIGHT="134">
					<TextBlock ID="block_7" HPOS="166" VPOS="1240" WIDTH="747" HEIGHT="134">
						<TextLine ID="line_27" HPOS="229" VPOS="1240" WIDTH="684" HEIGHT="29">
							<String ID="string_164" HPOS="229" VPOS="1240" WIDTH="48" HEIGHT="29" WC="0.93" CONTENT="158."/><SP WIDTH="17" VPOS="1240" HPOS="277"/>
							<String ID="string_165" HPOS="294" VPOS="1241" WIDTH="171" HEIGHT="22" WC="0.92" CONTENT="Presteståndet"/><SP WIDTH="15" VPOS="1241" HPOS="465"/>
							<String ID="string_166" HPOS="480" VPOS="1242" WIDTH="43" HEIGHT="21" WC="0.93" CONTENT="har"/><SP WIDTH="15" VPOS="1242" HPOS="523"/>
							<String ID="string_167" HPOS="538" VPOS="1242" WIDTH="94" HEIGHT="21" WC="0.90" CONTENT="beslutit"/><SP WIDTH="16" VPOS="1242" HPOS="632"/>
							<String ID="string_168" HPOS="648" VPOS="1244" WIDTH="32" HEIGHT="19" WC="0.96" CONTENT="att"/><SP WIDTH="16" VPOS="1244" HPOS="680"/>
							<String ID="string_169" HPOS="696" VPOS="1242" WIDTH="7" HEIGHT="20" WC="0.96" CONTENT="i"/><SP WIDTH="17" VPOS="1242" HPOS="703"/>
							<String ID="string_170" HPOS="720" VPOS="1242" WIDTH="45" HEIGHT="21" WC="0.96" CONTENT="den"/><SP WIDTH="16" VPOS="1242" HPOS="765"/>
							<String ID="string_171" HPOS="781" VPOS="1242" WIDTH="76" HEIGHT="21" WC="0.93" CONTENT="finska"/><SP WIDTH="10" VPOS="1242" HPOS="857"/>
							<String ID="string_172" HPOS="867" VPOS="1243" WIDTH="46" HEIGHT="20" WC="0.92" CONTENT="tex-"/>
						</TextLine>
						<TextLine ID="line_28" HPOS="167" VPOS="1277" WIDTH="746" HEIGHT="28">
							<String ID="string_173" HPOS="167" VPOS="1278" WIDTH="38" HEIGHT="19" WC="0.96" CONTENT="ten"/><SP WIDTH="17" VPOS="1278" HPOS="205"/>
							<String ID="string_174" HPOS="222" VPOS="1277" WIDTH="25" HEIGHT="20" WC="0.93" CONTENT="af"/><SP WIDTH="13" VPOS="1277" HPOS="247"/>
							<String ID="string_175" HPOS="260" VPOS="1277" WIDTH="254" HEIGHT="28" WC="0.93" CONTENT="författningsförslaget"/><SP WIDTH="16" VPOS="1277" HPOS="514"/>
							<String ID="string_176" HPOS="530" VPOS="1278" WIDTH="113" HEIGHT="27" WC="0.93" CONTENT="uttrycket"/><SP WIDTH="18" VPOS="1278" HPOS="643"/>
							<String ID="string_177" HPOS="661" VPOS="1278" WIDTH="140" HEIGHT="21" WC="0.92" CONTENT="»virastolle»"/><SP WIDTH="19" VPOS="1278" HPOS="801"/>
							<String ID="string_178" HPOS="820" VPOS="1278" WIDTH="7" HEIGHT="21" WC="0.96" CONTENT="i"/><SP WIDTH="16" VPOS="1278" HPOS="827"/>
							<String ID="string_179" HPOS="843" VPOS="1284" WIDTH="70" HEIGHT="15" WC="0.96" CONTENT="mom."/>
						</TextLine>
						<TextLine ID="line_29" HPOS="167" VPOS="1312" WIDTH="746" HEIGHT="26">
							<String ID="string_180" HPOS="167" VPOS="1313" WIDTH="12" HEIGHT="20" WC="0.96" CONTENT="3"/><SP WIDTH="18" VPOS="1313" HPOS="179"/>
							<String ID="string_181" HPOS="197" VPOS="1313" WIDTH="73" HEIGHT="20" WC="0.93" CONTENT="skulle"/><SP WIDTH="16" VPOS="1313" HPOS="270"/>
							<String ID="string_182" HPOS="286" VPOS="1312" WIDTH="94" HEIGHT="26" WC="0.92" CONTENT="utbytas"/><SP WIDTH="16" VPOS="1312" HPOS="380"/>
							<String ID="string_183" HPOS="396" VPOS="1315" WIDTH="61" HEIGHT="18" WC="0.93" CONTENT="emot"/><SP WIDTH="19" VPOS="1315" HPOS="457"/>
							<String ID="string_184" HPOS="476" VPOS="1313" WIDTH="214" HEIGHT="21" WC="0.79" CONTENT="»viranomaiselle.»"/><SP WIDTH="28" VPOS="1313" HPOS="690"/>
							<String ID="string_185" HPOS="718" VPOS="1313" WIDTH="34" HEIGHT="21" WC="0.96" CONTENT="Då"/><SP WIDTH="16" VPOS="1313" HPOS="752"/>
							<String ID="string_186" HPOS="768" VPOS="1314" WIDTH="145" HEIGHT="20" WC="0.96" CONTENT="sistnämnda"/>
						</TextLine>
						<TextLine ID="line_30" HPOS="166" VPOS="1348" WIDTH="746" HEIGHT="26">
							<String ID="string_187" HPOS="166" VPOS="1348" WIDTH="91" HEIGHT="26" WC="0.88" CONTENT="uttryck"/><SP WIDTH="24" VPOS="1348" HPOS="257"/>
							<String ID="string_188" HPOS="281" VPOS="1353" WIDTH="68" HEIGHT="21" WC="0.90" CONTENT="synes"/><SP WIDTH="17" VPOS="1353" HPOS="349"/>
							<String ID="string_189" HPOS="366" VPOS="1348" WIDTH="119" HEIGHT="26" WC="0.91" CONTENT="sakenligt,"/><SP WIDTH="16" VPOS="1348" HPOS="485"/>
							<String ID="string_190" HPOS="501" VPOS="1348" WIDTH="35" HEIGHT="20" WC="0.92" CONTENT="fär"/><SP WIDTH="15" VPOS="1348" HPOS="536"/>
							<String ID="string_191" HPOS="551" VPOS="1349" WIDTH="114" HEIGHT="20" WC="0.91" CONTENT="Utskottet"/><SP WIDTH="16" VPOS="1349" HPOS="665"/>
							<String ID="string_192" HPOS="681" VPOS="1349" WIDTH="120" HEIGHT="21" WC="0.93" CONTENT="vördsamt"/><SP WIDTH="15" VPOS="1349" HPOS="801"/>
							<String ID="string_193" HPOS="816" VPOS="1348" WIDTH="96" HEIGHT="22" WC="0.92" CONTENT="föreslä"/><SP WIDTH="-10" VPOS="1348" HPOS="912"/>
							<String ID="string_194" HPOS="902" VPOS="1344" WIDTH="13" HEIGHT="35" WC="0.92" CONTENT=":"/>
						</TextLine>
					</TextBlock>
				</ComposedBlock>
				<ComposedBlock ID="cblock_5" HPOS="236" VPOS="1413" WIDTH="679" HEIGHT="137">
					<TextBlock ID="block_8" HPOS="236" VPOS="1413" WIDTH="679" HEIGHT="137">
						<TextLine ID="line_31" HPOS="451" VPOS="1413" WIDTH="462" HEIGHT="28">
							<String ID="string_195" HPOS="451" VPOS="1415" WIDTH="32" HEIGHT="19" WC="0.94" CONTENT="att"/><SP WIDTH="24" VPOS="1415" HPOS="483"/>
							<String ID="string_196" HPOS="507" VPOS="1413" WIDTH="40" HEIGHT="21" WC="0.95" CONTENT="den"/><SP WIDTH="31" VPOS="1413" HPOS="547"/>
							<String ID="string_197" HPOS="578" VPOS="1414" WIDTH="27" HEIGHT="27" WC="0.92" CONTENT="af"/><SP WIDTH="25" VPOS="1414" HPOS="605"/>
							<String ID="string_198" HPOS="630" VPOS="1414" WIDTH="156" HEIGHT="21" WC="0.88" CONTENT="Presteständet"/><SP WIDTH="30" VPOS="1414" HPOS="786"/>
							<String ID="string_199" HPOS="816" VPOS="1415" WIDTH="97" HEIGHT="21" WC="0.88" CONTENT="beslutna"/>
						</TextLine>
						<TextLine ID="line_32" HPOS="380" VPOS="1449" WIDTH="535" HEIGHT="29">
							<String ID="string_200" HPOS="380" VPOS="1449" WIDTH="123" HEIGHT="29" WC="0.93" CONTENT="ändringen"/><SP WIDTH="24" VPOS="1449" HPOS="503"/>
							<String ID="string_201" HPOS="527" VPOS="1450" WIDTH="65" HEIGHT="21" WC="0.60" CONTENT="mälte"/><SP WIDTH="17" VPOS="1450" HPOS="592"/>
							<String ID="string_202" HPOS="609" VPOS="1450" WIDTH="85" HEIGHT="28" WC="0.92" CONTENT="jemväl"/><SP WIDTH="22" VPOS="1450" HPOS="694"/>
							<String ID="string_203" HPOS="716" VPOS="1450" WIDTH="28" HEIGHT="28" WC="0.93" CONTENT="af"/><SP WIDTH="18" VPOS="1450" HPOS="744"/>
							<String ID="string_204" HPOS="762" VPOS="1450" WIDTH="70" HEIGHT="28" WC="0.96" CONTENT="öfriga"/><SP WIDTH="16" VPOS="1450" HPOS="832"/>
							<String ID="string_205" HPOS="848" VPOS="1451" WIDTH="67" HEIGHT="21" WC="0.95" CONTENT="stånd"/>
						</TextLine>
						<TextLine ID="line_33" HPOS="379" VPOS="1486" WIDTH="141" HEIGHT="27">
							<String ID="string_206" HPOS="379" VPOS="1486" WIDTH="141" HEIGHT="27" WC="0.91" CONTENT="godkännas."/>
						</TextLine>
						<TextLine ID="line_34" HPOS="236" VPOS="1527" WIDTH="496" HEIGHT="23">
							<String ID="string_207" HPOS="236" VPOS="1527" WIDTH="159" HEIGHT="22" WC="0.90" CONTENT="Bevillningsutsk."/><SP WIDTH="14" VPOS="1527" HPOS="395"/>
							<String ID="string_208" HPOS="409" VPOS="1527" WIDTH="179" HEIGHT="23" WC="0.84" CONTENT="sammanj.-förslag."/><SP WIDTH="25" VPOS="1527" HPOS="588"/>
							<String ID="string_209" HPOS="613" VPOS="1528" WIDTH="42" HEIGHT="18" WC="0.92" CONTENT="Bet."/><SP WIDTH="14" VPOS="1528" HPOS="655"/>
							<String ID="string_210" HPOS="669" VPOS="1528" WIDTH="33" HEIGHT="18" WC="0.96" CONTENT="N:o"/><SP WIDTH="13" VPOS="1528" HPOS="702"/>
							<String ID="string_211" HPOS="715" VPOS="1529" WIDTH="17" HEIGHT="17" WC="0.96" CONTENT="3."/>
						</TextLine>
					</TextBlock>
				</ComposedBlock>
			</PrintSpace>
		</Page>
	</Layout>
</alto>
