1073 1748
337 161 72 24 Ständ.
426 162 35 23 Sv.
479 175 24 4 —
521 163 60 28 Prop.
598 162 34 23 N:o
647 163 29 22 17.
873 165 12 19 5

132 232 19 15 o.
175 225 53 28 dyl,
251 225 78 22 hvilka
351 225 48 22 ofta
418 226 8 21 i
442 225 134 29 byggnader
590 227 94 27 nedlagt
699 229 33 19 ett
747 226 58 22 efter
820 227 65 20 deras

132 259 158 21 förhållanden
312 259 114 29 betydligt
448 260 93 28 kapital.
571 260 124 28 Undantag
717 260 53 21 från
789 261 43 20 den
848 260 37 21 all-

132 295 83 19 männa
228 293 173 28 jordlegolagen
417 301 67 20 synes
500 294 59 22 dock
574 294 35 21 för
625 294 140 21 närvarande
780 295 55 20 böra
848 297 38 24 gö-

132 333 36 15 ras
183 327 36 22 för
234 327 51 29 lega
301 327 26 22 af
347 327 185 27 kronohemman,
556 328 163 29 kungsgårdar,
742 327 86 22 militie-
844 327 43 22 och

133 361 137 22 civilstatens
293 364 58 19 samt
372 362 180 29 presterskapets
578 362 111 22 boställen
712 362 117 22 äfvensom
851 362 35 21 till

134 396 64 22 dessa
213 397 132 27 lägenheter
360 397 101 22 hörande
476 400 58 26 torp,
551 397 78 22 hvilka
644 397 44 22 alla
703 397 69 22 äfven
786 397 37 22 för
836 400 50 19 när-

132 431 99 22 varande
247 434 37 19 äro
299 431 95 22 föremål
408 431 37 22 för
460 431 97 22 särskild
572 431 152 29 lagstiftning.

203 557 44 22 Vid
262 558 109 28 pröfning
386 557 25 22 af
425 558 37 21 det
474 558 127 21 Ständerna
612 558 117 28 förelagda
739 557 148 29 lagförslaget

134 592 7 21 i
156 592 71 28 öfrigt
249 592 41 21 har
312 592 125 21 detsamma
456 592 117 22 befunnits
587 592 8 21 i
610 592 131 22 hufvudsak
756 592 84 28 egnadt
855 594 32 19 att

134 626 105 29 afhjelpa
263 626 111 22 bristerna
397 627 8 21 i
429 626 106 29 gällande
557 626 146 29 lagstiftning
726 629 29 26 på
776 626 111 29 ifrågava-

134 661 71 21 rande
227 661 97 21 område.
355 661 127 22 Ständerna
497 661 70 21 hafva
581 661 134 29 visserligen
731 660 96 29 vidtagit
843 664 44 18 sär-

135 696 73 21 skilda
231 695 121 29 ändringar
371 696 7 20 i
396 695 155 29 lagförslaget,
574 703 52 14 men
649 696 65 21 dessa
735 695 96 22 hänföra
854 695 35 28 sig

136 730 65 22 öfver
223 730 88 22 hufvud
329 730 35 21 till
379 730 264 28 detaljomständigheter
659 730 42 22 och
716 730 48 22 afse
779 730 110 28 antingen

136 764 170 28 förtydligande
329 764 26 22 af
374 764 171 29 propositionen
567 764 54 22 eller
637 765 128 21 ersättande
780 764 25 21 af
818 766 71 26 några

136 799 8 21 i
159 798 129 22 densamma
298 799 112 28 ingående
421 799 142 28 stadganden
573 798 52 22 med
635 799 132 28 lämpligare
778 799 43 21 och
828 805 61 15 mera

135 833 142 21 verksamma
296 833 174 28 bestämningar,
490 834 54 20 eller
559 833 42 21 ock
613 833 155 29 modifikation
779 833 25 21 af
813 832 76 22 alltför

136 867 92 29 mycket
247 867 168 22 inskränkande
430 867 149 22 föreskrifter.
609 866 44 23 Till
668 867 97 29 ändring
780 867 25 22 af
819 870 70 19 större

136 902 119 29 principiel
277 902 115 29 betydelse
411 902 41 21 har
475 902 160 28 lagförslagets
654 902 100 21 innehåll
777 901 113 22 föranledt

137 937 80 22 endast
231 937 7 21 i
253 936 66 30 fråga
341 944 36 14 om
394 937 139 28 legorättens
556 937 95 21 bestånd
665 936 39 22 vid
720 936 79 28 utlegd
814 936 75 28 lägen-

137 972 50 22 hets
203 972 127 29 öfvergång
345 972 34 21 till
393 979 33 21 ny
441 979 74 21 egare.

206 1006 65 22 Efter
287 1007 69 21 ofvan
371 1006 96 22 anförda
477 1006 114 22 allmänna
601 1006 176 28 anmärkningar
787 1008 30 26 gå
825 1006 64 21 Stän-

138 1042 69 21 derna
222 1041 7 21 i
245 1041 38 22 det
297 1040 101 30 följande
420 1044 33 18 att
475 1041 111 29 redogöra
604 1041 36 22 för
655 1041 28 21 de
699 1040 128 29 ändringar,
843 1047 48 15 som

137 1076 110 28 vidtagits
269 1075 140 23 beträffande
421 1074 122 23 särskilda
558 1075 141 29 stadganden
713 1076 8 20 i
735 1075 154 29 lagförslaget.

476 1210 10 18 1
503 1208 59 28 Kap.

358 1264 121 25 Allmänna
493 1264 179 29 bestämningar.

492 1323 48 28 18

208 1362 36 22 Då
260 1362 127 22 Ständerna
403 1365 76 19 ansett
493 1362 104 29 torplega
613 1362 64 22 öfver
687 1362 90 21 hufvud
789 1361 53 22 böra
852 1362 40 20 lik-

140 1396 75 21 ställas
231 1396 51 21 med
298 1403 75 14 annan
381 1395 181 28 jordbrukslega,
571 1395 40 21 har
623 1395 109 21 behofvet
743 1397 33 18 att
786 1394 107 21 definiera

139 1430 178 28 torpbegreppet
326 1429 101 22 förfallit.
450 1429 11 20 I
477 1429 38 21 det
525 1428 26 21 af
561 1429 127 21 Ständerna
700 1431 99 25 antagna
810 1428 83 28 lagför-

140 1465 73 28 slaget
235 1465 65 27 ingår
321 1463 134 28 visserligen
477 1465 33 20 ett
528 1463 132 28 stadgande,
677 1469 48 15 som
739 1462 60 22 afser
815 1462 79 21 endast
