1061 1734
327 110 85 24 Ständ.
428 110 39 23 Sv.
482 124 22 2 —
526 110 75 29 Prop.
616 110 43 23 N:o
675 110 37 23 24.
864 110 25 20 61

138 182 53 26 fem,
210 182 40 26 tio,
269 181 92 28 femton,
385 182 75 28 tjugu,
480 182 119 28 tjugufem,
617 182 86 27 trettio,
721 182 93 28 fyratio,
835 182 57 21 fem-

138 216 40 27 tio,
199 216 132 27 etthundra,
349 216 132 21 tvähundra
500 216 42 22 och
554 216 137 21 femhundra
703 217 77 21 marks
792 216 99 22 valörer.

483 318 31 20 20
528 318 19 26 8.

208 386 159 28 Stämplarnas
390 386 110 21 utseende
525 386 42 21 och
588 386 59 21 form
664 386 127 22 fastställes
811 386 23 22 af
853 386 39 22 Se-

138 422 84 19 natens
239 420 294 28 Ekonomiedepartement,
553 428 48 13 som
612 420 85 28 jemväl
709 420 118 22 meddelar
839 424 52 18 när-

138 461 62 14 mare
218 454 143 22 föreskrifter
381 454 99 22 rörande
498 457 71 19 sättet
586 454 35 22 för
639 455 153 28 stämplarnas
812 455 79 22 maku-

138 489 82 28 lering.

482 558 29 21 21
529 559 20 25 8.

207 627 47 21 För
278 629 34 19 att
330 626 178 23 tillhandahälla
529 627 156 22 allmänheten
704 627 186 29 stämpelpapper

139 661 43 22 och
209 661 193 29 stämpelmärken
428 661 60 22 skall
509 662 9 21 i
535 661 79 30 hvarje
633 661 52 22 stad
703 664 60 19 samt
781 661 8 22 i
806 661 81 29 hvarje

139 696 103 29 tingslag
269 698 97 26 antagas
393 696 59 21 efter
479 695 69 22 behof
571 704 29 13 en
618 695 55 22 eller
691 696 54 21 flere
763 696 126 28 försäljare,

139 730 41 21 hos
208 730 80 21 hvilka
306 730 28 21 de
352 732 59 20 mest
438 730 115 29 behöfliga
579 730 88 22 värden
689 730 55 22 böra
762 730 75 22 finnas
856 732 35 19 att

139 764 74 29 tillgä.
248 764 47 22 Vid
321 765 75 22 finska
422 765 222 28 Passexpeditionen
661 765 9 21 i
689 764 34 22 S:t
749 765 141 28 Petersburg

138 799 43 21 bör
198 799 85 28 jemväl
300 799 97 29 lämplig
418 799 118 29 försäljare
555 799 117 28 anställas,
691 799 35 22 för
744 801 36 20 att
797 799 94 22 tillhan-

139 833 94 22 dahälla
260 833 155 22 allmänheten
442 833 28 22 de
493 834 90 21 valörer
602 834 23 21 af
643 833 187 30 stämpelpapper
848 833 43 22 och

139 868 200 28 stämpelmärken,
367 876 48 14 som
437 868 35 22 för
493 868 109 22 behofvet
623 868 118 22 derstädes
760 869 79 21 kunna
857 876 34 13 er-

138 902 96 22 fordras.
270 903 74 22 Dessa
369 903 120 29 försäljare
516 911 43 21 ega
580 903 35 22 för
633 902 80 29 medel,
741 911 48 14 som
806 910 84 22 genom

138 937 169 29 försäljningen
325 938 90 28 inflyta,
434 938 8 21 i
460 938 268 29 försäljningsprovision
742 938 102 22 beräkna
854 938 36 28 sig

139 972 38 22 till
194 972 68 29 godo,
280 973 9 21 i
307 972 145 29 Helsingfors
470 975 42 26 tre,
530 973 8 21 i
557 972 34 22 S:t
608 972 141 30 Petersburg
761 972 44 22 och
817 972 74 29 öfriga

139 1006 78 22 städer
234 1007 53 29 fyra
314 1009 102 27 procent,
436 1006 42 23 och
496 1009 30 27 pä
543 1007 81 22 landet
641 1007 36 22 för
695 1008 93 21 influtet
805 1007 84 28 belopp

140 1041 23 22 af
181 1041 60 22 ända
259 1042 37 22 till
313 1044 91 19 ettusen
422 1042 66 22 mark
506 1044 49 20 ätta
573 1044 101 26 procent,
693 1044 59 20 samt
769 1042 53 28 fyra
839 1048 52 22 pro-

140 1078 53 19 cent
210 1076 36 22 för
263 1076 63 22 hvad
343 1084 105 14 summan
465 1077 35 21 för
519 1077 50 21 året
586 1076 47 22 kan
651 1078 83 27 utgöra
752 1076 138 27 derutöfver,

139 1110 95 22 hvilken
261 1111 117 29 provision
402 1110 119 30 försäljare
540 1118 54 21 eger
611 1110 9 22 i
638 1110 134 30 afgifvande
790 1110 101 22 redovis-

139 1145 58 29 ning
214 1146 35 21 för
267 1145 29 22 de
318 1145 100 21 influtna
444 1146 89 21 medlen
560 1145 73 21 räkna
661 1146 36 28 sig
715 1146 37 20 till
769 1144 60 29 godo
848 1144 43 22 och

139 1179 119 22 innehälla
276 1179 40 22 vid
334 1179 102 22 medlens
455 1180 136 28 leverering.

484 1284 57 25 228

207 1351 230 28 Försäljningsställe
456 1351 59 21 skall
533 1351 74 22 hållas
624 1352 37 20 för
677 1351 155 22 allmänheten
845 1351 46 21 till-

138 1385 108 28 gängligt
264 1384 81 29 hvarje
363 1384 128 29 söknedag:
513 1385 8 20 i
539 1385 51 21 stad
608 1385 52 20 från
678 1385 101 21 klockan
790 1385 40 21 nio
842 1385 48 21 före

139 1419 125 28 middagen
281 1418 37 22 till
336 1419 39 22 två
393 1418 184 29 eftermiddagen
597 1419 42 22 och
658 1419 29 29 på
705 1418 186 30 landsbygden
878 1414 17 38 å
