1084 1739
189 137 31 20 %
426 135 29 22 U.
471 135 28 22 B.
514 148 27 2 —
558 135 72 28 Prop.
647 135 43 22 N:o
704 135 36 22 17.

542 227 25 19 19
582 225 20 25 8.

262 283 32 21 De
318 283 5 20 i
349 283 31 23 16,
405 283 27 20 17
454 283 39 20 och
519 284 26 19 18
567 283 31 27 $$
620 283 152 20 omförmälda
796 289 67 20 syner
881 282 65 21 skola

193 317 105 21 förrättas
314 317 25 21 af
351 317 152 26 synenämnd,
520 317 122 21 bestäende
657 317 26 20 af
696 319 31 18 tre
743 317 5 20 i
765 316 125 21 landtbruk
903 316 43 20 för-

194 352 70 25 farne,
286 351 94 21 redbare
402 352 61 23 män,
485 352 25 20 af
526 351 78 21 hvilka
620 351 112 20 hvardera
748 353 79 25 parten
843 353 61 18 utser
919 357 27 14 en

192 386 45 20 och
262 385 27 20 de
315 385 96 21 sälunda
437 385 95 21 utsedde
557 387 140 24 gemensamt
722 385 59 27 välja
804 385 44 20 den
870 384 76 27 tredje.

194 420 84 20 Kunna
293 419 28 21 de
336 419 26 21 af
375 421 103 25 parterne
495 419 94 21 utsedde
605 421 156 25 synemännen
774 419 18 26 ej
804 425 55 15 enas
870 419 7 20 i
889 419 58 20 valet

193 454 26 20 af
232 454 42 20 den
291 453 77 27 tredje,
384 453 57 21 skall
458 453 47 21 han
522 455 60 19 utses
598 453 25 21 af
635 453 153 21 ordföranden
800 452 32 21 uti
843 453 105 21 kommu-

193 488 155 20 nalstämmäan
365 487 6 20 i
384 487 44 21 den
439 487 114 25 kommun,
565 488 90 20 hvarest
665 488 134 26 lägenheten
811 488 25 20 är
846 487 101 26 belägen,

195 522 29 27 pä
247 522 107 20 anhällan
380 522 24 20 af
422 522 43 20 den
489 522 51 20 utaf
561 524 109 24 parterne,
691 528 51 14 som
758 528 71 21 synen
846 521 102 27 päyrkat.

197 556 132 20 Underläter
352 558 49 25 part
423 558 32 18 att
470 556 63 20 inom
549 556 45 20 ätta
610 556 70 26 dagar
695 556 54 20 efter
765 555 99 21 erhällen
881 555 68 21 tillsä-

195 590 60 26 gelse
279 592 48 18 utse
350 596 117 20 syneman,
490 596 39 20 ege
552 590 152 20 ordföranden
721 590 6 20 i
744 590 205 20 kommunalstäm-

195 630 62 20 man,
280 623 29 27 pä
332 624 115 23 anmälan,
470 623 73 21 dertili
567 624 60 20 kalla
650 624 94 27 lämplig
760 630 88 21 person.
880 623 69 27 Syne-

198 659 101 19 männen
314 657 60 27 välje
390 657 33 26 sig
438 658 96 20 emellan
551 658 143 21 ordförande.

544 738 27 20 20
585 738 20 26 8.

264 794 43 20 Tid
331 793 35 21 för
389 800 70 20 synen
480 796 80 19 utsätte
575 794 154 21 ordföranden
745 797 60 18 samt
821 794 128 21 underrätte

196 829 79 20 derom
290 828 7 20 i
314 828 44 26 god
381 828 33 20 tid
437 828 59 21 förut
519 823 37 26 de
569 828 70 27 öfrige
658 830 156 25 synemännen
831 828 43 21 och
890 828 59 20 kalle

197 864 104 25 parterne
316 862 33 21 till
366 862 169 27 förrättningen.
564 862 45 21 Blir
625 863 73 26 någon
715 863 26 20 af
748 862 28 21 de
787 862 50 22 utaf
845 864 104 25 parterne

197 896 93 21 utsedde
306 898 157 26 synemännen
480 897 49 20 från
547 903 72 21 synen
630 897 71 26 borta,
713 896 58 28 välje
782 899 78 25 parten
871 899 78 24 genast

197 936 77 15 annan
291 930 7 21 i
313 931 59 20 hans
396 931 69 20 ställe.
497 931 45 21 Gör
564 933 78 25 parten
663 931 36 21 det
717 931 27 26 ej,
760 931 53 21 eller
828 932 42 20 har
886 937 64 24 syne-

198 971 61 17 man,
282 971 49 14 som
356 966 78 19 utsetts
456 965 26 20 af
498 965 154 21 ordföranden
668 965 6 20 i
690 965 259 25 kommunalstämman,

197 998 118 27 uteblifvit,
342 998 59 21 kalle
422 999 28 20 de
473 999 195 22 tillstädeskomne
691 1000 157 26 synemännen
871 1005 77 15 annan

198 1033 131 20 närboende
344 1033 82 20 redbar
442 1034 42 19 och
500 1033 63 28 eljest
578 1034 95 27 lämplig
686 1040 82 20 person
779 1036 32 18 att
822 1040 53 14 vara
886 1040 65 21 syne-

198 1073 60 14 man.
290 1067 63 21 Parts
376 1069 93 19 utevaro
492 1067 94 21 oaktadt
608 1067 100 21 erhållen
729 1067 92 21 kallelse
838 1069 77 24 utgöre
931 1067 18 28 ej

197 1101 82 21 hinder
294 1101 35 21 för
344 1108 84 20 synens
445 1101 112 22 hållande,

545 1182 62 25 218.

265 1239 45 19 Aro
332 1239 158 26 synemännen
514 1239 24 20 af
558 1239 60 20 olika
639 1239 63 26 äsigt,
718 1239 57 26 gälle
791 1239 43 20 den
852 1239 98 26 mening,

196 1279 51 13 som
264 1271 24 21 af
301 1271 94 21 flertalet
410 1272 112 20 omfattas.

545 1346 27 21 22
587 1345 20 28 8.

243 1417 2 2 »
266 1398 70 25 Öfver
358 1402 192 27 syneförrättning
566 1403 56 21 skall
640 1405 112 25 upprättas
768 1404 96 27 skriftlig
880 1404 71 21 :hand-

198 1437 46 26 ling
255 1437 40 20 och
306 1437 46 20 deri
362 1437 87 27 intagas
454 1437 85 27 jemväl
546 1438 186 27 synenämndens
740 1433 80 36 utslag,
830 1439 37 21 der
872 1439 80 25 sådant

267 1482 48 21 Lag-
328 1482 31 17 och
372 1482 183 18 Ekonomiutskottets
563 1482 116 18 betänkande
691 1483 37 18 N:o
741 1485 16 16 4.
