1075 1784
382 137 21 23 U.
421 138 22 22 B.
459 149 29 3 —
504 137 61 28 Prop.
582 138 38 22 N:o
630 138 39 22 24.
868 136 27 22 51

225 319 181 28 ofvanupptagna
428 318 101 23 rubriker
557 319 114 26 hänföras,
694 319 77 27 hvarje
904 319 142 23 Stämpelafgift

226 345 60 44 ark.
319 369 42 7 sm
395 372 40 4 sr
469 371 40 5 sr
542 371 41 5 sr
761 345 33 44 L[
829 355 12 21 2
862 345 35 44 |]
903 349 142 27 föPafhandlin:

166 389 73 29 Köpe-
263 390 54 22 eller
339 389 60 23 salu-
422 392 58 20 samt
499 389 82 31 gåfoo-
597 390 42 22 och
655 389 121 30 bytesbref
903 385 34 17 gar:
963 379 82 19 smöllån

196 426 53 21 eller
265 432 74 15 annan
354 425 245 28 öfverlåtelsehandling
620 426 13 21 å
649 426 44 21 fast
708 432 63 21 egen-
928 409 53 19 S

196 461 51 22 dom
263 462 7 21 i
286 461 49 22 stad
352 461 54 32 eller
420 461 30 28 pä
465 461 81 27 landet,
570 461 65 26 bruk,
655 461 116 22 manufak-

195 499 43 24 tur,
254 497 73 22 fabrik
350 497 50 22 med
423 497 53 22 flere
491 497 53 22 verk
561 497 41 22 och
618 497 152 27 inrättningar,

196 540 48 15 som
260 533 131 28 fastigheten
414 533 77 27 åtfölja
513 535 58 20 samt
589 533 70 22 under
677 533 94 27 egande-

195 571 44 20 rätt
254 569 111 28 föryttras,
382 569 69 27 skola,
468 569 28 22 dä
512 570 27 21 de
555 569 35 22 för
612 569 112 22 vinnande
747 569 24 21 af

195 605 80 27 lagfart
289 605 38 22 vid
343 605 95 22 domstol
461 605 88 27 företes,
569 605 69 27 draga
654 605 93 27 stämpel
763 605 7 21 i

194 641 139 22 förhållande
355 641 33 21 till
410 641 147 27 egendomens
579 641 69 22 värde
663 640 106 22 sålunda:

224 677 33 21 till
283 672 31 36 och
337 672 44 36 med
400 672 48 36 100
458 672 62 36 mark
544 693 2 4 .
578 692 42 6 so.
653 693 4 4 .
690 693 4 4 .
727 693 5 4 .
769 693 1 4 |
814 688 18 4 —
850 676 40 21 [50

225 715 57 20 samt
297 713 128 21 därutöfver
440 712 35 21 för
490 713 76 26 hvarje
582 712 55 21 fulla
654 711 42 22 100
706 711 64 22 mark;
813 724 29 4 —
861 711 29 22 4150

255 749 90 22 Samma
366 748 158 27 stämpelafgift
545 748 68 27 gäller
638 748 34 21 för
695 747 75 28 dylika

224 784 146 27 handlinngar
391 783 115 28 angående
529 783 78 28 fartyg,
628 783 30 22 dä
681 783 38 22 det
738 783 33 24 till

224 821 140 26 registrering
380 819 105 27 anmäles,
498 819 126 28 byggnad,
639 819 73 21 fabrik
728 819 42 22 och

225 862 73 15 annan
321 856 126 27 inrättning,
473 862 47 15 som
545 856 19 26 ej
582 855 23 22 af
619 855 103 27 fastighet
738 854 32 22 ät-

225 891 71 28 följes,
313 891 28 22 dä
352 891 126 27 inteckning
496 891 47 22 deri
559 891 73 26 sökes,
651 893 67 19 samt
734 897 37 15 ar-

224 928 149 22 rendetomt
391 928 7 21 i
414 928 64 26 stad,
503 927 31 21 dä
556 927 83 21 skedd
661 926 110 23 öfverlä-

224 964 67 22 telse
317 964 26 22 af
383 964 251 26 besittningsrätten
674 962 96 26 ddertill,

225 1000 80 26 jemte
339 999 188 27 eganderätten
558 998 42 22 till
629 998 14 22 å
672 1000 99 20 tomten

225 1034 139 28 befintliga
393 1034 159 28 byggnader,
575 1034 48 21 hos
647 1033 125 22 vederbö-

225 1071 82 21 rande
331 1070 154 28 myndighet
508 1070 7 21 i
534 1070 132 22 afseende
693 1068 14 22 &
730 1075 41 15 an-

225 1106 124 27 teckning
368 1106 123 23 anmäles.

255 1142 45 22 Har
311 1142 109 26 fastighet,
431 1142 69 21 innan
510 1140 91 28 uppbud
611 1140 97 27 vunnits,
717 1140 54 22 eller

225 1178 78 27 fartyg,
320 1184 48 15 som
384 1177 98 22 anmäles
498 1177 32 21 till
545 1176 147 27 registrering,
714 1176 58 21 varit

225 1213 94 22 föremål
330 1213 35 21 för
379 1212 53 22 flere
448 1212 158 26 öfverlåtelser,
621 1211 57 22 skall
693 1212 79 26 hvarje

226 1248 252 27 öfverlåtelsehandling,
488 1248 29 21 då
523 1248 81 26 lagfart
609 1247 56 21 eller
672 1247 100 27 registre-

225 1286 48 26 ring
289 1285 72 25 sökes,
381 1284 71 26 draga
474 1283 95 22 särskild
587 1282 94 28 stämpel
697 1282 74 22 såsom

226 1321 41 20 här
281 1322 27 19 är
316 1320 69 27 sagdt.
401 1319 62 22 Dock
474 1318 36 22 mä
519 1318 252 25 öfverlätelsehandling,

227 1355 102 22 utfärdad
344 1355 50 21 före
408 1355 45 22 den
470 1355 11 20 1
492 1354 92 21 Januari
596 1353 65 26 1892,
671 1353 101 22 karteras

227 1391 74 22 såsom
316 1391 79 26 bilaga.

257 1426 33 21 Då
311 1426 109 26 egendom
443 1425 24 21 af
487 1425 45 20 den
548 1424 159 25 beskaffenhet,
722 1429 50 15 som

227 1462 40 21 här
283 1461 71 22 finnes
370 1460 127 26 omnämnd,
511 1459 97 27 frivilligt
621 1459 56 21 eller
690 1458 82 22 exeku-

221 1503 206 24 Bevillningsutskottets
438 1501 110 19 betänkande
560 1499 37 20 N:o
610 1501 17 18 3.
