1078 1753
365 151 29 23 U.
411 152 26 22 B.
452 165 29 3 —
496 152 74 29 Prop.
586 153 42 22 N:o
642 152 37 22 19.
884 154 14 20 9

145 222 65 22 detta
227 222 91 22 tillfälle
330 223 53 21 icke
396 223 23 21 af
430 223 91 22 landets
534 223 100 22 Ständer
644 224 87 21 lemnas
743 223 154 29 obegagnadt,

144 256 63 22 helst
224 256 40 22 det
281 257 44 21 ock
342 264 55 15 vore
415 258 73 22 ovisst
505 262 43 17 när
560 257 44 23 den
617 258 137 28 ifrågasatta
765 258 133 22 revisionen

145 291 24 21 af
185 291 109 28 gällande
312 291 110 29 skogslag
439 292 77 21 kunde
534 292 35 22 fås
586 292 38 21 till
642 292 74 28 stånd,
735 292 43 22 och
795 300 33 14 nu
839 292 59 22 före-

145 325 110 29 liggande
283 326 84 21 ärende
389 326 94 28 säledes,
508 334 37 14 om
571 326 39 22 det
631 326 92 29 gjordes
741 326 114 22 beroende
874 326 24 22 af

146 359 122 22 omordade
286 360 107 27 revision,
412 359 90 23 komme
522 362 34 20 att
573 360 37 22 till
628 359 71 23 skada
717 360 36 22 för
765 360 132 29 betydande

145 393 223 22 samhällsintressen
386 394 137 29 uppskjutas
541 395 30 28 pä
590 394 118 22 obestämd
727 395 40 21 tid.

213 445 34 22 Pä
266 445 66 23 dessa
349 445 102 30 grunder
467 446 43 22 har
527 447 132 21 Utskottets
677 447 76 21 flertal
771 449 78 20 ansett
860 447 37 29 sig

146 481 55 21 böra
219 480 55 29 ingå
292 481 8 21 i
318 481 218 28 detaljoranskning
558 481 24 22 af
602 481 187 28 propositionens
806 481 90 22 författ-

144 514 163 29 ningsförslag.
342 515 88 22 Dervid
448 515 70 22 hafva
536 515 59 22 dock
614 515 113 22 särskilda
741 516 155 28 påminnelser

145 551 62 20 emot
224 549 126 22 detsamma
368 549 79 22 blifvit
464 549 141 22 framstälda.

214 601 92 22 Främst
323 601 42 22 har
384 602 118 22 anmärkts
521 604 35 20 att
573 602 23 22 af
614 601 144 30 ordalagen
749 597 11 39 i
769 602 12 21 1
794 603 12 26 $
819 602 77 22 kunde

145 636 84 29 dragas
254 636 44 21 den
325 636 101 28 slutsats,
445 639 35 19 att
498 638 37 25 S:n
553 636 79 29 afsäge
649 636 80 30 hvarje
747 637 64 27 aftal,
830 636 67 22 hvar-

145 670 93 29 igenom
264 678 67 21 egare
358 671 24 21 af
407 670 162 30 jordlägenhet
596 671 38 21 till
660 678 78 14 annan
765 670 131 29 skriftligen

145 705 102 28 upplätit
272 707 48 20 rätt
342 707 35 19 att
400 705 96 22 afverka
514 705 105 22 växande
637 705 57 28 skog
713 705 136 22 annorledes
867 708 29 18 än

145 739 38 21 till
210 738 115 23 husbehof
350 739 56 22 eller
423 739 130 29 handslöjd,
572 742 59 19 samt
648 739 98 22 sålunda
764 739 69 22 äfven
850 747 47 14 om-

145 773 89 22 fattade
260 773 52 22 icke
344 773 98 24 allenast
468 774 96 21 landbo-
591 773 43 22 och
660 773 237 30 torparekontrakt,
885 769 17 39 i

145 807 81 22 hvilka
243 808 151 29 legotagaren
411 809 70 28 jemte
499 808 172 29 nyttjanderätt
688 808 37 21 till
743 808 83 29 sjelfva
838 815 58 14 mar-

142 843 47 21 ken
215 842 135 22 förbehållit
371 843 35 28 sig
430 843 84 28 någon,
536 850 36 15 om
596 843 44 21 ock
657 842 89 23 mindre
765 841 131 30 betydande

143 878 48 20 rätt
209 879 35 20 att
262 877 94 22 afverka
374 877 64 28 skog,
457 879 57 20 utan
534 877 84 28 jemväl
636 877 73 28 öfriga
725 877 64 27 aftal,
801 877 95 22 hvarom

143 915 95 18 nämnes
258 912 9 21 i
289 911 132 30 Kejserliga
444 911 166 28 förordningen
636 911 45 22 den
710 912 30 21 10
767 911 129 22 November

145 946 71 27 1892,
243 945 165 22 innehållande
434 947 62 20 vissa
520 945 144 29 stadganden
687 945 99 22 rörande
803 945 52 29 lega
874 945 23 22 af

142 979 53 30 jord
212 981 30 27 på
259 980 86 22 landet.
380 980 99 21 Jemlikt
497 980 76 22 denna
590 980 135 28 förordning
743 984 26 17 är
780 980 116 29 nämligen

143 1014 121 29 jordegare
274 1013 133 29 berättigad
416 1016 35 19 att
464 1014 37 21 till
510 1014 124 29 nyttjande
649 1015 68 20 äfven
730 1014 37 21 för
776 1017 72 18 annat
858 1018 38 17 än-

144 1048 76 21 damål
239 1052 29 17 än
286 1048 118 29 jordbruk,
419 1048 88 22 således
520 1048 69 21 också
601 1048 36 21 för
649 1048 99 21 ordnadt
760 1048 136 28 skogsbruk,

143 1083 30 28 på
191 1083 47 21 viss
255 1082 41 28 tid,
315 1083 21 28 ej
356 1082 63 21 öfver
437 1082 80 22 femtio
536 1083 31 27 år,
586 1081 43 22 och
647 1084 61 19 emot
720 1081 105 22 bestämd
837 1082 59 28 årlig

142 1117 53 28 lega
213 1117 95 28 upplåta
326 1117 58 21 visst
402 1117 93 21 område
513 1117 23 21 af
554 1117 36 21 sin
608 1116 115 28 lägenhet.
754 1116 82 28 Enligt
848 1116 48 28 gäl-

143 1151 69 22 lande
230 1150 189 29 domstolspraxis
438 1151 42 21 har
497 1152 71 27 något
586 1151 83 21 hinder
686 1153 49 19 mot
746 1150 150 22 meddelande

143 1185 24 22 af
184 1185 136 29 inteckning
338 1185 37 22 till
393 1185 108 22 säkerhet
518 1185 36 22 för
572 1185 103 28 antydda
687 1185 96 22 landbo-
796 1185 43 21 och
851 1187 45 20 tor-

143 1220 169 29 parekontrakt
329 1222 59 19 samt
406 1219 36 22 för
461 1220 72 21 andra
551 1220 64 27 aftal,
628 1219 138 29 upprättade
779 1219 30 29 på
821 1219 76 28 grund

145 1255 23 21 af
185 1254 140 29 nyssnämda
342 1254 143 29 förordning,
504 1254 50 21 icke
574 1256 88 20 ansetts
674 1253 147 22 förekomma.
849 1253 47 29 Up-

143 1289 99 29 penbart
265 1296 67 21 synes
354 1288 44 22 ock
415 1296 56 14 vara
495 1291 35 20 att
547 1288 204 29 bestämningarna
768 1288 9 21 i
795 1288 44 21 den
856 1288 40 21 nå-

143 1323 56 29 diga
225 1323 173 29 propositionen
426 1323 82 22 endast
530 1323 76 28 åsyfta
624 1323 64 27 aftal,
706 1322 81 22 hvilka
805 1322 37 21 till
860 1322 36 21 sin

143 1360 70 19 natur
236 1357 195 29 hufvudsakligen
459 1358 47 21 afse
524 1358 46 28 köp
593 1357 23 22 af
636 1357 94 28 skogen,
748 1357 78 21 fastän
843 1356 53 29 lega

143 1392 36 21 för
205 1392 122 27 nyttjande
349 1391 23 21 af
396 1391 166 27 skogsmarken
584 1391 77 20 tillika
679 1391 45 21 kan
743 1397 56 14 vara
817 1390 78 21 utfäst.

144 1424 44 22 Att
205 1425 132 28 syftemålet
355 1424 51 22 med
424 1424 174 29 propositionen
615 1424 62 22 varit
694 1424 89 27 sådant,
795 1424 102 28 framgår

145 1460 68 22 äfven
237 1459 64 22 deraf
328 1461 34 20 att
380 1459 8 21 i
406 1458 275 30 författningsförslagets
706 1458 90 29 ingress
815 1457 82 23 endast

214 1502 129 23 Lagutskottets
355 1502 110 18 betänkande
477 1504 36 15 N:o
528 1502 15 17 7.
