1075 1753
458 133 51 22 N:o
525 133 55 23 20.

345 442 69 26 Hans
444 442 162 32 Kejserliga
637 442 147 32 Majestäts
810 442 80 31 nådiga

276 489 140 33 proposition
433 488 35 26 till
486 488 102 26 Finlands
605 488 102 33 Ständer,
725 488 114 32 angående
851 488 39 30 lag

278 542 33 17 om
330 534 227 26 andelsverksamhet.

209 614 143 23 Sträfvanden
369 615 32 22 till
408 616 127 27 kooperativ
543 614 193 28 sammanslutning
743 614 90 23 emellan
843 621 49 21 per-

140 656 70 21 soner,
219 649 72 22 hvilka
299 649 8 22 i
314 649 51 28 följd
377 649 23 22 af
408 650 32 21 sin
452 650 76 27 näring
536 649 50 22 eller
594 649 61 28 eljest
662 649 106 22 likartade
776 649 114 22 förhållan-

140 684 41 21 den
197 683 76 22 arbeta
288 684 69 21 under
372 683 112 22 enahanda
500 683 230 27 utkomstbetingelser,
746 683 63 22 hafva
823 684 68 20 under

140 724 76 16 senare
231 718 32 22 tid
278 718 7 21 i
301 718 99 22 afsevärd
414 718 54 27 grad
483 718 114 22 framträdt
611 718 8 21 i
634 718 80 25 landet,
730 718 48 22 med
794 717 54 28 syfte
858 720 33 20 att

140 752 33 22 för
199 752 137 28 deltagarene
360 752 144 28 åvägabringa
523 759 146 21 gynsammare
687 752 67 22 vilkor
768 753 7 21 i
791 753 100 21 afseende

141 787 13 21 å
168 786 77 27 kredit,
268 786 138 28 produktion,
423 787 119 27 afsättning
557 787 51 21 eller
623 786 139 23 anskaffande
778 787 22 21 af
813 788 78 20 bostad

141 821 51 21 eller
207 820 166 22 förnödenheter
387 821 35 21 för
436 821 36 22 det
488 821 84 27 dagliga
585 821 71 22 lifvets
671 821 69 26 behof,
757 823 27 19 än
800 822 26 20 de
839 821 53 22 hvar

140 855 33 22 för
192 855 32 27 sig
239 856 75 21 kunna
329 855 89 22 erhålla.
447 855 46 22 Den
510 856 132 21 omfattande
657 855 122 22 erfarenhet
801 862 34 15 om
850 856 41 21 den

141 890 140 27 kooperativa
296 890 228 27 sammanslutningen,
540 896 45 16 som
595 890 143 22 annorstädes
748 890 93 26 vunnits,
852 890 40 22 har

141 924 120 28 otvetydigt
283 924 121 28 ådagalagt,
428 925 33 21 att
481 924 70 28 dylika
566 925 153 21 associationer
734 926 38 20 äro
788 926 32 20 ett
834 924 57 22 kraf-

140 960 42 25 tigt
197 958 68 22 medel
281 959 32 21 till
327 958 150 23 förbättrande
492 959 23 22 af
528 959 177 22 lefnadsvilkoren
720 959 33 22 för
769 960 26 20 de
809 960 83 21 mindre

141 992 87 28 lyckligt
249 993 83 22 lottade
347 994 7 20 i
370 994 112 22 samhället
504 996 55 20 samt
581 994 113 27 uppfostra
709 994 33 22 till
758 994 134 27 sparsamhet

141 1028 39 22 och
196 1028 107 22 omtanke.
328 1028 11 22 I
350 1028 36 21 det
397 1029 39 21 den
447 1028 139 27 kooperativa
597 1028 218 27 sammanslutningen
826 1029 64 21 fram-

140 1063 49 27 gått
210 1069 27 14 ur
259 1063 32 20 ett
313 1062 76 27 riktigt
407 1062 132 23 bedömande
554 1063 23 21 af
590 1063 26 22 de
630 1063 124 22 företeelser
768 1063 7 22 i
791 1063 101 22 nutidens

142 1097 136 21 ekonomiska
296 1097 29 26 lif,
344 1097 72 22 hvilka
430 1096 64 23 hafva
509 1098 114 26 kapitalets
638 1097 134 28 benägenhet
787 1099 34 20 att
834 1098 58 27 hopa

142 1131 32 27 sig
188 1131 39 21 hos
243 1133 31 20 ett
289 1131 54 22 fåtal
358 1131 32 22 till
405 1132 58 28 följd,
480 1132 39 21 har
534 1133 123 21 densamma
672 1133 39 21 ock
726 1133 56 21 visat
792 1133 32 26 sig
834 1133 58 21 bilda

142 1172 24 15 en
190 1166 97 21 verksam
310 1166 91 27 motvigt
415 1168 45 19 mot
475 1173 27 15 en
518 1166 37 22 allt
570 1173 58 16 mera
643 1167 126 27 tilltagande
785 1167 107 27 ojämnhet

141 1200 7 21 i
158 1200 187 27 förmögenhetens
360 1201 126 27 fördelning,
502 1201 83 22 hvilken
595 1202 43 21 kan
649 1201 95 22 medföra
754 1202 63 21 svåra
827 1201 64 22 faror.

211 1235 32 21 De
259 1235 160 27 bolagsformer,
434 1235 99 28 gällande
547 1236 34 27 lag
597 1237 88 26 känner,
701 1236 113 27 tillgodose
830 1237 62 20 emel-

142 1269 64 21 lertid
221 1269 46 21 icke
282 1269 116 28 behörigen
414 1271 26 20 de
454 1269 113 27 intressen,
583 1270 32 21 för
630 1270 71 22 hvilka
717 1270 25 21 de
752 1271 140 26 kooperativa

143 1303 180 22 associationerna
346 1306 37 19 äro
406 1305 93 27 uttryck.
529 1305 46 21 Den
597 1311 41 16 ena
656 1305 170 26 hufvudformen,
842 1305 50 21 eller

143 1337 150 28 aktiebolaget,
310 1339 24 20 är
349 1338 32 21 till
397 1339 32 20 sin
444 1340 38 26 typ
498 1339 98 27 afpassad
611 1339 33 21 för
659 1345 26 14 en
700 1339 132 26 samverkan,
847 1345 45 15 som

142 1371 106 28 försiggår
270 1379 76 20 genom
369 1373 210 27 sammanskjutande
595 1374 22 21 af
634 1375 31 19 ett
680 1374 108 21 bestämdt
803 1373 89 26 kapital,

143 1405 38 22 och
196 1406 43 21 kan
255 1406 82 22 således
353 1407 109 21 användas
477 1407 55 22 blott
548 1407 22 21 af
584 1407 54 27 dem,
653 1407 72 21 hvilka
740 1407 63 21 hafva
818 1408 32 19 ett
860 1413 32 14 re-

144 1440 40 21 dan
208 1440 93 22 samladt
323 1440 83 28 kapital
428 1441 32 21 till
483 1441 39 21 sitt
541 1441 130 28 förfogande.
701 1441 47 22 Den
764 1441 129 27 normaltyp,
