1078 1756
457 145 42 20 N:o
517 146 32 19 22.
826 147 24 20 13

476 214 24 19 12
518 213 17 26 8.

195 251 55 20 Med
265 251 109 21 afseende
390 251 13 21 å
418 251 91 29 fartygs
524 252 107 28 kategori
646 252 123 28 iakttages,
789 254 35 19 att
835 253 44 21 den

127 284 7 21 i
152 287 22 18 11
188 285 13 26 $
211 285 121 20 bestämda
342 285 263 28 ansvarighetsenheten
615 286 37 21 för
662 286 154 28 segelfarttyg
826 287 53 20 med

127 318 81 21 femtio
223 321 96 26 procent
334 318 157 29 öfverskjuter
506 319 45 22 den
566 319 37 22 för
620 320 133 28 ångfartyg.

474 389 24 20 13
515 389 19 26 $.

193 427 100 20 Pröfvas
309 434 29 13 en
352 427 173 28 riskindelning
539 428 27 21 af
579 428 110 29 fartygen
704 429 53 20 med
768 429 110 21 afseende

126 461 13 20 &
162 460 166 28 beskaffenhet,
351 461 66 21 trade
440 461 56 21 eller
519 462 163 28 seglationstid
704 463 92 27 päkalla
815 463 63 21 olika

125 495 151 28 ansvarighet
298 495 37 21 för
357 495 79 28 fartyg
460 496 25 20 af
506 503 87 14 samma
612 496 50 28 slag
677 497 43 20 och
736 497 140 28 drägtighet,

124 529 38 20 mä
185 529 28 20 de
228 529 8 20 i
254 531 23 19 11
294 531 13 25 &
327 529 124 21 faststälda
475 530 194 29 ansvarighetstal
691 531 37 21 för
750 531 80 28 fartyg
853 531 26 21 af

125 563 71 28 högre
212 563 47 21 risk
275 563 65 28 höjas
355 563 9 21 i
379 563 146 22 förhällande
540 565 38 20 till
593 565 82 21 denna.

474 631 24 18 14
515 630 19 25 8.

193 667 125 29 Delegares
342 667 149 29 ansvarighet
513 668 47 28 ochi
576 668 146 28 delaktighet
736 669 9 21 i
760 668 117 22 anstalten

124 702 109 28 angifvas
256 702 26 20 af
304 702 174 28 sammanlagda
501 702 108 29 beloppet
625 702 26 22 af
665 702 28 22 de
710 702 74 28 enligt
800 705 31 25 11,
850 704 24 20 12

124 736 44 21 och
189 738 24 19 13
233 737 27 26 $$
279 736 37 21 till
331 736 76 28 lägsta
423 737 150 27 ansvarighet
588 736 37 22 för
642 737 126 28 ångfartyg
784 737 93 21 reduce-

123 770 56 21 rade
198 770 225 28 ansvarighetstalen
443 770 36 21 för
495 770 27 22 de
539 771 25 21 af
579 771 85 21 honom
680 771 135 21 försäkrade
831 771 46 21 far-

124 806 77 26 tygen.

192 838 136 22 Anstaltens
354 838 51 22 hela
428 839 148 27 ansvarighet
599 838 106 28 angifves
728 839 26 21 af
767 839 109 28 samtliga

123 872 118 28 delegares
256 872 175 29 sammanlagda
447 872 201 29 ansvarighetstal.

447 970 57 21 Kac
519 970 40 21 IV.

215 1023 113 25 Ansökning
344 1028 32 15 om
392 1022 125 21 skadestånd
533 1023 37 21 och
587 1023 49 21 dess
652 1023 132 25 utbetalning.

468 1086 25 20 15
509 1086 20 26 8.

191 1125 108 27 Anspräk
321 1124 29 29 pä
374 1124 141 21 skadestånd
530 1125 7 21 i
553 1124 60 28 följd
635 1124 26 21 af
679 1124 130 28 olycksfall,
826 1132 48 14 som

121 1159 99 22 drabbat
235 1159 8 21 i
258 1159 135 29 försäkring
416 1160 41 20 hos
481 1160 120 21 anstalten
624 1159 138 29 inbegripen
786 1160 88 28 sjöman

121 1194 95 28 pröfvas
232 1194 26 20 af
272 1194 156 27 direktionen;
445 1194 43 21 och
504 1194 89 28 äligger
609 1194 39 20 det
659 1194 76 21 denna
746 1196 35 19 att
792 1194 83 22 härvid

121 1230 118 26 noggrant
253 1228 107 28 iakttaga
375 1228 109 28 gällande
500 1228 146 28 stadganden
662 1228 120 28 angäende
793 1236 81 14 ansva-
889 1243 4 4 -

121 1262 78 29 righet
218 1262 36 22 för
272 1262 166 29 kroppsskada,
459 1270 48 14 som
528 1262 100 22 drabbar
638 1262 89 28 sjöman
742 1262 8 22 i
765 1262 109 29 tjensten.

468 1334 25 19 16
512 1333 19 26 8.

191 1372 77 21 Sedan
283 1372 254 27 skadeständsanspräk
553 1372 116 27 godkänts
680 1371 56 22 eller
746 1372 9 21 i
764 1372 54 27 laga
828 1376 46 23 väg

120 1405 122 28 faststälts,
266 1405 107 21 utfärdar
392 1405 147 21 direktionen
554 1405 39 21 till
608 1405 51 27 den,
675 1412 48 14 som
739 1405 135 21 skadestän-

121 1439 40 22 det
180 1439 147 28 tillkommer,
346 1439 66 21 bevis
428 1439 66 21 öfver
509 1438 178 22 skadeständets
701 1439 91 28 belopp,
808 1439 66 21 utbe-
