<?xml version="1.0" encoding="UTF-8"?>
<alto xmlns="http://www.loc.gov/standards/alto/ns-v3#" xmlns:xlink="http://www.w3.org/1999/xlink" xmlns:xsi="http://www.w3.org/2001/XMLSchema-instance" xsi:schemaLocation="http://www.loc.gov/standards/alto/ns-v3# http://www.loc.gov/alto/v3/alto-3-0.xsd">
	<Description>
		<MeasurementUnit>pixel</MeasurementUnit>
		<sourceImageInformation>
			<fileName>/tmp/tess_t4de8b7s_input.PNG</fileName>
		</sourceImageInformation>
		<OCRProcessing ID="OCR_0">
			<ocrProcessingStep>
				<processingSoftware>
					<softwareName>tesseract 5.3.4</softwareName>
				</processingSoftware>
			</ocrProcessingStep>
		</OCRProcessing>
	</Description>
	<Layout>
		<Page WIDTH="1064" HEIGHT="1714" PHYSICAL_IMG_NR="0" ID="page_0">
			<PrintSpace HPOS="0" VPOS="0" WIDTH="1064" HEIGHT="1714">
				<ComposedBlock ID="cblock_0" HPOS="344" VPOS="101" WIDTH="543" HEIGHT="30">
					<TextBlock ID="block_0" HPOS="344" VPOS="101" WIDTH="543" HEIGHT="30">
						<TextLine ID="line_0" HPOS="344" VPOS="101" WIDTH="543" HEIGHT="30">
							<String ID="string_0" HPOS="344" VPOS="101" WIDTH="28" HEIGHT="23" WC="0.88" CONTENT="U."/><SP WIDTH="16" VPOS="101" HPOS="372"/>
							<String ID="string_1" HPOS="388" VPOS="102" WIDTH="28" HEIGHT="21" WC="0.92" CONTENT="B."/><SP WIDTH="16" VPOS="102" HPOS="416"/>
							<String ID="string_2" HPOS="432" VPOS="115" WIDTH="28" HEIGHT="2" WC="0.91" CONTENT="—"/><SP WIDTH="14" VPOS="115" HPOS="460"/>
							<String ID="string_3" HPOS="474" VPOS="102" WIDTH="75" HEIGHT="29" WC="0.94" CONTENT="Prop."/><SP WIDTH="16" VPOS="102" HPOS="549"/>
							<String ID="string_4" HPOS="565" VPOS="102" WIDTH="42" HEIGHT="22" WC="0.95" CONTENT="N:o"/><SP WIDTH="15" VPOS="102" HPOS="607"/>
							<String ID="string_5" HPOS="622" VPOS="102" WIDTH="40" HEIGHT="22" WC="0.96" CONTENT="20."/><SP WIDTH="199" VPOS="102" HPOS="662"/>
							<String ID="string_6" HPOS="861" VPOS="103" WIDTH="26" HEIGHT="21" WC="0.96" CONTENT="13"/>
						</TextLine>
					</TextBlock>
				</ComposedBlock>
				<ComposedBlock ID="cblock_1" HPOS="133" VPOS="172" WIDTH="754" HEIGHT="201">
					<TextBlock ID="block_1" HPOS="133" VPOS="172" WIDTH="754" HEIGHT="201">
						<TextLine ID="line_1" HPOS="133" VPOS="172" WIDTH="753" HEIGHT="31">
							<String ID="string_7" HPOS="133" VPOS="172" WIDTH="190" HEIGHT="23" WC="0.91" CONTENT="stämmobeslut"/><SP WIDTH="18" VPOS="172" HPOS="323"/>
							<String ID="string_8" HPOS="341" VPOS="173" WIDTH="8" HEIGHT="21" WC="0.96" CONTENT="i"/><SP WIDTH="18" VPOS="173" HPOS="349"/>
							<String ID="string_9" HPOS="367" VPOS="172" WIDTH="177" HEIGHT="30" WC="0.96" CONTENT="Lappmarken"/><SP WIDTH="27" VPOS="172" HPOS="544"/>
							<String ID="string_10" HPOS="571" VPOS="173" WIDTH="63" HEIGHT="23" WC="0.96" CONTENT="skall"/><SP WIDTH="21" VPOS="173" HPOS="634"/>
							<String ID="string_11" HPOS="655" VPOS="173" WIDTH="47" HEIGHT="23" WC="0.96" CONTENT="hos"/><SP WIDTH="24" VPOS="173" HPOS="702"/>
							<String ID="string_12" HPOS="726" VPOS="175" WIDTH="160" HEIGHT="28" WC="0.96" CONTENT="guvernören"/>
						</TextLine>
						<TextLine ID="line_2" HPOS="134" VPOS="206" WIDTH="753" HEIGHT="32">
							<String ID="string_13" HPOS="134" VPOS="206" WIDTH="103" HEIGHT="23" WC="0.95" CONTENT="anföras"/><SP WIDTH="26" VPOS="206" HPOS="237"/>
							<String ID="string_14" HPOS="263" VPOS="207" WIDTH="67" HEIGHT="22" WC="0.91" CONTENT="inom"/><SP WIDTH="27" VPOS="207" HPOS="330"/>
							<String ID="string_15" HPOS="357" VPOS="206" WIDTH="143" HEIGHT="30" WC="0.90" CONTENT="fyratiofem"/><SP WIDTH="21" VPOS="206" HPOS="500"/>
							<String ID="string_16" HPOS="521" VPOS="208" WIDTH="81" HEIGHT="28" WC="0.96" CONTENT="dagar"/><SP WIDTH="22" VPOS="208" HPOS="602"/>
							<String ID="string_17" HPOS="624" VPOS="210" WIDTH="64" HEIGHT="20" WC="0.95" CONTENT="samt"/><SP WIDTH="18" VPOS="210" HPOS="688"/>
							<String ID="string_18" HPOS="706" VPOS="208" WIDTH="72" HEIGHT="22" WC="0.93" CONTENT="öfver"/><SP WIDTH="18" VPOS="208" HPOS="778"/>
							<String ID="string_19" HPOS="796" VPOS="208" WIDTH="91" HEIGHT="30" WC="0.92" CONTENT="kyrko-"/>
						</TextLine>
						<TextLine ID="line_3" HPOS="133" VPOS="240" WIDTH="754" HEIGHT="31">
							<String ID="string_20" HPOS="133" VPOS="241" WIDTH="119" HEIGHT="23" WC="0.92" CONTENT="stämmas"/><SP WIDTH="27" VPOS="241" HPOS="252"/>
							<String ID="string_21" HPOS="279" VPOS="240" WIDTH="83" HEIGHT="24" WC="0.96" CONTENT="beslut"/><SP WIDTH="27" VPOS="240" HPOS="362"/>
							<String ID="string_22" HPOS="389" VPOS="241" WIDTH="46" HEIGHT="23" WC="0.96" CONTENT="hos"/><SP WIDTH="27" VPOS="241" HPOS="435"/>
							<String ID="string_23" HPOS="462" VPOS="242" WIDTH="161" HEIGHT="28" WC="0.95" CONTENT="guvernören"/><SP WIDTH="22" VPOS="242" HPOS="623"/>
							<String ID="string_24" HPOS="645" VPOS="242" WIDTH="60" HEIGHT="22" WC="0.95" CONTENT="eller"/><SP WIDTH="17" VPOS="242" HPOS="705"/>
							<String ID="string_25" HPOS="722" VPOS="242" WIDTH="165" HEIGHT="29" WC="0.95" CONTENT="domkapitlet"/>
						</TextLine>
						<TextLine ID="line_4" HPOS="133" VPOS="275" WIDTH="753" HEIGHT="29">
							<String ID="string_26" HPOS="133" VPOS="275" WIDTH="68" HEIGHT="21" WC="0.96" CONTENT="inom"/><SP WIDTH="18" VPOS="275" HPOS="201"/>
							<String ID="string_27" HPOS="219" VPOS="275" WIDTH="81" HEIGHT="22" WC="0.96" CONTENT="sextio"/><SP WIDTH="19" VPOS="275" HPOS="300"/>
							<String ID="string_28" HPOS="319" VPOS="276" WIDTH="86" HEIGHT="28" WC="0.96" CONTENT="dagar."/><SP WIDTH="19" VPOS="276" HPOS="405"/>
							<String ID="string_29" HPOS="424" VPOS="276" WIDTH="125" HEIGHT="22" WC="0.96" CONTENT="Utskottet"/><SP WIDTH="18" VPOS="276" HPOS="549"/>
							<String ID="string_30" HPOS="567" VPOS="276" WIDTH="39" HEIGHT="22" WC="0.93" CONTENT="får"/><SP WIDTH="12" VPOS="276" HPOS="606"/>
							<String ID="string_31" HPOS="618" VPOS="276" WIDTH="67" HEIGHT="28" WC="0.93" CONTENT="förty"/><SP WIDTH="13" VPOS="276" HPOS="685"/>
							<String ID="string_32" HPOS="698" VPOS="277" WIDTH="138" HEIGHT="26" WC="0.91" CONTENT="hemställa,"/><SP WIDTH="15" VPOS="277" HPOS="836"/>
							<String ID="string_33" HPOS="851" VPOS="278" WIDTH="35" HEIGHT="21" WC="0.96" CONTENT="att"/>
						</TextLine>
						<TextLine ID="line_5" HPOS="133" VPOS="309" WIDTH="753" HEIGHT="29">
							<String ID="string_34" HPOS="133" VPOS="315" WIDTH="35" HEIGHT="15" WC="0.93" CONTENT="nu"/><SP WIDTH="31" VPOS="315" HPOS="168"/>
							<String ID="string_35" HPOS="199" VPOS="309" WIDTH="175" HEIGHT="29" WC="0.91" CONTENT="ifrågakomna"/><SP WIDTH="29" VPOS="309" HPOS="374"/>
							<String ID="string_36" HPOS="403" VPOS="310" WIDTH="143" HEIGHT="22" WC="0.91" CONTENT="besvärstid"/><SP WIDTH="33" VPOS="310" HPOS="546"/>
							<String ID="string_37" HPOS="579" VPOS="310" WIDTH="76" HEIGHT="22" WC="0.95" CONTENT="måtte"/><SP WIDTH="37" VPOS="310" HPOS="655"/>
							<String ID="string_38" HPOS="692" VPOS="310" WIDTH="194" HEIGHT="23" WC="0.96" CONTENT="vidkommande"/>
						</TextLine>
						<TextLine ID="line_6" HPOS="133" VPOS="342" WIDTH="586" HEIGHT="31">
							<String ID="string_39" HPOS="133" VPOS="342" WIDTH="178" HEIGHT="30" WC="0.95" CONTENT="Lappmarken"/><SP WIDTH="18" VPOS="342" HPOS="311"/>
							<String ID="string_40" HPOS="329" VPOS="344" WIDTH="130" HEIGHT="29" WC="0.96" CONTENT="förlängas"/><SP WIDTH="18" VPOS="344" HPOS="459"/>
							<String ID="string_41" HPOS="477" VPOS="344" WIDTH="36" HEIGHT="22" WC="0.96" CONTENT="till"/><SP WIDTH="18" VPOS="344" HPOS="513"/>
							<String ID="string_42" HPOS="531" VPOS="344" WIDTH="80" HEIGHT="22" WC="0.96" CONTENT="sextio"/><SP WIDTH="19" VPOS="344" HPOS="611"/>
							<String ID="string_43" HPOS="630" VPOS="344" WIDTH="89" HEIGHT="29" WC="0.96" CONTENT="dagar."/>
						</TextLine>
					</TextBlock>
				</ComposedBlock>
				<ComposedBlock ID="cblock_2" HPOS="133" VPOS="617" WIDTH="756" HEIGHT="862">
					<TextBlock ID="block_2" HPOS="133" VPOS="617" WIDTH="755" HEIGHT="722">
						<TextLine ID="line_7" HPOS="203" VPOS="617" WIDTH="683" HEIGHT="33">
							<String ID="string_44" HPOS="203" VPOS="621" WIDTH="85" HEIGHT="22" WC="0.95" CONTENT="Sedan"/><SP WIDTH="19" VPOS="621" HPOS="288"/>
							<String ID="string_45" HPOS="307" VPOS="622" WIDTH="34" HEIGHT="21" WC="0.93" CONTENT="ett"/><SP WIDTH="20" VPOS="622" HPOS="341"/>
							<String ID="string_46" HPOS="361" VPOS="621" WIDTH="129" HEIGHT="29" WC="0.91" CONTENT="andelslag"/><SP WIDTH="19" VPOS="621" HPOS="490"/>
							<String ID="string_47" HPOS="509" VPOS="617" WIDTH="109" HEIGHT="33" WC="0.96" CONTENT="lagligen"/><SP WIDTH="19" VPOS="617" HPOS="618"/>
							<String ID="string_48" HPOS="637" VPOS="621" WIDTH="100" HEIGHT="26" WC="0.96" CONTENT="bildats,"/><SP WIDTH="20" VPOS="621" HPOS="737"/>
							<String ID="string_49" HPOS="757" VPOS="628" WIDTH="60" HEIGHT="22" WC="0.93" CONTENT="eger"/><SP WIDTH="18" VPOS="628" HPOS="817"/>
							<String ID="string_50" HPOS="835" VPOS="622" WIDTH="51" HEIGHT="22" WC="0.92" CONTENT="det-"/>
						</TextLine>
						<TextLine ID="line_8" HPOS="133" VPOS="655" WIDTH="755" HEIGHT="30">
							<String ID="string_51" HPOS="133" VPOS="661" WIDTH="95" HEIGHT="17" WC="0.96" CONTENT="samma"/><SP WIDTH="19" VPOS="661" HPOS="228"/>
							<String ID="string_52" HPOS="247" VPOS="655" WIDTH="83" HEIGHT="22" WC="0.95" CONTENT="såsom"/><SP WIDTH="19" VPOS="655" HPOS="330"/>
							<String ID="string_53" HPOS="349" VPOS="656" WIDTH="34" HEIGHT="21" WC="0.93" CONTENT="ett"/><SP WIDTH="18" VPOS="656" HPOS="383"/>
							<String ID="string_54" HPOS="401" VPOS="655" WIDTH="169" HEIGHT="30" WC="0.91" CONTENT="sjelfständigt"/><SP WIDTH="17" VPOS="655" HPOS="570"/>
							<String ID="string_55" HPOS="587" VPOS="655" WIDTH="301" HEIGHT="30" WC="0.89" CONTENT="förmögenhetsrättsligt"/>
						</TextLine>
						<TextLine ID="line_9" HPOS="133" VPOS="689" WIDTH="754" HEIGHT="30">
							<String ID="string_56" HPOS="133" VPOS="689" WIDTH="102" HEIGHT="30" WC="0.96" CONTENT="subjekt"/><SP WIDTH="17" VPOS="689" HPOS="235"/>
							<String ID="string_57" HPOS="252" VPOS="689" WIDTH="105" HEIGHT="29" WC="0.96" CONTENT="vidtaga"/><SP WIDTH="19" VPOS="689" HPOS="357"/>
							<String ID="string_58" HPOS="376" VPOS="689" WIDTH="48" HEIGHT="22" WC="0.95" CONTENT="alla"/><SP WIDTH="19" VPOS="689" HPOS="424"/>
							<String ID="string_59" HPOS="443" VPOS="689" WIDTH="126" HEIGHT="30" WC="0.96" CONTENT="åtgärder,"/><SP WIDTH="20" VPOS="689" HPOS="569"/>
							<String ID="string_60" HPOS="589" VPOS="696" WIDTH="53" HEIGHT="16" WC="0.96" CONTENT="som"/><SP WIDTH="18" VPOS="696" HPOS="642"/>
							<String ID="string_61" HPOS="660" VPOS="690" WIDTH="39" HEIGHT="22" WC="0.93" CONTENT="för"/><SP WIDTH="19" VPOS="690" HPOS="699"/>
							<String ID="string_62" HPOS="718" VPOS="690" WIDTH="126" HEIGHT="22" WC="0.92" CONTENT="ernående"/><SP WIDTH="17" VPOS="690" HPOS="844"/>
							<String ID="string_63" HPOS="861" VPOS="690" WIDTH="26" HEIGHT="22" WC="0.96" CONTENT="af"/>
						</TextLine>
						<TextLine ID="line_10" HPOS="133" VPOS="724" WIDTH="752" HEIGHT="29">
							<String ID="string_64" HPOS="133" VPOS="724" WIDTH="58" HEIGHT="23" WC="0.96" CONTENT="dess"/><SP WIDTH="19" VPOS="724" HPOS="191"/>
							<String ID="string_65" HPOS="210" VPOS="724" WIDTH="7" HEIGHT="22" WC="0.96" CONTENT="i"/><SP WIDTH="19" VPOS="724" HPOS="217"/>
							<String ID="string_66" HPOS="236" VPOS="724" WIDTH="138" HEIGHT="29" WC="0.96" CONTENT="stadgarna"/><SP WIDTH="18" VPOS="724" HPOS="374"/>
							<String ID="string_67" HPOS="392" VPOS="724" WIDTH="111" HEIGHT="23" WC="0.96" CONTENT="uttalade"/><SP WIDTH="19" VPOS="724" HPOS="503"/>
							<String ID="string_68" HPOS="522" VPOS="724" WIDTH="117" HEIGHT="23" WC="0.96" CONTENT="ändamål"/><SP WIDTH="19" VPOS="724" HPOS="639"/>
							<String ID="string_69" HPOS="658" VPOS="725" WIDTH="133" HEIGHT="22" WC="0.92" CONTENT="erfordras."/><SP WIDTH="38" VPOS="725" HPOS="791"/>
							<String ID="string_70" HPOS="829" VPOS="725" WIDTH="56" HEIGHT="22" WC="0.88" CONTENT="Sär-"/>
						</TextLine>
						<TextLine ID="line_11" HPOS="133" VPOS="758" WIDTH="752" HEIGHT="30">
							<String ID="string_71" HPOS="133" VPOS="759" WIDTH="77" HEIGHT="22" WC="0.92" CONTENT="skildt"/><SP WIDTH="18" VPOS="759" HPOS="210"/>
							<String ID="string_72" HPOS="228" VPOS="758" WIDTH="139" HEIGHT="23" WC="0.96" CONTENT="innehåller"/><SP WIDTH="21" VPOS="758" HPOS="367"/>
							<String ID="string_73" HPOS="388" VPOS="758" WIDTH="171" HEIGHT="29" WC="0.96" CONTENT="lagförslaget,"/><SP WIDTH="20" VPOS="758" HPOS="559"/>
							<String ID="string_74" HPOS="579" VPOS="760" WIDTH="36" HEIGHT="21" WC="0.93" CONTENT="att"/><SP WIDTH="18" VPOS="760" HPOS="615"/>
							<String ID="string_75" HPOS="633" VPOS="759" WIDTH="130" HEIGHT="29" WC="0.92" CONTENT="andelslag"/><SP WIDTH="19" VPOS="759" HPOS="763"/>
							<String ID="string_76" HPOS="782" VPOS="759" WIDTH="44" HEIGHT="22" WC="0.93" CONTENT="äro"/><SP WIDTH="19" VPOS="759" HPOS="826"/>
							<String ID="string_77" HPOS="845" VPOS="759" WIDTH="40" HEIGHT="22" WC="0.91" CONTENT="be-"/>
						</TextLine>
						<TextLine ID="line_12" HPOS="133" VPOS="793" WIDTH="753" HEIGHT="29">
							<String ID="string_78" HPOS="133" VPOS="793" WIDTH="126" HEIGHT="29" WC="0.92" CONTENT="rättigade"/><SP WIDTH="28" VPOS="793" HPOS="259"/>
							<String ID="string_79" HPOS="287" VPOS="795" WIDTH="35" HEIGHT="20" WC="0.96" CONTENT="att"/><SP WIDTH="27" VPOS="795" HPOS="322"/>
							<String ID="string_80" HPOS="349" VPOS="793" WIDTH="133" HEIGHT="22" WC="0.96" CONTENT="samverka"/><SP WIDTH="27" VPOS="793" HPOS="482"/>
							<String ID="string_81" HPOS="509" VPOS="793" WIDTH="56" HEIGHT="23" WC="0.96" CONTENT="med"/><SP WIDTH="27" VPOS="793" HPOS="565"/>
							<String ID="string_82" HPOS="592" VPOS="793" WIDTH="145" HEIGHT="23" WC="0.96" CONTENT="hvarandra"/><SP WIDTH="19" VPOS="793" HPOS="737"/>
							<String ID="string_83" HPOS="756" VPOS="794" WIDTH="39" HEIGHT="21" WC="0.93" CONTENT="för"/><SP WIDTH="18" VPOS="794" HPOS="795"/>
							<String ID="string_84" HPOS="813" VPOS="794" WIDTH="73" HEIGHT="22" WC="0.92" CONTENT="främ-"/>
						</TextLine>
						<TextLine ID="line_13" HPOS="133" VPOS="827" WIDTH="753" HEIGHT="30">
							<String ID="string_85" HPOS="133" VPOS="828" WIDTH="77" HEIGHT="29" WC="0.91" CONTENT="jande"/><SP WIDTH="19" VPOS="828" HPOS="210"/>
							<String ID="string_86" HPOS="229" VPOS="828" WIDTH="25" HEIGHT="22" WC="0.96" CONTENT="af"/><SP WIDTH="19" VPOS="828" HPOS="254"/>
							<String ID="string_87" HPOS="273" VPOS="829" WIDTH="34" HEIGHT="21" WC="0.96" CONTENT="ett"/><SP WIDTH="18" VPOS="829" HPOS="307"/>
							<String ID="string_88" HPOS="325" VPOS="827" WIDTH="209" HEIGHT="30" WC="0.93" CONTENT="ändamålsenligt"/><SP WIDTH="18" VPOS="827" HPOS="534"/>
							<String ID="string_89" HPOS="552" VPOS="827" WIDTH="198" HEIGHT="23" WC="0.91" CONTENT="handhafvande"/><SP WIDTH="19" VPOS="827" HPOS="750"/>
							<String ID="string_90" HPOS="769" VPOS="827" WIDTH="26" HEIGHT="23" WC="0.96" CONTENT="af"/><SP WIDTH="17" VPOS="827" HPOS="795"/>
							<String ID="string_91" HPOS="812" VPOS="828" WIDTH="74" HEIGHT="23" WC="0.96" CONTENT="deras"/>
						</TextLine>
						<TextLine ID="line_14" HPOS="133" VPOS="862" WIDTH="753" HEIGHT="29">
							<String ID="string_92" HPOS="133" VPOS="862" WIDTH="162" HEIGHT="23" WC="0.96" CONTENT="verksamhet"/><SP WIDTH="18" VPOS="862" HPOS="295"/>
							<String ID="string_93" HPOS="313" VPOS="863" WIDTH="65" HEIGHT="22" WC="0.96" CONTENT="samt"/><SP WIDTH="17" VPOS="863" HPOS="378"/>
							<String ID="string_94" HPOS="395" VPOS="862" WIDTH="200" HEIGHT="29" WC="0.96" CONTENT="förvaltningens"/><SP WIDTH="13" VPOS="862" HPOS="595"/>
							<String ID="string_95" HPOS="608" VPOS="862" WIDTH="46" HEIGHT="23" WC="0.93" CONTENT="och"/><SP WIDTH="12" VPOS="862" HPOS="654"/>
							<String ID="string_96" HPOS="666" VPOS="862" WIDTH="220" HEIGHT="29" WC="0.89" CONTENT="räkenskapernas"/>
						</TextLine>
						<TextLine ID="line_15" HPOS="133" VPOS="896" WIDTH="753" HEIGHT="30">
							<String ID="string_97" HPOS="133" VPOS="896" WIDTH="131" HEIGHT="30" WC="0.92" CONTENT="sakenliga"/><SP WIDTH="19" VPOS="896" HPOS="264"/>
							<String ID="string_98" HPOS="283" VPOS="896" WIDTH="162" HEIGHT="29" WC="0.95" CONTENT="granskande"/><SP WIDTH="19" VPOS="896" HPOS="445"/>
							<String ID="string_99" HPOS="464" VPOS="896" WIDTH="131" HEIGHT="23" WC="0.93" CONTENT="äfvensom"/><SP WIDTH="22" VPOS="896" HPOS="595"/>
							<String ID="string_100" HPOS="617" VPOS="897" WIDTH="225" HEIGHT="28" WC="0.91" CONTENT="åvägabringande"/><SP WIDTH="19" VPOS="897" HPOS="842"/>
							<String ID="string_101" HPOS="861" VPOS="897" WIDTH="25" HEIGHT="22" WC="0.96" CONTENT="af"/>
						</TextLine>
						<TextLine ID="line_16" HPOS="133" VPOS="931" WIDTH="752" HEIGHT="29">
							<String ID="string_102" HPOS="133" VPOS="937" WIDTH="187" HEIGHT="23" WC="0.92" CONTENT="gemensamma"/><SP WIDTH="18" VPOS="937" HPOS="320"/>
							<String ID="string_103" HPOS="338" VPOS="931" WIDTH="59" HEIGHT="28" WC="0.92" CONTENT="köp-"/><SP WIDTH="19" VPOS="931" HPOS="397"/>
							<String ID="string_104" HPOS="416" VPOS="931" WIDTH="46" HEIGHT="22" WC="0.93" CONTENT="och"/><SP WIDTH="24" VPOS="931" HPOS="462"/>
							<String ID="string_105" HPOS="486" VPOS="931" WIDTH="283" HEIGHT="29" WC="0.89" CONTENT="försäljningsuppdrag"/><SP WIDTH="18" VPOS="931" HPOS="769"/>
							<String ID="string_106" HPOS="787" VPOS="931" WIDTH="42" HEIGHT="28" WC="0.91" CONTENT="(31"/><SP WIDTH="22" VPOS="931" HPOS="829"/>
							<String ID="string_107" HPOS="851" VPOS="931" WIDTH="34" HEIGHT="28" WC="0.91" CONTENT="$)."/>
						</TextLine>
						<TextLine ID="line_17" HPOS="134" VPOS="965" WIDTH="753" HEIGHT="29">
							<String ID="string_108" HPOS="134" VPOS="965" WIDTH="96" HEIGHT="22" WC="0.93" CONTENT="Genom"/><SP WIDTH="27" VPOS="965" HPOS="230"/>
							<String ID="string_109" HPOS="257" VPOS="965" WIDTH="69" HEIGHT="23" WC="0.93" CONTENT="detta"/><SP WIDTH="28" VPOS="965" HPOS="326"/>
							<String ID="string_110" HPOS="354" VPOS="965" WIDTH="141" HEIGHT="29" WC="0.96" CONTENT="stadgande"/><SP WIDTH="21" VPOS="965" HPOS="495"/>
							<String ID="string_111" HPOS="516" VPOS="966" WIDTH="46" HEIGHT="22" WC="0.93" CONTENT="har"/><SP WIDTH="22" VPOS="966" HPOS="562"/>
							<String ID="string_112" HPOS="584" VPOS="965" WIDTH="168" HEIGHT="29" WC="0.91" CONTENT="tydliggjorts,"/><SP WIDTH="19" VPOS="965" HPOS="752"/>
							<String ID="string_113" HPOS="771" VPOS="967" WIDTH="36" HEIGHT="20" WC="0.93" CONTENT="att"/><SP WIDTH="17" VPOS="967" HPOS="807"/>
							<String ID="string_114" HPOS="824" VPOS="971" WIDTH="63" HEIGHT="16" WC="0.90" CONTENT="sam-"/>
						</TextLine>
						<TextLine ID="line_18" HPOS="134" VPOS="999" WIDTH="753" HEIGHT="30">
							<String ID="string_115" HPOS="134" VPOS="999" WIDTH="97" HEIGHT="23" WC="0.96" CONTENT="verkan"/><SP WIDTH="28" VPOS="999" HPOS="231"/>
							<String ID="string_116" HPOS="259" VPOS="999" WIDTH="105" HEIGHT="23" WC="0.94" CONTENT="emellan"/><SP WIDTH="28" VPOS="999" HPOS="364"/>
							<String ID="string_117" HPOS="392" VPOS="999" WIDTH="81" HEIGHT="23" WC="0.93" CONTENT="skilda"/><SP WIDTH="22" VPOS="999" HPOS="473"/>
							<String ID="string_118" HPOS="495" VPOS="999" WIDTH="131" HEIGHT="30" WC="0.92" CONTENT="andelslag"/><SP WIDTH="19" VPOS="999" HPOS="626"/>
							<String ID="string_119" HPOS="645" VPOS="1000" WIDTH="28" HEIGHT="22" WC="0.96" CONTENT="är"/><SP WIDTH="18" VPOS="1000" HPOS="673"/>
							<String ID="string_120" HPOS="691" VPOS="999" WIDTH="101" HEIGHT="27" WC="0.96" CONTENT="tillåten,"/><SP WIDTH="19" VPOS="999" HPOS="792"/>
							<String ID="string_121" HPOS="811" VPOS="999" WIDTH="76" HEIGHT="23" WC="0.96" CONTENT="äfven"/>
						</TextLine>
						<TextLine ID="line_19" HPOS="134" VPOS="1034" WIDTH="752" HEIGHT="30">
							<String ID="string_122" HPOS="134" VPOS="1040" WIDTH="40" HEIGHT="17" WC="0.96" CONTENT="om"/><SP WIDTH="19" VPOS="1040" HPOS="174"/>
							<String ID="string_123" HPOS="193" VPOS="1034" WIDTH="136" HEIGHT="30" WC="0.95" CONTENT="uttrycklig"/><SP WIDTH="27" VPOS="1034" HPOS="329"/>
							<String ID="string_124" HPOS="356" VPOS="1034" WIDTH="159" HEIGHT="30" WC="0.96" CONTENT="bestämning"/><SP WIDTH="26" VPOS="1034" HPOS="515"/>
							<String ID="string_125" HPOS="541" VPOS="1034" WIDTH="86" HEIGHT="23" WC="0.95" CONTENT="derom"/><SP WIDTH="23" VPOS="1034" HPOS="627"/>
							<String ID="string_126" HPOS="650" VPOS="1034" WIDTH="54" HEIGHT="22" WC="0.96" CONTENT="icke"/><SP WIDTH="18" VPOS="1034" HPOS="704"/>
							<String ID="string_127" HPOS="722" VPOS="1034" WIDTH="7" HEIGHT="22" WC="0.93" CONTENT="i"/><SP WIDTH="20" VPOS="1034" HPOS="729"/>
							<String ID="string_128" HPOS="749" VPOS="1034" WIDTH="137" HEIGHT="30" WC="0.90" CONTENT="stådgarna"/>
						</TextLine>
						<TextLine ID="line_20" HPOS="134" VPOS="1068" WIDTH="753" HEIGHT="31">
							<String ID="string_129" HPOS="134" VPOS="1068" WIDTH="110" HEIGHT="30" WC="0.90" CONTENT="intagits."/><SP WIDTH="38" VPOS="1068" HPOS="244"/>
							<String ID="string_130" HPOS="282" VPOS="1069" WIDTH="96" HEIGHT="23" WC="0.93" CONTENT="Genom"/><SP WIDTH="27" VPOS="1069" HPOS="378"/>
							<String ID="string_131" HPOS="405" VPOS="1068" WIDTH="159" HEIGHT="30" WC="0.90" CONTENT="stadgandet,"/><SP WIDTH="29" VPOS="1068" HPOS="564"/>
							<String ID="string_132" HPOS="593" VPOS="1071" WIDTH="36" HEIGHT="21" WC="0.93" CONTENT="att"/><SP WIDTH="24" VPOS="1071" HPOS="629"/>
							<String ID="string_133" HPOS="653" VPOS="1069" WIDTH="129" HEIGHT="30" WC="0.90" CONTENT="andelslag"/><SP WIDTH="18" VPOS="1069" HPOS="782"/>
							<String ID="string_134" HPOS="800" VPOS="1069" WIDTH="87" HEIGHT="22" WC="0.95" CONTENT="kunna"/>
						</TextLine>
						<TextLine ID="line_21" HPOS="135" VPOS="1103" WIDTH="752" HEIGHT="30">
							<String ID="string_135" HPOS="135" VPOS="1104" WIDTH="133" HEIGHT="22" WC="0.95" CONTENT="samverka"/><SP WIDTH="18" VPOS="1104" HPOS="268"/>
							<String ID="string_136" HPOS="286" VPOS="1104" WIDTH="8" HEIGHT="22" WC="0.96" CONTENT="i"/><SP WIDTH="19" VPOS="1104" HPOS="294"/>
							<String ID="string_137" HPOS="313" VPOS="1103" WIDTH="45" HEIGHT="23" WC="0.96" CONTENT="och"/><SP WIDTH="18" VPOS="1103" HPOS="358"/>
							<String ID="string_138" HPOS="376" VPOS="1103" WIDTH="40" HEIGHT="23" WC="0.96" CONTENT="för"/><SP WIDTH="18" VPOS="1103" HPOS="416"/>
							<String ID="string_139" HPOS="434" VPOS="1103" WIDTH="201" HEIGHT="30" WC="0.96" CONTENT="förvaltningens"/><SP WIDTH="12" VPOS="1103" HPOS="635"/>
							<String ID="string_140" HPOS="647" VPOS="1104" WIDTH="46" HEIGHT="22" WC="0.93" CONTENT="och"/><SP WIDTH="12" VPOS="1104" HPOS="693"/>
							<String ID="string_141" HPOS="705" VPOS="1103" WIDTH="182" HEIGHT="29" WC="0.91" CONTENT="räkenskaper-"/>
						</TextLine>
						<TextLine ID="line_22" HPOS="134" VPOS="1138" WIDTH="754" HEIGHT="30">
							<String ID="string_142" HPOS="134" VPOS="1144" WIDTH="46" HEIGHT="16" WC="0.95" CONTENT="nas"/><SP WIDTH="19" VPOS="1144" HPOS="180"/>
							<String ID="string_143" HPOS="199" VPOS="1138" WIDTH="168" HEIGHT="29" WC="0.95" CONTENT="granskande,"/><SP WIDTH="17" VPOS="1138" HPOS="367"/>
							<String ID="string_144" HPOS="384" VPOS="1138" WIDTH="47" HEIGHT="22" WC="0.96" CONTENT="har"/><SP WIDTH="15" VPOS="1138" HPOS="431"/>
							<String ID="string_145" HPOS="446" VPOS="1138" WIDTH="164" HEIGHT="30" WC="0.95" CONTENT="lagförslaget"/><SP WIDTH="10" VPOS="1138" HPOS="610"/>
							<String ID="string_146" HPOS="620" VPOS="1138" WIDTH="67" HEIGHT="22" WC="0.96" CONTENT="velat"/><SP WIDTH="8" VPOS="1138" HPOS="687"/>
							<String ID="string_147" HPOS="695" VPOS="1138" WIDTH="142" HEIGHT="26" WC="0.96" CONTENT="framhålla,"/><SP WIDTH="16" VPOS="1138" HPOS="837"/>
							<String ID="string_148" HPOS="853" VPOS="1139" WIDTH="35" HEIGHT="21" WC="0.95" CONTENT="att"/>
						</TextLine>
						<TextLine ID="line_23" HPOS="133" VPOS="1172" WIDTH="755" HEIGHT="30">
							<String ID="string_149" HPOS="133" VPOS="1172" WIDTH="40" HEIGHT="23" WC="0.91" CONTENT="för"/><SP WIDTH="13" VPOS="1172" HPOS="173"/>
							<String ID="string_150" HPOS="186" VPOS="1172" WIDTH="171" HEIGHT="30" WC="0.91" CONTENT="fullgörandet"/><SP WIDTH="12" VPOS="1172" HPOS="357"/>
							<String ID="string_151" HPOS="369" VPOS="1173" WIDTH="26" HEIGHT="21" WC="0.96" CONTENT="af"/><SP WIDTH="16" VPOS="1173" HPOS="395"/>
							<String ID="string_152" HPOS="411" VPOS="1172" WIDTH="108" HEIGHT="23" WC="0.93" CONTENT="berörda"/><SP WIDTH="12" VPOS="1172" HPOS="519"/>
							<String ID="string_153" HPOS="531" VPOS="1172" WIDTH="223" HEIGHT="30" WC="0.91" CONTENT="maktpåliggande"/><SP WIDTH="16" VPOS="1172" HPOS="754"/>
							<String ID="string_154" HPOS="770" VPOS="1172" WIDTH="118" HEIGHT="29" WC="0.96" CONTENT="uppdrag"/>
						</TextLine>
						<TextLine ID="line_24" HPOS="135" VPOS="1206" WIDTH="753" HEIGHT="30">
							<String ID="string_155" HPOS="135" VPOS="1206" WIDTH="62" HEIGHT="23" WC="0.93" CONTENT="flera"/><SP WIDTH="20" VPOS="1206" HPOS="197"/>
							<String ID="string_156" HPOS="217" VPOS="1206" WIDTH="131" HEIGHT="29" WC="0.92" CONTENT="andelslag"/><SP WIDTH="23" VPOS="1206" HPOS="348"/>
							<String ID="string_157" HPOS="371" VPOS="1207" WIDTH="86" HEIGHT="22" WC="0.96" CONTENT="kunna"/><SP WIDTH="25" VPOS="1207" HPOS="457"/>
							<String ID="string_158" HPOS="482" VPOS="1208" WIDTH="155" HEIGHT="28" WC="0.96" CONTENT="gemensamt"/><SP WIDTH="18" VPOS="1208" HPOS="637"/>
							<String ID="string_159" HPOS="655" VPOS="1206" WIDTH="107" HEIGHT="23" WC="0.93" CONTENT="anställa"/><SP WIDTH="17" VPOS="1206" HPOS="762"/>
							<String ID="string_160" HPOS="779" VPOS="1206" WIDTH="109" HEIGHT="22" WC="0.91" CONTENT="sakkun-"/>
						</TextLine>
						<TextLine ID="line_25" HPOS="135" VPOS="1240" WIDTH="753" HEIGHT="30">
							<String ID="string_161" HPOS="135" VPOS="1241" WIDTH="60" HEIGHT="29" WC="0.92" CONTENT="niga"/><SP WIDTH="18" VPOS="1241" HPOS="195"/>
							<String ID="string_162" HPOS="213" VPOS="1248" WIDTH="128" HEIGHT="21" WC="0.95" CONTENT="personer,"/><SP WIDTH="18" VPOS="1248" HPOS="341"/>
							<String ID="string_163" HPOS="359" VPOS="1241" WIDTH="103" HEIGHT="23" WC="0.96" CONTENT="hvilken"/><SP WIDTH="18" VPOS="1241" HPOS="462"/>
							<String ID="string_164" HPOS="480" VPOS="1242" WIDTH="79" HEIGHT="28" WC="0.96" CONTENT="utväg"/><SP WIDTH="17" VPOS="1242" HPOS="559"/>
							<String ID="string_165" HPOS="576" VPOS="1242" WIDTH="8" HEIGHT="21" WC="0.96" CONTENT="i"/><SP WIDTH="13" VPOS="1242" HPOS="584"/>
							<String ID="string_166" HPOS="597" VPOS="1241" WIDTH="80" HEIGHT="22" WC="0.96" CONTENT="andra"/><SP WIDTH="18" VPOS="1241" HPOS="677"/>
							<String ID="string_167" HPOS="695" VPOS="1240" WIDTH="88" HEIGHT="23" WC="0.93" CONTENT="länder"/><SP WIDTH="18" VPOS="1240" HPOS="783"/>
							<String ID="string_168" HPOS="801" VPOS="1240" WIDTH="87" HEIGHT="23" WC="0.90" CONTENT="befun-"/>
						</TextLine>
						<TextLine ID="line_26" HPOS="135" VPOS="1274" WIDTH="753" HEIGHT="30">
							<String ID="string_169" HPOS="135" VPOS="1276" WIDTH="49" HEIGHT="22" WC="0.91" CONTENT="nits"/><SP WIDTH="19" VPOS="1276" HPOS="184"/>
							<String ID="string_170" HPOS="203" VPOS="1276" WIDTH="90" HEIGHT="28" WC="0.96" CONTENT="utgöra"/><SP WIDTH="17" VPOS="1276" HPOS="293"/>
							<String ID="string_171" HPOS="310" VPOS="1276" WIDTH="35" HEIGHT="21" WC="0.92" CONTENT="ett"/><SP WIDTH="10" VPOS="1276" HPOS="345"/>
							<String ID="string_172" HPOS="355" VPOS="1275" WIDTH="162" HEIGHT="29" WC="0.92" CONTENT="synnerligen"/><SP WIDTH="10" VPOS="1275" HPOS="517"/>
							<String ID="string_173" HPOS="527" VPOS="1275" WIDTH="128" HEIGHT="23" WC="0.96" CONTENT="verksamt"/><SP WIDTH="12" VPOS="1275" HPOS="655"/>
							<String ID="string_174" HPOS="667" VPOS="1274" WIDTH="81" HEIGHT="23" WC="0.96" CONTENT="medel"/><SP WIDTH="9" VPOS="1274" HPOS="748"/>
							<String ID="string_175" HPOS="757" VPOS="1275" WIDTH="36" HEIGHT="22" WC="0.93" CONTENT="till"/><SP WIDTH="14" VPOS="1275" HPOS="793"/>
							<String ID="string_176" HPOS="807" VPOS="1274" WIDTH="81" HEIGHT="23" WC="0.91" CONTENT="åstad-"/>
						</TextLine>
						<TextLine ID="line_27" HPOS="135" VPOS="1309" WIDTH="656" HEIGHT="30">
							<String ID="string_177" HPOS="135" VPOS="1309" WIDTH="151" HEIGHT="23" WC="0.95" CONTENT="kommande"/><SP WIDTH="19" VPOS="1309" HPOS="286"/>
							<String ID="string_178" HPOS="305" VPOS="1309" WIDTH="26" HEIGHT="23" WC="0.96" CONTENT="af"/><SP WIDTH="17" VPOS="1309" HPOS="331"/>
							<String ID="string_179" HPOS="348" VPOS="1309" WIDTH="109" HEIGHT="30" WC="0.96" CONTENT="ordning"/><SP WIDTH="18" VPOS="1309" HPOS="457"/>
							<String ID="string_180" HPOS="475" VPOS="1310" WIDTH="7" HEIGHT="21" WC="0.92" CONTENT="i"/><SP WIDTH="21" VPOS="1310" HPOS="482"/>
							<String ID="string_181" HPOS="503" VPOS="1309" WIDTH="288" HEIGHT="23" WC="0.91" CONTENT="andelsverksamheten."/>
						</TextLine>
					</TextBlock>
					<TextBlock ID="block_3" HPOS="135" VPOS="1343" WIDTH="754" HEIGHT="100">
						<TextLine ID="line_28" HPOS="205" VPOS="1343" WIDTH="683" HEIGHT="29">
							<String ID="string_182" HPOS="205" VPOS="1344" WIDTH="132" HEIGHT="22" WC="0.92" CONTENT="Ehuruväl"/><SP WIDTH="18" VPOS="1344" HPOS="337"/>
							<String ID="string_183" HPOS="355" VPOS="1344" WIDTH="31" HEIGHT="22" WC="0.93" CONTENT="31"/><SP WIDTH="22" VPOS="1344" HPOS="386"/>
							<String ID="string_184" HPOS="408" VPOS="1344" WIDTH="15" HEIGHT="28" WC="0.87" CONTENT="&amp;"/><SP WIDTH="20" VPOS="1344" HPOS="423"/>
							<String ID="string_185" HPOS="443" VPOS="1344" WIDTH="74" HEIGHT="21" WC="0.96" CONTENT="äfven"/><SP WIDTH="19" VPOS="1344" HPOS="517"/>
							<String ID="string_186" HPOS="536" VPOS="1344" WIDTH="8" HEIGHT="22" WC="0.96" CONTENT="i"/><SP WIDTH="18" VPOS="1344" HPOS="544"/>
							<String ID="string_187" HPOS="562" VPOS="1344" WIDTH="58" HEIGHT="22" WC="0.96" CONTENT="dess"/><SP WIDTH="24" VPOS="1344" HPOS="620"/>
							<String ID="string_188" HPOS="644" VPOS="1344" WIDTH="36" HEIGHT="22" WC="0.96" CONTENT="uti"/><SP WIDTH="19" VPOS="1344" HPOS="680"/>
							<String ID="string_189" HPOS="699" VPOS="1343" WIDTH="189" HEIGHT="29" WC="0.96" CONTENT="propositionen"/>
						</TextLine>
						<TextLine ID="line_29" HPOS="135" VPOS="1376" WIDTH="754" HEIGHT="31">
							<String ID="string_190" HPOS="135" VPOS="1377" WIDTH="145" HEIGHT="30" WC="0.93" CONTENT="föreslagna"/><SP WIDTH="19" VPOS="1377" HPOS="280"/>
							<String ID="string_191" HPOS="299" VPOS="1377" WIDTH="136" HEIGHT="29" WC="0.90" CONTENT="affattning"/><SP WIDTH="17" VPOS="1377" HPOS="435"/>
							<String ID="string_192" HPOS="452" VPOS="1377" WIDTH="55" HEIGHT="22" WC="0.96" CONTENT="icke"/><SP WIDTH="18" VPOS="1377" HPOS="507"/>
							<String ID="string_193" HPOS="525" VPOS="1377" WIDTH="81" HEIGHT="23" WC="0.96" CONTENT="skulle"/><SP WIDTH="24" VPOS="1377" HPOS="606"/>
							<String ID="string_194" HPOS="630" VPOS="1378" WIDTH="91" HEIGHT="28" WC="0.95" CONTENT="utgöra"/><SP WIDTH="20" VPOS="1378" HPOS="721"/>
							<String ID="string_195" HPOS="741" VPOS="1376" WIDTH="90" HEIGHT="23" WC="0.96" CONTENT="hinder"/><SP WIDTH="19" VPOS="1376" HPOS="831"/>
							<String ID="string_196" HPOS="850" VPOS="1376" WIDTH="39" HEIGHT="23" WC="0.96" CONTENT="för"/>
						</TextLine>
						<TextLine ID="line_30" HPOS="137" VPOS="1411" WIDTH="752" HEIGHT="32">
							<String ID="string_197" HPOS="137" VPOS="1412" WIDTH="131" HEIGHT="31" WC="0.92" CONTENT="andelslag"/><SP WIDTH="19" VPOS="1412" HPOS="268"/>
							<String ID="string_198" HPOS="287" VPOS="1413" WIDTH="35" HEIGHT="21" WC="0.96" CONTENT="att"/><SP WIDTH="18" VPOS="1413" HPOS="322"/>
							<String ID="string_199" HPOS="340" VPOS="1412" WIDTH="39" HEIGHT="22" WC="0.96" CONTENT="för"/><SP WIDTH="18" VPOS="1412" HPOS="379"/>
							<String ID="string_200" HPOS="397" VPOS="1411" WIDTH="140" HEIGHT="30" WC="0.96" CONTENT="främjande"/><SP WIDTH="20" VPOS="1411" HPOS="537"/>
							<String ID="string_201" HPOS="557" VPOS="1412" WIDTH="25" HEIGHT="22" WC="0.96" CONTENT="af"/><SP WIDTH="19" VPOS="1412" HPOS="582"/>
							<String ID="string_202" HPOS="601" VPOS="1411" WIDTH="37" HEIGHT="23" WC="0.96" CONTENT="sin"/><SP WIDTH="13" VPOS="1411" HPOS="638"/>
							<String ID="string_203" HPOS="651" VPOS="1411" WIDTH="162" HEIGHT="23" WC="0.93" CONTENT="verksamhet"/><SP WIDTH="12" VPOS="1411" HPOS="813"/>
							<String ID="string_204" HPOS="825" VPOS="1417" WIDTH="64" HEIGHT="17" WC="0.90" CONTENT="sam-"/>
						</TextLine>
					</TextBlock>
					<TextBlock ID="block_4" HPOS="205" VPOS="1456" WIDTH="489" HEIGHT="23">
						<TextLine ID="line_31" HPOS="205" VPOS="1456" WIDTH="489" HEIGHT="23">
							<String ID="string_205" HPOS="205" VPOS="1456" WIDTH="47" HEIGHT="23" WC="0.86" CONTENT="Lag-"/><SP WIDTH="13" VPOS="1456" HPOS="252"/>
							<String ID="string_206" HPOS="265" VPOS="1456" WIDTH="32" HEIGHT="18" WC="0.93" CONTENT="och"/><SP WIDTH="14" VPOS="1456" HPOS="297"/>
							<String ID="string_207" HPOS="311" VPOS="1456" WIDTH="182" HEIGHT="18" WC="0.37" CONTENT="Kkonomiutskottets"/><SP WIDTH="13" VPOS="1456" HPOS="493"/>
							<String ID="string_208" HPOS="506" VPOS="1456" WIDTH="110" HEIGHT="18" WC="0.96" CONTENT="betänkande"/><SP WIDTH="11" VPOS="1456" HPOS="616"/>
							<String ID="string_209" HPOS="627" VPOS="1456" WIDTH="38" HEIGHT="17" WC="0.96" CONTENT="N:o"/><SP WIDTH="12" VPOS="1456" HPOS="665"/>
							<String ID="string_210" HPOS="677" VPOS="1456" WIDTH="17" HEIGHT="17" WC="0.96" CONTENT="9."/>
						</TextLine>
					</TextBlock>
				</ComposedBlock>
			</PrintSpace>
		</Page>
	</Layout>
</alto>
