1700 1903
747 219 40 21 N:o
805 221 32 20 17,
1126 219 12 20 3

418 288 68 21 denna
505 289 65 26 utväg
585 288 47 21 icke
647 288 68 21 sällan
731 290 60 25 tages
807 289 6 20 i
830 287 92 28 anspråk
937 288 7 21 i
959 287 67 22 sådan
1042 287 127 28 omfattning

416 324 32 19 att
464 321 100 22 arbetena
581 321 12 22 å
608 321 161 28 hufvudgården
787 323 24 20 så
824 322 51 27 godt
885 328 45 15 som
941 322 135 21 uteslutande
1086 322 82 21 utföras

416 356 24 21 af
461 357 92 26 torpare,
575 356 71 21 bildar
669 356 219 27 arbetsskyldigheten
904 356 28 27 på
947 362 26 15 en
987 356 56 27 gång
1058 356 40 21 den
1113 358 55 19 mest

416 390 181 21 karaktäristiska
612 390 133 27 egenskapen
761 390 38 21 hos
815 390 118 27 torplegan,
948 390 91 21 likasom
1055 390 40 21 den
1110 390 6 21 i
1133 390 34 21 det

416 423 166 27 öfvervägande
578 419 10 37 .
596 424 92 21 flertalet
713 424 38 21 fall
776 426 63 25 utgör
861 424 39 21 den
923 424 117 27 väsentliga
1063 424 60 22 delen
1146 424 24 22 af

416 458 119 22 brukarens
558 459 150 27 prestationer.
738 458 80 22 Genom
841 458 108 22 införande
969 458 24 22 af
1005 459 164 22 bestämmelsen

417 495 32 19 att
464 493 249 28 dagssverksskyldighet
723 494 140 27 ovilkorligen
873 494 40 20 bör
923 493 50 27 ingå
982 493 7 21 i
1000 493 26 21 de
1036 494 133 21 sistnämnda

417 528 38 21 och
478 530 31 19 att
533 528 62 22 deras
619 528 54 22 mått
696 528 55 21 skall
771 528 49 21 fullt
835 530 107 20 motsvara
957 528 74 21 värdet
1047 528 24 21 af
1084 528 26 20 de
1125 528 43 21 för-

416 562 81 27 mäner,
514 569 46 15 som
576 563 152 21 tillförsäkrats
744 563 115 27 brukaren,
871 564 83 20 komme
965 564 26 20 de
1001 563 102 27 legoaftal
1113 563 56 21 före-

417 598 92 20 varande
532 597 115 27 lagförslag
665 598 56 21 afser
736 600 32 19 att
784 597 90 22 omfatta
889 598 18 26 ej
924 599 32 19 att
971 598 72 20 kunna
1057 598 111 21 betraktas

416 631 69 22 säsom
502 631 162 28 hufvudgärden
681 632 146 27 vidhängande
841 632 139 27 gravationer,
992 631 69 22 säsom
1072 631 61 22 fallet
1144 634 25 19 är

417 667 48 21 med
489 666 181 28 nyttjanderätter
685 668 6 20 i
711 667 123 27 allmänhet,
852 668 50 20 utan
920 668 91 20 tvärtom
1029 666 32 22 för
1079 666 90 22 hufvud-

417 700 79 27 gärden
519 703 76 25 utgöra
619 708 25 14 en
664 701 116 22 bestäende
795 701 88 27 förmän,
899 707 44 15 som
958 700 74 22 länder
1048 701 122 21 densamma

417 735 32 21 till
466 736 74 26 styrka
556 736 40 20 och
612 735 83 22 säledes
710 736 53 20 ökar
779 736 46 21 dess
840 736 70 21 värde.

485 769 38 22 Ett
538 769 76 28 vigtigt
628 769 47 22 skäl
691 769 33 22 för
739 769 280 28 dagsverksskyldighetens
1033 769 136 27 upptagande

417 803 69 22 såsom
508 804 120 27 nödvändig
650 804 35 21 vid
707 804 163 27 bestämningen
893 804 23 21 af
937 803 116 28 begreppet
1072 803 97 27 torplega

417 839 39 21 har
476 839 101 26 slutligen
596 839 62 26 varit,
675 841 32 19 att
721 839 139 26 lagförslaget
875 839 90 21 sålunda
980 838 82 21 kunnat
1078 837 92 22 omfatta

418 873 61 21 äfven
500 873 36 22 det
551 873 46 27 slag
613 873 23 21 af
650 873 139 27 landboaftal,
805 879 51 20 som,
873 873 32 21 till
920 872 81 22 formen
1018 872 102 21 afslutadt
1136 878 33 15 om

418 909 99 26 lägenhet
540 908 48 21 med
609 908 93 21 särskild
717 914 104 21 nummer,
838 908 84 21 hvilken
938 909 62 25 utgör
1015 913 26 16 en
1058 907 33 21 del
1107 907 22 21 af
1144 913 25 15 en

418 945 68 19 större
510 943 219 27 egendomskomplex,
752 943 65 21 likväl
841 942 27 28 på
890 941 68 28 grund
977 941 22 22 af
1013 941 86 22 aftalets
1114 941 56 22 art
1158 937 15 37 i

419 977 65 27 öfrigt
507 979 24 20 är
554 979 32 19 att
601 977 129 28 fullkomligt
745 977 107 22 likställas
868 977 49 21 med
931 976 102 27 torplega.
1063 976 10 21 I
1088 977 82 20 sådana

418 1011 54 22 aftal
488 1011 62 28 ingår
565 1012 107 27 nämligen
687 1012 8 21 i
711 1012 24 21 de
751 1011 61 22 flesta
827 1011 37 22 fall
882 1010 241 28 dagsverksskyldighet.

489 1046 138 27 Möjligheten
655 1046 33 22 för
711 1046 150 27 jordtorparen
887 1046 32 21 att
946 1045 52 22 ernå
1020 1047 31 20 ett
1072 1051 98 20 gynsam-

419 1087 59 15 mare
501 1081 90 21 resultat
615 1081 22 20 af
658 1081 31 21 sin
715 1080 155 27 nyttjanderätt
900 1080 39 21 och
969 1079 123 26 derigenom
1122 1079 48 27 höja

419 1116 32 27 sig
484 1121 26 15 ur
546 1116 35 21 det
613 1115 51 27 föga
697 1115 200 22 tillfredsställande
929 1115 54 26 läge,
1013 1114 60 21 hvari
1103 1114 67 21 denna

418 1150 104 21 folkklass
554 1150 33 21 för
613 1150 133 21 närvarande
777 1148 139 23 öfverhufvud
942 1147 94 23 befinner
1066 1148 39 27 sig,
1134 1148 36 22 be-

421 1191 35 15 ror
480 1184 8 22 i
512 1184 89 22 främsta
630 1187 92 19 rummet
744 1183 65 27 deraf,
833 1186 32 19 att
893 1184 41 20 han
959 1182 67 22 under
1049 1189 25 15 en
1097 1183 73 27 längre

420 1220 32 20 tid
489 1219 33 21 får
552 1220 83 21 ostördt
663 1219 68 21 bruka
760 1221 78 25 torpet.
875 1218 41 22 Det
945 1218 81 27 kapital
1056 1218 42 20 han
1128 1217 42 21 för-

420 1254 45 22 mår
497 1255 106 27 nedlägga
634 1254 51 22 derä
715 1256 24 20 är
764 1254 7 21 i
795 1254 58 27 regel
878 1254 73 22 endast
975 1253 54 21 hans
1054 1252 39 22 och
1117 1252 54 21 hans

420 1289 78 27 familjs
514 1289 80 26 arbete,
610 1289 77 21 hvaraf
707 1288 112 22 frukterna
841 1288 55 22 blott
918 1288 105 26 längsamt
1045 1287 125 21 framträda.

421 1323 106 21 Gällande
552 1323 133 27 lagstiftning
710 1323 6 20 i
742 1324 71 20 ämnet
842 1322 38 21 har
908 1321 118 21 emellertid
1048 1321 46 21 icke
1117 1321 54 20 visat

422 1358 33 26 sig
470 1357 69 22 förmä
555 1358 113 26 tillgodose
684 1360 110 24 torparens
809 1357 73 26 billiga
897 1356 91 26 anspräk
1003 1355 7 21 i
1032 1355 94 21 nämnda
1142 1355 29 21 af-

422 1392 84 25 seende,
530 1393 23 25 ty
578 1392 67 20 ehuru
667 1391 102 27 legoaftal
793 1397 33 15 om
847 1390 49 27 jord
918 1390 91 27 lagligen
1025 1389 34 21 fär
1082 1388 90 22 afslutas

420 1428 28 26 pä
471 1426 55 22 ända
541 1426 33 21 till
590 1426 73 21 femtio
683 1426 24 21 är
725 1426 52 21 eller
795 1425 27 27 pä
841 1425 73 26 lifstid,
937 1423 157 28 genomdrifver
1113 1424 58 26 jord-

421 1466 77 20 egaren
521 1460 7 20 i
551 1460 36 20 det
610 1460 49 20 vida
681 1459 156 26 öfvervägande
862 1458 81 21 antalet
966 1458 43 25 fall,
1035 1460 32 18 att
1091 1457 80 26 legoaf-

421 1494 53 22 talet
496 1493 62 28 ingås
581 1493 33 21 för
637 1494 30 20 ett
690 1492 53 22 fåtal
767 1492 24 21 år
814 1492 52 21 eller
888 1492 28 26 pä
939 1490 109 22 obestämd
1071 1490 32 21 tid
1124 1490 48 21 med

421 1528 120 27 skyldighet
564 1527 33 22 för
618 1527 107 22 brukaren
749 1529 32 19 att
796 1525 82 28 afflytta
894 1526 54 21 efter
963 1525 137 27 uppsägning.
1130 1524 42 21 För
