1053 1720
306 120 84 23 Ständ.
406 121 39 23 Sv.
460 134 27 3 —
503 122 73 29 Prop.
592 122 44 23 N:o
651 122 39 23 29.
855 122 14 22 5

117 191 43 22 och
189 189 29 24 dä
244 199 87 15 samma
356 193 201 22 missförhällande
583 193 52 22 med
662 193 31 22 all
720 193 149 22 sannolikhet

117 226 90 21 komme
226 228 35 20 att
278 227 104 28 fortfara,
400 227 9 22 i
426 227 49 28 fall,
493 229 74 20 säsom
585 228 8 21 i
611 227 45 22 den
668 227 88 29 nädiga
767 228 102 29 proposi-

116 261 81 20 tionen
223 260 101 28 föreslås,
351 261 178 29 bryggeriegare
551 262 8 21 i
581 261 52 22 stad
656 261 143 22 fortfarande
823 261 46 22 till-

117 293 111 22 erkändes
252 297 48 19 rätt
317 296 36 20 att
370 295 40 21 vid
428 295 178 28 ifrägavarande
624 295 108 22 tillfällen
750 295 56 22 idka
823 295 46 22 för-

117 328 102 29 säljning
247 328 23 22 af
296 328 23 21 öl
344 329 43 21 och
408 331 78 27 porter
509 329 36 22 till
567 329 151 28 afhemtning,
736 329 43 22 har
796 329 73 22 sådan

117 363 188 28 omformulering
322 363 23 22 af
365 363 31 21 14
414 364 13 26 $
445 363 9 22 i
472 363 44 22 den
534 363 87 29 nådiga
633 363 173 29 propositionen
818 363 51 22 vid-

117 397 80 28 tagits,
216 399 35 20 att
268 397 260 29 bryggeriinnehafvare
540 397 41 23 vid
597 397 151 22 omförmälda
759 397 110 23 tillfällen

117 431 83 22 endast
217 432 29 28 pä
264 431 142 29 beställning
424 432 62 29 finge
504 432 37 22 till
568 432 116 22 afnämare
702 432 9 21 i
726 431 52 23 stad
799 431 70 23 forsla

117 466 52 21 sina
187 465 186 30 tillverkningar.

186 500 111 22 Förutom
318 500 28 22 de
368 501 133 29 paragrafer
521 500 8 22 i
551 500 108 29 gällande
680 500 189 29 maltdrycksför-

118 534 106 29 ordning,
250 534 82 23 hvilka
358 535 92 22 beröras
474 536 8 21 i
506 535 45 22 den
577 535 86 28 nådiga
690 535 178 29 propositionen,

117 568 71 24 hafva
214 570 85 28 jemväl
325 570 37 28 17,
386 570 37 27 18,
443 570 31 22 20
493 570 44 22 och
555 570 32 21 24
606 570 27 26 88
652 570 8 20 i
677 577 86 14 samma
780 569 89 23 förord-

117 604 59 28 ning
202 604 30 28 pä
260 604 78 22 nedan
368 604 97 22 anförda
491 604 51 22 skäl
569 606 87 20 ansetts
684 604 55 22 böra
765 604 104 29 undergä

118 638 106 28 ändring.

186 672 130 23 Enahanda
342 672 84 22 förbud
452 680 47 15 som
524 673 8 21 i
558 673 164 29 förordningen
750 672 119 29 angäende

117 707 86 22 handel
224 706 53 22 med
298 707 66 22 viner
385 707 43 22 och
449 707 72 22 andra
539 714 95 22 svagare
652 706 138 31 rusdrycker
808 707 61 22 stad-

117 748 43 22 gas
186 744 48 19 mot
260 741 140 29 försäljning
421 742 23 22 af
465 742 66 22 dessa
549 741 97 29 drycker
664 742 24 21 ät
706 742 52 27 den,
777 749 49 15 som
844 745 25 19 är

119 776 102 22 drucken
248 776 57 22 eller
330 776 21 29 ej
373 776 55 29 fyllt
448 776 29 22 15
499 777 31 28 är,
552 776 70 22 hafva
644 776 131 23 Ständermna
793 778 76 20 ansett

114 810 59 22 böra
190 811 63 28 gälla
270 810 86 30 jemväl
374 810 144 23 beträffande
535 811 139 29 försäljning
689 811 23 23 af
729 812 23 22 öl
764 810 42 22 och
818 818 52 22 por-

114 848 42 19 ter.
186 845 154 28 Bestämning
357 845 81 22 härom
455 845 44 22 har
516 845 77 22 derför
610 846 83 21 införts
712 846 8 21 i
734 846 30 21 17
778 846 20 27 $,
810 845 60 22 hvil-

115 879 46 22 ken
188 879 72 22 redan
286 879 130 22 innehäller
437 879 111 22 liknande
571 880 82 22 förbud
672 879 144 23 beträffande
834 882 36 19 ut-

116 913 135 30 skänkning
269 914 23 21 af
310 913 177 29 ifrägavarande
506 913 105 30 drycker.

185 948 50 22 Den
260 948 8 21 i
288 949 31 21 18
342 949 13 26 8
373 948 115 29 vidtagna
515 949 217 28 omformuleringen
758 948 42 22 har
826 948 44 23 för-

115 982 91 23 anledts
224 982 23 22 af
267 983 30 22 14
316 984 20 25 8.

185 1016 104 23 Emedan
310 1017 72 28 nägot
404 1017 65 22 straff
490 1017 150 22 härförinnan
658 1017 52 21 icke
728 1017 63 22 varit
809 1016 61 23 stad-

116 1051 58 29 gadt
200 1051 36 22 för
262 1051 164 22 öfverträdelse
453 1052 24 21 af
503 1051 109 22 förbudet
632 1051 36 22 uti
697 1051 6 22 2
727 1053 13 25 &
763 1051 14 21 5
795 1058 74 21 mom,

115 1085 163 22 motsvarande
297 1086 13 21 6
330 1093 66 15 mom.
415 1086 8 21 i
441 1085 222 23 ofvanomförmälda
679 1085 83 30 tillägg
778 1085 36 22 till
832 1085 39 22 det

116 1120 24 22 af
159 1119 131 23 Ständerna
311 1122 103 27 antagna
436 1120 269 29 författningsförslaget,
723 1120 43 22 har
784 1121 35 20 uti
838 1121 31 20 20

117 1155 13 26 8
148 1154 84 22 införts
251 1155 214 28 straffbestämning
483 1155 35 21 för
536 1155 76 22 denna
630 1154 171 22 öfverträdelse.

185 1189 63 21 Enär
269 1189 9 22 i
297 1189 31 21 14
347 1190 13 25 8
381 1190 11 20 1
412 1196 66 15 mom.
506 1189 83 22 införts
612 1188 84 23 förbud
714 1191 48 20 mot
780 1189 90 28 försälj-

119 1223 59 28 ning
195 1223 24 22 af
237 1223 72 22 andra
327 1230 67 15 varor
412 1223 9 22 i
438 1223 168 29 sammanhang
623 1223 51 21 med
693 1223 23 22 öl
734 1223 43 22 och
793 1225 78 26 porter

118 1256 44 23 och
175 1257 9 21 i
198 1257 29 22 17
247 1258 13 26 8
279 1257 105 28 stadgats
403 1260 40 25 att,
461 1257 40 22 vid
519 1257 139 29 försäljning
676 1257 24 22 af
718 1257 22 22 öl
758 1257 44 22 och
820 1264 50 22 por-

118 1293 35 19 ter
170 1291 39 21 till
233 1290 151 30 afhemtning,
402 1291 67 22 dessa
491 1291 98 29 drycker
606 1291 51 21 icke
674 1291 63 29 finge
754 1291 116 22 utlemnas

119 1325 24 22 åt
161 1325 51 27 den,
231 1332 47 15 som
296 1325 149 29 synbarligen
463 1330 26 17 är
507 1324 141 23 öfverlastad
666 1325 56 21 eller
737 1326 21 27 ej
771 1324 55 28 fyllt
839 1325 30 21 15

119 1359 32 28 år,
170 1359 70 22 hafva
267 1359 239 21 straffbestämmelser
527 1359 36 21 för
582 1358 162 23 öfverträdelse
764 1358 23 22 af
804 1358 66 22 dessa

119 1392 84 23 förbud
222 1393 84 29 jemväl
324 1393 83 22 införts
425 1393 8 21 i
452 1393 31 21 20
503 1394 20 25 8.
