1078 1720
177 127 28 22 26
411 125 27 23 U.
453 125 25 22 B.
494 125 113 28 —EProp.
621 125 40 22 N:o
677 124 35 23 22.

178 197 116 28 sättnings
317 197 9 21 i
344 196 77 21 denna
446 197 40 28 lag
513 195 111 29 stadgade
651 191 48 26 rätt
725 195 37 22 till
789 194 140 23 skadestånd

179 239 81 21 genom
288 231 136 28 försäkring.
443 231 4 20 i
465 238 29 13 en
520 231 30 28 på
568 229 148 29 delegarenes
735 229 137 28 ömsesidiga
890 237 39 13 an-

179 265 119 29 svarighet
325 264 107 29 grundad
451 264 365 29 olycksfallsförsäkringsanstalt
833 264 35 21 för
886 264 44 28 sjö-

179 304 53 18 män
250 300 8 21 i
276 299 111 28 Finland;
411 299 43 22 och
472 299 43 27 må,
534 298 71 22 sedan
623 298 70 22 sådan
713 299 130 27 försäkring
861 298 69 27 skett,

180 335 100 28 anspråk
298 335 29 27 på
345 333 140 22 skadestånd
503 337 68 25 göras
590 333 82 21 endast
688 333 42 21 hos
749 333 121 21 anstalten.

247 368 113 22 Befrielse
387 368 52 21 från
465 375 33 14 nu
514 367 101 22 nämnda
632 367 205 29 försäkringsplikt
855 363 37 25 iffå
910 366 20 29 ej

180 403 135 28 medgifvas.

532 495 13 20 3
565 495 19 25 8

249 564 52 21 Den
318 564 8 21 i
347 564 31 20 10
396 565 14 25 $
428 564 8 20 i
452 564 70 28 lagen
540 564 23 21 af
581 564 45 21 den
644 563 14 21 5
677 563 120 21 december
817 563 63 21 1895
900 562 32 22 af-

181 598 63 21 liden
267 598 116 21 arbetares
401 598 61 21 enka
480 598 43 21 och
540 598 58 22 barn
616 597 99 29 tillagda
733 600 47 18 rätt
798 596 37 23 till
853 596 80 22 skade-

182 632 68 22 stånd
278 632 60 22 skall
365 632 43 21 ock
438 632 190 28 tillgodokomma
657 632 142 21 försvunnen
833 632 100 28 sjömans

182 666 82 22 hustru
283 666 43 22 och
344 667 65 27 barn,
423 667 8 21 i
443 666 109 22 händelse
570 666 32 22 all
619 666 167 22 underrättelse
801 673 35 14 om
849 666 84 21 honom

183 700 43 22 och
244 701 40 21 det
301 702 85 27 fartyg,
404 702 14 20 &
436 700 90 22 hvilket
544 700 45 23 han
608 703 77 19 senast
702 701 62 21 varit
777 700 97 27 anstäld,
884 703 50 19 ute-

182 735 79 22 blifvit
277 736 74 21 under
369 736 40 21 tvä
427 736 88 28 gänger
533 736 25 21 sä
575 736 56 27 läng
648 735 41 27 tid,
708 735 66 21 somi
787 734 109 30 Sjölagen
908 738 26 18 är

183 770 99 28 stadgad
300 770 8 21 i
326 770 66 28 fräga
417 777 35 14 om
476 772 47 19 rätt
542 772 34 20 att
594 769 36 21 till
649 769 233 29 försäkringsgifvare
902 769 32 21 af-

182 804 67 22 träda
276 804 133 22 försäkradt
426 804 102 28 föremäl,
546 804 95 22 hvarom
657 803 167 22 underrättelse
843 804 91 26 saknas,

183 839 25 21 sä
235 838 43 22 ock
305 838 51 22 ifall
383 838 77 28 fartyg
481 838 77 22 förlist
576 838 43 22 och
637 838 129 27 trovärdigt
783 838 151 22 meddelande

183 880 36 14 om
243 874 34 20 att
295 873 45 20 den
358 873 124 20 försvunne
500 873 72 22 lefver
590 872 51 21 icke
659 872 62 22 inom
739 874 34 19 ett
791 873 26 20 är
834 871 101 22 därefter

182 907 92 28 inlupit.

252 941 171 22 Skadeständet
446 941 114 22 beräknas
578 941 8 20 i
605 941 66 20 dessa
689 940 41 22 fall
749 940 51 22 frän
819 941 45 20 den
882 941 52 27 dag,

183 975 30 22 dä
239 975 103 28 fartyget
368 975 76 21 förlist
470 975 56 21 eller
550 975 36 22 till
604 969 96 27 hvilken
718 982 51 14 man
789 977 77 19 senast
884 975 50 21 haft

183 1009 107 29 kunskap
308 1017 37 14 om
363 1009 133 22 detsamma.

533 1102 14 20 4
567 1102 19 25 8.

252 1156 70 24 Öfver
339 1159 131 28 tillgången
487 1159 41 22 vid
546 1159 122 28 olycksfall
686 1159 66 28 skall,
771 1159 25 21 sä
813 1158 51 22 vidt
879 1158 56 29 möj-

182 1193 46 28 ligt
240 1197 30 24 är,
289 1193 8 21 i
316 1193 208 29 skeppsdagboken
541 1193 87 22 införas
647 1193 129 28 berättelse,
786 1193 95 21 hvilken
894 1193 41 21 bör

182 1227 182 28 underskrifvas,
382 1227 100 22 förutom
500 1228 23 21 af
540 1228 181 27 befälhafvaren,
739 1227 85 30 jämväl
842 1227 24 22 af
883 1227 50 22 dem

184 1262 70 20 bland
279 1261 161 21 underbefälet
467 1262 43 21 och
536 1263 143 26 manskapet,
697 1269 50 14 som
764 1262 61 20 varit
842 1262 92 20 vittnen

184 1294 37 22 till
238 1294 213 28 olyekshändelsen.

252 1328 78 22 Sådan
349 1329 108 21 anmälan
477 1336 36 14 om
532 1328 128 29 olycksfall,
679 1330 68 20 som
738 1324 13 37 i
763 1329 28 21 19
805 1330 14 26 $
831 1329 24 21 af
866 1328 69 29 lagen

184 1364 44 22 den
253 1364 14 21 5
291 1363 120 22 december
440 1364 64 22 1895
532 1363 154 29 föreskrifves,
713 1364 61 22 skall
799 1368 68 24 göras
894 1363 41 22 hos

184 1398 172 22 vederbörande
384 1398 136 30 myndighet
543 1398 9 22 i
574 1398 45 21 den
645 1399 69 21 hamn
732 1399 8 21 i
758 1398 108 28 Finland,
894 1398 42 22 där

185 1433 145 29 olycksfallet
348 1434 112 26 inträffat,
479 1433 55 22 eller
552 1433 95 36 hvilken
660 1433 103 30 fartyget
775 1434 58 22 efter
845 1434 89 28 olycks-

253 1478 53 22 Lag-
320 1477 33 17 och
365 1478 195 17 Ekonomiutskotteis
573 1476 118 18 betänkande
704 1478 35 16 N:o
751 1479 17 15 6.
