1700 1903
664 216 29 25 U.
709 217 27 21 B.
753 230 26 4 —
795 217 76 28 Prop.
886 217 43 22 N:o
944 217 35 21 17.
1175 217 25 20 81

449 284 51 27 laga
515 285 61 20 kraft
591 287 86 19 vunnet
693 285 79 27 utslag,
785 286 43 21 och
844 285 76 22 derför
935 285 49 21 icke
995 285 70 22 heller
1076 285 52 21 med
1139 292 64 21 gvar-

449 319 51 20 stad
523 319 112 26 beläggas.
666 319 35 26 (U.
722 319 24 21 L.
766 321 18 19 7:
801 321 26 25 5).
859 320 73 20 Bland
955 319 118 26 egendom,
1097 326 50 15 som
1170 319 34 21 sä-

449 353 72 20 lunda
538 353 73 21 skulle
629 353 143 27 undantagas
792 354 196 21 retentionsrätten
1003 353 36 27 (U.
1056 354 23 20 L.
1096 354 19 19 4:
1131 354 72 25 5—9),

448 388 27 19 är
487 386 25 22 af
528 386 99 22 särskild
642 386 116 28 betydelse
774 387 43 20 den
834 387 117 27 egendom,
967 393 50 15 som
1033 387 147 21 omförmäles
1196 387 8 19 i

449 422 13 19 5
478 421 13 26 &
505 420 15 21 4
534 420 55 28 kap.
597 421 25 21 U.
634 421 32 26 L.,
679 421 93 21 hvilken
789 421 99 27 stadgar:
913 420 75 22 »Frän
998 420 129 28 utmätning
1138 420 66 22 skola

450 454 144 28 undantagas
613 455 84 27 nödiga
716 456 67 26 gäng-
799 456 44 20 och
858 455 136 27 sängkläder
1009 456 35 20 för
1059 455 145 27 gäldenären,

450 489 58 20 hans
531 489 83 21 hustru
637 490 44 20 och
703 489 128 27 oförsörjda
854 490 64 25 barn,
934 489 65 21 deras
1019 489 186 21 andaktsböcker

449 522 44 21 och
510 522 73 22 andra
597 523 36 21 för
647 523 180 27 andaktsöfning
837 523 93 21 afsedda
942 523 100 27 föremäl,
1053 523 151 26 gäldenärens

449 557 45 21 och
510 557 59 21 hans
580 558 93 20 hustrus
683 558 79 26 vigsel-
774 558 43 20 och
828 557 218 27 trolofningsringar,
1057 557 66 21 deras
1133 557 71 21 barns

450 591 137 21 skolböcker
603 594 66 24 samt,
685 592 42 21 hos
744 594 91 25 prester,
846 592 144 27 tjenstemän,
1000 591 115 25 militärer,
1126 591 78 21 läkare

449 626 45 20 och
517 626 173 26 barnmorskor,
706 626 61 21 hvad
791 626 26 21 de
839 627 34 20 för
887 626 108 27 tjenstens
1011 626 54 20 eller
1079 626 77 27 yrkets
1172 628 33 18 ut-

449 660 100 20 öfvande
572 660 183 27 oundgängligen
778 660 104 24 behöfva.
913 660 88 21 Saknas
1017 661 68 25 utväg
1100 660 33 21 till
1149 660 55 21 nöd-

450 694 86 27 torftigt
559 695 131 27 uppehälle;
705 695 30 20 dä
756 695 38 20 mä
816 695 127 27 ytterligare
965 695 143 26 undantagas
1124 695 25 20 af
1167 695 38 20 det

451 729 83 26 förräd,
551 735 50 15 som
624 729 7 29 i
653 729 67 21 huset
742 729 81 26 finnes,
839 729 61 20 hvad
922 729 33 20 till
979 728 121 22 underhäll
1123 729 35 20 för
1176 735 28 14 en

451 763 85 21 mänad
560 763 92 27 tarfvas,
675 763 25 21 sä
724 763 44 20 ock
790 762 143 28 oumbärliga
954 763 174 27 arbetsredskap
1151 763 55 21 eller

451 796 73 21 andra
544 798 97 26 lösören,
657 797 28 20 de
704 797 143 20 sistnämnda
866 797 59 21 dock
940 796 19 27 ej
976 796 63 21 öfver
1053 799 30 19 ett
1098 797 70 20 värde
1183 798 25 20 af

450 831 76 21 trettio
545 831 66 21 mark
626 832 61 25 eller,
703 838 38 14 om
757 831 137 27 gäldenären
910 831 42 20 har
968 830 69 28 familj
1054 833 32 19 att
1101 831 103 27 försörja,

451 864 124 28 sjuttiofem
599 866 72 20 mark.
705 865 72 27 Stiger
799 865 215 27 arbetsredskapens
1037 865 69 21 värde
1129 865 18 27 ej
1172 865 32 21 till

452 899 103 21 nämnda
565 900 90 27 belopp,
665 900 38 20 mä
711 899 120 21 skilnaden
840 906 27 14 ur
875 906 77 14 annan
961 899 145 27 lösegendom
1116 899 87 27 fyllas.»

770 1014 27 20 66
813 1015 43 25 (58)
872 1016 19 24 5.

522 1071 100 21 Motiven
645 1071 32 20 till
699 1071 28 21 de
752 1071 7 20 i
782 1071 75 21 denna
873 1070 107 28 paragraf
994 1070 106 27 vidtagna
1116 1070 90 21 ändrin-

452 1112 40 21 gar
512 1106 69 20 hafva
596 1105 94 27 tidigare
706 1106 74 20 blifvit
795 1105 97 21 anförda
907 1104 73 21 under
996 1106 25 18 17
1037 1105 44 26 (16)
1096 1106 19 24 $.

767 1243 14 20 9
796 1243 29 26 (8)
843 1243 54 20 Kar.

696 1315 111 23 Särskilda
821 1315 146 23 föreskrifter.

771 1391 28 20 68
814 1391 43 26 (60)
873 1391 18 25 8.

525 1449 50 19 Den
597 1448 35 20 för
652 1448 76 19 denna
744 1448 107 25 paragraf
863 1447 127 25 föreslagna
1005 1447 101 20 ändrade
1122 1447 86 26 lydelse

454 1481 62 21 afser
530 1481 81 21 endast
626 1483 32 18 att
673 1479 121 28 förtydliga
810 1480 144 26 stadgandets
969 1479 119 22 innebörd.

526 1567 48 22 Lag-
587 1567 31 18 och
631 1566 182 19 Ekonomiutskottets
826 1566 109 18 betänkande
947 1566 38 17 N:o
997 1566 17 17 4.
1130 1565 12 18 6
