1084 1745
176 138 28 20 86
395 137 27 22 U.
439 137 26 21 B.

525 123 74 41 Prop.
616 137 40 21 N:o
673 135 35 23 17.

530 240 10 19 7
557 239 21 27 8.

246 302 47 20 Dör
315 302 97 21 brukare
435 302 71 21 innan
528 302 149 26 legostämma
696 302 30 27 pä
743 302 41 20 viss
800 301 30 21 tid
844 304 37 18 ute
897 303 31 24 är,

176 342 53 15 vare
252 336 59 21 hans
333 331 60 25 erika
410 336 44 21 och
470 336 179 27 bröstarfvingar
663 336 138 26 berättigade
816 338 32 18 att
863 336 65 26 legan

177 370 91 21 behålla
290 370 74 21 under
385 370 44 21 den
450 370 142 21 återstående
613 370 117 26 legotiden.
762 368 167 29 Lifstidsstädja

177 403 62 29 njute
262 404 80 21 hustru
365 404 55 21 efter
443 404 97 21 brukare
562 405 33 20 till
614 404 59 27 godo
689 405 23 20 sä
730 404 65 27 länge
807 405 47 20 hon
870 404 58 21 enkä

176 439 68 20 sitter.
275 438 58 27 Vilja
356 439 59 20 enka
438 439 54 20 eller
514 438 178 26 bröstarfvingar
710 439 7 20 i
733 439 45 26 fall,
794 445 51 15 som
860 438 69 21 ofvan

177 475 67 24 sagts,
268 473 64 26 legan
353 474 109 26 uppsäga,
486 474 52 26 göre
561 473 36 21 det
616 473 63 20 inom
700 480 38 14 sex
754 473 110 21 mänader
879 472 50 21 frän

178 507 127 20 brukarens
328 506 52 22 död.
410 507 43 21 Vid
473 507 74 27 ärftlig
570 507 73 27 städja
665 507 56 21 skall
739 507 189 28 nyttjanderätten

177 541 92 27 öfvergä
291 541 32 21 till
347 541 75 27 någon
446 541 24 22 af
490 537 127 26 brukarens
639 541 184 27 bröstarfvingar,
839 548 50 15 som
904 543 27 19 är

177 575 69 21 fallen
269 576 44 21 och
332 575 62 27 villig
408 578 33 19 att
455 576 191 27 nyttjanderätten
662 576 84 26 utöfva,
762 576 44 21 och
822 576 55 21 efter
891 576 39 21 ho-

177 616 55 15 nom,
254 609 32 21 till
309 610 75 26 någon
403 611 25 20 af
445 611 58 20 hans
520 610 184 27 bröstarfvingar,
721 611 36 20 led
772 610 56 21 efter
842 610 43 27 led,
901 608 30 29 pä

177 645 44 19 sätt
240 643 180 27 legokontraktet
435 644 133 27 innehäller,
584 644 53 21 eller
652 644 43 21 den
712 647 88 18 senaste
815 644 113 21 brukaren

178 677 123 24 förordnat,
322 678 54 21 eller
399 679 57 20 hans
480 678 203 21 rättsinnehafvare
701 679 78 20 derom
796 678 134 21 bestäinma.

530 765 14 19 8
559 764 20 25 8.

247 820 150 22 Efterlemnar
418 821 19 27 ej
461 821 98 21 brukare
584 822 60 20 enka
666 822 53 20 eller
746 822 184 26 bröstarfvingar,

177 861 51 14 som
245 854 90 28 jemlikt
356 856 13 19 7
382 855 16 27 $
412 856 40 20 äro
472 855 138 27 berättigade
626 858 31 18 att
672 855 162 27 nyttjanderätt
848 852 83 31 (utesk)

177 888 122 27 öfvertaga,
315 890 103 27 upphöre
433 890 65 26 legan
510 891 65 20 nästa
586 890 79 26 fardag
675 890 54 21 efter
740 889 127 22 brukarens
878 890 52 24 död,

177 923 61 20 ändä
254 925 31 19 att
300 923 44 21 den
360 924 98 21 aftalade
474 924 111 26 legotiden
603 925 60 20 ännu
680 925 18 25 ej
714 926 33 18 ute
763 925 31 20 är.

527 1005 13 19 9
555 1004 21 26 $.

246 1061 89 27 Fardag
351 1062 34 21 för
401 1062 133 21 afträdande
550 1062 25 21 af
583 1062 52 27 jord
647 1063 31 26 pä
695 1062 73 21 landet
781 1063 26 20 är
822 1062 44 21 den
879 1062 52 27 fjor-

178 1097 67 21 tonde
268 1096 72 27 dagen
364 1096 7 20 i
394 1096 61 21 Mars
478 1096 91 26 månad,
593 1096 39 21 der
652 1096 19 27 ej
692 1096 146 22 annorlunda
856 1097 74 21 finnes

177 1120 100 42 aftaladt.
908 1134 2 3 |

246 1165 51 21 Med
314 1165 51 26 laga
380 1165 78 26 fardag
473 1165 82 21 förstås
571 1165 51 26 den,
638 1172 50 14 som
700 1165 90 21 infaller
800 1165 72 21 andra
883 1165 47 22 året

176 1199 56 21 efter
254 1200 43 25 det,
320 1199 132 21 hvarunder
466 1199 145 27 uppsägning
631 1199 63 21 skett.
726 1199 70 21 Nästa
812 1199 79 27 fardag
906 1201 25 19 är

177 1233 52 23 den,
245 1240 49 13 som
311 1233 47 20 året
373 1234 51 19 näst
439 1233 55 20 efter
509 1233 72 20 skedd
598 1233 144 27 uppsägning
756 1233 95 21 infaller.

526 1312 26 19 10
567 1312 20 24 X.

247 1368 9 20 1
271 1368 44 21 alla
332 1367 27 21 de
376 1368 44 25 fall,
436 1368 29 20 dä
481 1368 103 26 legoaftal
601 1368 91 27 upphör
708 1368 29 28 pä
752 1368 73 27 grund
842 1369 24 22 af
874 1374 57 23 upp-

177 1403 102 27 sägning,
301 1403 56 20 utan
373 1404 31 19 att
418 1401 62 22 tiden
495 1402 36 21 för
546 1402 144 21 afträdandet
704 1404 26 19 är
745 1403 111 27 bestämd,
872 1404 58 22 skall

178 1437 105 28 flyttning
298 1437 40 21 ske
353 1437 14 20 å
382 1437 50 26 laga
447 1437 85 26 fardag.

247 1483 47 22 Lag-
307 1483 30 17 och
354 1482 186 19 Ekonomiutskottets:
548 1482 110 18 betänkande
670 1483 37 18 N:o
720 1485 16 16 4.
