1081 1720
184 153 14 20 4
415 152 30 22 U.
460 152 28 21 B.
503 165 28 3 —
547 151 74 29 Prop.
636 151 43 23 N:o
695 151 35 22 17.

186 221 106 21 beslutna
305 221 82 26 tillägg,
403 220 86 21 hvilket
504 220 116 21 omfattats
635 220 25 21 af
673 220 80 21 endast
765 222 30 19 ett
808 219 77 26 Stånd,
897 219 43 21 för-

184 255 72 26 faller,
271 254 35 21 får
321 254 113 21 Utskottet
448 255 127 26 hemställa,

459 301 32 19 att
503 300 69 27 första
588 299 116 27 meningen
720 299 28 27 af
761 300 26 19 19
801 299 17 27 $
833 299 65 20 måtte
908 305 32 14 er-

391 333 62 21 hålla
467 333 98 28 följande
578 333 134 28 förändrade
728 333 90 27 lydelse:

461 368 43 20 »De
527 368 7 21 i
557 369 32 24 16,
607 368 26 20 17
648 367 40 21 och
705 368 27 20 18
746 367 31 28 $$
793 366 148 28 omförmälda

393 408 66 21 syner
477 402 62 21 skola
553 402 110 27 förrättas,
679 402 69 21 under
762 401 178 25 domareansvar,

390 436 27 27 af
429 436 144 26 synenämnd,
590 436 110 21 bestående
715 436 29 26 af
755 436 30 20 tre
800 435 8 21 i
823 435 119 21 landtbruk

389 470 104 28 förfarne,
516 471 90 20 redbare
626 471 61 25 män,
702 470 28 27 af
741 470 76 21 hvilka
833 470 108 21 hvardera

387 506 77 26 parten
489 506 55 20 utser
558 512 26 14 en
600 504 40 22 och
656 505 25 20 de
695 504 94 21 sålunda
807 504 84 26 utsedde
904 511 36 20 ge-

390 540 108 20 mensami
513 539 57 27 välja
586 539 41 21 den
643 538 84 28 tredje.»

536 603 27 19 23
578 602 19 26 8.

256 641 165 28 Ridderskapet
435 642 44 20 och
494 642 71 21 Adeln
581 642 42 20 har
638 642 150 20 öfverlemnat
802 642 34 20 till
852 642 90 20 Utskot-

184 678 32 19 tet
237 678 32 19 att
291 678 52 25 taga
357 676 8 20 i
380 676 172 27 öfvervägande,
568 676 115 21 huruvida
697 676 50 21 icke
763 676 7 20 i
785 676 76 21 denna
876 682 66 21 para-

186 711 52 26 graf
254 710 71 22 borde
343 710 86 22 införas
447 717 27 14 en
490 710 145 27 bestämning
649 710 80 22 derom
745 713 32 19 att
792 711 27 27 !/;
834 710 54 22 eller
903 711 37 20 nä-

185 751 45 21 gon
252 751 78 15 annan
352 745 95 27 lämplig
468 745 36 21 del
527 746 26 20 af
568 745 154 22 kostnaderna
737 745 35 21 för
786 745 155 28 tillträdessyn

185 780 73 21 skulle
274 780 88 21 drabba
377 780 121 20 brukaren.

257 814 104 21 Emedan
384 814 133 27 paragrafen
540 814 74 21 blifvit
635 814 26 21 af
675 816 33 19 tre
724 814 71 20 Ständ
810 813 108 27 godkänd
934 813 7 21 i

187 849 99 26 enlighet
308 848 53 21 med
384 848 124 21 Utskottets
523 848 126 27 lagförslag,
664 848 128 21 föranleder
807 848 135 21 Ridderska-

185 885 39 25 pet
238 883 44 20 och
297 882 84 21 Adelns
396 882 75 21 beslut
485 882 50 21 icke
550 882 33 21 till
599 882 75 27 någon
689 882 86 27 åtgärd.

532 946 27 20 28
573 946 20 25 8.

260 990 52 21 Med
328 990 124 27 anledning
466 990 25 21 af
504 991 124 26 föreslagen
645 990 139 27 uteslutning
799 989 25 22 af
837 991 26 20 37
879 991 13 26 8
907 991 35 21 får

187 1025 113 21 Utskottet
314 1024 128 27 hemställa,

458 1071 33 20 att
510 1071 36 26 för
567 1071 14 20 2
604 1076 66 14 mom.
686 1069 28 28 af
726 1070 27 20 28
767 1070 16 27 $
797 1070 66 21 måtte
877 1071 65 20 anta-

392 1111 40 20 gas
446 1104 98 27 följande
560 1104 87 27 lydelse:

461 1147 9 11 »
474 1139 48 20 Har
534 1138 143 27 tillträdessyn
685 1138 20 27 ej
712 1138 79 25 hållits,
800 1139 38 20 må
846 1139 61 20 hvad
912 1139 32 27 of-

393 1179 42 14 van
452 1173 101 26 stadgats,
567 1172 46 21 icke
621 1179 39 20 ega
668 1172 153 27 tillämpning
812 1168 12 36 ;
829 1173 55 20 dock
892 1179 51 14 vare

392 1205 7 21 i
421 1206 35 21 det
474 1206 42 27 fall
529 1213 47 20 syn,
592 1212 47 15 som
655 1206 8 20 i
679 1207 26 19 16
720 1206 14 27 $
749 1207 14 19 3
779 1212 66 15 mom.
862 1207 80 26 omför-

391 1241 74 26 mäles,
481 1241 8 20 i
501 1241 66 26 fråga
583 1247 36 14 om
635 1240 106 27 vanhäfd,
757 1240 89 21 hvartill
862 1240 81 21 bruka-

392 1280 37 14 ren
453 1273 52 27 efter
527 1275 129 19 densamma
677 1274 58 26 gjort
747 1275 34 25 sig
795 1274 93 26 skyldig,
904 1281 39 13 an-

393 1306 52 21 sedd
459 1306 45 20 lika
520 1307 49 20 med
583 1307 162 27 tillträdessyn.»

532 1370 27 20 29
577 1370 18 27 8.

258 1416 166 28 Ridderskapet
439 1415 44 21 och
497 1415 72 22 Adeln
585 1416 42 21 har
641 1416 36 20 för
687 1415 75 21 denna
775 1416 109 27 paragraf
891 1416 52 21 fast-

188 1451 54 22 stält
257 1452 7 20 i
281 1450 132 22 hufvudsak
434 1450 45 22 den
497 1450 32 21 uti
545 1450 72 22 andra
632 1450 168 22 reservationen
815 1450 128 28 föreslagna

256 1497 49 23 Lag-
317 1498 33 17 och
362 1496 183 19 Ekonomiutskottets
557 1496 111 19 betänkande
681 1498 36 16 N:o
729 1496 18 17 4.
