1064 1759
462 125 40 23 N:o
518 127 32 21 25.
841 128 13 20 9

131 194 98 27 anslaget
253 194 107 22 befunnits
386 195 132 27 otillräkligt.
547 195 32 21 De
605 194 154 28 förhållanden,
782 194 7 22 i
811 194 73 22 hvilka

131 228 209 22 folkskoleväsendet
355 229 96 21 inträder
466 234 76 22 genom
557 229 78 27 nådiga
646 228 153 28 förordningen
810 228 23 21 af
842 229 40 21 den

132 262 29 21 24
177 262 42 27 Maj
238 263 60 25 1898,
313 262 86 22 komma
414 263 121 27 säkerligen
551 265 33 19 att
598 263 66 21 ställa
680 263 61 21 detta
756 262 65 22 behof
834 262 7 21 i
856 264 26 19 än

129 295 95 27 bjärtare
239 296 75 26 dager;
330 298 23 25 ty
368 296 55 22 efter
438 298 25 20 år
480 297 52 21 1901
549 296 65 22 blifva
629 296 47 22 helt
690 296 72 22 säkert
772 296 111 27 åtskilliga

129 330 126 21 kommuner
277 332 94 25 tvungna
393 332 33 20 att
448 330 110 27 samtidigt
582 330 68 28 bygga
664 330 50 22 flere
730 330 152 22 folkskolehus.

129 364 11 21 I
163 363 52 28 följd
239 364 64 21 häraf
323 364 39 22 har
384 365 60 21 detta
467 365 74 27 anslag
557 364 33 22 för
606 367 60 19 nästa
680 364 203 28 bevillningsperiod

130 400 81 20 ansetts
235 398 52 22 böra
309 401 104 25 upptagas
435 400 33 21 till
491 401 31 20 ett
544 399 126 28 ytterligare
692 399 94 27 förhöjdt
805 399 78 27 belopp

130 432 23 22 af
175 433 77 26 70,000
275 433 62 22 mark
355 439 34 16 om
412 433 46 23 året
474 434 53 22 eller
542 434 33 22 för
590 433 49 22 hela
654 434 228 27 bevillningsperioden

128 467 33 22 till
177 468 92 26 280,000
285 468 67 22 mark.

200 502 103 27 Anslaget
318 502 35 21 till
367 502 99 22 bibliotek
476 502 42 27 för
527 502 173 28 folkskollärare
709 502 39 21 och
759 503 125 21 lärarinnor

129 536 9 20 i
155 535 189 22 landskommuner
359 536 93 22 infördes
467 536 69 22 första
550 538 83 26 gängen
649 537 7 20 i
671 536 211 27 folkskolebudgeten

129 569 36 22 vid
190 570 52 21 1891
267 570 35 22 ärs
320 570 105 28 landtdag
440 570 40 22 och
495 570 39 22 har
549 570 65 22 sedan
630 571 47 21 dess
692 570 72 28 utgätt
778 571 33 21 till
826 570 56 22 oför-

130 604 94 21 ändradt
243 604 79 28 belopp
338 604 23 21 af
376 605 75 26 17,000
467 605 62 21 mark
544 611 34 15 om
596 604 52 22 äret.
678 605 34 21 Dä
726 604 157 22 folkskolornas

129 638 40 21 och
194 638 211 27 lärarepersonalens
429 638 60 22 antal
514 638 67 22 under
602 638 143 22 innevarande
759 639 123 21 decennium

129 672 120 22 emellertid
264 672 141 26 fördubblats,
420 679 50 15 vore
488 678 25 16 en
528 672 88 28 höjning
632 672 24 22 af
662 673 59 21 detta
728 673 81 27 anslag,
820 673 63 21 hvars

128 706 108 28 betydelse
264 707 33 21 för
322 708 196 26 lärarebildningen
544 707 48 22 icke
614 708 43 20 kan
680 707 148 27 öfverskattas,
854 715 28 14 nu

129 741 23 22 så
173 742 86 27 mycket
281 748 60 16 mera
362 742 24 22 af
406 743 75 27 nöden,
500 748 45 16 som
561 749 56 21 man,
634 742 53 22 efter
702 743 84 27 mycket
800 744 82 26 experi-

129 777 138 21 menterande
282 776 49 22 med
346 776 60 22 dessa
422 777 113 22 biblioteks
550 777 126 27 anordning,
691 777 91 21 kommit
796 777 33 21 till
843 777 40 22 den

128 810 143 28 uppfattning,
294 813 32 19 att
349 810 61 22 dessa
432 811 104 22 bibliotek
558 812 8 20 i
589 811 115 21 allmänhet
720 812 49 21 bäst
784 811 51 27 fylla
850 812 32 20 sin

128 844 156 28 bestämmelse,
308 852 34 15 om
364 845 8 21 i
394 846 58 26 regel
467 846 73 26 hvarje
556 845 101 22 kommun
672 845 39 22 har
726 846 38 21 sitt
778 846 104 21 särskilda

128 879 112 28 bibliotek,
260 882 132 26 gemensamt
406 879 34 23 för
456 881 42 21 alla
515 880 71 22 skolor
605 880 2 22 i
624 881 134 21 kommunen.
789 880 93 22 Sålunda

128 916 123 22 anordnade
274 915 72 22 fordra
364 916 55 21 dock
434 916 62 22 dessa
512 915 104 23 bibliotek
631 917 69 21 större
716 916 76 27 anslag
806 917 26 19 än
848 922 33 15 om

129 948 52 23 flera
192 950 139 27 närliggande
341 950 126 22 kommuner
477 950 60 22 bilda
548 951 32 20 ett
587 950 211 22 biblioteksdistrikt.
810 950 73 22 Skulle

129 984 36 22 det
180 981 123 25 nuvarande
318 985 97 27 anslaget
430 985 24 21 af
469 985 77 27 17,000
556 985 60 21 mark
627 991 34 15 om
672 984 47 22 året
726 985 54 27 jemt
790 984 92 22 fördelas

129 1019 28 27 på
179 1020 101 26 samtliga
299 1020 197 27 landskommuner,
513 1021 24 20 så
552 1020 84 21 komme
653 1020 27 26 på
695 1020 73 26 hvarje
783 1020 100 21 kommun

129 1053 76 22 endast
223 1054 96 27 omkring
335 1055 27 21 36
378 1054 61 22 mark
454 1054 92 28 årligen;
562 1054 39 22 och
619 1060 33 16 om
668 1054 36 22 vid
718 1054 107 28 anslagets
840 1054 42 22 för-

129 1088 86 28 delning
237 1089 82 27 hänsyn
342 1091 59 25 tages
424 1089 62 22 äfven
509 1089 33 22 till
560 1089 80 21 antalet
655 1088 118 22 folkskolor
787 1089 7 21 i
810 1089 72 27 hvarje

129 1122 108 26 kommun,
261 1124 24 20 så
307 1123 69 21 skulle
399 1124 26 21 de
440 1123 80 22 talrika
535 1123 83 21 mindre
632 1123 154 21 kommunerna
802 1123 81 21 erhålla

129 1158 31 21 ett
182 1156 25 22 så
231 1157 50 22 litet
303 1156 64 28 årligt
386 1157 82 27 bidrag,
484 1159 33 20 att
533 1157 61 22 dessa
609 1156 103 22 bibliotek
727 1157 7 21 i
750 1157 133 21 sistnämnda

129 1191 126 21 kommuner
270 1191 72 22 kunna
358 1190 67 23 riktas
440 1191 48 21 med
499 1192 77 21 endast
587 1191 67 27 några
664 1191 22 21 få
696 1191 98 27 billigare
804 1191 79 22 böcker

129 1225 81 27 årligen
234 1226 39 21 och
297 1228 33 19 att
352 1226 65 26 inköp
440 1226 24 21 af
484 1226 67 27 några
565 1227 69 20 större
651 1226 96 25 arbeten,
763 1226 72 21 hvilka
850 1226 33 21 för

128 1260 84 21 läraren
236 1260 7 20 i
259 1266 26 15 en
300 1259 108 22 folkskola
422 1260 70 21 kunde
508 1266 52 15 vara
575 1259 23 22 af
611 1260 123 21 oskattbart
749 1260 64 20 värde
827 1260 55 21 både

128 1293 33 22 för
185 1293 54 21 hans
265 1300 52 20 egen
340 1293 96 27 bildning
459 1294 40 20 och
522 1293 70 22 såsom
616 1293 266 26 undervisningsmaterial,

128 1330 77 20 nästan
227 1328 42 21 alls
289 1328 47 22 icke
351 1328 42 22 kan
408 1328 161 27 ifrägakomma.
600 1328 31 21 På
646 1328 64 21 dessa
725 1327 40 22 och
780 1328 67 20 andra
862 1327 22 21 af

129 1358 168 31 Öfverstyrelsen
322 1362 34 22 för
380 1362 151 22 skolväsendet
555 1362 129 22 framhållna
708 1361 46 22 skäl
779 1364 103 24 upptages

129 1396 165 26 ifrågavarande
311 1396 75 26 anslag
401 1396 34 20 för
450 1396 178 21 nästkommande
638 1396 200 26 bevillningsperiod
849 1396 33 20 till

803 1440 11 16 2
