1064 1714
357 104 27 23 U.
401 104 26 22 B.
443 118 28 2 —
486 104 74 29 Prop.
576 106 41 22 N:o
632 105 40 23 20.
861 106 30 22 15

485 217 13 22 3
520 217 21 29 8.

205 272 12 22 I
236 273 142 29 andelslags
397 273 104 29 stadgar
519 274 63 22 skall
600 275 139 28 upptagas:

207 308 39 20 1:o
265 307 168 29 andelslagets
452 314 86 20 namn;

205 341 40 23 2:0
263 342 50 22 den
331 344 39 20 ort
388 342 7 22 i
413 342 93 27 landet,
525 342 103 22 hvilken
641 342 63 22 skall
718 348 73 17 anses
804 342 84 22 såsom

137 376 167 29 andelslagets
323 376 108 28 hemort;

205 410 40 23 3:0
263 411 131 23 föremålet
411 412 40 22 för
469 411 168 29 andelslagets
656 412 172 27 verksamhet;

205 446 38 22 4:o
262 446 42 22 det
331 446 91 29 belopp
441 446 8 22 i
467 446 147 29 penningar,
641 446 122 23 hvarmed
791 447 97 24 enhvar

135 480 108 22 medlem
268 480 113 30 deltager
399 482 8 21 i
426 480 162 30 andelslaget,
613 481 66 22 huru
702 480 68 23 detta
795 480 92 30 belopp

135 514 47 22 bör
200 514 127 30 indragas,
345 517 64 21 samt
426 515 127 23 huruvida
577 515 105 22 medlem
701 515 39 23 mä
759 515 101 29 deltaga
879 516 7 22 i

136 549 157 30 andelslaget
311 550 56 23 med
385 551 62 22 flere
466 551 32 22 än
517 556 30 17 en
566 549 80 23 sädan
664 551 90 27 insats;

203 585 42 22 5:o
264 585 32 28 pä
315 584 68 23 hvad
402 586 49 21 sätt
469 585 45 22 och
528 585 36 22 till
577 584 94 23 hvilket
684 585 92 28 belopp
789 591 97 16 reserv-

134 618 62 23 fond
215 619 36 22 till
269 619 198 23 säkerställande
487 619 26 22 af
533 619 168 29 andelslagets
726 619 161 22 verksamhet

135 653 47 22 bör
200 653 94 27 bildas;

205 688 40 22 6:0
264 687 124 23 huruvida
408 688 167 29 andelslagets
598 688 161 22 medlemmar
778 694 109 16 ansvara

135 721 39 23 för
193 722 56 23 dess
269 722 166 23 förbindelser
454 723 89 22 endast
565 723 56 22 med
640 722 68 23 hvad
727 722 31 23 de
777 722 14 22 ä
811 722 76 22 insat-

135 763 44 16 sen
199 756 45 23 och
263 757 8 22 i
291 757 78 22 andra
394 757 100 28 afgifter
517 757 120 22 inbetalat
655 757 60 22 eller
732 756 79 23 redan
830 755 60 24 bort

135 791 110 22 inbetala
264 791 35 23 till
318 791 156 30 andelslaget
491 792 46 22 och
553 791 82 23 dettas
647 791 82 29 öfriga
742 791 143 29 tillgängar,

135 825 60 22 eller
213 832 40 16 om
271 826 32 22 de
321 826 120 29 derjemte
469 827 44 21 äro
540 826 115 29 skyldige
673 827 36 21 att
727 825 35 22 till
781 825 108 28 begrän-

136 860 57 23 sadt
210 860 92 29 belopp
320 860 39 23 för
378 860 97 23 enhvar
493 861 60 22 eller
571 860 170 29 obegränsadt
759 859 128 29 tillskjuta,

134 895 68 22 hvad
223 895 36 22 till
276 895 213 22 förbindelsernas
508 895 125 29 gäldande
652 894 139 27 erfordras;

204 930 41 22 7:0
264 929 145 29 grunderna
436 930 39 21 för
502 929 196 29 användningen
723 929 26 22 af
766 928 121 29 uppkom-

135 964 92 23 mande
245 964 77 27 vinst;
729 978 2 2 :

205 999 40 23 8:0
263 999 67 23 huru
355 999 167 28 andelslagets
547 998 105 29 styrelse
671 998 31 22 är
720 997 102 23 ordnad
841 997 46 23 och

135 1034 40 22 för
193 1034 66 22 huru
276 1034 61 28 läng
355 1033 35 22 tid
409 1033 144 23 densamma
573 1032 64 23 skall
654 1034 80 25 utses;

204 1068 40 22 9:o
264 1068 68 22 tiden
355 1067 39 22 för
421 1067 167 29 uppgörande
615 1067 26 22 af
667 1066 128 24 bokslutet
823 1067 70 21 samt.

135 1103 76 21 sättet
229 1102 39 22 för
286 1102 190 29 granskningen
490 1102 25 22 af
528 1101 167 29 andelslagets
713 1100 174 29 räkenskaper

136 1137 46 22 och
201 1135 90 31 (utesl.)
310 1136 164 29 förvaltning;

206 1171 58 23 10:0
282 1171 75 26 tiden,
374 1171 67 22 inom
451 1170 102 23 hvilken
563 1170 127 23 ordinarie
707 1170 104 22 stämma
825 1169 8 22 i
846 1175 42 16 an-

136 1206 120 29 delslaget
275 1205 64 23 skall
357 1205 92 27 hällas;

207 1241 58 21 11:0
283 1241 74 21 sättet
379 1239 40 23 för
444 1240 118 22 stämmas
589 1238 233 23 sammankallande
840 1238 47 22 och

136 1275 39 22 för
193 1274 82 30 öfriga
299 1274 261 29 tillkännagifvanden
587 1274 25 22 ät
634 1272 169 30 andelslagets
822 1272 71 23 med--

134 1309 105 23 lemmar

205 1454 48 25 Lag-
265 1454 34 18 och
310 1452 183 20 Ekonomiutskotteis
505 1452 112 19 betänkande
630 1454 37 16 N:o
680 1452 17 18 9.
