1700 1909
499 237 27 19 40
701 234 71 23 Ständ.
789 235 33 23 Sv.
839 248 26 2 —
882 235 59 28 Prop.
958 235 37 22 N:o
1012 235 31 22 17.

498 297 117 28 jordbruk.
645 297 12 21 I
679 297 106 21 afseende
807 300 13 18 &
841 297 51 29 lega
907 298 26 21 af
943 297 53 28 jord
1010 298 36 21 för
1061 298 71 21 andra
1147 298 102 21 ändamål

498 332 42 21 har
562 331 38 21 det
622 333 65 27 synts
708 338 55 14 vara
780 331 103 29 tillfylles
899 334 33 19 att
946 331 139 22 föreskrifva
1099 332 35 21 till
1149 332 102 21 efterrät-

500 362 56 26 telse
577 366 60 22 vissa
659 365 141 29 stadganden
822 366 26 21 af
867 366 188 28 grundläggande
1076 366 122 29 betydelse,
1216 366 36 22 till

499 400 79 22 hvilka
592 400 7 21 i
615 400 74 22 denna
703 400 108 29 paragraf
823 400 112 22 hänvisas.

815 495 26 19 70
856 493 44 27 (62)
915 493 21 28 8.

567 540 45 20 För
635 538 111 22 ernäende
769 538 26 22 af
815 541 70 19 större
907 538 114 29 tydlighet
1040 538 70 22 hafva
1125 539 127 22 Ständerna

500 576 74 19 ansett
589 573 79 28 nödigt
684 575 33 19 att
732 573 7 21 i
754 573 75 21 denna
843 572 109 30 paragraf
964 574 155 28 uttryckligen
1133 574 120 28 uppräkna

500 608 28 21 de
550 608 94 28 lagrum,
667 607 51 21 från
741 607 78 22 hvilka
840 607 122 22 afvikande
984 607 169 29 bestämningar
1168 608 8 20 i
1191 608 60 28 lego-

499 642 109 22 kontrakt
629 642 51 21 icke
701 641 25 21 få
748 644 72 26 göras.
850 642 72 21 Dessa
945 641 140 28 stadganden
1105 644 39 19 äro
1159 643 7 20 i
1182 641 71 29 öfrigt

500 677 120 25 desamma,
638 683 47 15 som
703 676 8 21 i
725 676 169 28 propositionen
909 675 66 27 afses,
990 678 63 19 utom
1069 678 33 19 att
1116 676 50 22 icke
1182 676 70 25 heller

501 710 157 29 legogifvaren
681 712 85 20 ansetts
788 710 77 22 kunna
887 711 7 20 i
915 710 131 28 legoaftalet
1065 710 79 28 afsäga
1158 711 35 28 sig
1208 713 45 19 rätt

499 746 35 23 till
549 744 126 28 ersättning
690 744 35 22 för
740 744 93 22 husröta
847 744 41 22 och
905 744 107 22 vanhäfd.

836 837 35 27 (63
887 836 28 28 8).

568 882 81 22 Denna
663 890 47 20 nya
724 881 109 29 paragraf
841 882 40 21 har
892 882 96 28 tidigare
999 882 130 22 motiverats
1140 882 37 21 vid
1186 882 66 28 fråga

500 924 36 14 om
551 918 13 19 2
579 917 31 28 (1)
625 917 20 29 8.

815 982 26 19 72
857 981 45 27 (65)
917 980 20 29 8.

567 1021 12 21 I
594 1021 27 21 de
636 1020 129 29 föreslagna
781 1020 292 29 öfvergångsstadgandena
1089 1020 73 22 under
1176 1020 75 22 denna

499 1055 110 29 paragraf
621 1055 41 21 har
677 1055 97 28 ändring
790 1055 115 21 befunnits
920 1054 71 28 nödig
1005 1055 8 21 i
1028 1054 107 22 afseende
1151 1056 13 20 å
1178 1057 74 19 munt-

498 1091 47 27 liga
563 1089 115 29 legoaftal,
699 1097 48 14 som
762 1090 104 21 afslutats
881 1090 70 20 innan
966 1089 74 22 denna
1055 1089 38 28 lag
1107 1089 61 22 trädt
1183 1090 7 20 i
1205 1090 47 28 gäl-

498 1124 67 22 lande
588 1124 67 21 kraft.
685 1124 102 21 Emedan
809 1123 63 22 såväl
893 1123 143 29 legogifvare
1051 1131 49 14 som
1116 1123 95 22 brukare
1227 1126 25 19 är

500 1158 127 28 berättigad
642 1160 33 19 att
689 1161 103 26 uppsäga
807 1158 78 28 dylika
900 1158 61 26 aftal,
977 1160 72 19 möter
1059 1158 58 21 intet
1127 1158 81 21 hinder
1219 1160 34 19 att

500 1193 119 26 desamma,
641 1192 58 22 efter
721 1192 38 22 det
781 1195 104 25 parterne
902 1192 96 22 lemnats
1013 1192 133 28 tillräckligt
1160 1192 92 22 rådrum

498 1227 37 21 för
556 1227 71 22 sådan
649 1227 152 29 uppsägning,
821 1226 148 22 underkastas
985 1226 116 22 enahanda
1115 1226 136 22 bestämnin-

499 1269 47 21 gar,
564 1268 49 15 som
627 1260 140 23 beträffande
782 1268 47 21 nya
843 1260 113 29 muntliga
971 1260 242 22 öfverenskommelser
1228 1260 27 22 af

500 1296 127 22 Ständerna
641 1295 105 28 antagits,
762 1296 8 21 i
784 1295 61 28 syfte
861 1298 32 18 att
903 1296 109 27 antingen
1023 1295 110 29 skriftligt
1144 1295 107 29 legokon-

498 1330 62 22 trakt
574 1331 71 21 måtte
659 1332 117 26 upprättas
792 1329 54 23 eller
861 1330 136 21 åtminstone
1012 1337 29 13 en
1055 1329 60 22 form
1125 1329 37 22 för
1172 1329 81 22 aftalet

498 1365 87 24 vinnas,
607 1364 94 21 hvilken
720 1364 76 20 kunde
811 1366 84 18 ersätta
911 1366 32 17 ett
958 1364 82 20 sådant
1053 1364 115 20 kontrakt.
1198 1364 53 20 Den

498 1398 129 27 föreslagna
648 1397 63 21 tiden
726 1397 26 21 af
765 1398 31 20 tio
813 1398 24 20 år
852 1397 36 21 för
903 1396 90 22 aftalets
1009 1396 96 22 bestånd
1120 1397 46 21 kan
1181 1397 70 21 likväl

498 1431 50 22 icke
571 1431 33 21 uti
625 1438 33 14 nu
672 1430 173 29 ifrågavarande
860 1430 41 22 fall
916 1430 82 22 räknas
1013 1430 52 22 från
1081 1431 44 21 den
1140 1430 112 29 muntliga

499 1466 251 25 öfverenskommelsen,
769 1468 54 18 utan
839 1472 67 21 synes
922 1465 55 22 böra
991 1465 53 29 löpa
1059 1465 52 22 från
1126 1465 74 29 dagen
1215 1465 37 23 för

498 1500 79 29 lagens
592 1499 142 23 utfärdande.
