1067 1745
342 150 29 23 U.
388 151 26 22 B.
433 165 25 2 —
474 151 74 28 Prop.
564 151 45 22 N:o
624 151 40 22 28.
864 152 12 19 5

126 220 60 19 samt
204 221 34 18 att
260 219 161 28 aflöningarna
436 220 66 21 ökats
518 219 51 22 med
584 219 127 29 anledning
726 219 26 22 af
764 219 113 22 underbe-

126 252 58 22 fälet
206 252 114 30 beviljade
344 253 213 29 löneförhöjningar
582 253 58 22 efter
664 253 62 22 vissa
745 255 36 20 års
797 253 79 29 tjänst,

126 287 74 21 finner
224 287 120 22 Utskottet
369 288 39 21 det
433 288 129 21 beräknade
588 288 72 28 årliga
676 288 201 29 anslagsbeloppet

127 321 37 21 till
180 321 57 22 fullo
253 321 146 22 motiveradt.

194 389 164 22 Kostnaderna
378 389 36 22 för
435 391 241 28 krigskommissariatet
698 390 70 22 hafva
798 390 78 22 beräk-

126 426 51 18 nats
202 423 37 21 till
263 423 61 22 Fmk
350 425 103 25 4,300:—
478 424 71 29 högre
566 432 28 21 pr
609 425 25 20 år
650 428 29 17 än
694 424 132 22 medeltalet
840 424 37 22 för

126 458 54 21 åren
208 459 138 20 1897—1899
367 458 95 27 utvisar,
478 459 42 21 och
535 458 66 22 beror
617 458 76 21 denna
709 459 87 28 ökning
811 458 69 22 däraf

126 493 35 20 att
175 491 40 22 vid
229 491 255 29 Krigskommisariatet
498 493 97 21 anstälts
610 500 30 14 en
655 493 128 21 kontrollör
797 493 37 21 för
848 492 28 22 de

126 525 100 22 militära
241 526 248 29 telefonledningarna.

194 595 174 28 Utgiftsposten
392 595 36 21 för
450 596 74 26 finska
549 595 141 22 kadettkären
710 596 38 21 och
764 596 113 21 undervis-

126 629 144 28 ningskursen
286 630 43 27 för
344 629 114 28 frivilliga
473 629 97 22 likasom
585 632 109 25 posterna
708 630 168 27 inkvarterings-

126 663 116 22 kostnader
264 663 43 22 och
329 663 162 22 resekostnader
512 664 71 21 hafva
602 664 120 28 upptagits
737 664 8 21 i
761 666 115 19 närmaste

126 697 238 22 öfverensstämmelse
386 697 52 22 med
457 697 131 22 medeltalet
604 697 26 22 af
642 698 28 21 de
686 698 105 28 verkliga
805 698 71 28 utgif-

126 735 66 18 terna
206 731 73 22 under
295 733 54 20 åren
366 733 53 20 1897
426 733 86 22 —1899.

193 800 51 22 Den
266 801 73 28 årliga
359 801 101 28 utgiften
480 801 36 22 för
536 801 120 28 byggnads-
672 802 38 21 och
725 803 149 26 reparations-

126 836 116 21 kostnader
250 835 42 22 har
299 835 73 22 under
380 836 54 21 åren
444 837 138 21 1897—1899
590 835 90 29 utgjort
685 836 59 21 Fmk
751 836 123 27 355,800:—

125 870 9 20 i
150 869 70 29 årligt
235 869 114 25 medeltal,
366 869 42 23 och
423 869 111 22 beräknas
545 870 36 21 för
592 870 192 21 nästkommande
791 870 85 21 finans-

125 903 81 29 period
228 904 36 21 till
286 904 60 21 Fmk
368 904 134 26 350,000:—
525 911 36 15 om
584 904 55 21 året.
669 904 53 21 Med
738 903 108 22 afseende
862 905 14 20 &

126 938 132 28 stegringen
279 938 7 22 i
302 938 142 22 arbetslöner
460 938 42 22 och
517 937 160 30 materialpris,
692 941 60 19 samt
767 938 29 22 då
811 940 64 20 anta-

125 972 33 22 let
174 972 141 29 byggnader,
340 972 80 22 hvilka
444 973 66 21 skola
532 972 157 27 underhållas,
710 972 89 29 jämväl
818 972 58 22 efter

126 1006 62 22 hand
204 1006 60 28 ökas,
281 1007 74 21 finner
369 1007 121 22 Utskottet
504 1007 76 22 denna
595 1010 53 25 post
662 1007 51 21 icke
728 1007 79 22 kunna
819 1014 56 22 upp-

126 1044 66 26 tagas
207 1041 69 29 lägre.
305 1041 66 22 Dock
386 1041 88 22 tillåter
488 1042 36 28 sig
538 1042 122 22 Utskottet
674 1041 123 22 framhålla
808 1041 68 22 önsk-

126 1076 103 28 ligheten
252 1076 25 21 af
298 1079 34 19 att
354 1078 81 26 posten
454 1076 7 21 i
477 1076 27 22 de
520 1076 73 29 årliga
608 1076 175 29 statsförslagen
800 1076 76 22 blefve

125 1110 126 30 lämpligen
272 1110 68 22 delad
359 1110 8 22 i
382 1113 93 23 tvänne,
491 1119 28 13 en
534 1111 36 21 för
584 1113 91 19 remont
689 1110 43 22 och
747 1118 29 14 en
791 1111 35 21 för
841 1110 35 22 så-

126 1144 60 23 dana
210 1149 86 17 smärre
320 1144 175 30 nybyggnader,
521 1152 48 14 som
595 1144 88 30 påförts
709 1145 63 21 detta
797 1145 78 25 konto,

126 1180 149 28 hvarigenom
291 1180 28 21 de
335 1180 74 28 årliga
423 1179 128 29 utgifterna
566 1180 36 21 för
616 1182 120 19 remonten
752 1179 26 22 af
792 1180 27 20 de
835 1179 41 21 mi-

125 1214 69 21 litära
217 1214 165 28 byggnaderna
408 1216 57 19 utan
490 1214 113 22 särskilda
632 1213 246 29 sammanställningar

125 1248 131 28 framginge
272 1248 26 21 af
310 1247 225 29 statsräkenskapen.

194 1316 85 22 Posten
296 1317 82 20 diverse
398 1317 84 26 anslag,
497 1315 94 22 hvilken
606 1316 7 21 i
630 1315 116 29 budgeten
762 1315 36 22 för
812 1316 64 21 inne-

125 1351 101 22 varande
248 1350 155 29 finansperiod
427 1351 119 28 upptagits
568 1350 37 22 till
626 1349 60 22 Fmk
704 1351 122 26 62,000:
811 1345 13 38 —
841 1349 36 22 för

126 1385 32 27 år,
179 1385 43 21 har
244 1384 79 21 blifvit
345 1384 55 27 höjd
420 1384 36 21 till
472 1384 59 21 Fmk
548 1385 82 26 73,000:
643 1397 20 2 -—
682 1390 37 15 om
735 1384 56 21 året,
820 1383 57 21 För-

125 1421 64 19 utom
204 1418 29 21 de
247 1425 48 21 nya
316 1418 86 28 anslag,
418 1425 49 14 som
484 1418 90 21 beröras
588 1417 9 21 i
612 1417 44 21 den
672 1417 86 29 nädiga
773 1417 104 29 proposi-

127 1453 85 26 tionen,
236 1452 72 23 hafva
332 1452 135 22 tillkommit
491 1459 46 22 nya
562 1452 43 22 och
624 1451 106 30 förhöjda
745 1452 81 29 anslag
840 1451 37 22 för

194 1499 143 18 Statsuishottets
350 1499 110 18 betänkande
471 1499 37 17 N:o
520 1499 18 17 3.
