1059 1748
447 156 52 22 N:o
516 156 51 24 29.

336 418 74 26 Hans
429 418 178 33 Kejserliga
625 419 159 32 Majestäts
802 418 80 32 nådiga

270 465 137 32 proposition
435 465 34 25 till
487 465 102 25 Finlands
605 465 95 25 Ständer
723 465 47 25 med
793 465 89 31 förslag

268 511 34 24 till
325 511 132 31 förordning
480 518 33 18 om
531 511 93 31 ändring
647 511 26 25 af
691 511 113 25 särskilda
822 511 59 25 stad-

269 556 86 31 ganden
382 557 8 24 i
417 556 159 32 förordningen
604 555 114 33 angående
744 556 137 32 försäljning

269 601 40 24 och
334 602 153 31 utskänkning
514 602 26 24 af
567 602 148 31 maltdrycker
741 602 27 24 af
792 602 40 24 den
866 601 14 24 2

267 647 60 32 April
354 647 71 32 1883,
447 647 7 24 i
474 648 59 24 vissa
551 648 63 25 delar
632 647 83 25 ändrad
733 655 78 24 genom
828 647 50 25 för-

268 693 150 31 ordningarna
437 693 40 24 den
495 693 14 24 9
528 693 51 25 Juni
597 693 64 25 1892
674 693 39 25 och
726 693 41 25 den
779 692 30 26 10
819 692 61 33 April

270 738 72 25 1895.

203 806 105 21 Emedan
319 806 161 29 stadgandena
491 807 120 28 angående
621 807 154 28 tillverkning
785 807 42 21 och
836 808 46 19 för-

132 841 103 28 säljning
251 841 26 21 af
285 841 101 22 bränvin
394 842 43 21 och
444 841 159 28 spritdrycker
610 844 61 19 samt
678 849 37 14 om
725 841 157 28 maltdrycker

133 876 43 22 och
199 876 72 22 andra
293 883 97 21 svagare
413 876 138 28 rusdrycker
573 876 136 22 tillkommit
730 876 74 22 under
819 876 63 21 olika

131 910 67 28 tider,
221 910 75 22 förete
315 910 180 29 ifrågavarande
510 910 146 28 stadganden
670 910 120 22 bristande
805 910 76 22 öfver-

132 944 173 22 ensstämmelse
325 944 71 22 äfven
410 945 8 21 i
434 944 87 22 sådana
537 944 130 28 afseenden,
684 945 8 20 i
706 944 82 22 hvilka
803 952 29 14 en
847 945 34 21 öf-

132 979 227 22 verensstämmande
375 979 151 29 lagstiftning
540 986 55 15 vore
610 979 87 28 möjlig.
721 978 103 22 Sålunda
839 986 43 21 ega

131 1013 241 29 landskommunerna,
389 1013 74 29 enligt
480 1016 11 19 2
507 1015 14 26 &
535 1014 8 21 i
553 1013 168 29 förordningen
732 1020 37 15 om
779 1013 103 22 tillverk-

131 1048 59 28 ning
205 1048 26 22 af
244 1048 100 22 bränvin
360 1048 27 22 af
399 1048 46 22 den
460 1051 12 19 9
487 1048 58 22 Juni
562 1050 59 27 1892,
637 1050 48 20 rätt
699 1050 36 20 att
748 1052 73 24 vägra
836 1048 46 22 till-

132 1083 70 22 ständ
216 1082 39 22 till
269 1083 147 29 anläggande
431 1083 26 21 af
471 1083 109 22 bränneri
595 1083 63 22 inom
673 1084 152 21 kommunens
835 1090 47 15 om-

132 1118 62 28 råde,
210 1118 121 21 hvaremot
346 1118 73 22 sådan
433 1120 48 19 rätt
495 1118 52 22 icke
563 1118 140 22 tillkommer
710 1118 172 22 landskommu-

87 1150 28 10 ””
131 1160 73 14 nerna
218 1152 9 22 i
242 1152 67 28 fråga
325 1159 38 15 om
372 1152 145 28 anläggning
528 1153 25 21 af
562 1152 110 28 bryggeri
682 1152 37 22 för
729 1152 153 28 tillverkning

132 1187 26 22 af
179 1186 162 29 maltdrycker.
374 1187 83 29 Enligt
477 1189 24 19 21
521 1188 14 26 8
554 1188 9 20 i
580 1186 168 29 förordningen
763 1186 119 28 angående

132 1222 141 28 försäljning
295 1221 24 21 af
343 1222 99 21 bränvin
465 1222 43 21 och
531 1221 71 22 andra
624 1221 89 22 brända
733 1220 56 22 eller
808 1220 75 22 distil-

133 1256 78 22 lerade
242 1255 159 29 spritdrycker
428 1256 27 22 af
481 1256 101 22 nämnda
603 1256 45 28 dag
663 1259 26 18 är
703 1255 178 22 minuthandeln

132 1290 53 22 med
206 1290 101 22 bränvin
329 1290 44 22 och
395 1290 158 28 spritdrycker
574 1290 124 28 förbjuden
720 1290 74 22 under
808 1290 75 21 mark-

132 1324 72 23 nader
228 1324 43 22 och
296 1324 126 30 torgdagar
447 1327 60 19 samt
531 1324 76 30 dagen
631 1324 156 28 derförinnan,
816 1324 66 21 hvar-

130 1360 72 28 jemte
231 1359 157 29 länestyrelse,
419 1360 74 27 enligt
522 1367 87 14 samma
639 1358 135 29 stadgande,
797 1362 26 17 är
847 1358 35 21 be-

132 1393 103 28 rättigad
255 1395 35 19 att
308 1393 143 21 omedelbart
466 1393 57 20 eller
537 1393 30 27 på
582 1391 174 29 framställning
771 1391 26 22 af
810 1391 73 22 lokal-

132 1427 138 28 myndighet
293 1427 109 28 förbjuda
424 1427 45 21 slik
491 1426 86 21 handel
591 1426 87 28 jemväl
693 1426 41 21 vid
749 1425 73 22 andra
836 1425 48 21 till-

131 1461 81 28 fällen,
232 1460 31 23 dä
281 1463 73 20 större
373 1461 152 28 folksamling
543 1468 53 21 eger
611 1468 56 14 rum.
697 1460 124 22 Likaledes
836 1460 47 22 kan
