1075 1761
469 137 40 21 N:o
525 137 33 22 21.
847 138 12 19 5

137 205 87 22 hafvare
240 205 22 22 af
274 205 44 22 fast
334 207 109 26 egendom,
459 206 71 22 derest
546 205 101 23 elektrisk
658 205 129 28 anläggning
802 205 86 28 pröfvas

137 246 52 15 vara
208 240 24 21 af
248 240 133 22 allmännare
397 240 116 27 betydelse,
536 241 75 20 kunna
633 240 87 27 åläggas
739 241 34 20 att
791 241 45 21 mot
849 239 38 22 full

137 275 121 26 ersättning
273 275 56 21 afstå
339 274 75 27 nödigt
428 275 87 21 område
529 274 34 22 för
582 275 40 20 den
633 274 33 21 till
681 274 154 27 anläggningen
850 274 37 22 hö-

136 309 69 21 rande
227 308 87 28 ledning
336 308 51 22 eller'
408 308 46 22 tåla
477 309 40 21 den
536 308 177 27 inskränkning
703 304 14 36 i
732 308 33 22 sin
787 309 46 21 rätt
855 310 34 20 att

136 343 98 28 begagna
248 343 103 27 området,
369 349 46 15 som
429 342 34 22 för
479 342 56 28 dylik
550 342 86 28 ledning
652 342 117 26 erfordras;
785 342 38 22 och
833 343 55 21 skall

136 378 8 20 i
159 378 79 22 sådant
252 377 37 23 fall
298 377 93 23 förfaras
405 378 29 27 pä
447 379 46 21 sätt
507 378 62 28 lagen
585 384 34 16 om
635 377 159 28 expropriation
811 377 22 22 af
845 377 44 22 fast

137 413 103 27 egendom
254 413 35 21 för
304 412 90 22 allmänt
407 412 66 22 behof
485 412 85 22 förmår.

489 476 48 28 48.

204 516 63 22 Hvad
281 516 8 22 i
306 517 25 21 12
346 517 12 27 &
373 517 28 21 34
415 516 56 28 Kap.
487 516 39 22 och
544 517 8 20 18
566 516 48 27 35
626 516 55 27 Kap.
693 515 126 28 strafflagen
830 516 58 21 stad-

137 557 38 21 gas
198 551 111 27 angäende
331 551 120 22 hindrande
469 551 50 22 eller
537 550 103 22 störande
656 550 23 22 af
692 550 78 22 allmän
789 550 100 28 telegraf-

137 585 51 22 eller
203 585 164 22 telefonanstalt
382 587 55 20 samt
453 591 34 16 om
503 584 149 28 skadegörelse
668 585 12 20 ä
695 584 92 28 telegraf
796 584 51 22 eller
857 586 31 19 te-

136 619 56 23 lefon
208 626 38 21 ege
260 619 153 23 motsvarande
431 619 135 28 tillämpning
581 619 79 28 jemväl
676 619 12 22 &
703 619 68 22 sädan
787 619 102 22 elektrisk

136 655 138 28 anläggning,
289 660 46 17 som
350 655 7 21 i
373 654 70 23 denna
457 654 35 29 lag
508 654 140 23 omförmäles.

204 689 46 22 Har
266 690 70 27 nägon
355 689 80 22 skadat
457 689 50 22 eller
529 689 50 22 sökt
601 689 68 22 skada
687 689 58 27 dylik
759 689 130 28 anläggning

136 724 70 22 under
221 724 82 22 sådana
317 723 155 28 förhållanden,
487 731 46 15 som
551 724 7 22 i
578 725 26 20 10
620 724 11 27 $
648 725 27 20 34
690 723 55 28 Kap.
761 723 127 28 strafflagen

138 759 62 26 afses,
217 758 83 23 straffes
316 760 72 21 säsom
403 759 38 22 der
457 761 23 20 är
496 759 108 28 stadgadt.

488 824 13 20 5
517 823 19 27 8.

204 863 47 21 Den
266 869 47 16 som
328 865 53 19 utan
397 863 97 21 tillstånd
510 863 51 22 eller
576 863 7 21 i
598 863 55 21 strid
669 864 57 20 emot
741 863 26 21 de
781 863 36 21 vid
831 862 57 21 med-

137 897 90 23 delande
242 897 23 22 af
278 897 99 22 tillständ
398 897 58 27 gifna
477 897 134 22 föreskrifter
632 898 95 21 inrättar
741 897 51 21 eller
807 897 82 27 nyttjar

136 932 137 28 anläggning,
288 938 46 16 som
350 932 7 21 i
373 932 70 22 denna
457 932 35 28 lag
508 932 62 28 afses,
586 931 84 23 straffes
686 932 48 22 med
748 932 63 22 böter
825 932 63 27 högst

136 967 128 22 femhundra
279 967 67 27 mark,
363 967 37 22 der
416 967 17 27 ej
450 968 87 22 svärare
553 967 63 22 straff
630 969 24 19 är
669 966 7 22 i
690 966 36 28 lag
741 967 107 27 stadgadt.

206 1002 40 21 Till
261 1002 89 22 rättelse
365 1002 7 22 i
387 1002 55 22 hvad
459 1002 98 28 olofligen
572 1002 58 22 skett
646 1008 37 20 ege
699 1001 112 22 Guvernör
821 1002 67 21 hand-

136 1036 104 27 räckning
255 1036 62 28 gifva,
333 1038 40 20 när
387 1036 48 22 skäl
451 1036 72 22 dertill
538 1039 44 19 äro.

205 1071 77 21 Denna
297 1071 35 27 lag
347 1071 54 22 skall
417 1071 63 21 träda
495 1072 6 20 i
517 1072 58 21 kraft
591 1071 38 22 den
