1078 1756
347 162 71 23 Ständ.
434 163 33 22 Sv.
482 176 29 3 —
527 163 58 27 Prop.
603 163 36 22 N:o
656 163 32 21 17.
859 164 26 19 47

482 227 27 19 22
524 226 20 28 8.

206 259 69 26 Öfver
290 264 195 29 syneförrättning
500 265 57 21 skall
571 268 117 25 upprättas
704 265 100 28 skriftlig
817 265 69 22 hand-

136 297 50 29 ling
202 297 42 22 och
261 299 47 20 deri
323 299 88 28 intagas
424 298 85 28 jemväl
522 299 180 28 synenämndens
712 299 82 28 utslag,
805 299 39 22 der
855 301 31 20 så-

136 332 55 22 dant
213 332 131 27 meddelats,
367 333 51 21 med
441 333 138 29 anteckning
599 341 36 14 om
650 334 74 27 dagen
739 333 36 22 för
790 333 49 22 dess
855 333 31 22 af-

136 367 128 21 kunnande.
294 367 35 21 Af
342 367 215 29 syneinstrumentet
573 368 58 22 skall
647 371 32 18 ett
694 368 114 29 exemplar
818 367 68 30 utgif-

135 409 41 14 vas
193 401 34 22 till
242 401 86 22 enhvar
343 401 25 22 af
381 404 110 26 parterne.

483 467 26 20 23
525 466 20 28 8.

205 505 159 21 Kostnaderna
383 505 36 22 för
433 505 162 29 tillträdessyn,
612 513 48 14 som
675 506 7 21 i
698 507 26 20 16
740 506 14 28 &
770 506 116 21 omförmä-

136 539 39 27 les,
191 539 64 22 skola
270 539 110 22 bestridas
396 539 25 22 af
433 539 162 29 legogifvaren.
621 539 114 22 Förrättas
746 547 44 22 syn
800 541 6 20 i
817 540 71 21 andra

137 574 47 26 fall,
207 573 80 30 pröfve
312 574 176 28 symenämnden,
511 574 113 22 huruvida
648 575 152 21 kostnaderna
825 575 63 22 skola

137 609 78 29 gäldas
231 608 25 21 af
270 609 82 21 endera
367 611 80 26 parten
463 609 54 22 eller
532 609 25 21 af
570 612 105 26 parterne
690 612 145 26 gemensamt.

483 674 27 20 24
525 672 20 29 8.

206 712 69 29 Nöjes
298 713 20 28 ej
342 715 51 27 part
415 713 50 21 med
489 713 152 28 synenämnds
660 713 116 22 utlätande
792 713 38 22 vid
845 713 42 22 till-

137 747 127 30 trädessyn,
289 747 83 29 begäre
397 747 62 22 inom
483 755 28 14 en
535 748 81 21 mänad
640 747 98 22 derefter
759 748 42 21 hos
823 755 65 21 syne-

137 783 125 21 nämndens
281 782 136 22 ordförande
439 789 44 21 syn
498 782 25 22 af
536 782 110 22 förstärkt
661 783 147 27 synenämnd;
824 783 64 21 ställe

139 817 43 22 ock
197 816 105 23 säkerhet
317 816 36 22 för
368 816 126 22 kostnaden
509 817 38 21 vid
563 824 79 21 synen.
674 816 75 22 Sädan
765 824 43 21 syn
823 817 64 25 skall,

139 854 24 19 sä
188 851 46 21 fort
259 851 39 21 ske
323 851 52 25 kan,
398 851 69 21 hällas
490 851 26 21 af
535 852 28 21 de
581 854 115 25 synemän,
716 858 48 15 som
778 851 110 22 verkstält

138 886 191 28 tillträdessynen,
352 886 123 21 förstärkte
497 886 51 22 med
571 888 89 24 tvenne,
680 888 30 26 pä
724 885 162 23 ordförandens

138 921 156 25 föranstaltan,
311 920 25 22 af
350 920 151 22 ordföranden
516 921 7 21 i
539 920 241 22 kommunalstämman
794 920 94 22 utsedde

139 958 116 26 synemän.
287 955 42 21 Om
344 955 45 21 den
404 954 122 23 förstärkta
540 954 172 30 synenämnden
727 955 43 22 och
780 962 49 21 syn,
841 962 47 15 som

139 990 25 22 af
187 990 73 21 denna
285 989 113 26 förrättas,
424 990 58 27 gälle
506 989 36 23 för
565 990 91 28 öfrigti
672 989 133 29 tillämpliga
827 990 61 21 delar

138 1024 61 22 hvad
221 1024 70 22 ofvan
314 1024 9 21 i
340 1024 62 22 detta
426 1024 84 28 kapitel
533 1027 24 19 är
579 1024 71 28 sagdt.
682 1019 69 27 Öfver
766 1024 122 25 utlåtande,

139 1066 49 15 som
213 1058 25 22 af
260 1059 110 22 förstärkt
394 1059 141 28 synenämnd
559 1058 130 26 meddelats,
713 1060 37 20 må
768 1058 19 29 ej
803 1059 85 28 klagas,

139 1096 64 19 utom
217 1093 7 21 i
239 1094 47 25 fall,
302 1100 48 14 som
365 1094 8 20 i
388 1095 26 19 25
430 1093 15 28 $
463 1093 150 21 omförmälas.

208 1122 33 27 Är
265 1130 51 26 part
338 1127 109 28 missnöjd
469 1128 50 21 med
541 1128 82 27 utslag,
646 1134 48 14 som
710 1126 25 22 af
748 1126 141 29 synenämnd

140 1162 39 22 vid
198 1169 76 15 annan
296 1170 43 20 syn
361 1162 60 26 fälts,
445 1162 54 22 söke
519 1162 97 27 ändring
631 1162 47 20 deri
693 1161 39 21 vid
748 1161 96 22 domstol
859 1163 29 26 pä

140 1196 120 28 stämning,
276 1204 49 14 som
340 1196 61 22 inom
416 1199 34 18 tre
465 1196 106 22 mänader
586 1196 57 22 efter
659 1203 72 21 synen
740 1196 149 28 vederparten

140 1230 112 22 tillställas
268 1231 66 25 skall;
350 1230 65 28 eljest
430 1238 53 14 vare
498 1230 181 30 synenämndens
695 1230 74 28 utslag
785 1230 104 28 gällande

141 1265 43 21 och
199 1267 74 27 gänge
289 1266 7 20 i
310 1265 173 28 verkställighet
498 1267 29 27 pä
542 1268 45 19 sätt
603 1272 36 14 om
654 1264 119 29 skiljedom
788 1264 8 22 i
808 1264 81 22 Utsök-

141 1300 136 28 ningslagen
292 1300 98 28 stadgas.

487 1360 26 18 25
529 1357 20 28 8.

210 1396 46 21 Vill
278 1398 78 25 nägon
370 1396 69 28 klaga
454 1396 105 22 deröfver
574 1398 33 19 att
623 1402 108 21 syneman
746 1396 57 20 varit
816 1395 75 27 jäfvig

142 1430 54 22 eller
212 1430 25 21 af
250 1437 74 14 annan
340 1430 66 22 orsak
422 1430 113 28 obehörig,
552 1430 53 21 eller
621 1431 32 20 att
668 1436 75 14 annan
756 1428 136 29 felaktighet

142 1465 39 22 vid
197 1471 83 22 synens
301 1465 140 22 förrättande
456 1467 38 26 egt
510 1471 56 19 rum,
582 1464 55 22 söke
651 1464 91 21 rättelse
758 1463 46 22 deri
819 1465 73 20 säsom
