1700 1923
661 250 72 23 Ständ.
749 251 35 23 Sv.
801 265 26 2 —
844 252 60 28 Prop.
921 252 35 22 N:o
971 252 37 22 23.
1181 254 25 18 21

456 312 133 22 tuberkulos
611 313 146 27 förekomma,
774 314 29 21 all
825 314 32 21 till
881 314 104 28 mejeriet
1006 314 116 22 inlemnad
1136 314 72 28 mjölk

456 346 57 22 skall
527 347 170 28 pasteuriseras,
720 348 41 21 har
783 348 169 28 Ridderskapet
970 349 43 21 och
1031 348 76 22 Adeln
1122 348 36 21 för
1173 348 35 21 sin

456 380 36 21 del
515 383 76 19 ansett
613 381 108 22 innebära
743 384 34 19 ett
800 384 72 20 större
894 384 72 26 tvång
983 383 35 21 för
1036 382 170 28 mejeriegaren,

456 417 28 18 än
510 415 38 21 det
574 416 93 21 afsedda
693 416 128 21 ändamålet
845 416 138 22 erfordrade.
1023 416 183 22 Tuberkulosens

455 449 120 28 spridning
591 450 34 21 till
647 450 62 21 förut
731 450 150 22 obesmittade
897 451 136 28 ladugårdar
1048 451 67 21 torde
1129 450 78 22 nämli-

454 489 46 21 gen
516 483 39 21 ske
571 484 193 29 hufvudsakligen
782 485 137 28 derigenom,
936 487 34 19 att
985 485 23 21 af
1023 485 185 21 tuberkelsmitta

455 517 129 22 infekterad
599 518 71 28 mjölk
686 519 115 22 användes
816 519 35 21 till
866 519 147 28 uppfödande
1029 519 22 21 af
1066 519 140 25 nötkreatur,

454 552 53 21 med
522 552 107 22 afseende
644 553 71 22 hvarä
729 553 178 29 pasteurisering
923 553 23 21 af
960 553 59 22 blott
1038 553 45 22 den
1097 553 36 21 till
1144 553 64 21 detta

455 587 95 21 ändamål
575 587 104 21 använda
693 587 101 28 mjölken
809 590 65 26 synts
889 595 54 14 vara
959 587 132 29 tillräckligt
1102 587 105 22 verksam

454 620 36 22 för
506 623 34 19 att
554 621 82 22 hindra
651 621 174 22 tuberkulosens
841 622 121 29 spridning
972 629 83 21 genom
1065 621 141 28 mejerierna.

454 655 169 28 Ridderskapet
639 657 43 20 och
699 656 75 22 Adeln
788 657 41 21 har
846 657 75 21 derför
936 657 124 28 föreslagit,
1077 659 34 19 att
1125 657 81 28 ifräga-

454 690 100 21 varande
570 691 127 28 stadgande
719 692 70 20 mätte
813 691 152 28 omredigeras
981 691 92 26 derhän,
1090 693 33 19 att
1140 691 44 21 den
1199 691 8 21 i

453 727 127 19 momentet
599 725 119 21 omnämda
740 725 207 29 pasteuriseringen
962 725 73 22 skulle
1050 726 60 27 gälla
1125 725 82 22 endast

453 759 51 21 frän
519 759 79 22 mejeri
613 759 117 22 levererad
746 760 74 21 skum-
836 761 42 21 och
892 760 135 28 kärnmjölk.

522 793 80 23 Under
617 794 170 29 förutsättning,
804 797 33 19 att
853 794 152 29 stadgandeti
1016 795 55 21 sista
1081 797 126 19 momentet

454 829 23 20 af
501 831 26 18 27
553 829 13 28 8
590 829 71 28 gäller
684 829 43 21 alla
749 829 333 28 gräddafsöndringsmaskiner
1098 829 43 22 och
1155 829 51 22 icke

455 863 81 22 endast
552 866 147 26 separatorer,
716 864 69 22 hafva
801 865 129 20 Ständerna
945 866 76 19 ansett
1029 864 49 21 skäl
1088 864 51 21 icke
1149 864 57 21 före-

453 897 76 22 finnas
545 899 34 20 att
593 897 84 22 föreslä
691 899 77 27 nägon
782 898 135 28 förändring
932 898 23 22 af
970 898 74 22 denna
1054 898 152 28 bestämning.

797 986 14 20 4
825 985 59 28 Kap.

522 1036 12 21 I
557 1038 10 18 1
587 1043 66 14 mom.
675 1036 22 21 af
716 1038 27 19 28
759 1037 13 28 &
790 1036 69 22 hafva
874 1037 128 21 Ständorna
1021 1038 58 19 trott
1098 1036 35 29 sig
1152 1037 55 21 böra

452 1070 84 21 föreslå
552 1072 34 19 ett
601 1070 82 29 tillägg
699 1071 82 25 derom,
798 1073 34 19 att
843 1071 22 21 af
874 1071 62 21 inom
947 1071 172 22 stadskommun
1129 1071 77 21 bosatt

454 1104 120 29 djuregare
597 1105 113 21 tillkallad
732 1105 129 28 sakkunnig
885 1113 83 21 person
991 1105 40 22 bör
1054 1113 54 14 vara
1129 1105 77 22 bosatt

453 1139 61 22 inom
532 1139 144 26 kommunen,
699 1141 26 26 ty
743 1139 8 21 i
769 1147 75 14 annan
861 1139 108 22 händelse
985 1140 77 21 kunde
1077 1139 129 22 kostnaden

452 1173 36 22 för
503 1173 154 29 värderingen
675 1173 72 22 blifva
763 1174 64 21 öfver
842 1174 86 22 höfvan
946 1177 53 18 stor.
1023 1174 36 21 En
1074 1174 131 29 tilläggsbe-

454 1208 115 28 stämning
590 1208 8 21 i
621 1215 84 15 samma
723 1211 100 19 moment
839 1216 43 18 om,
899 1211 34 19 att
949 1208 119 29 djuregare
1083 1211 30 26 pä
1127 1209 79 21 landet

452 1242 72 22 borde
538 1242 78 22 kunna
631 1242 95 22 tillkalla
741 1243 110 28 antingen
866 1251 29 13 en
909 1243 23 21 af
947 1243 136 28 tingslagets
1098 1243 107 21 nämnde-

452 1280 53 18 män
530 1277 54 21 eller
609 1277 68 22 ocksä
699 1279 76 26 nägon
797 1277 22 22 af
841 1278 150 21 kommunens
1013 1277 191 26 förtroendemän,

452 1311 81 21 hvaraf
554 1311 51 22 icke
627 1313 76 26 nägon
725 1312 122 27 olägenhet
865 1312 65 21 torde
952 1319 55 14 vara
1029 1314 34 19 att
1080 1311 84 26 befara,
1182 1315 23 18 är

453 1345 72 29 enligt
541 1345 140 22 Ständernas
697 1346 58 28 äsigt
771 1346 120 26 önskvärd,
908 1346 48 21 dels
971 1346 95 21 emedan
1076 1347 129 21 kostnaden

452 1380 36 21 för
506 1380 153 29 värderingen
677 1381 8 20 i
703 1383 82 25 mänga
800 1381 41 21 fall
855 1381 133 28 härigenom
1003 1381 136 25 minskades,
1156 1381 48 21 dels

453 1417 48 18 äter
516 1416 30 27 pä
562 1415 44 21 den
621 1415 75 28 grund
712 1417 33 19 att
760 1415 151 22 nämndeman
925 1415 51 21 icke
992 1415 65 22 alltid
1072 1418 24 19 är
1111 1415 94 28 lämplig

452 1449 36 21 för
503 1450 34 20 ett
552 1449 81 21 sädant
649 1449 110 29 uppdrag.

521 1483 45 20 För
588 1485 34 18 att
644 1483 35 20 för
702 1483 136 27 djuregaren
857 1483 130 21 underlätta
1002 1483 203 21 utbekommandet

452 1517 23 21 af
490 1513 256 32 "ersättningsbeloppet
767 1517 78 20 kunde
867 1517 8 20 i
897 1517 55 21 sista
969 1519 125 19 momentet
1109 1517 24 20 af
1148 1518 26 19 28
1190 1517 14 28 &

452 1550 85 22 införas
563 1559 28 13 en
616 1550 238 29 tilläggsbestämning
877 1551 84 26 derom,
985 1553 33 19 att
1041 1551 64 22 detta
1119 1551 84 29 belopp
