1084 1742
186 145 27 19 70
388 143 29 22 U.
433 143 28 22 B.
476 156 27 2 —
518 144 73 27 Prop.
608 144 40 22 N:o
665 143 35 23 17.

186 211 47 21 vidt
254 211 58 21 detta
335 218 62 22 synes
420 211 133 28 nödvändigt
571 212 34 20 för
620 214 31 19 att
666 211 83 28 skydda
764 211 124 29 jordegaren
904 211 34 21 för

186 244 77 22 sådant
284 245 125 28 tillyörande
432 245 47 21 från
502 245 116 21 brukarens
641 246 53 26 sida,
716 253 46 13 som
778 245 71 21 kunde
864 244 73 22 ästad-

186 280 85 20 komma
292 279 116 29 förargelse
431 280 40 21 och
487 280 64 21 verka
567 280 159 28 depraverande
742 279 28 29 pä
784 280 153 28 omgifningen.

186 313 34 29 Ty
236 313 36 22 det
286 314 41 21 kan
343 314 48 22 icke
406 321 61 14 anses
483 314 73 28 riktigt
571 318 31 17 att
616 317 52 18 utan
676 314 116 28 tvingande
805 314 46 21 skäl
861 314 76 24 tilläta,

187 350 32 18 att
240 351 31 17 ett
291 348 23 20 af
334 347 135 29 legotagaren
488 348 104 28 begänget
608 348 56 20 brott
679 348 54 20 skall
748 348 95 21 medföra
858 356 26 13 en
901 348 38 28 pä-

187 382 59 28 följd,
255 389 44 14 som
316 382 99 28 vanligen
431 382 92 21 drabbar
536 382 78 21 honom
630 382 50 20 vida
694 385 74 25 tyngre
784 384 26 19 än
823 382 37 21 det
871 382 67 24 straff,

186 416 86 21 hvartill
287 416 41 22 han
343 423 77 21 genom
435 416 78 28 sjelfva
528 416 78 22 brottet
621 417 55 27 gjort
691 417 33 27 sig
738 416 105 22 förfallen.

256 450 47 22 Den
320 451 5 20 i
341 451 159 27 propositionen
521 450 121 29 föreslagna
658 452 11 19 1
686 450 100 29 punkten,
803 451 66 27 enligt
884 451 54 21 hvil-

187 485 42 21 ken
253 484 104 22 brukaren
379 484 68 22 skulle
470 485 100 21 förverka
590 485 124 27 legorätten,
736 493 33 13 om
790 485 41 21 han
847 486 18 27 ej
882 486 55 20 inom

188 526 39 14 sex
249 519 101 21 mänader
373 519 54 21 efter
449 519 40 21 den
513 519 111 21 faststälda
648 519 177 27 betalningstiden
842 520 97 28 erlägger

188 553 68 27 legan,
272 553 38 21 bör
331 554 66 26 enligt
413 553 121 21 Utskottets
549 554 65 20 tanke
629 554 56 26 utgä,
694 554 88 21 emedan
794 554 147 28 legogifvaren

188 589 23 19 är
226 588 6 20 i
247 587 84 21 tillfälle
354 590 31 18 att
407 588 77 20 utsöka
506 588 36 20 det
564 588 154 27 legovederlag,
733 595 45 14 som
795 588 66 28 enligt
876 588 42 21 den
933 588 8 20 i

189 622 26 20 16
230 622 41 26 (15)
287 622 12 26 &
315 621 128 21 föreskrifna
465 621 66 28 ärliga
547 622 89 27 räkning
650 622 48 20 icke
713 623 23 19 är
751 622 109 22 inbetaldt.
889 622 51 21 Ifall

188 655 63 29 legan
272 656 19 28 ej
307 656 41 20 kan
364 663 76 21 genom
455 656 116 27 utsökning
586 655 63 24 utfäs,
664 656 38 20 har
718 656 104 21 brukaren
837 656 61 21 räkat
914 657 27 27 pä

189 689 77 22 sådant
281 689 110 23 obestånd,
406 693 31 18 att
451 690 42 21 han
509 690 166 28 uppenbarligen
692 690 17 28 ej
726 690 41 21 kan
782 690 90 28 fullgöra
883 691 58 27 lego-

188 724 102 27 vilkoren,
313 723 39 22 och
376 724 40 21 kan
442 724 103 21 brukaren
564 724 83 21 således
661 724 82 28 jemlikt
758 726 27 20 42
801 726 41 26 (35)
857 727 13 26 $
889 733 52 21 upp-

188 760 68 27 sägas,
279 766 33 14 om
335 759 41 21 ban
400 760 18 27 ej
442 760 56 20 inom
518 765 30 15 tre
564 759 101 21 månader
680 759 72 21 ställer
766 759 127 28 erforderlig
907 762 34 18 sä-

188 793 80 21 kerhet.

257 834 11 21 I
283 836 13 19 4
311 835 27 25 (3)
354 834 94 28 punkten
471 834 38 21 bör
530 834 77 28 jemväl
623 834 156 28 nedläggandet
794 834 22 21 af
830 834 57 22 förut
903 835 37 21 be-

187 868 89 21 stående
298 872 48 24 torp
369 868 52 21 eller
443 868 141 21 förändrande
608 869 22 20 af
645 869 97 20 vilkoren
757 868 34 21 för
806 869 68 28 dylikt
890 872 50 18 atan

188 903 157 27 legogifvarens
367 903 116 27 samtycke,
505 903 73 20 hvilka
597 903 36 20 fall
650 903 5 20 i
671 903 27 20 40
714 903 42 25 (33)
772 904 12 26 $
800 903 141 26 omförmälas,

187 938 64 27 jemte
273 936 81 28 olofligt
370 936 129 29 upplåtande
522 937 24 20 af
568 937 92 28 legojord
685 937 32 20 till
743 944 76 19 annan,
837 937 103 21 erkännas

188 971 70 22 såsom
281 971 63 21 orsak
366 971 33 21 till
414 971 130 28 legorättens
558 971 148 26 förverkande,
722 973 50 19 enär
786 972 77 27 jemväl
878 972 63 21 först-

189 1005 91 22 nämnda
302 1005 99 28 åtgärder
422 1006 72 21 kunna
515 1006 75 21 utöfva
605 1009 31 18 ett
650 1009 54 18 stort
719 1006 40 21 och
775 1006 119 29 långvarigt
909 1008 32 19 in-

188 1040 93 28 flytande
303 1039 28 29 på
353 1039 159 22 förhållandena
536 1040 12 21 å
571 1040 132 28 lägenheten.
732 1040 80 21 Senare
834 1040 62 22 delen
919 1041 22 21 af

188 1075 71 20 denna
274 1075 68 28 punkt
357 1075 60 27 ingår
432 1075 46 20 åter
493 1075 69 21 såsom
579 1075 67 28 punkt
662 1076 25 20 11
704 1076 6 19 i
723 1075 120 22 Utskottets
854 1075 87 29 förslag,

188 1109 65 21 likväl
274 1109 29 28 på
322 1109 51 26 skäl,
397 1117 44 13 som
465 1109 35 21 vid
524 1109 61 28 fråga
607 1117 33 13 om
659 1111 27 20 40
702 1111 42 25 (33)
761 1110 11 27 $
788 1110 88 26 anförts,
892 1110 48 21 med

188 1143 66 21 sådan
276 1143 97 28 ändring,
391 1146 31 18 att
442 1143 130 28 upplåtande
588 1143 23 21 af
627 1143 74 21 bostad
718 1143 82 22 medför
812 1144 127 27 legorättens

188 1177 77 21 förlust
279 1177 76 21 endast
369 1178 6 20 i
392 1177 100 21 händelse
507 1178 23 20 af
546 1178 71 21 derom
629 1178 30 20 uti
671 1177 123 28 legoaftalet
807 1179 80 26 intaget
897 1178 44 21 för-

188 1211 43 22 bud
247 1211 39 21 och
303 1219 33 13 om
353 1211 110 24 brukaren,
479 1211 65 22 ehuru
559 1212 73 21 derom
648 1213 90 25 erinrad,
753 1211 47 23 icke
810 1212 47 21 från
869 1213 71 28 lägen-

188 1246 63 21 heten
272 1245 105 28 aflägsnar
391 1246 32 21 till
438 1247 38 20 sitt
490 1244 87 23 husfolk
591 1247 19 27 ej
626 1246 94 21 hörande
735 1253 82 21 person,
832 1254 45 14 som
894 1247 46 21 icke

188 1282 24 19 är
227 1281 6 19 i
248 1282 41 19 rätt
304 1287 54 20 upp-
373 1280 51 20 eller
439 1280 140 26 nedstigande
594 1281 116 26 skyldskap
726 1281 32 19 till
773 1281 106 20 brukaren
889 1281 52 20 eller

188 1313 53 20 hans
256 1313 79 21 hustru.

257 1352 134 28 Stadgandet
415 1354 4 19 i
443 1354 12 19 5
479 1354 26 25 (4)
526 1353 94 28 punkten
642 1353 38 20 har
704 1353 30 21 till
759 1353 114 22 innehållet
896 1353 44 22 för-

188 1387 86 22 ändrats
289 1394 76 21 genom
381 1387 40 22 den
437 1388 6 20 i
460 1388 25 20 37
502 1389 41 26 (30)
559 1388 12 27 $
588 1387 99 28 vidtagna
704 1388 90 28 ändring
810 1388 130 22 beträffande

188 1421 101 22 förbudet
303 1425 31 18 att
350 1421 95 22 bortföra
459 1421 64 21 foder
537 1421 47 22 från
598 1422 131 28 lägenheten.

256 1497 53 21 Lag-
321 1496 33 18 och
367 1496 192 18 Ekoromiutskattete
572 1497 119 18 betänkande
703 1497 39 18 N:o
755 1499 18 16 4.
