1078 1723
181 127 27 21 12
401 126 28 22 U.
445 126 28 21 B.
488 139 27 2 —
531 126 74 28 Prop.
619 125 41 23 N:o
674 125 34 21 17.

521 201 28 20 58
563 201 19 25 8.

248 246 9 21 I
274 246 123 26 anledning
412 246 24 20 af
449 246 44 21 den
509 246 126 27 föreslagna
651 246 169 26 uteslutningen
836 244 25 22 af
874 246 26 20 37
916 246 13 25 &

179 281 35 21 får
229 280 113 22 Utskottet
356 280 128 26 hemställa,

453 327 31 19 alt
505 326 14 19 3
541 332 66 14 mom.
631 325 7 21 i
659 325 144 27 förevarande
821 324 112 28 paragraf

386 360 65 20 måtte
465 360 72 27 gifvas
551 360 96 28 följande
661 359 134 28 förändrade
811 359 90 27 lydelse:

455 394 67 21 »Lika
546 395 49 20 med
616 394 142 27 tillträdessyn
782 401 51 13 vare
845 394 85 27 jemväl

385 428 82 21 ansedd
488 429 70 21 sädan
574 436 39 20 syn
630 429 34 27 för
680 428 121 21 utrönande
816 428 27 27 af
856 428 73 27 lägen-

384 463 73 21 hetens
472 463 66 25 skick,
554 471 46 13 som
617 464 50 26 efler
682 463 40 21 den
738 463 8 21 i
762 463 27 20 16
800 463 15 27 $
825 463 104 26 stadgade

386 498 30 21 tid
436 497 120 28 försiggätt,
573 498 54 20 dock
641 498 76 20 endast
732 497 7 21 i
753 497 66 28 fråga
835 504 35 14 om
886 498 44 19 rätt

386 533 31 20 till.
431 532 118 27 ersättning
564 533 35 27 för
614 532 100 27 vanhäfd
728 533 50 20 eller
792 531 136 28 förbättring,

384 573 47 14 som
447 567 88 26 derefter
551 566 143 21 tillkommit».

521 619 28 20 60
563 619 19 26 8.

250 653 111 21 Utskottet
376 653 102 26 föreslår,

454 717 31 19 att
506 717 28 19 59
557 716 6 21 i
585 716 71 21 denna
677 715 111 28 paragraf
802 715 68 21 skulle
885 716 44 27 för-

386 751 81 20 ändras
483 750 31 21 till
529 751 33 20 58.

521 802 26 20 62
563 803 19 25 8.

248 842 164 28 Ridderskapet
434 842 43 21 och
500 842 71 22 Adeln
594 843 43 20 har
656 842 97 26 beslutit,
770 844 31 18 att
816 842 32 21 uti
864 849 64 21 para-

179 877 77 27 grafen
279 877 73 21 skulle
374 877 69 21 bland
468 877 47 21 deri
541 877 148 27 uppräknade
712 877 129 27 paragrafer
863 878 64 20 näm-

179 918 42 15 nas
238 912 26 20 59
279 912 19 25 8.

248 946 187 27 Borgareståndet
450 946 42 20 har
508 945 170 21 återremitterat
693 945 133 27 paragrafen
841 946 34 20 till
891 946 39 21 Ut-

179 981 82 21 skottet
281 980 35 21 för
332 980 187 26 omformulering
534 980 7 20 i
556 980 37 20 det
609 980 62 26 syfte,
687 982 32 18 att
734 980 197 21 kontrahenterna

179 1014 53 27 egde
256 1014 45 21 fritt
322 1014 199 21 öfverenskomuma
542 1014 117 26 angående
674 1014 153 26 legovilkoren
843 1014 7 20 i
866 1014 64 27 fråga

178 1056 38 14 om
232 1049 27 20 de
275 1048 32 21 uti
322 1048 134 27 paragrafen
472 1048 153 21 omförmälda
640 1048 129 26 lägenheter
784 1048 44 21 och
843 1050 34 19 att
893 1048 37 22 be-

179 1083 171 26 stämningarna
365 1082 32 21 uti
412 1083 66 25 lagen
495 1083 38 20 vid
549 1083 54 21 aftal
620 1089 38 14 om
673 1082 49 26 lega
738 1082 24 21 af
776 1082 66 21 dessa
857 1083 74 26 lägen-

177 1117 63 20 heter
258 1116 72 21 skulle
342 1116 68 20 lända
423 1116 33 20 till
467 1116 144 22 efterrättelse
625 1116 80 21 endast
714 1116 7 20 i
730 1116 108 21 händelse
849 1123 82 15 annor-

178 1151 71 20 lunda
265 1151 49 20 icke
329 1150 220 21 öfverenskommits.

246 1185 72 20 Jemte
334 1185 38 20 det
386 1185 200 25 Borgareståndets
601 1184 83 27 förslag
694 1185 34 20 till
741 1185 72 26 saklig
825 1185 103 27 ändring,

178 1219 76 21 såsom
281 1219 120 20 omfattadt
423 1219 24 20 af
467 1219 80 20 endast
568 1221 31 19 ett
621 1219 76 26 Stånd,
719 1219 106 26 förfaller,
842 1219 34 21 får
892 1219 38 21 Ut-

177 1253 83 20 skottet
281 1254 6 18 i
308 1253 123 25 anledning
446 1253 25 19 af
485 1253 163 26 Ridderskapet
663 1254 43 19 och
721 1253 85 20 Adelns
822 1254 106 19 anmärk-

177 1286 54 26 ning
247 1286 43 20 och
306 1285 29 21 då
350 1285 38 21 det
402 1292 68 20 synes
485 1285 81 27 riktigt,
583 1288 31 18 att
630 1286 62 20 såväl
708 1286 27 20 de
750 1286 8 20 i
774 1287 26 19 59
816 1293 50 14 som
882 1286 7 20 i
900 1287 28 20 60

176 1320 13 26 $
204 1319 110 27 ingående
330 1318 156 28 stadgandena
494 1319 56 21 böra
556 1319 115 27 tillämpas
682 1319 85 27 jemväl
778 1320 14 20 å
803 1320 49 26 lega
865 1320 25 20 af
898 1327 32 13 nu

176 1354 172 26 ifrågavarande
368 1354 54 26 slag,
438 1354 88 26 föreslå,

183 1400 3 2 5
452 1395 31 19 att
505 1394 30 20 uti
555 1394 169 28 ifrågavarande
737 1395 113 27 paragraf
861 1395 69 20 skulle

384 1430 133 19 omnämnas
534 1429 85 27 jemväl
633 1429 27 21 59
675 1429 40 20 och
731 1429 28 21 60
773 1429 31 28 $$
820 1429 7 21 i
844 1430 84 20 Utskot-

244 1475 53 22 Lag-
310 1474 34 18 och
372 1475 181 17 Eiconomiutskottets
566 1475 118 18 betänkande
696 1475 36 18 N:o
744 1476 17 16 4.
