1073 1736
485 128 40 22 N:o
541 129 34 21 23.
859 130 12 20 9

500 197 48 27 83.

216 236 218 27 Medicinalstyrelsen
450 236 139 22 tillkommer:

217 271 33 20 att
271 270 49 21 med
345 271 192 26 uppmärksamhet
562 271 51 27 följa
635 271 267 27 husdjurssjukdomarnas

147 304 152 27 uppträdande
314 303 39 22 och
367 304 112 27 spridning
494 305 7 20 i
515 305 84 26 landet;

217 340 33 19 att
265 339 32 20 till
310 339 87 27 ledning
407 338 34 22 för
451 339 134 22 helsovärds-
597 339 39 22 och
645 340 258 21 kommunalnämnderna

147 375 56 20 samt
225 373 233 27 polismyndigheterna
474 373 39 22 och
528 374 205 27 kronobetjeningen
749 373 88 22 utfärda
851 373 51 22 lätt-

150 407 86 27 fattliga
245 407 137 28 anvisningar
393 407 32 22 till
433 409 158 20 smittosamma
598 408 237 27 husdjurssjukdomars
843 409 59 26 igen-

147 442 116 21 kännande
278 442 39 21 och
332 443 158 26 bekämpande;

217 477 32 20 att
265 476 132 27 tillhandagä
412 477 17 27 ej
446 477 82 21 mindre
539 477 164 22 Guvernörerne
718 479 27 19 än
757 477 146 26 nyssnämnda

148 510 148 27 myndigheter
311 512 47 21 med
375 511 78 27 nödiga
468 511 40 22 räd
523 511 40 22 och
577 511 165 28 upplysningar;

217 547 32 19 att
264 545 7 21 i
286 545 103 21 händelse
412 545 117 27 missgrepp
551 545 38 22 och
608 545 75 27 felsteg
698 546 35 20 vid
749 546 153 21 efterlefnaden

147 579 24 21 af
184 579 99 27 gällande
297 579 134 22 föreskrifter
449 580 3 21 i
469 581 72 20 ämnet
555 579 125 27 förspörjas,
694 580 39 21 hos
743 580 160 21 vederbörande

147 613 124 28 myndighet
293 614 82 27 päyrka
397 614 95 27 rättelse,
509 615 38 20 der
561 613 218 28 Medicinalstyrelsen
795 614 46 22 icke
856 615 49 26 sjelf

148 654 50 21 eger
213 649 96 21 meddela
325 649 78 25 sädan;
420 650 56 20 samt

217 684 33 20 att
265 683 6 20 i
287 683 40 21 den
344 683 158 26 ärsberättelse,
519 683 217 26 Medicinalstyrelsen
753 689 50 21 eger
818 683 84 27 afgifva,

147 718 76 26 intaga
245 723 25 15 en
295 717 198 27 sammanställning
509 717 23 22 af
546 717 109 28 uppgifter
670 718 93 21 rörande
779 717 25 21 de
819 717 83 22 smitto-

148 757 82 16 samma
253 751 232 28 husdjurssjukdomar,
509 752 72 21 hvilka
603 752 68 21 under
694 752 47 21 äret
756 752 59 21 inom
829 751 75 22 landet

149 787 112 26 uppträdt.

502 817 11 27 8
529 817 20 20 4.

217 855 210 27 Länedjurläkarene
444 857 66 25 skola,
523 856 80 22 enhvar
614 856 57 21 inom
680 856 38 21 sitt
729 856 94 25 distrikt,
836 855 67 21 öfver-

147 890 58 20 vaka
227 890 108 22 allmänna
358 890 182 22 helsotillständet
562 890 65 21 bland
649 890 117 27 husdjuren
790 889 39 22 och
847 895 57 21 noga

147 924 100 27 jakttaga
266 924 43 21 alla
327 925 82 25 tecken,
425 924 71 22 hvilka
511 926 46 20 läta
571 924 74 22 befara
661 924 107 22 utbrottet
784 924 23 21 af
820 924 84 21 smitto-

148 964 46 16 sam
216 958 207 28 husdjurssjukdom,
447 959 39 21 och
506 959 79 27 åligger
608 958 37 22 det
667 958 193 28 länedjurläkaren,
877 958 27 21 då

150 993 57 26 dylik
223 993 98 27 sjukdom
337 995 90 25 yppats:

219 1028 32 20 att
267 1029 122 25 noggrannt
399 1027 128 22 efterforska
538 1027 137 28 sjukdomens
685 1026 152 26 beskaffenhet,
849 1032 55 21 upp-

149 1062 72 21 komst
244 1062 39 21 och
305 1062 118 27 spridning,
439 1063 62 25 samt,
518 1062 38 21 der
571 1062 25 21 sä
611 1061 75 27 nödigt
701 1061 93 27 pröfvas,
812 1061 92 21 anställa

149 1096 122 28 besigtning
284 1097 79 26 jemväl
379 1097 12 20 ä
407 1098 58 20 ännu
480 1097 46 21 icke
542 1096 128 28 insjuknade
687 1095 57 28 djur;

219 1133 33 19 att
267 1132 6 20 i
289 1131 100 22 afseende
405 1132 12 20 &
433 1131 137 27 sjukdomens
593 1130 129 27 behandling
745 1130 38 21 och
804 1130 100 21 smittans

148 1165 129 21 hämmande
299 1165 97 21 meddela
415 1165 132 21 helsovärds-
564 1164 51 22 eller
629 1164 204 22 kommunalnämnd
849 1165 56 19 samt

150 1199 112 27 djuregare
285 1200 83 26 nödiga,
385 1200 6 20 i
406 1200 105 26 vigtigare
530 1199 37 21 fall
583 1198 118 28 skriftligen
717 1198 102 22 affattade
835 1198 69 21 anvis-

150 1234 87 26 ningar;
253 1236 56 19 samt

219 1270 33 19 att
275 1274 33 15 om
332 1268 137 27 sjukdomens
492 1268 117 27 uppkomst
632 1267 38 21 och
690 1266 137 27 utbredning,
847 1266 58 21 säväl

150 1308 46 16 som
213 1308 33 16 om
263 1303 26 21 de
305 1303 6 20 i
327 1302 115 28 anledning
458 1302 61 22 deraf
527 1302 104 26 vidtagna
642 1301 137 27 ätgärderna,
788 1302 53 20 utan
851 1300 54 21 tids-

151 1337 89 27 utdrägt
257 1338 30 20 till
303 1337 140 22 Guvernören
459 1337 39 21 och
513 1336 219 26 Medicinalstyrelsen
749 1336 114 20 inberätta.

220 1365 17 25 Ä
248 1371 199 26 länedjurläkarene
459 1372 124 19 ankommer
591 1370 109 20 dessutom
712 1371 39 23 att,
760 1368 79 21 enhvar
847 1369 59 20 inom

150 1404 39 21 sitt
212 1404 92 26 distrikt,
328 1404 98 21 meddela
451 1403 98 22 tillständ
575 1404 32 20 att
633 1402 93 27 föryttra
751 1402 51 21 eller
827 1408 79 15 annor-

150 1438 58 21 ledes
236 1438 31 21 till
295 1440 62 25 nyttä
384 1438 100 21 använda
509 1437 60 22 delar
595 1436 22 22 af
641 1436 54 28 djur,
721 1435 113 22 behäftadt
858 1435 48 21 med
