1700 1895
668 224 29 23 U.
713 225 28 22 B.
758 237 27 3 —
801 225 72 27 Prop.
890 226 39 21 N:o
946 225 34 22 17.
1156 227 26 19 15

429 292 117 24 utfärdats,
570 295 53 18 utan
644 295 32 19 att
691 293 64 22 dessa
772 294 107 21 särskildt
894 294 135 26 definierats,
1046 295 43 20 och
1105 295 76 25 någon

428 327 120 25 olägenhet
563 327 66 20 deraf
644 328 42 19 har
702 328 118 25 veterligen
836 328 49 21 icke
898 329 115 26 försports.

497 361 65 20 Dock
577 361 64 20 torde
657 361 42 20 här
713 361 57 20 böra
786 363 97 24 utsägas,
897 364 31 18 att
940 362 111 20 Utskottet
1060 362 5 19 i
1075 361 107 21 afseende

428 394 13 20 ä
456 395 122 26 begreppet
599 397 51 25 torp
673 395 93 21 anslutit
788 395 33 26 sig
835 395 34 21 till
890 395 42 21 den
950 395 117 21 allmänna
1084 396 97 26 uppfatt-

429 428 89 27 ningen,
542 428 69 27 enligt
632 429 94 21 hvilken
747 429 33 21 till
796 432 57 24 torp,
874 429 126 21 oberoende
1016 430 25 20 af
1056 430 125 25 legoveder-

427 462 70 27 lagets
512 462 163 26 beskaffenhet,
697 463 109 20 hänföras
829 463 151 21 öfverhufvud
996 464 45 19 alla
1056 464 50 19 frän
1119 463 62 27 jord-

428 497 129 26 lägenheter
572 497 35 21 för
622 497 148 22 bedrifvande
786 498 25 20 af
821 497 114 28 jordbruk
943 500 60 19 emot
1011 498 49 26 lega
1068 498 111 27 upplätna

428 531 117 26 omräden,
567 539 51 14 som
634 533 39 20 äro
690 532 34 21 för
740 532 81 21 sädant
837 532 107 21 ändamäl
961 532 103 27 bebygda
1080 533 53 20 eller
1149 533 32 20 af-

427 565 70 21 sedda
510 568 32 18 att
557 566 121 27 bebyggas,
694 566 118 21 hvaremot
827 567 141 26 fiskaretorp,
984 566 135 26 backstugu-
1136 567 43 20 och

427 600 72 21 andra
514 602 88 26 tomter,
618 601 90 26 utlegda
724 601 77 26 skogs-
817 601 42 21 och
875 601 140 26 ängsskiften
1026 607 29 14 m.
1067 601 21 20 fl.
1101 601 77 26 dylika

428 635 90 26 utlegda
543 640 53 21 egor
622 636 40 19 äro
687 637 32 18 att
737 635 108 21 hänföras
861 635 33 21 till
907 635 28 20 de
950 635 135 26 lägenheter,
1102 635 78 20 hvilka

428 669 149 21 omförmälas
594 670 6 20 i
616 671 27 19 62
659 671 12 25 &
687 670 25 21 af
725 670 124 21 Utskottets
865 670 89 26 förslag.

762 780 12 19 2
791 779 28 28 (1)
837 781 18 24 8.

496 847 51 22 Med
572 848 169 27 godkännande
757 849 24 20 af
796 851 8 18 1
823 856 68 14 mom.
910 849 6 20 i
931 848 185 28 propositionens
1131 849 13 19 2
1160 849 20 26 $,

426 883 161 20 motsvarande
617 889 88 14 samma
734 886 103 18 moment
859 883 5 20 i
890 885 8 18 1
924 884 13 24 $
960 883 25 20 af
1010 883 170 21 nedanstäende

426 917 127 26 lagförslag,
579 917 42 20 har
647 917 112 21 Utskottet
779 919 59 20 velat
860 918 114 27 uppställa
997 918 44 20 den
1061 918 118 20 allmänna

426 951 65 26 regel,
508 953 32 19 att
555 951 105 27 legoaftal
677 958 36 14 om
727 951 52 27 jord
795 952 57 20 skall
869 952 64 26 ingäs
943 951 131 27 skriftligen.
1098 952 81 20 Denna

427 985 126 21 aftalsform
577 985 106 28 erbjuder
704 986 113 26 nemligen
837 985 135 27 ojemförligt
988 987 69 19 större
1074 986 106 20 säkerhet

427 1020 33 20 för
482 1021 31 19 att
534 1020 38 20 det
594 1026 82 20 genom
697 1020 48 26 lega
766 1020 140 27 uppstäende
922 1020 142 26 mängsidiga
1080 1020 98 20 rättsför-

426 1054 117 20 hällandet
559 1054 51 20 med
625 1054 74 20 dertill
714 1054 102 21 hörande
832 1054 128 26 rättigheter
971 1054 43 20 och
1025 1054 154 27 skyldigheter

425 1088 82 20 blifver
525 1088 81 27 tydligt
624 1088 113 21 bestämdt
759 1088 44 21 och
827 1088 86 27 möjligt
935 1090 32 19 att
989 1088 38 20 vid
1042 1088 73 20 behof
1128 1088 50 20 leda

425 1122 7 20 i
448 1122 70 26 bevis,
533 1122 88 21 hvilket
635 1122 69 28 eljest,
720 1122 132 28 isynnerhet
867 1123 37 20 vid
920 1122 129 27 långvariga
1065 1122 113 26 legoaftal,

426 1156 77 21 kunde
519 1158 62 20 möta
603 1159 61 19 stora
683 1157 142 26 svärigheter.
858 1156 191 27 Legokontraktet
1064 1158 66 24 utgör
1146 1157 32 20 sä-

426 1191 69 20 lunda
520 1192 30 19 ett
573 1190 78 27 vigtigt
673 1191 73 21 medel
769 1190 35 22 till
826 1191 151 21 befordrande
993 1190 24 21 af
1030 1190 89 21 klarhet
1135 1191 42 20 och

425 1225 103 27 trygghet
550 1225 6 20 i
572 1225 224 26 legoförhällandena
818 1228 59 18 samt
896 1225 33 20 till
951 1225 189 21 förekommande
1156 1224 26 21 af

425 1260 78 20 tvister
518 1260 43 20 och
578 1260 96 26 ensidigt
689 1259 173 21 öfverträdande
878 1260 25 20 af
916 1259 134 27 legoaftalet,
1063 1260 70 27 jemte
1142 1259 36 21 det

426 1294 130 21 kontraktet
578 1294 73 21 tillika
672 1296 25 18 är
718 1301 28 13 en
769 1294 159 26 förutsättning
943 1294 35 20 för
993 1294 135 26 legorättens
1145 1296 34 18 sä-

426 1328 152 21 kerställande
601 1333 82 21 genom
705 1327 137 27 inteckning.
873 1328 111 20 Särskildt
1006 1328 54 26 ifall,
1085 1328 28 27 pä
1135 1329 43 19 sätt

426 1362 113 21 Utskottet
554 1362 121 26 föreslagit,
690 1362 103 26 legoaftal
810 1362 73 21 blefve
894 1362 115 21 bindande
1020 1362 35 21 för
1065 1369 31 20 ny
1107 1367 72 21 egare,

426 1404 49 14 som
495 1402 81 21 genom
593 1396 91 27 frivillig
699 1396 140 21 öfverlätelse
856 1396 80 22 vunnit
951 1396 131 27 eganderätt
1096 1396 33 21 till
1147 1398 32 18 ut-

425 1431 51 26 legd
498 1431 111 26 lägenhet,
632 1432 26 19 är
680 1431 43 20 den
747 1431 109 26 skriftliga
880 1431 87 21 formen
991 1430 75 27 nödig,
1089 1431 35 20 för
1147 1433 31 18 att

426 1465 84 26 köpare
533 1465 79 20 lättare
635 1465 37 19 mä
694 1465 78 19 kunna
797 1465 85 19 erhålla
904 1463 127 26 tillförlitlig
1046 1463 131 20 kännedom

426 1505 37 14 om
486 1498 186 21 beskaffenheten
696 1498 42 21 och
762 1497 80 22 vidden
866 1498 24 20 af
910 1497 27 20 de
959 1497 154 27 skyldigheter
1131 1497 46 20 han

425 1533 88 20 ikläder
528 1532 40 27 sig.

493 1579 47 23 Lag-
553 1579 32 17 och
598 1578 183 18 Ekonomiutskottets
795 1578 109 18 betänkande
917 1577 36 18 N:o
966 1579 16 16 4.
