<?xml version="1.0" encoding="UTF-8"?>
<alto xmlns="http://www.loc.gov/standards/alto/ns-v3#" xmlns:xlink="http://www.w3.org/1999/xlink" xmlns:xsi="http://www.w3.org/2001/XMLSchema-instance" xsi:schemaLocation="http://www.loc.gov/standards/alto/ns-v3# http://www.loc.gov/alto/v3/alto-3-0.xsd">
	<Description>
		<MeasurementUnit>pixel</MeasurementUnit>
		<sourceImageInformation>
			<fileName>/tmp/tess_agz0wpkb_input.PNG</fileName>
		</sourceImageInformation>
		<OCRProcessing ID="OCR_0">
			<ocrProcessingStep>
				<processingSoftware>
					<softwareName>tesseract 5.3.4</softwareName>
				</processingSoftware>
			</ocrProcessingStep>
		</OCRProcessing>
	</Description>
	<Layout>
		<Page WIDTH="1050" HEIGHT="1717" PHYSICAL_IMG_NR="0" ID="page_0">
			<PrintSpace HPOS="0" VPOS="0" WIDTH="1050" HEIGHT="1717">
				<ComposedBlock ID="cblock_0" HPOS="360" VPOS="117" WIDTH="538" HEIGHT="29">
					<TextBlock ID="block_0" HPOS="360" VPOS="117" WIDTH="538" HEIGHT="29">
						<TextLine ID="line_0" HPOS="360" VPOS="117" WIDTH="538" HEIGHT="29">
							<String ID="string_0" HPOS="360" VPOS="117" WIDTH="30" HEIGHT="23" WC="0.92" CONTENT="U."/><SP WIDTH="15" VPOS="117" HPOS="390"/>
							<String ID="string_1" HPOS="405" VPOS="118" WIDTH="28" HEIGHT="22" WC="0.91" CONTENT="B."/><SP WIDTH="16" VPOS="118" HPOS="433"/>
							<String ID="string_2" HPOS="449" VPOS="130" WIDTH="28" HEIGHT="4" WC="0.91" CONTENT="—"/><SP WIDTH="14" VPOS="130" HPOS="477"/>
							<String ID="string_3" HPOS="491" VPOS="118" WIDTH="75" HEIGHT="28" WC="0.95" CONTENT="Prop."/><SP WIDTH="16" VPOS="118" HPOS="566"/>
							<String ID="string_4" HPOS="582" VPOS="118" WIDTH="45" HEIGHT="22" WC="0.96" CONTENT="N:o"/><SP WIDTH="16" VPOS="118" HPOS="627"/>
							<String ID="string_5" HPOS="643" VPOS="118" WIDTH="35" HEIGHT="22" WC="0.95" CONTENT="27."/><SP WIDTH="194" VPOS="118" HPOS="678"/>
							<String ID="string_6" HPOS="872" VPOS="118" WIDTH="26" HEIGHT="21" WC="0.90" CONTENT="27"/>
						</TextLine>
					</TextBlock>
				</ComposedBlock>
				<ComposedBlock ID="cblock_1" HPOS="145" VPOS="186" WIDTH="754" HEIGHT="98">
					<TextBlock ID="block_1" HPOS="145" VPOS="186" WIDTH="754" HEIGHT="98">
						<TextLine ID="line_1" HPOS="213" VPOS="186" WIDTH="686" HEIGHT="30">
							<String ID="string_7" HPOS="213" VPOS="186" WIDTH="222" HEIGHT="29" WC="0.92" CONTENT="Registermyndighet"/><SP WIDTH="14" VPOS="186" HPOS="435"/>
							<String ID="string_8" HPOS="449" VPOS="194" WIDTH="50" HEIGHT="14" WC="0.96" CONTENT="vare"/><SP WIDTH="14" VPOS="194" HPOS="499"/>
							<String ID="string_9" HPOS="513" VPOS="187" WIDTH="40" HEIGHT="22" WC="0.96" CONTENT="ock"/><SP WIDTH="15" VPOS="187" HPOS="553"/>
							<String ID="string_10" HPOS="568" VPOS="187" WIDTH="85" HEIGHT="29" WC="0.96" CONTENT="skyldig"/><SP WIDTH="14" VPOS="187" HPOS="653"/>
							<String ID="string_11" HPOS="667" VPOS="188" WIDTH="100" HEIGHT="28" WC="0.96" CONTENT="upprätta"/><SP WIDTH="14" VPOS="188" HPOS="767"/>
							<String ID="string_12" HPOS="781" VPOS="186" WIDTH="65" HEIGHT="22" WC="0.93" CONTENT="andra"/><SP WIDTH="10" VPOS="186" HPOS="846"/>
							<String ID="string_13" HPOS="856" VPOS="186" WIDTH="43" HEIGHT="22" WC="0.92" CONTENT="för-"/>
						</TextLine>
						<TextLine ID="line_2" HPOS="145" VPOS="220" WIDTH="698" HEIGHT="30">
							<String ID="string_14" HPOS="145" VPOS="220" WIDTH="130" HEIGHT="29" WC="0.96" CONTENT="teckningar,"/><SP WIDTH="15" VPOS="220" HPOS="275"/>
							<String ID="string_15" HPOS="290" VPOS="221" WIDTH="74" HEIGHT="22" WC="0.96" CONTENT="hvilka"/><SP WIDTH="15" VPOS="221" HPOS="364"/>
							<String ID="string_16" HPOS="379" VPOS="221" WIDTH="22" HEIGHT="21" WC="0.96" CONTENT="af"/><SP WIDTH="15" VPOS="221" HPOS="401"/>
							<String ID="string_17" HPOS="416" VPOS="221" WIDTH="82" HEIGHT="22" WC="0.96" CONTENT="landets"/><SP WIDTH="15" VPOS="221" HPOS="498"/>
							<String ID="string_18" HPOS="513" VPOS="222" WIDTH="87" HEIGHT="28" WC="0.96" CONTENT="styrelse"/><SP WIDTH="15" VPOS="222" HPOS="600"/>
							<String ID="string_19" HPOS="615" VPOS="222" WIDTH="70" HEIGHT="20" WC="0.93" CONTENT="kunna"/><SP WIDTH="14" VPOS="222" HPOS="685"/>
							<String ID="string_20" HPOS="699" VPOS="221" WIDTH="144" HEIGHT="22" WC="0.90" CONTENT="föreskrifvas."/>
						</TextLine>
						<TextLine ID="line_3" HPOS="216" VPOS="255" WIDTH="395" HEIGHT="29">
							<String ID="string_21" HPOS="216" VPOS="255" WIDTH="69" HEIGHT="28" WC="0.96" CONTENT="(Sista"/><SP WIDTH="15" VPOS="255" HPOS="285"/>
							<String ID="string_22" HPOS="300" VPOS="257" WIDTH="117" HEIGHT="20" WC="0.96" CONTENT="momentet"/><SP WIDTH="14" VPOS="257" HPOS="417"/>
							<String ID="string_23" HPOS="431" VPOS="256" WIDTH="10" HEIGHT="20" WC="0.95" CONTENT="i"/><SP WIDTH="10" VPOS="256" HPOS="441"/>
							<String ID="string_24" HPOS="451" VPOS="263" WIDTH="65" HEIGHT="21" WC="0.95" CONTENT="prop."/><SP WIDTH="14" VPOS="263" HPOS="516"/>
							<String ID="string_25" HPOS="530" VPOS="256" WIDTH="81" HEIGHT="28" WC="0.95" CONTENT="utgår.)"/>
						</TextLine>
					</TextBlock>
				</ComposedBlock>
				<ComposedBlock ID="cblock_2" HPOS="139" VPOS="324" WIDTH="762" HEIGHT="876">
					<TextBlock ID="block_2" HPOS="395" VPOS="324" WIDTH="255" HEIGHT="74">
						<TextLine ID="line_4" HPOS="395" VPOS="324" WIDTH="255" HEIGHT="28">
							<String ID="string_26" HPOS="395" VPOS="324" WIDTH="25" HEIGHT="26" WC="0.89" CONTENT="(2"/><SP WIDTH="15" VPOS="324" HPOS="420"/>
							<String ID="string_27" HPOS="435" VPOS="324" WIDTH="14" HEIGHT="27" WC="0.89" CONTENT="$"/><SP WIDTH="16" VPOS="324" HPOS="449"/>
							<String ID="string_28" HPOS="465" VPOS="324" WIDTH="10" HEIGHT="21" WC="0.92" CONTENT="i"/><SP WIDTH="11" VPOS="324" HPOS="475"/>
							<String ID="string_29" HPOS="486" VPOS="331" WIDTH="63" HEIGHT="21" WC="0.96" CONTENT="prop."/><SP WIDTH="17" VPOS="331" HPOS="549"/>
							<String ID="string_30" HPOS="566" VPOS="324" WIDTH="84" HEIGHT="28" WC="0.95" CONTENT="utgår)"/>
						</TextLine>
						<TextLine ID="line_5" HPOS="415" VPOS="369" WIDTH="215" HEIGHT="29">
							<String ID="string_31" HPOS="415" VPOS="369" WIDTH="40" HEIGHT="28" WC="0.91" CONTENT="28"/><SP WIDTH="22" VPOS="369" HPOS="455"/>
							<String ID="string_32" HPOS="477" VPOS="371" WIDTH="20" HEIGHT="25" WC="0.93" CONTENT="(3"/><SP WIDTH="16" VPOS="371" HPOS="497"/>
							<String ID="string_33" HPOS="513" VPOS="371" WIDTH="12" HEIGHT="27" WC="0.86" CONTENT="8"/><SP WIDTH="16" VPOS="371" HPOS="525"/>
							<String ID="string_34" HPOS="541" VPOS="370" WIDTH="7" HEIGHT="20" WC="0.86" CONTENT="i"/><SP WIDTH="15" VPOS="370" HPOS="548"/>
							<String ID="string_35" HPOS="563" VPOS="369" WIDTH="67" HEIGHT="29" WC="0.90" CONTENT="prop.)"/>
						</TextLine>
					</TextBlock>
					<TextBlock ID="block_3" HPOS="141" VPOS="414" WIDTH="760" HEIGHT="475">
						<TextLine ID="line_6" HPOS="212" VPOS="414" WIDTH="687" HEIGHT="29">
							<String ID="string_36" HPOS="212" VPOS="415" WIDTH="59" HEIGHT="28" WC="0.96" CONTENT="Vilja"/><SP WIDTH="18" VPOS="415" HPOS="271"/>
							<String ID="string_37" HPOS="289" VPOS="415" WIDTH="109" HEIGHT="26" WC="0.96" CONTENT="föräldrar,"/><SP WIDTH="15" VPOS="415" HPOS="398"/>
							<String ID="string_38" HPOS="413" VPOS="414" WIDTH="73" HEIGHT="23" WC="0.95" CONTENT="hvilka"/><SP WIDTH="20" VPOS="414" HPOS="486"/>
							<String ID="string_39" HPOS="506" VPOS="415" WIDTH="85" HEIGHT="21" WC="0.93" CONTENT="tillhöra"/><SP WIDTH="17" VPOS="415" HPOS="591"/>
							<String ID="string_40" HPOS="608" VPOS="414" WIDTH="64" HEIGHT="28" WC="0.96" CONTENT="något"/><SP WIDTH="16" VPOS="414" HPOS="672"/>
							<String ID="string_41" HPOS="688" VPOS="414" WIDTH="77" HEIGHT="22" WC="0.96" CONTENT="sådant"/><SP WIDTH="16" VPOS="414" HPOS="765"/>
							<String ID="string_42" HPOS="781" VPOS="415" WIDTH="57" HEIGHT="20" WC="0.93" CONTENT="inom"/><SP WIDTH="17" VPOS="415" HPOS="838"/>
							<String ID="string_43" HPOS="855" VPOS="414" WIDTH="44" HEIGHT="21" WC="0.92" CONTENT="lan-"/>
						</TextLine>
						<TextLine ID="line_7" HPOS="143" VPOS="448" WIDTH="756" HEIGHT="29">
							<String ID="string_44" HPOS="143" VPOS="448" WIDTH="37" HEIGHT="21" WC="0.96" CONTENT="det"/><SP WIDTH="17" VPOS="448" HPOS="180"/>
							<String ID="string_45" HPOS="197" VPOS="448" WIDTH="114" HEIGHT="22" WC="0.93" CONTENT="bestående"/><SP WIDTH="20" VPOS="448" HPOS="311"/>
							<String ID="string_46" HPOS="331" VPOS="449" WIDTH="172" HEIGHT="28" WC="0.91" CONTENT="kyrkosamfund,"/><SP WIDTH="17" VPOS="449" HPOS="503"/>
							<String ID="string_47" HPOS="520" VPOS="457" WIDTH="45" HEIGHT="14" WC="0.96" CONTENT="som"/><SP WIDTH="19" VPOS="457" HPOS="565"/>
							<String ID="string_48" HPOS="584" VPOS="448" WIDTH="34" HEIGHT="21" WC="0.96" CONTENT="för"/><SP WIDTH="17" VPOS="448" HPOS="618"/>
							<String ID="string_49" HPOS="635" VPOS="448" WIDTH="134" HEIGHT="29" WC="0.96" CONTENT="upptagande"/><SP WIDTH="18" VPOS="448" HPOS="769"/>
							<String ID="string_50" HPOS="787" VPOS="449" WIDTH="8" HEIGHT="20" WC="0.93" CONTENT="i"/><SP WIDTH="16" VPOS="449" HPOS="795"/>
							<String ID="string_51" HPOS="811" VPOS="448" WIDTH="88" HEIGHT="21" WC="0.92" CONTENT="försam-"/>
						</TextLine>
						<TextLine ID="line_8" HPOS="144" VPOS="482" WIDTH="756" HEIGHT="29">
							<String ID="string_52" HPOS="144" VPOS="482" WIDTH="81" HEIGHT="29" WC="0.92" CONTENT="lingens"/><SP WIDTH="15" VPOS="482" HPOS="225"/>
							<String ID="string_53" HPOS="240" VPOS="483" WIDTH="129" HEIGHT="28" WC="0.96" CONTENT="gemenskap"/><SP WIDTH="15" VPOS="483" HPOS="369"/>
							<String ID="string_54" HPOS="384" VPOS="483" WIDTH="83" HEIGHT="22" WC="0.95" CONTENT="fordrar"/><SP WIDTH="13" VPOS="483" HPOS="467"/>
							<String ID="string_55" HPOS="480" VPOS="483" WIDTH="132" HEIGHT="28" WC="0.96" CONTENT="delaktighet"/><SP WIDTH="9" VPOS="483" HPOS="612"/>
							<String ID="string_56" HPOS="621" VPOS="483" WIDTH="23" HEIGHT="21" WC="0.93" CONTENT="af"/><SP WIDTH="10" VPOS="483" HPOS="644"/>
							<String ID="string_57" HPOS="654" VPOS="483" WIDTH="111" HEIGHT="28" WC="0.91" CONTENT="döpelsens"/><SP WIDTH="10" VPOS="483" HPOS="765"/>
							<String ID="string_58" HPOS="775" VPOS="482" WIDTH="125" HEIGHT="29" WC="0.96" CONTENT="sakrament,"/>
						</TextLine>
						<TextLine ID="line_9" HPOS="143" VPOS="517" WIDTH="756" HEIGHT="29">
							<String ID="string_59" HPOS="143" VPOS="517" WIDTH="18" HEIGHT="28" WC="0.96" CONTENT="ej"/><SP WIDTH="27" VPOS="517" HPOS="161"/>
							<String ID="string_60" HPOS="188" VPOS="517" WIDTH="43" HEIGHT="22" WC="0.96" CONTENT="låta"/><SP WIDTH="22" VPOS="517" HPOS="231"/>
							<String ID="string_61" HPOS="253" VPOS="518" WIDTH="38" HEIGHT="21" WC="0.96" CONTENT="sitt"/><SP WIDTH="22" VPOS="518" HPOS="291"/>
							<String ID="string_62" HPOS="313" VPOS="517" WIDTH="50" HEIGHT="21" WC="0.96" CONTENT="barn"/><SP WIDTH="24" VPOS="517" HPOS="363"/>
							<String ID="string_63" HPOS="387" VPOS="517" WIDTH="33" HEIGHT="22" WC="0.95" CONTENT="till"/><SP WIDTH="22" VPOS="517" HPOS="420"/>
							<String ID="string_64" HPOS="442" VPOS="517" WIDTH="42" HEIGHT="29" WC="0.96" CONTENT="dop"/><SP WIDTH="18" VPOS="517" HPOS="484"/>
							<String ID="string_65" HPOS="502" VPOS="517" WIDTH="105" HEIGHT="27" WC="0.96" CONTENT="befordra,"/><SP WIDTH="15" VPOS="517" HPOS="607"/>
							<String ID="string_66" HPOS="622" VPOS="525" WIDTH="48" HEIGHT="14" WC="0.96" CONTENT="vare"/><SP WIDTH="15" VPOS="525" HPOS="670"/>
							<String ID="string_67" HPOS="685" VPOS="517" WIDTH="96" HEIGHT="29" WC="0.96" CONTENT="skyldige"/><SP WIDTH="16" VPOS="517" HPOS="781"/>
							<String ID="string_68" HPOS="797" VPOS="520" WIDTH="31" HEIGHT="18" WC="0.96" CONTENT="att"/><SP WIDTH="14" VPOS="520" HPOS="828"/>
							<String ID="string_69" HPOS="842" VPOS="517" WIDTH="57" HEIGHT="22" WC="0.95" CONTENT="inom"/>
						</TextLine>
						<TextLine ID="line_10" HPOS="141" VPOS="551" WIDTH="758" HEIGHT="28">
							<String ID="string_70" HPOS="141" VPOS="551" WIDTH="38" HEIGHT="22" WC="0.96" CONTENT="två"/><SP WIDTH="19" VPOS="551" HPOS="179"/>
							<String ID="string_71" HPOS="198" VPOS="551" WIDTH="99" HEIGHT="22" WC="0.96" CONTENT="månader"/><SP WIDTH="16" VPOS="551" HPOS="297"/>
							<String ID="string_72" HPOS="313" VPOS="551" WIDTH="53" HEIGHT="22" WC="0.96" CONTENT="efter"/><SP WIDTH="14" VPOS="551" HPOS="366"/>
							<String ID="string_73" HPOS="380" VPOS="551" WIDTH="84" HEIGHT="22" WC="0.96" CONTENT="barnets"/><SP WIDTH="16" VPOS="551" HPOS="464"/>
							<String ID="string_74" HPOS="480" VPOS="552" WIDTH="80" HEIGHT="21" WC="0.96" CONTENT="födelse"/><SP WIDTH="17" VPOS="552" HPOS="560"/>
							<String ID="string_75" HPOS="577" VPOS="554" WIDTH="54" HEIGHT="25" WC="0.96" CONTENT="göra"/><SP WIDTH="17" VPOS="554" HPOS="631"/>
							<String ID="string_76" HPOS="648" VPOS="552" WIDTH="109" HEIGHT="21" WC="0.96" CONTENT="anmälan"/><SP WIDTH="14" VPOS="552" HPOS="757"/>
							<String ID="string_77" HPOS="771" VPOS="552" WIDTH="74" HEIGHT="21" WC="0.96" CONTENT="derom"/><SP WIDTH="15" VPOS="552" HPOS="845"/>
							<String ID="string_78" HPOS="860" VPOS="552" WIDTH="39" HEIGHT="21" WC="0.96" CONTENT="hos"/>
						</TextLine>
						<TextLine ID="line_11" HPOS="142" VPOS="581" WIDTH="757" HEIGHT="32">
							<String ID="string_79" HPOS="142" VPOS="586" WIDTH="173" HEIGHT="27" WC="0.96" CONTENT="församlingens"/><SP WIDTH="24" VPOS="586" HPOS="315"/>
							<String ID="string_80" HPOS="339" VPOS="586" WIDTH="130" HEIGHT="27" WC="0.92" CONTENT="kyrkoherde"/><SP WIDTH="24" VPOS="586" HPOS="469"/>
							<String ID="string_81" HPOS="493" VPOS="587" WIDTH="52" HEIGHT="20" WC="0.95" CONTENT="eller"/><SP WIDTH="23" VPOS="587" HPOS="545"/>
							<String ID="string_82" HPOS="568" VPOS="586" WIDTH="156" HEIGHT="27" WC="0.95" CONTENT="föreståndare."/><SP WIDTH="30" VPOS="586" HPOS="724"/>
							<String ID="string_83" HPOS="754" VPOS="581" WIDTH="33" HEIGHT="25" WC="0.96" CONTENT="Är"/><SP WIDTH="24" VPOS="581" HPOS="787"/>
							<String ID="string_84" HPOS="811" VPOS="585" WIDTH="46" HEIGHT="22" WC="0.94" CONTENT="han"/><SP WIDTH="22" VPOS="585" HPOS="857"/>
							<String ID="string_85" HPOS="879" VPOS="586" WIDTH="20" HEIGHT="27" WC="0.91" CONTENT="ej"/>
						</TextLine>
						<TextLine ID="line_12" HPOS="141" VPOS="620" WIDTH="757" HEIGHT="28">
							<String ID="string_86" HPOS="141" VPOS="621" WIDTH="225" HEIGHT="27" WC="0.90" CONTENT="registermyndighet,"/><SP WIDTH="16" VPOS="621" HPOS="366"/>
							<String ID="string_87" HPOS="382" VPOS="621" WIDTH="37" HEIGHT="21" WC="0.96" CONTENT="bör"/><SP WIDTH="14" VPOS="621" HPOS="419"/>
							<String ID="string_88" HPOS="433" VPOS="621" WIDTH="46" HEIGHT="21" WC="0.96" CONTENT="han"/><SP WIDTH="18" VPOS="621" HPOS="479"/>
							<String ID="string_89" HPOS="497" VPOS="621" WIDTH="62" HEIGHT="27" WC="0.96" CONTENT="gifva"/><SP WIDTH="18" VPOS="621" HPOS="559"/>
							<String ID="string_90" HPOS="577" VPOS="621" WIDTH="48" HEIGHT="27" WC="0.96" CONTENT="den,"/><SP WIDTH="15" VPOS="621" HPOS="625"/>
							<String ID="string_91" HPOS="640" VPOS="628" WIDTH="46" HEIGHT="14" WC="0.96" CONTENT="som"/><SP WIDTH="16" VPOS="628" HPOS="686"/>
							<String ID="string_92" HPOS="702" VPOS="620" WIDTH="108" HEIGHT="21" WC="0.96" CONTENT="anmälan"/><SP WIDTH="8" VPOS="620" HPOS="810"/>
							<String ID="string_93" HPOS="818" VPOS="620" WIDTH="80" HEIGHT="28" WC="0.96" CONTENT="gjorde,"/>
						</TextLine>
						<TextLine ID="line_13" HPOS="141" VPOS="653" WIDTH="757" HEIGHT="30">
							<String ID="string_94" HPOS="141" VPOS="655" WIDTH="60" HEIGHT="28" WC="0.96" CONTENT="intyg"/><SP WIDTH="14" VPOS="655" HPOS="201"/>
							<String ID="string_95" HPOS="215" VPOS="655" WIDTH="116" HEIGHT="21" WC="0.93" CONTENT="utredande"/><SP WIDTH="15" VPOS="655" HPOS="331"/>
							<String ID="string_96" HPOS="346" VPOS="655" WIDTH="141" HEIGHT="21" WC="0.92" CONTENT="föräldrarnes"/><SP WIDTH="15" VPOS="655" HPOS="487"/>
							<String ID="string_97" HPOS="502" VPOS="663" WIDTH="62" HEIGHT="13" WC="0.96" CONTENT="namn"/><SP WIDTH="15" VPOS="663" HPOS="564"/>
							<String ID="string_98" HPOS="579" VPOS="655" WIDTH="39" HEIGHT="21" WC="0.96" CONTENT="och"/><SP WIDTH="16" VPOS="655" HPOS="618"/>
							<String ID="string_99" HPOS="634" VPOS="655" WIDTH="62" HEIGHT="21" WC="0.95" CONTENT="stånd"/><SP WIDTH="15" VPOS="655" HPOS="696"/>
							<String ID="string_100" HPOS="711" VPOS="655" WIDTH="51" HEIGHT="20" WC="0.96" CONTENT="eller"/><SP WIDTH="13" VPOS="655" HPOS="762"/>
							<String ID="string_101" HPOS="775" VPOS="653" WIDTH="52" HEIGHT="29" WC="0.96" CONTENT="yrke"/><SP WIDTH="13" VPOS="653" HPOS="827"/>
							<String ID="string_102" HPOS="840" VPOS="657" WIDTH="58" HEIGHT="18" WC="0.96" CONTENT="samt"/>
						</TextLine>
						<TextLine ID="line_14" HPOS="141" VPOS="688" WIDTH="757" HEIGHT="31">
							<String ID="string_103" HPOS="141" VPOS="689" WIDTH="106" HEIGHT="21" WC="0.96" CONTENT="födelseår"/><SP WIDTH="21" VPOS="689" HPOS="247"/>
							<String ID="string_104" HPOS="268" VPOS="689" WIDTH="40" HEIGHT="21" WC="0.96" CONTENT="och"/><SP WIDTH="22" VPOS="689" HPOS="308"/>
							<String ID="string_105" HPOS="330" VPOS="689" WIDTH="43" HEIGHT="28" WC="0.95" CONTENT="dag"/><SP WIDTH="24" VPOS="689" HPOS="373"/>
							<String ID="string_106" HPOS="397" VPOS="689" WIDTH="119" HEIGHT="28" WC="0.93" CONTENT="äfvensom,"/><SP WIDTH="17" VPOS="689" HPOS="516"/>
							<String ID="string_107" HPOS="533" VPOS="689" WIDTH="53" HEIGHT="28" WC="0.93" CONTENT="ifall"/><SP WIDTH="21" VPOS="689" HPOS="586"/>
							<String ID="string_108" HPOS="607" VPOS="689" WIDTH="139" HEIGHT="28" WC="0.91" CONTENT="föräldrarne"/><SP WIDTH="24" VPOS="689" HPOS="746"/>
							<String ID="string_109" HPOS="770" VPOS="690" WIDTH="39" HEIGHT="20" WC="0.96" CONTENT="äro"/><SP WIDTH="22" VPOS="690" HPOS="809"/>
							<String ID="string_110" HPOS="831" VPOS="688" WIDTH="67" HEIGHT="31" WC="0.92" CONTENT="gifta,"/>
						</TextLine>
						<TextLine ID="line_15" HPOS="141" VPOS="723" WIDTH="756" HEIGHT="28">
							<String ID="string_111" HPOS="141" VPOS="725" WIDTH="44" HEIGHT="19" WC="0.96" CONTENT="när"/><SP WIDTH="19" VPOS="725" HPOS="185"/>
							<String ID="string_112" HPOS="204" VPOS="723" WIDTH="25" HEIGHT="21" WC="0.96" CONTENT="de"/><SP WIDTH="21" VPOS="723" HPOS="229"/>
							<String ID="string_113" HPOS="250" VPOS="723" WIDTH="73" HEIGHT="28" WC="0.96" CONTENT="ingått"/><SP WIDTH="18" VPOS="723" HPOS="323"/>
							<String ID="string_114" HPOS="341" VPOS="723" WIDTH="132" HEIGHT="28" WC="0.96" CONTENT="äktenskap;"/><SP WIDTH="16" VPOS="723" HPOS="473"/>
							<String ID="string_115" HPOS="489" VPOS="723" WIDTH="39" HEIGHT="21" WC="0.96" CONTENT="och"/><SP WIDTH="19" VPOS="723" HPOS="528"/>
							<String ID="string_116" HPOS="547" VPOS="723" WIDTH="56" HEIGHT="22" WC="0.96" CONTENT="skall"/><SP WIDTH="17" VPOS="723" HPOS="603"/>
							<String ID="string_117" HPOS="620" VPOS="723" WIDTH="58" HEIGHT="21" WC="0.96" CONTENT="detta"/><SP WIDTH="14" VPOS="723" HPOS="678"/>
							<String ID="string_118" HPOS="692" VPOS="723" WIDTH="61" HEIGHT="28" WC="0.96" CONTENT="intyg"/><SP WIDTH="13" VPOS="723" HPOS="753"/>
							<String ID="string_119" HPOS="766" VPOS="723" WIDTH="63" HEIGHT="27" WC="0.93" CONTENT="jemte"/><SP WIDTH="15" VPOS="723" HPOS="829"/>
							<String ID="string_120" HPOS="844" VPOS="730" WIDTH="53" HEIGHT="21" WC="0.91" CONTENT="upp-"/>
						</TextLine>
						<TextLine ID="line_16" HPOS="141" VPOS="757" WIDTH="756" HEIGHT="28">
							<String ID="string_121" HPOS="141" VPOS="757" WIDTH="42" HEIGHT="28" WC="0.95" CONTENT="gift"/><SP WIDTH="15" VPOS="757" HPOS="183"/>
							<String ID="string_122" HPOS="198" VPOS="765" WIDTH="33" HEIGHT="13" WC="0.96" CONTENT="om"/><SP WIDTH="15" VPOS="765" HPOS="231"/>
							<String ID="string_123" HPOS="246" VPOS="757" WIDTH="86" HEIGHT="22" WC="0.96" CONTENT="barnets"/><SP WIDTH="15" VPOS="757" HPOS="332"/>
							<String ID="string_124" HPOS="347" VPOS="757" WIDTH="81" HEIGHT="22" WC="0.93" CONTENT="födelse"/><SP WIDTH="19" VPOS="757" HPOS="428"/>
							<String ID="string_125" HPOS="447" VPOS="758" WIDTH="78" HEIGHT="27" WC="0.78" CONTENT="f(utesl.)"/><SP WIDTH="18" VPOS="758" HPOS="525"/>
							<String ID="string_126" HPOS="543" VPOS="758" WIDTH="57" HEIGHT="21" WC="0.96" CONTENT="inom"/><SP WIDTH="11" VPOS="758" HPOS="600"/>
							<String ID="string_127" HPOS="611" VPOS="765" WIDTH="26" HEIGHT="14" WC="0.96" CONTENT="en"/><SP WIDTH="11" VPOS="765" HPOS="637"/>
							<String ID="string_128" HPOS="648" VPOS="757" WIDTH="76" HEIGHT="21" WC="0.96" CONTENT="månad"/><SP WIDTH="10" VPOS="757" HPOS="724"/>
							<String ID="string_129" HPOS="734" VPOS="757" WIDTH="93" HEIGHT="21" WC="0.93" CONTENT="derefter"/><SP WIDTH="12" VPOS="757" HPOS="827"/>
							<String ID="string_130" HPOS="839" VPOS="757" WIDTH="58" HEIGHT="21" WC="0.92" CONTENT="med-"/>
						</TextLine>
						<TextLine ID="line_17" HPOS="143" VPOS="791" WIDTH="754" HEIGHT="30">
							<String ID="string_131" HPOS="143" VPOS="792" WIDTH="60" HEIGHT="21" WC="0.93" CONTENT="delas"/><SP WIDTH="16" VPOS="792" HPOS="203"/>
							<String ID="string_132" HPOS="219" VPOS="792" WIDTH="238" HEIGHT="29" WC="0.91" CONTENT="registermyndigheten"/><SP WIDTH="15" VPOS="792" HPOS="457"/>
							<String ID="string_133" HPOS="472" VPOS="791" WIDTH="34" HEIGHT="22" WC="0.96" CONTENT="för"/><SP WIDTH="15" VPOS="791" HPOS="506"/>
							<String ID="string_134" HPOS="521" VPOS="795" WIDTH="31" HEIGHT="18" WC="0.96" CONTENT="att"/><SP WIDTH="14" VPOS="795" HPOS="552"/>
							<String ID="string_135" HPOS="566" VPOS="793" WIDTH="8" HEIGHT="20" WC="0.96" CONTENT="i"/><SP WIDTH="15" VPOS="793" HPOS="574"/>
							<String ID="string_136" HPOS="589" VPOS="791" WIDTH="105" HEIGHT="29" WC="0.96" CONTENT="offentligt"/><SP WIDTH="15" VPOS="791" HPOS="694"/>
							<String ID="string_137" HPOS="709" VPOS="792" WIDTH="88" HEIGHT="27" WC="0.93" CONTENT="register"/><SP WIDTH="14" VPOS="792" HPOS="797"/>
							<String ID="string_138" HPOS="811" VPOS="791" WIDTH="86" HEIGHT="22" WC="0.92" CONTENT="anteck-"/>
						</TextLine>
						<TextLine ID="line_18" HPOS="142" VPOS="822" WIDTH="759" HEIGHT="33">
							<String ID="string_139" HPOS="142" VPOS="834" WIDTH="43" HEIGHT="13" WC="0.93" CONTENT="nas."/><SP WIDTH="32" VPOS="834" HPOS="185"/>
							<String ID="string_140" HPOS="217" VPOS="822" WIDTH="33" HEIGHT="25" WC="0.91" CONTENT="Är"/><SP WIDTH="25" VPOS="822" HPOS="250"/>
							<String ID="string_141" HPOS="275" VPOS="827" WIDTH="152" HEIGHT="28" WC="0.94" CONTENT="kyrkoherden,"/><SP WIDTH="22" VPOS="827" HPOS="427"/>
							<String ID="string_142" HPOS="449" VPOS="827" WIDTH="38" HEIGHT="20" WC="0.96" CONTENT="hos"/><SP WIDTH="24" VPOS="827" HPOS="487"/>
							<String ID="string_143" HPOS="511" VPOS="827" WIDTH="88" HEIGHT="21" WC="0.92" CONTENT="hvilken"/><SP WIDTH="26" VPOS="827" HPOS="599"/>
							<String ID="string_144" HPOS="625" VPOS="827" WIDTH="108" HEIGHT="20" WC="0.96" CONTENT="anmälan"/><SP WIDTH="24" VPOS="827" HPOS="733"/>
							<String ID="string_145" HPOS="757" VPOS="829" WIDTH="68" HEIGHT="25" WC="0.94" CONTENT="göres,"/><SP WIDTH="22" VPOS="829" HPOS="825"/>
							<String ID="string_146" HPOS="847" VPOS="825" WIDTH="54" HEIGHT="28" WC="0.89" CONTENT="sjelf"/>
						</TextLine>
						<TextLine ID="line_19" HPOS="141" VPOS="861" WIDTH="592" HEIGHT="28">
							<String ID="string_147" HPOS="141" VPOS="861" WIDTH="224" HEIGHT="28" WC="0.90" CONTENT="registermyndighet,"/><SP WIDTH="15" VPOS="861" HPOS="365"/>
							<String ID="string_148" HPOS="380" VPOS="861" WIDTH="113" HEIGHT="21" WC="0.90" CONTENT="verkställe"/><SP WIDTH="14" VPOS="861" HPOS="493"/>
							<String ID="string_149" HPOS="507" VPOS="861" WIDTH="46" HEIGHT="22" WC="0.93" CONTENT="han"/><SP WIDTH="16" VPOS="861" HPOS="553"/>
							<String ID="string_150" HPOS="569" VPOS="861" WIDTH="164" HEIGHT="27" WC="0.93" CONTENT="anteckningen."/>
						</TextLine>
					</TextBlock>
					<TextBlock ID="block_4" HPOS="141" VPOS="895" WIDTH="756" HEIGHT="57">
						<TextLine ID="line_20" HPOS="209" VPOS="895" WIDTH="688" HEIGHT="29">
							<String ID="string_151" HPOS="209" VPOS="895" WIDTH="87" HEIGHT="22" WC="0.93" CONTENT="Samma"/><SP WIDTH="21" VPOS="895" HPOS="296"/>
							<String ID="string_152" HPOS="317" VPOS="896" WIDTH="266" HEIGHT="28" WC="0.92" CONTENT="anmälningsskyldighet"/><SP WIDTH="22" VPOS="896" HPOS="583"/>
							<String ID="string_153" HPOS="605" VPOS="903" WIDTH="44" HEIGHT="14" WC="0.96" CONTENT="som"/><SP WIDTH="23" VPOS="903" HPOS="649"/>
							<String ID="string_154" HPOS="672" VPOS="895" WIDTH="104" HEIGHT="22" WC="0.96" CONTENT="föräldrar"/><SP WIDTH="20" VPOS="895" HPOS="776"/>
							<String ID="string_155" HPOS="796" VPOS="895" WIDTH="101" HEIGHT="28" WC="0.96" CONTENT="åligger"/><SP WIDTH="-10" VPOS="895" HPOS="897"/>
							<String ID="string_156" HPOS="887" VPOS="891" WIDTH="15" HEIGHT="37" WC="0.96" CONTENT="i"/>
						</TextLine>
						<TextLine ID="line_21" HPOS="141" VPOS="930" WIDTH="516" HEIGHT="22">
							<String ID="string_157" HPOS="141" VPOS="930" WIDTH="120" HEIGHT="22" WC="0.91" CONTENT="förenämdt"/><SP WIDTH="14" VPOS="930" HPOS="261"/>
							<String ID="string_158" HPOS="275" VPOS="930" WIDTH="100" HEIGHT="22" WC="0.96" CONTENT="afseende"/><SP WIDTH="15" VPOS="930" HPOS="375"/>
							<String ID="string_159" HPOS="390" VPOS="930" WIDTH="63" HEIGHT="21" WC="0.96" CONTENT="äfven"/><SP WIDTH="16" VPOS="930" HPOS="453"/>
							<String ID="string_160" HPOS="469" VPOS="937" WIDTH="67" HEIGHT="14" WC="0.95" CONTENT="annan"/><SP WIDTH="15" VPOS="937" HPOS="536"/>
							<String ID="string_161" HPOS="551" VPOS="930" WIDTH="106" HEIGHT="21" WC="0.96" CONTENT="målsman."/>
						</TextLine>
					</TextBlock>
					<TextBlock ID="block_5" HPOS="140" VPOS="963" WIDTH="758" HEIGHT="134">
						<TextLine ID="line_22" HPOS="215" VPOS="963" WIDTH="682" HEIGHT="29">
							<String ID="string_162" HPOS="215" VPOS="965" WIDTH="81" HEIGHT="22" WC="0.92" CONTENT="Varder"/><SP WIDTH="23" VPOS="965" HPOS="296"/>
							<String ID="string_163" HPOS="319" VPOS="965" WIDTH="76" HEIGHT="21" WC="0.96" CONTENT="barnet"/><SP WIDTH="21" VPOS="965" HPOS="395"/>
							<String ID="string_164" HPOS="416" VPOS="965" WIDTH="121" HEIGHT="21" WC="0.95" CONTENT="sedermera"/><SP WIDTH="23" VPOS="965" HPOS="537"/>
							<String ID="string_165" HPOS="560" VPOS="965" WIDTH="35" HEIGHT="21" WC="0.95" CONTENT="till"/><SP WIDTH="18" VPOS="965" HPOS="595"/>
							<String ID="string_166" HPOS="613" VPOS="965" WIDTH="42" HEIGHT="27" WC="0.93" CONTENT="dop"/><SP WIDTH="20" VPOS="965" HPOS="655"/>
							<String ID="string_167" HPOS="675" VPOS="965" WIDTH="131" HEIGHT="27" WC="0.92" CONTENT="befordradt,"/><SP WIDTH="15" VPOS="965" HPOS="806"/>
							<String ID="string_168" HPOS="821" VPOS="963" WIDTH="76" HEIGHT="22" WC="0.96" CONTENT="skall"/><SP WIDTH="-12" VPOS="963" HPOS="897"/>
							<String ID="string_169" HPOS="885" VPOS="959" WIDTH="15" HEIGHT="38" WC="0.96" CONTENT="i"/>
						</TextLine>
						<TextLine ID="line_23" HPOS="141" VPOS="997" WIDTH="756" HEIGHT="29">
							<String ID="string_170" HPOS="141" VPOS="999" WIDTH="100" HEIGHT="22" WC="0.93" CONTENT="afseende"/><SP WIDTH="15" VPOS="999" HPOS="241"/>
							<String ID="string_171" HPOS="256" VPOS="999" WIDTH="13" HEIGHT="22" WC="0.93" CONTENT="å"/><SP WIDTH="14" VPOS="999" HPOS="269"/>
							<String ID="string_172" HPOS="283" VPOS="999" WIDTH="48" HEIGHT="22" WC="0.96" CONTENT="dess"/><SP WIDTH="14" VPOS="999" HPOS="331"/>
							<String ID="string_173" HPOS="345" VPOS="999" WIDTH="111" HEIGHT="21" WC="0.96" CONTENT="införande"/><SP WIDTH="15" VPOS="999" HPOS="456"/>
							<String ID="string_174" HPOS="471" VPOS="1000" WIDTH="8" HEIGHT="20" WC="0.96" CONTENT="i"/><SP WIDTH="12" VPOS="1000" HPOS="479"/>
							<String ID="string_175" HPOS="491" VPOS="999" WIDTH="159" HEIGHT="22" WC="0.96" CONTENT="vederbörande"/><SP WIDTH="12" VPOS="999" HPOS="650"/>
							<String ID="string_176" HPOS="662" VPOS="999" WIDTH="135" HEIGHT="27" WC="0.92" CONTENT="församlings"/><SP WIDTH="10" VPOS="999" HPOS="797"/>
							<String ID="string_177" HPOS="807" VPOS="997" WIDTH="90" HEIGHT="22" WC="0.92" CONTENT="hufvud-"/>
						</TextLine>
						<TextLine ID="line_24" HPOS="141" VPOS="1032" WIDTH="757" HEIGHT="31">
							<String ID="string_178" HPOS="141" VPOS="1033" WIDTH="42" HEIGHT="22" WC="0.96" CONTENT="bok"/><SP WIDTH="18" VPOS="1033" HPOS="183"/>
							<String ID="string_179" HPOS="201" VPOS="1033" WIDTH="51" HEIGHT="22" WC="0.93" CONTENT="eller"/><SP WIDTH="17" VPOS="1033" HPOS="252"/>
							<String ID="string_180" HPOS="269" VPOS="1033" WIDTH="210" HEIGHT="30" WC="0.91" CONTENT="personförteckning"/><SP WIDTH="19" VPOS="1033" HPOS="479"/>
							<String ID="string_181" HPOS="498" VPOS="1033" WIDTH="40" HEIGHT="22" WC="0.93" CONTENT="och"/><SP WIDTH="20" VPOS="1033" HPOS="538"/>
							<String ID="string_182" HPOS="558" VPOS="1033" WIDTH="108" HEIGHT="22" WC="0.91" CONTENT="aftörande"/><SP WIDTH="19" VPOS="1033" HPOS="666"/>
							<String ID="string_183" HPOS="685" VPOS="1041" WIDTH="26" HEIGHT="14" WC="0.95" CONTENT="ur"/><SP WIDTH="14" VPOS="1041" HPOS="711"/>
							<String ID="string_184" HPOS="725" VPOS="1033" WIDTH="104" HEIGHT="28" WC="0.93" CONTENT="offentligt"/><SP WIDTH="15" VPOS="1033" HPOS="829"/>
							<String ID="string_185" HPOS="844" VPOS="1032" WIDTH="54" HEIGHT="28" WC="0.92" CONTENT="regi-"/>
						</TextLine>
						<TextLine ID="line_25" HPOS="140" VPOS="1067" WIDTH="515" HEIGHT="30">
							<String ID="string_186" HPOS="140" VPOS="1070" WIDTH="44" HEIGHT="19" WC="0.93" CONTENT="ster"/><SP WIDTH="13" VPOS="1070" HPOS="184"/>
							<String ID="string_187" HPOS="197" VPOS="1068" WIDTH="106" HEIGHT="29" WC="0.96" CONTENT="iakttagas"/><SP WIDTH="15" VPOS="1068" HPOS="303"/>
							<String ID="string_188" HPOS="318" VPOS="1068" WIDTH="57" HEIGHT="21" WC="0.93" CONTENT="hvad"/><SP WIDTH="15" VPOS="1068" HPOS="375"/>
							<String ID="string_189" HPOS="390" VPOS="1069" WIDTH="79" HEIGHT="27" WC="0.85" CONTENT="(utesl.)"/><SP WIDTH="16" VPOS="1069" HPOS="469"/>
							<String ID="string_190" HPOS="485" VPOS="1069" WIDTH="8" HEIGHT="20" WC="0.96" CONTENT="i"/><SP WIDTH="15" VPOS="1069" HPOS="493"/>
							<String ID="string_191" HPOS="508" VPOS="1070" WIDTH="12" HEIGHT="20" WC="0.96" CONTENT="6"/><SP WIDTH="16" VPOS="1070" HPOS="520"/>
							<String ID="string_192" HPOS="536" VPOS="1069" WIDTH="12" HEIGHT="27" WC="0.91" CONTENT="&amp;"/><SP WIDTH="16" VPOS="1069" HPOS="548"/>
							<String ID="string_193" HPOS="564" VPOS="1067" WIDTH="91" HEIGHT="29" WC="0.96" CONTENT="stadgas."/>
						</TextLine>
					</TextBlock>
					<TextBlock ID="block_6" HPOS="139" VPOS="1098" WIDTH="759" HEIGHT="102">
						<TextLine ID="line_26" HPOS="208" VPOS="1098" WIDTH="687" HEIGHT="33">
							<String ID="string_194" HPOS="208" VPOS="1098" WIDTH="33" HEIGHT="27" WC="0.96" CONTENT="Är"/><SP WIDTH="19" VPOS="1098" HPOS="241"/>
							<String ID="string_195" HPOS="260" VPOS="1103" WIDTH="51" HEIGHT="22" WC="0.93" CONTENT="barn"/><SP WIDTH="23" VPOS="1103" HPOS="311"/>
							<String ID="string_196" HPOS="334" VPOS="1103" WIDTH="83" HEIGHT="28" WC="0.92" CONTENT="(utesl.)"/><SP WIDTH="18" VPOS="1103" HPOS="417"/>
							<String ID="string_197" HPOS="435" VPOS="1103" WIDTH="48" HEIGHT="21" WC="0.93" CONTENT="födt"/><SP WIDTH="15" VPOS="1103" HPOS="483"/>
							<String ID="string_198" HPOS="498" VPOS="1103" WIDTH="45" HEIGHT="21" WC="0.97" CONTENT="före"/><SP WIDTH="14" VPOS="1103" HPOS="543"/>
							<String ID="string_199" HPOS="557" VPOS="1103" WIDTH="42" HEIGHT="21" WC="0.97" CONTENT="den"/><SP WIDTH="15" VPOS="1103" HPOS="599"/>
							<String ID="string_200" HPOS="614" VPOS="1103" WIDTH="48" HEIGHT="27" WC="0.97" CONTENT="dag,"/><SP WIDTH="15" VPOS="1103" HPOS="662"/>
							<String ID="string_201" HPOS="677" VPOS="1102" WIDTH="29" HEIGHT="22" WC="0.96" CONTENT="då"/><SP WIDTH="15" VPOS="1102" HPOS="706"/>
							<String ID="string_202" HPOS="721" VPOS="1103" WIDTH="73" HEIGHT="20" WC="0.93" CONTENT="denna"/><SP WIDTH="15" VPOS="1103" HPOS="794"/>
							<String ID="string_203" HPOS="809" VPOS="1101" WIDTH="86" HEIGHT="28" WC="0.92" CONTENT="förord-"/>
						</TextLine>
						<TextLine ID="line_27" HPOS="139" VPOS="1136" WIDTH="759" HEIGHT="29">
							<String ID="string_204" HPOS="139" VPOS="1137" WIDTH="56" HEIGHT="28" WC="0.93" CONTENT="ning"/><SP WIDTH="20" VPOS="1137" HPOS="195"/>
							<String ID="string_205" HPOS="215" VPOS="1138" WIDTH="58" HEIGHT="21" WC="0.92" CONTENT="trädt"/><SP WIDTH="20" VPOS="1138" HPOS="273"/>
							<String ID="string_206" HPOS="293" VPOS="1138" WIDTH="8" HEIGHT="20" WC="0.95" CONTENT="i"/><SP WIDTH="18" VPOS="1138" HPOS="301"/>
							<String ID="string_207" HPOS="319" VPOS="1137" WIDTH="97" HEIGHT="28" WC="0.96" CONTENT="gällande"/><SP WIDTH="16" VPOS="1137" HPOS="416"/>
							<String ID="string_208" HPOS="432" VPOS="1137" WIDTH="63" HEIGHT="27" WC="0.96" CONTENT="kraft,"/><SP WIDTH="14" VPOS="1137" HPOS="495"/>
							<String ID="string_209" HPOS="509" VPOS="1137" WIDTH="57" HEIGHT="22" WC="0.93" CONTENT="skall"/><SP WIDTH="15" VPOS="1137" HPOS="566"/>
							<String ID="string_210" HPOS="581" VPOS="1138" WIDTH="113" HEIGHT="26" WC="0.92" CONTENT="anmälan,"/><SP WIDTH="15" VPOS="1138" HPOS="694"/>
							<String ID="string_211" HPOS="709" VPOS="1137" WIDTH="92" HEIGHT="21" WC="0.92" CONTENT="hvarom"/><SP WIDTH="15" VPOS="1137" HPOS="801"/>
							<String ID="string_212" HPOS="816" VPOS="1136" WIDTH="41" HEIGHT="21" WC="0.96" CONTENT="här"/><SP WIDTH="14" VPOS="1136" HPOS="857"/>
							<String ID="string_213" HPOS="871" VPOS="1138" WIDTH="27" HEIGHT="19" WC="0.96" CONTENT="är"/>
						</TextLine>
						<TextLine ID="line_28" HPOS="140" VPOS="1171" WIDTH="649" HEIGHT="29">
							<String ID="string_214" HPOS="140" VPOS="1173" WIDTH="105" HEIGHT="27" WC="0.89" CONTENT="stadgadt,"/><SP WIDTH="15" VPOS="1173" HPOS="245"/>
							<String ID="string_215" HPOS="260" VPOS="1174" WIDTH="65" HEIGHT="26" WC="0.92" CONTENT="göras"/><SP WIDTH="14" VPOS="1174" HPOS="325"/>
							<String ID="string_216" HPOS="339" VPOS="1172" WIDTH="62" HEIGHT="21" WC="0.93" CONTENT="inom"/><SP WIDTH="16" VPOS="1172" HPOS="401"/>
							<String ID="string_217" HPOS="417" VPOS="1173" WIDTH="36" HEIGHT="20" WC="0.89" CONTENT="tvä"/><SP WIDTH="16" VPOS="1173" HPOS="453"/>
							<String ID="string_218" HPOS="469" VPOS="1173" WIDTH="106" HEIGHT="20" WC="0.91" CONTENT="mänader"/><SP WIDTH="14" VPOS="1173" HPOS="575"/>
							<String ID="string_219" HPOS="589" VPOS="1171" WIDTH="54" HEIGHT="28" WC="0.91" CONTENT="frän"/><SP WIDTH="14" VPOS="1171" HPOS="643"/>
							<String ID="string_220" HPOS="657" VPOS="1172" WIDTH="69" HEIGHT="28" WC="0.92" CONTENT="sagda"/><SP WIDTH="15" VPOS="1172" HPOS="726"/>
							<String ID="string_221" HPOS="741" VPOS="1172" WIDTH="48" HEIGHT="27" WC="0.96" CONTENT="dag."/>
						</TextLine>
					</TextBlock>
				</ComposedBlock>
				<ComposedBlock ID="cblock_3" HPOS="138" VPOS="1241" WIDTH="760" HEIGHT="207">
					<TextBlock ID="block_7" HPOS="407" VPOS="1241" WIDTH="224" HEIGHT="28">
						<TextLine ID="line_29" HPOS="407" VPOS="1241" WIDTH="224" HEIGHT="28">
							<String ID="string_222" HPOS="407" VPOS="1241" WIDTH="12" HEIGHT="20" WC="0.96" CONTENT="3"/><SP WIDTH="59" VPOS="1241" HPOS="419"/>
							<String ID="string_223" HPOS="478" VPOS="1242" WIDTH="20" HEIGHT="25" WC="0.92" CONTENT="(4"/><SP WIDTH="16" VPOS="1242" HPOS="498"/>
							<String ID="string_224" HPOS="514" VPOS="1241" WIDTH="11" HEIGHT="26" WC="0.32" CONTENT="8"/><SP WIDTH="15" VPOS="1241" HPOS="525"/>
							<String ID="string_225" HPOS="540" VPOS="1241" WIDTH="8" HEIGHT="20" WC="0.32" CONTENT="i"/><SP WIDTH="15" VPOS="1241" HPOS="548"/>
							<String ID="string_226" HPOS="563" VPOS="1241" WIDTH="68" HEIGHT="28" WC="0.95" CONTENT="prop.)"/>
						</TextLine>
					</TextBlock>
					<TextBlock ID="block_8" HPOS="139" VPOS="1284" WIDTH="759" HEIGHT="96">
						<TextLine ID="line_30" HPOS="208" VPOS="1284" WIDTH="690" HEIGHT="29">
							<String ID="string_227" HPOS="208" VPOS="1286" WIDTH="57" HEIGHT="20" WC="0.95" CONTENT="Barn"/><SP WIDTH="19" VPOS="1286" HPOS="265"/>
							<String ID="string_228" HPOS="284" VPOS="1285" WIDTH="33" HEIGHT="21" WC="0.93" CONTENT="till"/><SP WIDTH="20" VPOS="1285" HPOS="317"/>
							<String ID="string_229" HPOS="337" VPOS="1285" WIDTH="51" HEIGHT="21" WC="0.91" CONTENT="äkta"/><SP WIDTH="17" VPOS="1285" HPOS="388"/>
							<String ID="string_230" HPOS="405" VPOS="1285" WIDTH="78" HEIGHT="26" WC="0.91" CONTENT="makar,"/><SP WIDTH="16" VPOS="1285" HPOS="483"/>
							<String ID="string_231" HPOS="499" VPOS="1293" WIDTH="43" HEIGHT="13" WC="0.93" CONTENT="som"/><SP WIDTH="17" VPOS="1293" HPOS="542"/>
							<String ID="string_232" HPOS="559" VPOS="1285" WIDTH="68" HEIGHT="28" WC="0.92" CONTENT="begge"/><SP WIDTH="13" VPOS="1285" HPOS="627"/>
							<String ID="string_233" HPOS="640" VPOS="1285" WIDTH="66" HEIGHT="21" WC="0.96" CONTENT="finnas"/><SP WIDTH="15" VPOS="1285" HPOS="706"/>
							<String ID="string_234" HPOS="721" VPOS="1285" WIDTH="8" HEIGHT="20" WC="0.93" CONTENT="i"/><SP WIDTH="16" VPOS="1285" HPOS="729"/>
							<String ID="string_235" HPOS="745" VPOS="1284" WIDTH="106" HEIGHT="28" WC="0.90" CONTENT="offentligt"/><SP WIDTH="15" VPOS="1284" HPOS="851"/>
							<String ID="string_236" HPOS="866" VPOS="1291" WIDTH="32" HEIGHT="14" WC="0.93" CONTENT="re-"/>
						</TextLine>
						<TextLine ID="line_31" HPOS="139" VPOS="1318" WIDTH="759" HEIGHT="30">
							<String ID="string_237" HPOS="139" VPOS="1320" WIDTH="66" HEIGHT="28" WC="0.92" CONTENT="gister"/><SP WIDTH="18" VPOS="1320" HPOS="205"/>
							<String ID="string_238" HPOS="223" VPOS="1319" WIDTH="90" HEIGHT="27" WC="0.92" CONTENT="införda,"/><SP WIDTH="15" VPOS="1319" HPOS="313"/>
							<String ID="string_239" HPOS="328" VPOS="1319" WIDTH="54" HEIGHT="21" WC="0.96" CONTENT="skall"/><SP WIDTH="19" VPOS="1319" HPOS="382"/>
							<String ID="string_240" HPOS="401" VPOS="1320" WIDTH="56" HEIGHT="20" WC="0.93" CONTENT="inom"/><SP WIDTH="15" VPOS="1320" HPOS="457"/>
							<String ID="string_241" HPOS="472" VPOS="1320" WIDTH="37" HEIGHT="21" WC="0.93" CONTENT="tvä"/><SP WIDTH="14" VPOS="1320" HPOS="509"/>
							<String ID="string_242" HPOS="523" VPOS="1319" WIDTH="100" HEIGHT="21" WC="0.92" CONTENT="mänader"/><SP WIDTH="15" VPOS="1319" HPOS="623"/>
							<String ID="string_243" HPOS="638" VPOS="1319" WIDTH="54" HEIGHT="21" WC="0.93" CONTENT="efter"/><SP WIDTH="14" VPOS="1319" HPOS="692"/>
							<String ID="string_244" HPOS="706" VPOS="1318" WIDTH="98" HEIGHT="22" WC="0.92" CONTENT="födelsen"/><SP WIDTH="14" VPOS="1318" HPOS="804"/>
							<String ID="string_245" HPOS="818" VPOS="1318" WIDTH="33" HEIGHT="21" WC="0.93" CONTENT="till"/><SP WIDTH="14" VPOS="1318" HPOS="851"/>
							<String ID="string_246" HPOS="865" VPOS="1318" WIDTH="33" HEIGHT="20" WC="0.92" CONTENT="in-"/>
						</TextLine>
						<TextLine ID="line_32" HPOS="139" VPOS="1353" WIDTH="336" HEIGHT="27">
							<String ID="string_247" HPOS="139" VPOS="1353" WIDTH="88" HEIGHT="21" WC="0.92" CONTENT="förande"/><SP WIDTH="14" VPOS="1353" HPOS="227"/>
							<String ID="string_248" HPOS="241" VPOS="1354" WIDTH="8" HEIGHT="20" WC="0.96" CONTENT="i"/><SP WIDTH="15" VPOS="1354" HPOS="249"/>
							<String ID="string_249" HPOS="264" VPOS="1354" WIDTH="99" HEIGHT="26" WC="0.93" CONTENT="registret"/><SP WIDTH="15" VPOS="1354" HPOS="363"/>
							<String ID="string_250" HPOS="378" VPOS="1353" WIDTH="97" HEIGHT="21" WC="0.90" CONTENT="anmälas."/>
						</TextLine>
					</TextBlock>
					<TextBlock ID="block_9" HPOS="138" VPOS="1385" WIDTH="760" HEIGHT="63">
						<TextLine ID="line_33" HPOS="207" VPOS="1385" WIDTH="691" HEIGHT="28">
							<String ID="string_251" HPOS="207" VPOS="1386" WIDTH="43" HEIGHT="22" WC="0.96" CONTENT="Om"/><SP WIDTH="19" VPOS="1386" HPOS="250"/>
							<String ID="string_252" HPOS="269" VPOS="1386" WIDTH="23" HEIGHT="22" WC="0.93" CONTENT="af"/><SP WIDTH="18" VPOS="1386" HPOS="292"/>
							<String ID="string_253" HPOS="310" VPOS="1386" WIDTH="131" HEIGHT="22" WC="0.92" CONTENT="föräldrarne"/><SP WIDTH="18" VPOS="1386" HPOS="441"/>
							<String ID="string_254" HPOS="459" VPOS="1386" WIDTH="41" HEIGHT="21" WC="0.96" CONTENT="den"/><SP WIDTH="18" VPOS="1386" HPOS="500"/>
							<String ID="string_255" HPOS="518" VPOS="1394" WIDTH="39" HEIGHT="13" WC="0.93" CONTENT="ena"/><SP WIDTH="19" VPOS="1394" HPOS="557"/>
							<String ID="string_256" HPOS="576" VPOS="1386" WIDTH="69" HEIGHT="21" WC="0.93" CONTENT="finnes"/><SP WIDTH="17" VPOS="1386" HPOS="645"/>
							<String ID="string_257" HPOS="662" VPOS="1386" WIDTH="8" HEIGHT="20" WC="0.93" CONTENT="i"/><SP WIDTH="15" VPOS="1386" HPOS="670"/>
							<String ID="string_258" HPOS="685" VPOS="1385" WIDTH="110" HEIGHT="27" WC="0.92" CONTENT="offentligt"/><SP WIDTH="15" VPOS="1385" HPOS="795"/>
							<String ID="string_259" HPOS="810" VPOS="1385" WIDTH="88" HEIGHT="28" WC="0.95" CONTENT="register"/>
						</TextLine>
						<TextLine ID="line_34" HPOS="138" VPOS="1418" WIDTH="759" HEIGHT="30">
							<String ID="string_260" HPOS="138" VPOS="1420" WIDTH="72" HEIGHT="22" WC="0.93" CONTENT="införd"/><SP WIDTH="21" VPOS="1420" HPOS="210"/>
							<String ID="string_261" HPOS="231" VPOS="1420" WIDTH="41" HEIGHT="22" WC="0.94" CONTENT="och"/><SP WIDTH="21" VPOS="1420" HPOS="272"/>
							<String ID="string_262" HPOS="293" VPOS="1420" WIDTH="42" HEIGHT="22" WC="0.96" CONTENT="den"/><SP WIDTH="22" VPOS="1420" HPOS="335"/>
							<String ID="string_263" HPOS="357" VPOS="1420" WIDTH="65" HEIGHT="22" WC="0.93" CONTENT="andra"/><SP WIDTH="21" VPOS="1420" HPOS="422"/>
							<String ID="string_264" HPOS="443" VPOS="1420" WIDTH="73" HEIGHT="21" WC="0.92" CONTENT="tillhör"/><SP WIDTH="21" VPOS="1420" HPOS="516"/>
							<String ID="string_265" HPOS="537" VPOS="1420" WIDTH="8" HEIGHT="20" WC="0.96" CONTENT="i"/><SP WIDTH="14" VPOS="1420" HPOS="545"/>
							<String ID="string_266" HPOS="559" VPOS="1419" WIDTH="72" HEIGHT="22" WC="0.93" CONTENT="landet"/><SP WIDTH="14" VPOS="1419" HPOS="631"/>
							<String ID="string_267" HPOS="645" VPOS="1418" WIDTH="114" HEIGHT="23" WC="0.93" CONTENT="bestäende"/><SP WIDTH="16" VPOS="1418" HPOS="759"/>
							<String ID="string_268" HPOS="775" VPOS="1418" WIDTH="122" HEIGHT="30" WC="0.92" CONTENT="kyrkosam-"/>
						</TextLine>
					</TextBlock>
				</ComposedBlock>
				<ComposedBlock ID="cblock_4" HPOS="212" VPOS="1466" WIDTH="345" HEIGHT="24">
					<TextBlock ID="block_10" HPOS="212" VPOS="1466" WIDTH="345" HEIGHT="24">
						<TextLine ID="line_35" HPOS="212" VPOS="1466" WIDTH="345" HEIGHT="24">
							<String ID="string_269" HPOS="212" VPOS="1466" WIDTH="133" HEIGHT="24" WC="0.91" CONTENT="Lagutskottets"/><SP WIDTH="13" VPOS="1466" HPOS="345"/>
							<String ID="string_270" HPOS="358" VPOS="1466" WIDTH="110" HEIGHT="18" WC="0.92" CONTENT="betänkande"/><SP WIDTH="11" VPOS="1466" HPOS="468"/>
							<String ID="string_271" HPOS="479" VPOS="1466" WIDTH="38" HEIGHT="17" WC="0.96" CONTENT="N:o"/><SP WIDTH="11" VPOS="1466" HPOS="517"/>
							<String ID="string_272" HPOS="528" VPOS="1466" WIDTH="29" HEIGHT="18" WC="0.96" CONTENT="12."/>
						</TextLine>
					</TextBlock>
				</ComposedBlock>
			</PrintSpace>
		</Page>
	</Layout>
</alto>
