1075 1764
206 157 28 21 22
400 156 28 22 U.
443 157 27 21 B.
485 169 27 5 —
528 157 73 28 Prop.
617 163 40 16 N:o
673 158 34 21 23.

597 226 16 28 $
623 210 25 49 8.

386 276 156 23 Kostnaden
568 278 44 28 för
637 278 147 28 värdering
807 278 31 27 af
857 278 73 27 djur,

316 317 53 14 som
385 312 36 26 på
439 312 87 27 grund
545 313 28 27 af
592 312 160 28 stadgandet
767 313 9 19 i
790 312 16 28 $
821 313 15 20 2
851 312 80 27 aflif-

317 352 56 19 vas,
390 345 129 22 bestrides
535 354 31 13 ur
581 347 140 21 allmänna
736 347 89 21 medel.

600 433 14 27 $
631 434 19 20 9.

387 489 112 29 Rättighet
517 491 36 20 till
569 490 126 22 erhållande
710 492 28 26 af
750 492 121 28 ersättning
886 493 47 27 för-

318 523 86 21 verkas:

388 571 33 14 om
447 565 48 27 den,
519 572 44 14 som
587 566 93 27 husdjur
698 573 54 20 eger,
771 566 117 20 uraktlåtit
903 568 32 19 att

321 598 68 21 ställa
409 599 33 28 sig
462 600 36 20 till
518 600 142 28 efterrättelse
674 600 105 28 gällande
795 600 140 28 föreskrifter

322 639 33 14 om
370 633 159 21 smittosamma
539 634 245 28 husdjurssjukdomars
794 634 140 26 hämmande;

388 680 33 14 om
444 680 79 21 egaren
545 674 37 21 vid
603 674 66 28 inköp
689 674 28 28 af
733 674 73 28 djuret
821 674 114 29 bevisligen

319 707 89 27 afvetat,
424 710 32 18 att
472 708 119 22 detsamma
602 709 57 20 varit
670 708 112 29 behäftadt
792 710 49 20 med
850 710 84 21 smitto-

319 748 47 14 sam
381 742 112 27 sjukdom;
504 746 60 18 samt

388 789 33 14 om
438 782 56 26 häst,
509 790 46 14 som
570 784 53 27 från
638 786 69 18 annat
722 784 55 20 land
792 784 87 28 införts,
892 792 42 13 an-

319 817 81 27 gripits
422 817 26 28 af
471 820 45 18 rots
539 818 53 21 eller
614 818 132 28 springorm,
769 819 69 21 innan
861 821 29 19 ett
908 819 28 21 år

321 851 102 27 förflutit,
447 852 55 27 efter
518 852 34 21 det
568 852 108 28 införseln
691 854 26 26 af
732 853 74 28 djuret
820 853 61 25 skett,
897 853 38 21 och

321 885 47 21 icke
390 886 90 21 utredas
503 886 43 22 kan
566 889 32 19 att
617 887 127 27 sjukdomen
763 888 99 28 ådragits
877 888 58 21 inom

320 920 80 21 landet.

594 980 15 26 $
624 980 35 20 10.

389 1035 68 21 Hvad
471 1036 42 21 här
529 1036 64 28 ofvan
609 1036 99 28 stadgats
724 1036 135 28 beträffande
875 1044 62 20 egare

322 1069 28 27 af
370 1069 96 28 husdjur
489 1071 65 27 gälle,
579 1071 39 21 der
640 1077 78 21 egaren
737 1071 22 27 ej
776 1072 27 19 är
822 1071 114 25 tillstädes,

321 1104 40 20 den
376 1104 56 21 hans
448 1105 65 21 ställe
528 1105 128 27 företräder.

252 1287 87 22 Genom
362 1288 43 21 den
427 1287 84 28 nådiga
533 1287 165 28 propositionen
720 1288 71 21 hafva
813 1287 124 22 Ständerna

184 1320 74 21 blifvit
280 1321 58 20 satta
353 1320 8 21 i
376 1320 89 21 tillfälle
488 1322 32 19 att
542 1320 71 22 uttala
631 1321 36 28 sig
681 1320 83 28 jemväl
779 1320 115 28 angående
909 1321 28 21 de

184 1354 147 28 stadganden,
350 1353 80 22 hvilka
448 1355 40 20 äro
507 1354 94 22 afsedda
621 1356 33 19 att
668 1355 8 20 i
690 1354 165 23 administrativ
870 1356 45 27 väg
930 1354 7 21 i

183 1388 92 22 ärendet
290 1388 109 27 utfärdas,
415 1388 42 22 och
472 1388 79 22 hvilka
566 1388 55 29 ingå
635 1389 7 21 i
657 1390 31 20 ett
702 1389 87 28 förslag
804 1389 34 21 till
849 1389 89 29 kungö-

183 1422 65 27 relse,
269 1422 159 23 innehållande
449 1423 141 22 föreskrifter
612 1423 34 22 till
660 1423 135 22 hämmande
811 1423 25 22 af
850 1423 87 22 smitto-

184 1464 87 15 samma
285 1457 238 28 husdjurssjukdomar
538 1458 61 22 inom
614 1458 103 22 Finland.

253 1503 182 20 Ekonomiutskottets
448 1504 111 19 betänkande
570 1505 36 17 N:o
618 1505 17 18 5.
