1700 1917
641 249 84 24 Ständ.
741 250 39 22 Sv.
795 264 28 2 —
839 250 72 29 Prop.
928 251 41 23 N:o
985 251 36 23 19.
1195 252 13 20 3

452 319 40 22 till
510 320 108 22 säkerhet
635 321 36 21 för
689 323 34 19 ett
741 321 334 29 skogsafverkningskontrakt
1090 320 118 23 meddelas

454 354 73 22 innan
554 362 29 14 en
609 355 102 21 revision
739 355 23 22 af
788 356 249 28 skogslagstiftningen
1061 356 91 21 komme
1170 355 38 21 till

454 388 76 28 stånd,
548 396 55 14 vore
622 388 76 30 egnad
716 392 35 19 att
769 390 8 21 i
795 390 71 28 högre
884 390 59 29 grad
960 393 31 18 än
1008 392 35 20 ett
1058 389 150 22 derförinnan

454 422 119 30 afslutadt,
601 423 51 22 icke
678 424 139 22 intecknadt
844 424 208 29 afverkningsaftal
1075 426 86 27 trygga
1178 431 29 14 en

451 457 160 30 skogsköpare
637 460 62 20 emot
725 458 88 23 sådana
840 459 117 22 allmänna
983 458 224 30 inskränkningar
1192 453 18 39 i

453 492 100 29 skogens
575 493 130 29 nyttjande,
730 501 49 15 som
801 501 82 21 genom
906 493 86 23 nämda
1008 494 102 23 revision
1127 492 79 23 kunde

453 527 94 28 införas,
574 527 71 22 hafva
673 527 132 23 Ständerna
822 529 9 21 i
849 537 28 14 en
904 528 99 23 särskild
1023 529 13 21 3
1056 530 13 26 $
1087 528 73 22 infört
1178 535 28 14 en

453 562 149 29 bestämning
619 562 9 21 i
646 562 84 29 antydt
747 563 67 28 syfte.

520 596 35 22 På
573 597 77 29 grund
669 597 23 22 af
709 597 63 22 hvad
790 598 68 22 ofvan
877 597 140 23 framhållits
1035 597 24 22 få
1075 597 131 22 Ständerna

451 631 171 30 underdånigst
640 631 101 22 anmäla:

726 731 32 19 att
780 730 33 21 det
829 730 11 21 i
855 730 139 27 förevarande
1020 729 80 28 nådiga
1123 736 80 21 propo-

658 764 67 21 sition
751 765 34 20 till
806 764 121 22 Ständerna
944 764 154 27 öfverlemnade
1116 763 87 28 författ-

657 798 166 29 ningsförslaget
849 799 71 28 blifvit
937 798 28 28 af
981 798 122 21 Ständerna
1119 800 86 26 antaget

657 833 48 21 med
730 833 105 22 särskilda
861 833 125 27 ändringar,
1013 833 10 21 i
1047 833 55 28 följd
1127 833 82 27 hvaraf

657 868 66 27 sagda
745 867 80 29 förslag
849 869 82 20 komme
954 869 32 19 att
1007 867 81 22 erhålla
1110 867 94 28 följande

657 902 86 27 lydelse:

470 1011 155 29 Förordning
640 1019 39 16 om
696 1012 144 29 inteckning
855 1013 28 22 af
893 1013 52 22 rätt
959 1012 42 23 till
1015 1012 167 28 skogsafverk-

683 1047 60 28 ning
759 1047 14 22 å
787 1053 92 17 annans
894 1047 78 22 mark.

521 1118 79 23 Såsom
619 1119 84 28 tillägg
721 1119 39 21 till
786 1119 5 20 1
812 1119 43 22 och
873 1119 31 21 22
924 1120 28 25 $$
970 1119 8 20 i
996 1118 166 29 förordningen
1181 1119 23 21 af

452 1153 45 21 den
516 1153 15 21 9
549 1153 132 22 November
701 1153 63 22 1868
784 1160 36 15 om
838 1153 138 29 inteckning
993 1153 8 21 i
1019 1153 46 22 fast
1083 1153 120 29 egendom,

453 1187 116 29 sistsagda
587 1189 13 25 $
618 1187 72 22 sådan
703 1187 46 22 den
766 1187 67 29 lyder
850 1187 36 22 uti
902 1187 167 29 förordningen
1089 1188 23 21 af
1130 1187 44 22 den
1188 1188 14 21 3

449 1221 128 22 December
597 1222 72 28 1895,
686 1222 85 21 varder
788 1221 135 30 härigenom
941 1221 119 29 stadgadt:

804 1297 11 20 1
830 1283 26 45 8.

517 1352 143 29 Inteckning
677 1352 37 22 till
727 1352 108 22 säkerhet
846 1353 35 22 för
893 1353 64 28 aftal,
970 1353 153 28 hvarigenom
1135 1360 67 21 egare

451 1387 25 22 af
493 1387 163 30 jordlägenhet
673 1387 38 22 till
729 1395 77 14 annan
824 1387 133 28 skriftligen
983 1387 102 29 upplätit
1102 1389 48 20 rätt
1168 1389 35 20 att

447 1421 99 23 afverka
562 1421 108 23 växande
697 1421 58 29 skog
773 1422 13 22 ä
803 1421 151 29 lägenhetens
978 1422 72 28 mark,
1068 1429 55 15 vare
1141 1422 61 22 tillä-

449 1458 47 26 ten,
524 1456 41 21 der
591 1456 82 22 aftalet
696 1456 75 29 gäller
794 1456 35 22 för
847 1456 46 22 viss
912 1456 41 27 tid,
972 1456 68 29 högst
1057 1457 34 21 tio
1109 1457 31 26 år,
1159 1457 44 21 och

449 1490 52 21 icke
528 1490 85 21 strider
639 1492 62 19 emot
726 1489 63 22 hvad
816 1489 120 29 angäende
953 1490 132 28 jordegares
1103 1492 47 19 rätt
1168 1492 35 20 att

448 1524 92 28 förfoga
567 1524 65 22 öfver
658 1523 121 29 lägenhets
802 1524 58 28 skog
883 1526 60 19 samt
961 1531 38 14 om
1015 1523 187 23 förekommande

448 1558 25 22 af
490 1558 148 30 skogsmarks
657 1558 146 30 ödeläggelse
821 1562 26 18 är
863 1558 8 22 i
888 1558 39 29 lag
944 1558 155 22 föreskrifvet.
