1075 1756
480 140 40 21 N:o
536 141 32 20 23.
838 141 26 20 23

147 205 46 22 dött
209 206 38 22 och
263 206 134 28 obducerats,
413 208 124 26 sjukdomen
552 214 52 16 vara
618 208 148 26 vattuskräck,
777 208 60 22 skola
852 208 42 21 alla

146 239 22 22 af
191 240 71 27 djuret
286 240 60 22 bitna
370 241 91 27 hundar,
483 243 73 20 kattor
579 242 38 21 och
639 242 45 21 svin
707 244 76 25 genast
806 242 87 26 aflifvas,

144 274 111 22 hvaremot
274 274 106 22 idislande
394 276 49 26 djur
458 276 38 21 och
511 276 74 21 hästar
599 276 40 26 må,
657 282 33 15 om
705 282 79 21 egaren
799 276 33 21 till
847 276 48 22 dem

145 307 18 27 ej
186 308 81 21 tillåter
289 308 62 22 deras
372 309 104 27 dödande,
498 309 68 21 hållas
589 309 90 22 afskilda
696 309 48 22 från
762 310 68 21 andra
846 310 48 27 djur

144 342 69 21 under
235 342 179 28 etthundratjugu
437 343 56 27 dygn
516 344 38 20 och
572 343 92 22 derefter
678 344 125 27 ytterligare
826 344 68 22 under

144 376 67 22 sextio
233 377 54 27 dygn
308 377 23 21 af
349 384 76 20 egaren
441 380 121 25 noggrannt
577 378 114 27 iakttagas.
722 378 48 22 Kan
787 378 23 21 af
822 380 72 20 vattu-

144 411 77 21 skräck
237 412 98 26 angripet
345 412 52 21 eller
412 412 72 22 derför
498 412 114 22 misstänkt
628 412 48 27 djur
691 412 18 27 ej
725 412 81 28 fångas,
814 412 34 22 får
858 412 36 22 det

144 445 83 21 saklöst
242 445 73 22 dödas.

212 481 19 20 3.
262 479 99 27 Område,
376 481 57 21 inom
453 481 80 21 hvilket
547 480 36 22 fall
599 479 22 22 af
634 480 142 22 vattuskräck
790 480 103 27 inträffat,

144 514 61 27 skall,
221 514 31 21 till
267 514 41 22 den
324 515 149 26 utsträckning
488 514 74 27 nödigt
576 514 92 28 pröfvas,
684 514 106 23 förklaras
805 514 23 22 af
836 515 58 27 sjuk-

144 548 74 22 domen
243 549 104 22 smittadt.
379 549 56 22 Från
458 549 78 22 sådant
555 549 87 22 område
656 549 36 21 må
706 549 60 22 hund
781 549 51 22 eller
846 549 48 22 katt

144 582 46 22 icke
212 583 83 22 utföras
311 584 54 21 utan
381 583 71 22 dertill
468 583 22 22 af
504 583 138 22 Guvernören
658 584 116 21 utverkadt
788 583 104 22 tillstånd.

212 618 19 20 4.
261 617 46 22 Har
330 617 87 22 område
441 617 116 22 förklarats
582 617 99 22 smittadt
703 617 23 22 af
746 618 147 26 vattuskräck,

144 652 61 21 skola
227 652 43 22 alla
291 652 57 22 inom
371 652 119 22 detsamma
504 652 109 28 befintliga
627 653 85 21 hundar
727 659 52 15 vara
793 652 101 23 försedda

144 687 47 20 med
206 687 107 26 munkorg
328 687 23 21 af
364 687 66 21 sådan
441 687 61 28 form,
512 693 45 16 som
567 687 178 27 polismyndighet
756 687 137 27 föreskrifvit,

144 721 51 21 eller
213 720 68 23 hållas
303 721 115 28 instängda
439 721 51 22 eller
512 721 94 27 bundna,
621 723 56 20 samt
699 721 43 22 alla
763 721 74 22 kattor
851 721 42 22 för-

143 761 62 16 varas
227 755 58 22 inom
307 755 47 22 hus.
385 750 135 28 Åsidosättes
544 756 66 26 detta,
635 755 35 22 må
691 755 59 22 hund
772 755 52 22 eller
844 756 50 21 katt

144 790 82 21 saklöst
241 790 73 23 dödas.

213 826 19 21 5.
261 825 30 22 Af
311 826 139 21 vattuskräck
473 826 99 27 angripet
594 826 54 27 djur,
667 831 45 16 som
728 825 48 22 dött
791 825 50 22 eller
856 825 37 22 dö-

145 859 55 27 dats,
216 859 55 22 skall
286 859 128 28 nedgräfvas
429 859 51 22 eller
494 860 29 27 på
538 862 67 20 annat
619 861 45 21 sätt
679 859 167 28 oskadliggöras.

459 963 74 23 KAP.
557 966 18 20 3.

378 1034 46 20 Om
439 1035 220 22 tuberkelsjukan.

492 1097 11 26 8
519 1098 32 20 23.

211 1136 129 22 Misstänkes
356 1136 48 28 djur
418 1137 57 21 inom
492 1143 25 15 en
532 1136 242 28 ladugärdsbesättning
788 1143 52 15 vara
856 1143 37 15 an-

142 1171 72 27 gripet
236 1170 22 22 af
279 1170 167 28 tuberkelsjuka,
468 1170 40 22 bör
528 1170 47 22 dess
594 1176 63 22 egare
673 1171 131 21 omedelbart
818 1171 75 22 härom

143 1205 128 21 underrätta
294 1205 129 21 ordförande
444 1205 8 21 i
473 1205 203 22 helsovärdsnämnd
698 1205 58 27 eller,
772 1206 38 20 der
824 1205 70 22 helso-

143 1238 144 22 värdsnämnd
309 1239 46 21 icke
374 1238 72 27 finnes,
463 1239 128 21 ordförande
605 1240 8 20 i
627 1239 211 27 kommunalnämnd,
854 1239 39 22 och

144 1273 81 28 äligger
238 1274 69 21 denne
323 1275 33 20 att
372 1280 33 14 om
420 1273 142 22 förhällandet
577 1274 38 21 hos
631 1273 141 22 Guvernören
788 1274 84 21 anmäla
885 1273 8 21 i

144 1308 39 21 och
204 1307 34 22 för
256 1308 183 27 länedjurläkares
454 1307 144 23 förordnande
613 1308 34 21 att
662 1308 13 21 å
690 1307 73 22 stället
777 1308 117 21 verkställa

143 1342 167 27 undersökning.

211 1376 42 21 Vid
268 1376 71 21 denna
354 1376 160 26 undersökning
529 1376 60 21 skola
604 1376 99 26 samtliga
717 1376 33 21 till
760 1376 132 26 ladugärden

142 1410 97 22 hörande
261 1410 128 22 nötkreatur
411 1410 39 21 och
469 1410 46 22 svin
534 1411 121 25 noggrannt
671 1410 22 21 af
706 1410 186 27 länedjurläkaren

143 1444 132 23 undersökas
297 1444 49 22 med
370 1443 108 24 anlitande
501 1443 23 23 af
543 1444 98 28 brukliga
656 1443 147 30 diagnostiska
818 1444 73 22 medel.
