1075 1759
486 99 41 21 N:o
542 101 34 20 23.
848 101 26 20 27

499 168 11 28 8
527 169 32 21 31.

218 207 72 21 Sådan
313 207 126 28 bevakning,
460 208 86 22 hvarom
562 208 7 21 i
585 208 23 28 $$
627 209 25 21 14
668 208 37 21 och
722 210 27 20 30
764 208 63 28 talas,
843 209 62 21 verk-

150 241 74 21 ställes
239 242 7 20 i
262 242 49 20 stad
326 248 75 20 genom
417 242 189 27 polismyndighets
622 242 90 27 försorg,
724 249 48 15 men
788 243 29 26 pä
831 242 74 22 landet

148 274 25 21 af
193 275 108 26 kommun,
325 276 51 20 eller
392 282 33 14 om
441 276 137 26 sjukdomens
601 276 130 26 utbredning
747 276 71 21 dertill
833 276 72 21 föran-

148 308 66 26 leder,
231 309 23 21 af
266 308 50 22 flere
332 310 127 20 kommuner
474 310 137 26 gemensamt.

499 362 11 26 s
527 362 32 20 32.

219 400 129 21 Underläter
364 406 63 21 egare
443 400 22 21 af
479 400 89 27 husdjur
584 400 51 21 eller
651 400 40 21 den
706 400 55 21 hans
777 400 62 21 ställe
849 400 55 21 före-

149 435 75 21 träder
240 437 32 19 att
287 434 92 28 fullgöra
394 435 57 21 hvad
466 435 6 21 i
489 435 69 21 denna
573 434 128 28 kungörelse
716 435 88 27 stadgas
815 434 51 22 eller
876 434 29 27 pä

150 468 69 28 grund
236 468 61 22 deraf
310 468 115 28 behörigen
441 469 110 27 päbjudes,
568 469 61 21 skola
644 469 26 21 de
685 469 78 27 nödiga
775 468 130 28 åtgärderna

150 503 29 27 pä
194 503 41 21 den
250 503 135 27 försumliges
404 503 121 22 bekostnad
540 503 126 22 verkställas
682 503 23 22 af
717 503 187 27 polismyndighet,

150 538 185 27 kronobetjening,
351 538 205 21 helsovärdsnämnd
572 538 57 26 eller,
642 538 37 21 der
694 538 68 21 sådan
773 538 46 21 icke
829 537 74 26 finnes,

150 572 211 22 kommunalnämnd.

219 606 84 22 Saknar
318 606 96 28 husdjur,
431 613 44 15 som
492 609 24 19 är
527 607 51 21 eller
588 607 128 21 misstänkes
727 612 52 15 vara
790 606 22 21 af
821 606 84 22 smitto-

150 647 46 15 sam
212 641 98 27 sjukdom
327 641 105 27 angripet,
449 641 64 27 nödig
529 641 79 27 tillsyn,
624 640 39 22 och
679 641 43 21 kan
738 646 78 21 egaren
827 640 24 22 af
859 640 46 28 dju-

151 677 33 19 ret
208 676 25 26 ej"
249 675 109 26 anträffas,
376 675 80 27 åligger
475 675 36 21 det
526 674 184 28 polismyndighet,
727 674 178 28 kronobetjening

150 710 52 21 eller
216 709 131 22 förbemälda
363 710 80 21 nämnd
459 711 33 20 att
507 710 29 27 på
550 710 140 21 kommunens
704 710 121 21 bekostnad
834 709 71 21 ombe-

151 745 59 27 sörja
233 744 81 27 djurets
337 744 180 28 tillvaratagande
540 744 38 22 och
600 744 130 27 behandling
753 744 66 27 enligt
835 744 70 22 denna

151 779 134 27 kungörelse.

499 809 11 26 $
527 810 33 19 33.

218 842 31 27 Är
264 848 70 27 någon
350 848 103 27 missnöjd
470 848 46 22 med
534 848 150 21 Guvernörens
700 848 72 26 utslag
795 847 110 27 angående

150 882 122 28 ersättning
294 882 33 22 för
346 882 95 22 aflifvadt
457 883 54 27 djur,
527 882 87 28 fullfölje
630 883 32 21 sin
678 883 59 21 talan
753 883 29 27 på
797 883 108 26 stämning

151 917 35 21 vid
200 917 50 27 laga
265 917 98 22 domstol.

220 952 116 21 Förmenar
352 952 71 26 någon
439 951 61 27 eljest
514 953 33 20 att
562 952 6 20 i
580 951 93 27 enlighet
683 951 48 21 med
743 952 71 20 denna
824 951 82 27 kungö-

150 986 55 21 relse
225 986 68 26 gifven
317 986 110 21 föreskrift
443 986 51 21 eller
509 986 99 26 vidtagen
625 986 76 26 åtgärd
716 986 121 21 förnärmar
851 985 54 21 hans

151 1021 46 20 rätt
220 1020 51 22 eller
293 1021 42 20 kan
356 1022 53 20 utan
427 1020 112 28 olägenhet
555 1020 38 21 och
610 1020 97 27 äfventyr
723 1020 116 22 återkallas
855 1020 51 20 eller

151 1054 127 27 upphäfvas,
287 1055 35 21 må
337 1054 42 22 han
391 1054 158 28 framställning
561 1054 73 22 derom
645 1055 39 21 hos
695 1054 140 22 Guvernören
846 1056 59 25 göra.

150 1084 32 26 Är
198 1089 42 21 han
255 1090 49 20 med
319 1089 152 22 Guvernörens
487 1089 71 22 beslut
573 1090 110 27 missnöjd,
699 1089 88 27 fullfölje
803 1090 31 20 sin
846 1088 59 22 talan

149 1124 59 20 inom
224 1124 75 21 trettio
311 1124 67 27 dagar
387 1130 75 21 genom
474 1124 76 22 besvär
558 1124 6 22 i
573 1124 104 22 Senatens
689 1124 217 26 Ekonomiedeparte-

150 1159 66 20 ment.
247 1158 48 21 Men
312 1158 57 21 hvad
384 1159 7 20 i
407 1158 72 27 dylika
493 1158 73 28 frågor
582 1158 23 21 af
618 1158 88 28 behörig
721 1158 123 27 myndighet
855 1157 51 21 eller

151 1192 129 27 tjensteman
295 1192 112 27 påbjudits
418 1192 51 22 eller
480 1192 107 28 tillgjorts,
596 1192 64 22 lände
671 1192 118 22 emellertid
800 1192 32 21 till
843 1191 64 22 efter-

150 1226 96 26 rättelse,
262 1226 55 22 intill
333 1226 48 22 dess
397 1227 91 27 ändring
504 1227 44 21 deri
563 1226 143 28 tilläfventyrs
722 1227 81 21 vinnes.

356 1302 11 20 I
389 1302 72 21 Nåder
483 1302 100 26 godkänd
603 1302 7 21 i
630 1302 31 22 S:t
676 1302 132 26 Petersburg
823 1302 40 21 den
879 1302 27 21 20

288 1336 88 20 Januari
393 1336 20 26 (1
430 1335 112 28 Februari)
560 1336 63 22 1900.

380 1408 300 22 Minister-Statssekreterare
696 1414 37 16 von
751 1408 86 22 Plehwe.
