1700 1900
641 219 28 23 U.
685 219 28 23 B.
728 232 29 3 —
771 220 74 29 Prop.
861 220 44 23 N:o
920 218 35 24 17.
1159 221 25 21 31

503 294 49 22 Den
567 295 8 21 i
590 295 173 27 propositionen
786 296 127 26 föreslagna
935 295 61 21 tiden
1018 296 25 20 af
1056 302 39 14 sex
1110 296 78 20 måna-

433 328 41 21 der
503 329 80 27 måste,
605 329 70 27 enligt
705 330 106 21 flertalets
834 330 7 20 i
865 330 112 20 Utskottet
999 330 99 26 mening,
1121 336 68 14 anses

433 362 52 20 fullt
506 362 121 28 tillräcklig
649 365 32 19 att
703 363 83 21 bereda
805 363 135 27 jordegaren
963 364 53 20 eller
1040 363 44 21 den
1100 363 88 21 honom

434 396 124 22 företräder
587 397 87 21 tillfälle
711 399 32 19 att
772 398 106 27 upprätta
907 399 50 25 nytt
981 398 55 20 aftal
1065 397 54 21 eller
1156 399 32 19 att

433 430 89 28 tillsäga
552 431 115 21 brukaren
703 434 31 18 att
763 432 94 27 afflytta.
894 431 143 21 Beträffande
1066 431 49 21 åter
1144 431 44 21 den

433 464 39 27 tid,
497 465 37 22 för
559 466 94 21 hvilken
678 466 128 27 legoaftalet
831 466 58 21 skall
915 472 67 15 anses
1004 466 113 27 förnyadt,
1140 465 48 22 ifall

433 499 103 22 hvarken
553 500 149 27 uppgörande
717 501 26 20 af
755 504 49 24 nytt
820 501 54 20 aftal
888 501 88 21 träffats
991 501 54 20 eller
1060 501 130 26 afflyttning

434 534 115 28 päyrkats,
564 535 95 20 föresläs
674 535 7 21 i
697 535 179 28 propositionen,
892 537 32 19 att
938 535 153 21 förhällandet
1101 535 43 20 bör
1152 535 37 20 be-

433 569 86 20 traktas
542 569 77 20 säsom
642 575 38 15 om
703 569 106 27 muntligt
830 569 55 20 aftal
899 569 90 27 ingätts,
1005 569 43 21 och
1064 569 77 20 aftalet
1156 569 34 21 sä-

434 603 78 26 lunda,
528 602 91 28 jemlikt
639 603 3 20 2
658 610 69 15 mom.
744 603 6 21 i
767 604 13 20 5
795 604 19 26 &,
830 603 58 26 gälla
904 603 36 21 för
954 603 32 21 tio
1001 603 31 20 är.

503 637 175 27 Ifrägavarande
701 638 86 28 påföljd
802 638 46 21 kan
864 638 49 21 icke
929 638 70 20 heller
1014 638 69 26 enligt
1099 637 90 21 Utskot-

433 674 43 19 tets
498 672 58 26 äsigt
577 672 139 21 inskränkas
738 672 81 21 endast
838 672 80 27 dertill,
934 674 32 19 att
981 672 130 21 kontraktet
1125 672 63 20 bibe-

436 706 62 20 hölle
506 706 103 26 giltighet
616 706 58 21 intill
683 706 51 21 dess
743 706 144 28 uppsägning
893 706 91 21 skedde.
1001 706 48 27 Tyi
1059 705 81 22 sådant
1148 706 40 20 fall

434 740 77 20 kunde
534 740 55 21 efter
611 741 114 27 förloppet
747 740 25 21 af
793 740 75 27 någon
890 740 33 21 tid
938 747 28 14 en
982 740 85 26 mängd
1082 740 105 27 legoaftal

434 774 105 21 befinnas
561 781 56 15 vara
640 775 73 21 stälda
735 775 30 27 på
781 775 150 27 uppsägning,
947 774 86 21 hvilket
1048 774 141 22 missförhål-

434 808 68 21 lande
518 815 55 14 man
586 809 48 27 just
650 810 59 20 velat
724 810 101 26 aflägsna
841 815 82 21 genom
939 808 142 22 föreskriften
1098 816 39 14 om
1152 809 38 21 be-

435 843 75 21 stämd
528 843 33 21 tid
577 844 35 20 för
626 844 105 26 legoaftal
747 844 118 21 äfvensom
881 841 82 29 genom
980 843 37 21 det
1032 843 7 21 i
1055 844 12 20 5
1083 844 30 26 (4)
1128 844 12 26 $
1156 843 33 20 in-

434 880 69 24 tagna
524 877 135 27 stadgandet
679 878 97 21 rörande
791 878 116 28 päföljden
923 878 24 20 af
960 878 111 26 legoaftal,
1087 877 7 21 i
1110 877 79 21 hvilka

435 911 146 27 bestämning
603 918 39 14 om
664 912 113 26 legotiden
799 912 90 22 saknas.
921 912 52 20 Men
993 911 14 21 å
1027 912 73 20 andra
1123 911 67 21 sidan

436 952 68 21 synes
524 945 63 21 tiden
608 946 35 20 för
659 946 88 20 aftalets
762 946 96 21 beständ
873 946 70 20 likväl
958 946 49 20 icke
1020 946 56 20 böra
1092 946 98 20 bestäm-

436 986 50 15 mas
495 980 30 20 till
533 980 31 21 tio
573 980 32 27 är,
614 980 48 21 ifall
669 980 44 21 den
719 980 186 28 tilländagängna
911 979 111 27 legotiden
1029 980 58 21 varit
1093 980 97 26 kortare,

437 1017 55 18 utan
508 1015 81 21 endast
604 1015 35 20 för
654 1014 46 21 lika
716 1014 53 28 läng
784 1015 32 21 tid
833 1022 50 14 som
899 1015 75 20 denna
990 1014 89 27 utgjort.

768 1079 11 19 7
795 1079 29 26 (6)
839 1079 19 26 8.

506 1118 68 21 Emot
590 1117 134 27 stadgandet
739 1118 7 21 i
762 1118 66 21 slutet
839 1118 25 21 af
873 1118 75 21 denna
958 1118 107 27 paragraf
1074 1118 43 20 har
1127 1118 64 20 inom

437 1152 114 22 Utskottet
573 1152 126 27 anmärkts,
721 1155 31 19 att
774 1152 122 22 enahanda
917 1152 136 27 befogenhet
1072 1154 32 19 att
1119 1152 72 21 förbe-

437 1186 62 22 hälla
519 1187 33 27 sig
573 1188 44 20 rätt
631 1187 34 21 till
680 1187 151 28 uppsägning,
847 1194 50 14 som
913 1187 47 21 deri
976 1188 25 19 är
1016 1186 98 21 brukare
1130 1187 62 21 med-

437 1221 82 27 gifven,
540 1221 71 21 borde
634 1221 35 21 för
688 1222 133 26 jemlikhets
843 1222 73 21 skulle
938 1221 149 21 tillerkännas
1105 1220 86 28 jemväl

437 1255 159 27 legogifvaren,
612 1255 138 22 ätminstone
765 1256 141 21 beträffande
922 1262 77 15 annan
1015 1256 29 20 än
1059 1255 108 28 torplega.

508 1290 68 21 Emot
599 1290 216 27 ändringsförslaget
837 1292 25 19 är
883 1291 70 20 likväl
977 1290 68 27 enligt
1068 1290 124 21 Utskottets

438 1324 69 21 tanke
522 1326 32 19 att
570 1324 89 27 beakta,
675 1326 32 19 att
722 1325 35 20 för
771 1325 56 20 först
842 1325 44 20 och
901 1325 82 20 främst
997 1325 44 20 rätt
1051 1323 34 21 till
1095 1325 97 26 uppsäg-

438 1359 56 26 ning
520 1358 129 27 medgifvits
671 1359 98 21 brukare
793 1359 80 21 endast
887 1359 35 21 för
937 1359 37 20 det
989 1359 46 26 fall,
1051 1361 31 18 att
1097 1359 73 20 sädan
1186 1358 7 21 i

438 1393 128 27 legoaftalet
582 1393 150 28 uttryckligen
747 1393 88 21 honom
850 1393 148 26 förbehällits,
1014 1393 42 20 och
1068 1393 43 20 har
1121 1393 71 20 erhäl-

438 1427 78 21 landet
526 1427 26 20 af
557 1427 70 26 sagda
635 1428 44 20 rätt
695 1427 96 21 sälunda
800 1427 69 27 gjorts
877 1427 113 21 beroende
998 1427 25 20 af
1029 1427 164 26 legogifvarens

440 1462 122 26 samtycke.
590 1461 175 26 Ifrägavarande
779 1462 106 26 rättighet
900 1464 26 17 är
935 1462 35 18 för
982 1461 114 19 brukaren
1108 1461 25 19 af
1140 1466 53 20 gan-

440 1495 42 21 ska
495 1496 46 19 stor
556 1494 52 27 vigt,
624 1496 55 19 enär
693 1494 47 20 han
753 1494 46 20 kan
811 1495 72 20 sakna
894 1500 156 20 noggrannare
1061 1494 132 20 kännedom

440 1536 39 14 om
502 1528 44 21 den
569 1528 111 28 lägenhet,
695 1528 48 21 han
758 1531 61 18 emot
834 1528 49 27 lega
899 1528 131 26 öfvertager,
1046 1528 44 21 och
1106 1527 87 22 säledes

509 1574 49 23 Lag-
571 1575 32 17 och
615 1574 184 18 Ekonomiutskottets
811 1574 110 18 betänkande
932 1574 38 18 N:o
983 1575 17 17 4.
