1056 1745
327 123 27 22 U.
370 117 26 28 B.
412 136 26 3 —
454 125 71 27 Prop.
541 125 40 22 N:o
597 125 34 21 29.
815 127 13 20 9

456 193 50 29 $1.

311 239 105 28 Bryggeri
438 240 36 27 för
496 239 138 29 tillverkning
660 240 27 27 af
712 241 145 27 maltdrycker

240 273 36 20 mä
293 273 45 20 icke
355 274 93 21 inrättas
462 275 6 20 i
480 274 58 21 stad
554 275 64 20 eller
634 275 102 25 älandet,
750 275 106 26 säsframt

244 307 44 20 icke
310 307 6 20 i
329 309 61 20 stad
404 308 248 28 stadsfullmäktige
672 309 70 24 eller,
758 309 45 20 der
819 309 37 20 sä-

242 341 69 21 dana
334 342 56 21 icke
409 342 101 28 finnas,
528 342 212 21 rädhusstämma
760 343 44 20 och
819 343 36 27 pä

241 375 92 21 landet
362 376 217 21 kommunalstämma
609 377 73 20 dertill
712 377 81 21 lemnat
819 377 37 20 sitt

242 409 70 28 bifall.

310 443 146 30 Innehafvare
472 445 28 28 af
512 445 97 28 bryggeri
625 445 35 28 för
676 445 141 28 tillverkning
831 446 25 27 af

242 479 145 28 maltarycker
405 486 35 21 ege
458 479 101 28 rättighet
575 482 38 23 att,
630 482 53 19 utan
699 480 97 21 särskild
812 487 41 14 an-

241 513 81 26 mälan,
346 513 52 28 från
421 514 37 21 sitt
480 514 98 28 bryggeri
596 514 35 21 till
652 514 135 27 afhemtning
806 515 47 26 för-

242 547 59 28 sälja
320 548 85 21 sädana
425 548 100 28 drycker;
545 548 53 21 dock
616 549 35 20 mä
674 549 136 27 försäljning
831 549 24 27 af

241 583 21 20 öl
278 582 52 21 eller
342 585 75 24 porter
432 582 46 21 icke
494 583 35 20 ske
542 583 6 19 i
560 582 84 21 mindre
652 583 64 26 parti
728 585 29 18 än
769 585 7 18 t
777 583 76 27 jugu-

240 616 60 27 fyra
320 617 90 20 slutna
428 616 52 21 hel-
500 617 64 20 eller
581 616 195 27 half-buteljer
792 617 62 27 från

240 650 124 28 bryggeri
388 651 6 20 i
417 651 60 20 stad
503 653 65 19 samt
594 651 143 27 tjugufyra
763 651 92 21 slutna

240 684 54 21 hel-
314 685 67 20 eller
403 685 164 27 fyratioätta
589 685 183 27 halfbuteljer
790 685 64 28 från

240 719 122 28 bryggeri
386 719 36 27 pä
448 719 92 21 landet
565 719 64 21 eller
653 719 7 20 i
683 719 105 28 köping.
823 715 32 26 Öl

241 753 45 21 och
306 756 94 25 porter
422 754 39 20 mä
483 753 62 28 från
568 753 125 29 bryggeri
716 753 139 28 försäljas

240 788 79 27 äfven
345 789 9 20 i
380 791 84 18 annat
490 789 63 20 slutet
582 789 58 24 kärl,
669 788 67 21 dock
760 789 25 27 ej
808 789 45 20 till

242 823 102 21 mindre
374 823 76 28 belopp
470 826 28 19 än
533 823 105 28 tjugufem
664 823 56 21 liter.
768 819 87 26 Önskar

242 857 240 29 bryggeriinnehafvare
490 858 158 20 vidsträcktare
656 858 198 28 försäljningsrätt,

241 892 64 22 ställe
320 892 33 27 sig
368 892 36 20 till
419 892 141 27 efterrättelse
576 891 56 21 hvad
648 892 8 20 i
672 892 15 27 $
701 893 15 20 2
730 892 42 21 här
783 892 72 21 nedan

242 927 38 21 och
302 926 14 28 $
338 928 15 19 3
376 926 27 27 af
428 926 156 28 förordningen
607 926 40 21 den
669 928 15 18 2
707 927 67 27 April
797 927 58 20 1883

244 961 95 28 stadgas.

312 995 89 28 Utöfvas
417 995 179 29 bryggerirörelse
612 995 27 28 af
651 995 69 28 bolag,
736 995 119 21 tillkomme

242 1031 41 20 den
308 1031 6 20 i
338 1030 128 28 föregående
492 1037 62 14 mom.
581 1029 145 28 omförmälda
752 1030 104 27 rättighet

242 1065 90 27 bolaget,
348 1071 48 15 men
412 1065 46 20 icke
472 1064 85 21 enskild
572 1064 99 28 delegare
686 1064 53 21 deri.

522 1117 16 28 $
551 1117 21 20 2.

310 1156 17 22 I
339 1157 49 20 stad
404 1163 35 22 ege
451 1157 115 27 magistrat
578 1157 57 20 inom
650 1155 114 22 Oktober
775 1156 81 21 mänad

242 1191 63 22 hvart
324 1194 68 18 annat
412 1192 26 20 är
456 1191 95 22 inhemta
570 1190 211 29 stadsfullmäktiges
797 1190 58 25 eller,

244 1226 38 20 der
297 1226 85 20 sädana
398 1225 46 21 icke
459 1225 78 26 finnas,
549 1225 189 20 rädhusstämmas
748 1225 107 26 yttrande,

244 1260 34 21 till
301 1259 80 22 hvilket
404 1259 62 21 antal
484 1258 126 28 rättigheter
629 1261 32 18 att
680 1261 59 18 utom
757 1258 98 28 bryggeri

244 1294 35 21 till
302 1294 135 27 afhemtning
461 1293 96 27 försälja
581 1292 146 28 maltdrycker
749 1292 52 21 böra
820 1292 36 28 för

243 1327 199 21 nästinstundande
464 1328 35 20 två
522 1326 180 28 försäljningsär,
721 1332 43 14 som
782 1326 74 20 beräk-

243 1369 40 14 nas
302 1362 52 26 frän
375 1362 37 20 och
428 1362 48 19 med
491 1362 41 20 den
548 1362 13 19 1
576 1360 63 24 Juni,
654 1360 112 26 upplätas,
783 1360 73 26 äfven-

244 1402 43 14 som
310 1395 9 20 i
340 1394 74 21 hvilka
437 1394 82 20 trakter
538 1394 28 26 af
582 1393 76 21 staden
674 1392 74 28 dylika
763 1392 94 28 försälj-

242 1429 135 27 ningställen
391 1428 47 20 icke
453 1428 25 27 fä
492 1428 82 26 finnas.

180 1473 295 20 Ekonomiutskottetsbetänkande
486 1472 36 19 N:o
538 1473 14 18 7.
