1073 1720
374 121 27 21 U.
417 121 24 22 B.
456 134 28 3 —
498 121 71 29 Prop.
585 122 39 22 N:o
640 122 36 21 22.
882 123 26 20 13

159 193 60 19 samt
235 191 131 22 rederierna
384 192 76 22 blefve
478 193 139 28 förpliktade
630 195 35 19 att
676 193 36 21 till
725 193 76 21 denna
814 193 94 28 erlägga

158 225 105 28 premier,
290 226 130 21 förefunnes
447 227 35 21 uti
509 227 65 21 dessa
591 227 158 28 betalningars
768 227 141 28 öfverföring

159 259 36 21 till
213 259 45 21 den
275 259 72 22 redan
365 260 144 21 existerande
524 261 235 28 pensionsanstalten,
772 261 8 21 i
793 261 42 21 den
855 262 53 20 män

159 293 43 21 den
231 293 98 21 behöfde
356 293 208 29 inkomsttillskott,
596 302 29 13 en
651 295 104 28 naturlig
780 295 42 21 och
841 295 66 21 enkel

158 329 72 26 utväg
257 329 35 20 att
318 327 51 22 icke
396 328 61 21 blott
482 329 50 21 lösa
559 329 43 21 den
626 329 35 21 uti
686 329 43 21 den
752 329 86 28 nådiga
856 336 52 21 pro-

158 362 130 27 positionen
315 362 159 29 föreliggande
501 363 81 28 frägan
609 365 56 19 utan
688 363 68 22 äfven
775 363 133 22 därutöfver

157 396 82 29 främja
265 396 44 21 den
336 396 168 23 vidsträcktare
522 398 122 28 uppgiften
663 398 22 21 af
703 405 28 14 en
751 398 85 21 allmän
854 405 53 21 pen-

157 430 124 28 sionering.
317 431 36 21 En
371 431 118 21 minoritet
506 432 62 21 inom
586 432 121 21 Utskottet
725 432 42 21 har
779 432 77 21 därför
869 439 38 14 an-

158 467 45 19 sett
223 466 34 20 att
275 464 137 29 öfvervägas
429 465 77 28 borde,
524 466 116 21 huruvida
657 466 51 21 icke
727 466 51 21 med
789 466 27 21 de
826 466 80 27 medel,

157 506 48 14 som
223 499 8 21 i
249 499 80 29 hvarje
348 500 41 21 fall
407 500 89 22 komme
510 503 34 19 att
556 503 66 26 tagas
641 500 8 21 i
661 500 100 29 anspräk
771 500 35 22 för
814 508 93 21 genom-

157 533 108 22 förandet
283 534 23 21 af
323 534 185 35 propositionens
521 535 93 28 förslag,
629 542 27 14 en
667 537 72 19 större
749 535 71 21 effekt
829 534 77 22 kunde

157 568 65 21 ernäs
250 569 29 28 pä
307 568 103 29 antydda
427 572 46 26 väg
491 569 42 22 och
552 570 51 21 med
621 569 96 29 lämplig
735 570 130 28 anordning
884 570 23 20 af

157 603 43 22 den
237 603 134 22 nuvarande
395 604 340 29 sjömanspensionsanstaltens
760 604 146 22 understöds-

156 631 152 40 verksamhet.
713 635 6 8 N

224 672 69 21 Emot
312 673 64 21 detta
393 673 188 22 betraktelsesätt
593 674 80 21 kunna
682 673 129 22 emellertid
822 674 84 27 mänga

156 707 173 28 invändningar
355 711 68 25 göras
450 709 64 21 säväl
540 716 27 13 ur
594 708 107 29 praktisk
719 716 48 14 som
785 708 121 28 principiel

156 741 124 29 synpunkt.

225 775 169 22 Grundtanken
418 776 57 27 däri,
492 779 34 18 att
547 777 118 28 nämligen
689 777 36 21 för
743 777 84 28 sjöfolk
848 777 58 21 före-

157 809 87 22 skrifva
263 810 152 29 obligatorisk
433 811 134 28 skyldighet
586 811 51 21 atti
648 811 115 21 anstalten
773 811 98 27 inträda,
882 815 25 17 är

156 844 50 21 icke
225 852 38 20 ny,
281 847 57 19 utan
357 845 144 21 framstäldes
520 845 71 21 redan
610 845 23 21 af
651 845 45 21 den
715 845 91 28 komite,
820 853 49 13 som
882 845 24 21 är

160 878 63 22 1888
246 878 150 22 förordnades
421 882 34 19 att
478 880 107 21 utarbeta
602 879 87 29 förslag
707 880 38 20 till
763 882 53 26 nytt
834 880 72 28 regle-

156 915 76 19 mente
250 914 35 21 för
303 914 121 21 anstalten.
460 914 82 22 Denna
560 914 93 28 komitö,
666 922 49 13 som
733 915 25 21 är
770 914 62 21 1889
844 914 62 28 afgaf

156 948 41 21 sitt
215 948 122 21 utlåtande
355 949 7 20 i
381 948 78 28 saken,
486 949 55 21 fann
561 951 40 25 att,
621 948 77 22 därest
716 949 113 21 anstalten
846 948 60 22 skall

156 982 73 22 blifva
247 982 22 22 af
288 982 85 22 allmän
390 983 125 28 betydelse,
528 984 79 28 hvarje
626 983 8 21 i
652 983 144 28 sjömanshus
814 983 92 22 inskrif-

156 1024 44 14 ven
227 1017 88 28 sjöman
341 1017 70 21 borde
431 1018 93 28 åläggas
544 1020 35 19 att
596 1025 56 13 vara
670 1017 105 29 delegare
794 1018 9 20 i
821 1018 85 21 anstal-

155 1053 39 19 ten
222 1052 42 20 och
291 1051 37 21 till
355 1052 75 21 denna
452 1052 93 28 erlägga
564 1052 99 28 afgifter.
698 1052 75 21 Innan
791 1052 115 21 komitens

155 1085 87 28 förslag
260 1086 7 20 i
286 1085 64 22 detta
369 1086 107 21 afseende
494 1088 67 26 togos
573 1086 73 21 under
659 1085 79 29 slutlig
751 1086 154 28 ompröfning,

155 1120 179 21 föranstaltades
363 1120 133 29 sakkunnig
524 1120 175 29 undersökning
729 1120 22 22 af
779 1120 126 22 anstaltens

156 1154 111 28 ställning
286 1154 43 22 och
347 1154 110 22 särskildt
474 1155 129 28 beräkning
622 1155 23 21 af
663 1154 38 22 det
719 1154 128 29 inflytande
866 1155 39 21 ko-

155 1188 84 22 mitens
258 1188 103 29 antydda
379 1189 86 29 förslag
483 1190 74 20 skulle
575 1190 91 20 komma
685 1192 34 18 att
735 1189 71 29 därpå
818 1189 86 21 utöfva.

155 1222 132 22 Resultatet
305 1223 24 21 af
344 1223 75 22 denna
432 1224 114 28 ingäende
559 1224 129 21 statistiska
701 1224 42 21 och
757 1224 148 21 ekonomiska

155 1256 180 30 undersökning,
353 1257 91 22 hvilket
463 1259 24 20 är
508 1258 62 21 1893
589 1258 95 28 föreläg,
703 1258 40 28 gaf
755 1258 39 21 vid
806 1258 98 26 handen,

156 1293 41 24 att,
216 1291 77 21 därest
311 1291 52 22 icke
385 1292 222 29 pensionsbeloppen
630 1292 93 21 sänktes
742 1292 55 21 eller
815 1292 90 27 delega-

155 1332 65 14 renes
248 1326 93 27 afgifter
368 1326 117 28 stegrades
512 1327 57 21 eller
587 1326 109 28 slutligen
717 1326 188 28 pensionsäldern

155 1359 80 27 höjdes
253 1360 51 20 frän
323 1360 31 20 55
374 1360 36 20 till
430 1360 31 20 60
480 1361 30 25 är,
529 1360 44 20 den
592 1360 83 20 tänkta
694 1360 211 27 omgestaltningen

155 1392 51 21 icke
229 1392 77 22 kunde
324 1393 145 27 genomföras
486 1396 56 18 utan
561 1396 34 18 ett
612 1393 131 27 betydande
756 1393 148 28 statsbidiag,

156 1426 130 22 beräknadt
312 1427 37 21 till
375 1427 91 28 43,000
493 1428 66 21 mark
586 1435 35 13 om
649 1428 55 21 äret.
740 1428 13 20 I
779 1427 126 29 anledning

223 1476 52 23 Lag-
287 1476 33 18 och
332 1477 196 18 Ekonomiutskottets
541 1477 118 18 betänkande
671 1478 38 17 N:o
723 1479 16 16 6.
