1064 1756
350 147 71 22 Ständ.
436 149 34 20 Sv.
486 159 26 4 —
528 147 61 28 Prop.
605 147 35 22 N:o
655 147 37 22 25.
884 149 11 18 7

145 209 108 21 kommas.
283 209 54 22 Men
360 209 112 28 härjemte
494 210 41 21 bör
558 210 91 25 erinras,
672 212 34 19 att
729 210 66 21 dessa
817 209 81 28 tillägg

145 243 68 22 hafva
235 243 105 22 fördelen
361 246 35 19 att
417 244 91 21 komma
530 244 88 21 läraren
640 243 55 22 eller
716 243 129 22 lärarinnan
862 243 36 21 till

145 277 62 28 hjelp
223 277 131 26 successivt,
375 278 2 21 i
392 280 53 19 mån
460 278 24 21 af
498 278 126 21 behofvens
639 277 112 28 stigande,
766 277 82 21 medan
862 277 36 21 för

145 311 72 21 lärare
237 312 52 21 med
304 311 71 28 familj
391 311 115 22 behofven
520 312 40 21 vid
574 311 80 29 längre
668 311 152 22 framskriden
836 311 62 21 ålder

145 345 99 22 minskas
267 353 83 21 genom
372 346 98 21 barnens
492 345 111 30 börjande
625 346 103 28 förmåga
749 345 35 22 till
802 345 96 28 sjelfför-

145 380 109 29 sörjning.
277 381 46 20 För
338 380 162 29 lämpligheten
516 381 23 21 af
554 380 197 29 ålderstilläggens
766 379 132 28 förhöjning

145 415 57 21 talar
224 415 68 22 äfven
310 415 40 22 det
370 415 55 26 skäl,
442 417 34 19 att
492 423 28 14 en
535 415 64 29 dylik
614 414 184 28 löneförhöjning
814 417 23 18 är
853 414 45 21 den

145 449 69 21 minst
230 449 147 28 betungande
391 449 36 22 för
443 449 181 29 statsbudgeten.

214 483 66 22 Efter
298 483 109 28 pröfning
422 484 23 21 af
460 483 60 22 olika
534 483 86 29 förslag
634 483 68 22 hafva
718 483 128 22 Ständerna
860 483 38 21 be-

145 517 65 22 slutit
226 517 35 22 för
277 518 35 21 sin
328 518 37 21 del
380 518 122 28 godkänna
517 525 28 14 en
560 519 71 20 sådan
646 517 97 28 ändring
758 517 22 22 af
793 517 105 28 gällande

145 551 149 27 föreskrifter,
317 555 35 19 att
373 553 72 21 lärare
468 553 42 21 och
532 552 125 22 lärarinnor
676 552 58 22 efter
749 551 79 28 hvarje
843 551 55 22 fem-

145 586 116 29 årsperiod
283 587 60 21 intill
365 586 68 29 tjugu
456 589 23 19 år
501 587 63 28 finge
586 589 34 20 ett
642 587 82 28 tillägg
746 587 22 21 af
790 588 28 19 20
833 587 27 28 9/,
876 586 23 21 af

144 621 150 28 grundlönen.
325 622 51 21 Den
398 621 64 22 häraf
484 621 124 29 betingade
630 621 110 22 effektiva
760 620 138 29 ökningen
885 616 18 38 i

144 656 186 29 statsutgifterna
353 656 73 21 skulle
451 656 8 21 i
478 657 81 21 sådant
574 656 45 26 fall,
636 656 72 29 enligt
723 656 81 29 gjorda
818 655 80 22 beräk-

144 690 88 29 ningar,
247 691 36 21 för
297 691 136 21 kommande
449 691 155 29 finansperiod
619 693 77 27 uppgå
711 691 35 21 till
760 691 9 21 i
783 690 71 22 rundt
866 690 32 22 tal

145 727 91 23 700,000
257 726 71 26 mark,
352 725 63 22 deraf
438 728 90 24 150,000
550 726 65 22 mark
634 725 36 22 för
688 728 24 19 år
728 728 62 23 1901,
807 727 90 24 165,000

144 759 64 21 mark
231 760 36 21 för
283 762 24 19 år
323 762 63 24 1902,
403 762 91 23 185,000
508 760 64 22 mark
586 760 36 21 för
638 762 24 20 år
678 762 54 20 1903
748 760 43 21 och
806 762 92 23 200,000

144 794 64 21 mark
223 794 35 21 för
275 796 24 20 år
315 796 61 19 1904.
396 795 12 21 I
422 794 152 22 betraktande
590 795 64 21 deraf
669 797 34 19 att
713 802 48 14 mer
772 797 28 18 än
810 794 88 21 hälften

145 828 24 21 af
190 828 91 22 landets
303 828 213 22 folkskollärarekår
536 836 83 22 genom
635 829 45 21 den
693 828 129 28 föreslagna
837 828 61 22 löne-

144 862 163 29 förhöjningen
329 863 91 21 komme
442 862 8 22 i
473 863 135 28 åtnjutande
631 863 22 21 af
672 863 50 21 icke
738 862 92 22 alldeles
846 862 52 22 obe-

146 896 87 29 tydligt
242 897 142 22 förbättrade
394 898 172 26 löneförmåner,
578 905 68 21 synes
657 898 74 21 denna
742 897 76 28 utgift,
830 897 68 22 äfven

145 938 37 15 om
205 931 44 22 den
267 932 74 21 under
355 934 101 20 närmast
472 932 69 29 derpå
555 931 101 29 följande
671 932 155 28 finansperiod
841 931 57 22 skall

145 965 60 29 stiga
219 966 9 21 i
243 968 54 20 mån
311 966 23 22 af
349 966 236 24 folkskoleväsendets
600 966 140 29 utveckling,
755 966 51 21 icke
820 966 78 22 kunna

144 1000 73 22 väcka
232 1000 142 29 allvarligare
389 1001 184 29 betänkligheter
588 1001 23 21 af
625 1001 116 21 finansielt
756 1001 55 28 slag.

212 1034 33 22 På
261 1035 77 29 grund
353 1035 23 21 af
390 1035 62 22 hvad
468 1035 69 22 ofvan
548 1035 87 22 anförts
645 1036 23 20 få
678 1035 129 23 Ständerna
816 1034 82 22 under-

146 1068 91 29 dånigst
253 1070 94 26 anmäla,
363 1072 34 19 att
413 1070 128 22 Ständerna
555 1070 36 21 för
606 1070 35 22 sin
656 1070 38 21 del
708 1070 102 25 beslutit,

419 1128 31 20 att
472 1127 36 21 det
522 1134 29 14 ur
566 1126 210 29 bevillningsmedlen
792 1126 106 28 utgående

350 1160 96 29 bidraget
469 1161 32 21 till
522 1161 202 28 folkskollärarenes
746 1161 36 21 och
802 1160 96 23 lärarin-

349 1202 84 15 nornas
455 1195 29 27 på
507 1195 73 23 landet
602 1196 60 21 löner
683 1195 55 22 skall
757 1196 57 24 ökas,
830 1195 67 22 sedan

350 1230 73 21 lärare
448 1230 36 21 och
506 1230 120 22 lärarinna
646 1230 74 22 under
740 1230 44 27 fem
806 1228 38 23 års
866 1229 33 22 tid

349 1264 135 28 oförvitligen
508 1264 99 28 fullgjort
631 1264 37 21 sitt
690 1263 49 28 kall,
765 1264 47 21 med
833 1264 65 28 tjugu

346 1300 95 25 procent,
464 1300 57 21 samt
542 1298 95 29 derefter
653 1299 64 21 hvart
730 1299 65 27 femte
810 1297 26 23 år
852 1298 47 21 med

349 1332 65 28 tjugu
436 1334 95 26 procent,
556 1333 33 21 till
614 1333 48 21 dess
684 1334 32 20 att
737 1333 40 21 den
802 1332 97 22 sålunda

349 1366 84 22 skedda
448 1366 148 29 tillökningen,
612 1367 55 26 efter
682 1367 34 21 det
730 1367 102 27 tjugonde
844 1367 54 27 tjen-

349 1399 89 22 steårets
453 1400 90 28 utgång,
558 1400 61 28 stigit
633 1401 33 20 till
680 1400 52 21 åttio
744 1402 97 25 procent;

146 1445 42 22 och
204 1444 22 23 få
241 1445 130 22 Ständerna
385 1445 73 22 tillika
473 1445 165 28 underdånigst
654 1445 94 26 anhålla,
