1075 1753
183 173 13 20 2
372 171 84 23 Ständ.
472 170 39 23 Sv.
527 184 26 2 —
569 171 74 28 Prop.
659 170 43 23 N:o
718 170 38 22 19.

251 242 46 22 Vid
315 242 176 29 granskningen
504 242 23 22 af
540 242 95 22 berörda
647 241 126 29 lagförslag
785 241 71 22 hafva
869 240 67 22 Stän-

182 276 77 28 derna,
272 278 30 28 på
320 276 40 22 det
378 278 36 20 att
430 275 275 30 författningsförslagets
726 276 11 21 1
758 276 13 26 $
789 276 21 28 ej
823 276 37 21 må
872 274 65 29 gifva

183 310 126 30 anledning
335 311 39 21 till
400 310 72 22 sådan
499 311 114 28 tolkning,
640 312 36 19 att
703 310 134 22 densamma
858 309 79 28 afsäge

182 346 80 29 hvarje
280 345 63 28 aftal,
362 345 151 28 hvarigenom
534 352 69 21 egare
621 344 24 22 af
662 344 163 29 jordlägenhet
842 343 37 22 till
897 351 41 14 an-

183 387 48 15 nan
249 379 133 29 skriftligen
400 378 103 30 upplåtit
521 381 47 20 rätt
587 381 35 20 att
640 378 97 23 afverka
754 377 107 24 växande
879 378 58 29 skog

184 414 137 22 annorledes
346 417 30 18 än
400 414 37 21 till
460 414 114 22 husbehof
597 413 55 22 eller
675 413 132 29 handslöjd,
827 415 59 20 samt
904 413 33 22 så-

182 449 73 22 lunda
282 449 90 22 komme
397 450 35 20 att
455 449 128 22 inskränka
607 447 45 22 den
672 451 48 20 rätt
737 447 38 22 till
792 447 145 30 inteckning,

184 491 48 15 som
250 484 30 29 på
298 483 78 30 grund
394 483 23 22 af
434 491 33 14 nu
484 483 109 29 gällande
611 483 39 29 lag
668 483 43 22 och
734 483 138 28 rättspraxis
890 482 48 22 kan

183 519 91 27 vinnas,
292 519 9 21 i
318 525 29 14 en
365 525 33 21 ny
415 518 109 29 paragraf
542 518 24 27 (4
585 519 13 26 &
617 517 22 22 af
657 517 173 23 nedanstående
847 517 91 22 författ-

184 552 166 29 ningsförslag)
372 547 112 38 upptagit
500 547 144 38 bestämning
663 553 85 27 derom,
766 553 37 22 att
823 551 59 24 hvad
901 559 37 14 om

184 587 137 29 inteckning
339 587 25 21 af
381 586 172 30 nyttjanderätt
571 586 37 22 till
625 586 114 29 fastighet
756 586 56 21 eller
824 585 37 23 del
873 585 66 23 deraf

185 624 61 19 emot
263 621 60 29 årlig
341 621 53 29 lega
411 621 75 22 finnes
504 621 110 28 stadgadt
631 621 144 22 fortfarande
793 621 60 22 skall
868 620 71 22 lända

184 655 38 22 till
239 655 161 22 efterrättelse.

253 690 37 21 Då
314 689 76 29 enligt
413 689 143 22 Ständernas
573 689 151 23 förmenande
742 688 128 30 anledning
887 689 51 21 icke

183 724 75 22 finnes
281 726 35 20 att
339 724 53 22 från
416 724 28 22 de
462 724 59 22 aftal
538 724 99 22 rörande
655 723 210 29 skogsafverkning
883 723 56 21 eller

185 758 136 29 skogsbruk,
340 758 38 22 till
395 758 108 22 säkerhet
521 758 36 22 för
574 758 81 23 hvilka
667 758 138 28 inteckning
817 758 48 22 kan
877 757 62 23 med-

185 792 70 29 delas,
272 792 138 30 undantaga
427 792 88 22 sådana
533 793 64 28 aftal,
616 800 49 14 som
683 796 53 18 röra
750 792 140 29 afverkning
902 792 37 22 till

185 827 114 22 husbehof
325 828 57 20 eller
407 826 126 30 handslöjd
561 827 44 22 och
628 827 82 21 hvilka
727 827 9 21 i
753 827 63 22 vissa
834 827 64 21 delar
916 827 23 21 af

184 861 81 22 landet
282 861 51 22 icke
352 865 40 18 äro
410 862 117 28 ovanliga,
545 862 70 22 hafva
633 861 28 21 de
679 861 8 21 i
705 861 234 29 författningsförsla-

184 898 53 27 gets
257 896 12 21 1
289 897 14 26 8
321 895 115 29 ingående
461 895 71 23 orden
555 895 148 30 ,annorledes
722 898 30 19 än
770 895 38 22 till
825 894 114 23 husbehof

184 930 56 22 eller
257 929 138 30 handslöjä*
413 930 146 22 utelemnats.

253 964 104 22 Emedan
386 964 132 22 Ständerna
544 967 76 20 ansett
645 964 143 28 rättigheten
811 964 37 22 till
866 964 73 21 erhäl-

184 998 70 22 lande
273 999 23 22 af
313 999 138 28 inteckning
474 999 37 22 för
535 998 334 30 skogsafverkningskontrakt
887 998 52 22 icke

185 1033 56 22 böra
258 1037 69 25 göras
345 1033 114 22 beroende
478 1034 23 21 af
519 1036 120 27 strängare
654 1033 175 28 bestämningar
840 1032 99 23 rörande

186 1067 180 30 afverkningens
384 1067 172 23 verkställande
575 1072 30 18 än
623 1067 35 28 de,
677 1075 49 14 som
743 1067 64 29 gälla
824 1067 37 22 för
878 1067 61 29 jord-

185 1109 85 22 egaren
295 1102 43 22 och
364 1102 37 21 för
427 1110 78 15 annan
532 1110 90 21 person,
645 1102 70 22 hvars
740 1101 200 29 afverkningsrätt

184 1137 53 22 icke
264 1141 25 17 är
315 1136 133 29 intecknad,
466 1137 71 22 hafva
560 1136 130 23 Ständerna
707 1144 29 13 ur
752 1136 112 29 förslaget
889 1138 50 20 ute-

184 1171 87 22 lemnat
289 1170 45 22 den
353 1171 38 21 del
409 1172 23 21 af
452 1172 12 21 1
485 1172 20 27 8,
524 1171 96 22 hvilken
643 1170 130 22 innehåller
794 1170 145 29 stadganden

186 1213 37 14 om
240 1205 174 22 verkställande
433 1206 24 21 af
476 1205 168 28 afverkningen
657 1205 59 21 efter
728 1212 29 14 en
769 1205 54 27 viss,
837 1205 23 21 af
872 1205 67 21 forst-

185 1246 54 15 man
257 1239 56 21 eller
335 1246 78 15 annan
436 1240 135 28 sakkunnig
594 1247 83 21 person
703 1238 128 29 upprättad
849 1238 90 23 afverk-

185 1274 132 28 ningsplan,
335 1273 44 21 och
396 1274 9 20 i
423 1273 59 29 följd
500 1273 65 22 deraf
588 1274 85 28 jemväl
690 1273 54 21 hela
763 1273 13 21 2
796 1274 14 25 $
829 1275 59 19 samt
906 1280 33 14 er-

185 1309 48 19 satt
250 1307 66 21 dessa
339 1307 175 29 bestämningar
537 1307 52 21 med
613 1307 118 22 föreskrift
749 1306 86 28 derom,
854 1309 36 19 att
907 1307 33 21 af-

186 1340 58 22 talet
261 1340 51 22 icke
330 1340 62 30 finge
411 1341 73 21 strida
502 1343 61 19 emot
581 1341 62 22 hvad
661 1340 121 29 angäende
806 1340 133 29 jordegares

185 1377 48 21 rätt
250 1377 37 21 att
304 1376 90 29 förfoga
412 1376 66 22 öfver
495 1375 121 29 lägenhets
635 1376 58 28 skog
705 1377 60 20 samt
776 1382 38 16 om
825 1376 114 22 förekom-

185 1409 84 23 mande
287 1410 24 22 af
329 1410 147 29 skogsmarks
495 1410 147 29 ödeläggelse
661 1414 24 17 är
703 1410 8 21 i
729 1410 40 29 lag
783 1409 156 24 föreskrifvet.

253 1445 48 22 För
319 1447 35 20 att
372 1444 129 23 emellertid
525 1445 128 30 förebygga
671 1445 45 22 den
733 1445 154 29 uppfattning
905 1447 35 20 att

186 1479 143 31 inteckning,
340 1487 49 15 som
398 1480 30 29 pä
444 1479 76 29 grund
533 1481 23 22 af
569 1479 122 23 omordade
702 1479 147 29 stadganden
861 1479 78 23 kunde

617 1521 7 7 .
