1075 1714
181 123 14 21 6
392 122 29 23 U.
437 123 27 22 B.
480 136 28 2 —
523 123 74 28 Prop.
613 123 44 23 N:o
672 122 39 23 20.

249 194 49 22 För
317 195 35 21 ett
369 193 199 29 framgångsrikt
579 193 205 29 förverkligande
799 194 26 21 af
837 193 96 23 andels-

180 228 81 28 lagets
285 228 117 22 ändamål
422 228 47 22 har
493 228 42 22 det
554 229 94 21 ansetts
666 228 96 28 nödigt,
782 229 37 21 att
837 227 97 23 andels-

179 262 69 29 laget
274 262 160 29 organiseras
464 262 83 22 såsom
575 268 31 16 en
633 262 108 22 särskild
768 262 163 29 bolagsform,

180 296 103 23 hvilken
301 296 87 29 skiljer
406 296 39 29 sig
463 296 56 23 från
539 297 30 22 de
582 303 34 15 nu
629 296 206 23 förekommande
849 297 85 28 öppna

181 331 46 23 och
247 330 176 30 aktiebolagen
441 331 213 29 hufvudsakligen
673 330 154 30 derigenom,
839 333 36 21 att
893 337 42 16 an-

181 366 122 29 delslaget
321 366 47 22 har
386 366 35 22 ett
438 366 126 22 vexlande
579 366 189 22 medlemsantal
780 366 47 22 och
837 365 96 30 kapital

181 402 66 21 samt
266 402 36 21 att
317 400 206 23 medlemmarnes
537 401 162 29 ansvarighet
711 400 40 23 för
764 400 169 30 andelslagets

182 435 167 23 förbindelser
368 435 102 23 ordnats
491 436 32 28 på
543 442 84 16 annan
645 436 91 28 grund.

251 470 138 29 Andelslag
414 470 27 22 är
466 471 117 29 obetaget
608 472 35 20 att
667 471 46 21 när
737 477 53 16 som
809 470 66 22 hälst
894 476 41 16 an-

182 506 60 28 taga
261 512 50 21 nya
330 505 167 27 medlemmar,
516 505 45 22 och
580 505 117 29 delegare
715 505 87 23 kunna
821 505 112 23 derifrån

182 539 109 26 utträda,
315 539 57 22 med
394 540 49 22 rätt
466 541 35 21 att
524 540 79 22 återfå
621 540 39 22 sin
678 540 79 22 insats
776 541 7 21 i
801 540 132 29 företaget,

181 573 79 23 likväl
278 574 82 22 under
382 574 97 23 sådana
503 574 82 23 vilkor
607 575 35 22 att
660 574 82 29 öfriga
760 574 175 23 medlemmars

183 608 60 22 eller
261 608 167 29 borgenärers
447 610 50 21 rätt
515 609 53 22 icke
587 609 148 26 förnärmas,
755 609 22 28 ej
797 609 79 22 heller
895 615 41 16 an-

183 643 135 28 delslagets
337 643 107 23 bestånd
463 643 104 30 bringas
585 643 8 22 i
610 643 56 22 fara
685 643 111 29 (11—15
817 643 51 29 $8).

252 677 37 22 Då
318 677 94 23 antalet
438 678 160 22 medlemmar
623 679 28 21 är
668 677 174 30 föränderligt,
861 677 75 30 följer

183 711 73 23 deraf
282 711 134 30 sjelffallet,
436 714 36 21 att
491 713 74 22 äfven
594 713 169 29 andelslagets
790 712 96 29 kapital
908 713 28 21 är

184 747 131 28 vexlingar
334 747 190 22 underkastadt.

252 781 57 22 Med
337 781 174 29 stadgandena
539 783 108 22 rörande
675 781 120 30 kapitalet
814 782 45 21 har
878 788 58 15 man

185 815 56 22 sökt
259 815 94 22 bereda
373 816 74 22 äfven
472 817 96 22 mindre
587 817 147 22 bemedlade
753 816 130 29 möjlighet
903 817 35 20 att

184 849 69 22 bilda
281 849 137 30 andelslag,
446 857 58 15 men
531 851 78 22 tillika
635 851 73 22 afsett
728 852 35 21 att
782 849 156 30 andelslaget

184 884 79 22 sedan
291 885 157 28 småningom
475 885 84 23 kunde
587 885 128 22 utvecklas
740 885 46 22 och
811 885 77 22 vinna
907 890 33 17 en

185 918 44 22 allt
257 918 103 23 säkrare
388 919 147 23 ekonomisk
562 920 126 29 ställning.
725 919 92 23 Derför
845 920 27 22 är
897 919 42 22 det

184 953 139 29 medgifvet
348 955 35 21 att
401 954 7 21 i
428 954 137 28 stadgarna
588 954 53 22 fritt
664 955 138 21 bestämma
821 954 118 27 beloppet

186 987 25 23 af
223 988 206 22 medlemmarnes
442 989 80 21 insats
533 990 45 22 och
589 990 74 21 sättet
671 988 40 23 för
721 988 58 23 dess
788 988 149 28 utgörande.

186 1022 39 22 En
245 1022 51 23 viss
315 1022 40 22 del
374 1022 26 23 af
416 1022 90 31 hvarje
516 1024 86 26 insats,
613 1024 64 22 dock
691 1024 20 28 ej
726 1023 101 23 utöfver
836 1022 103 26 hälften,

185 1057 51 22 kan
263 1056 120 30 indragas
410 1064 90 22 genom
525 1058 137 29 afsättning
689 1058 26 22 af
735 1057 105 23 medlem
860 1056 80 23 tillfal-

185 1091 75 22 lande
288 1092 78 26 vinst;
395 1092 45 22 och
463 1093 27 21 så
512 1093 75 29 länge
605 1093 60 21 fulla
693 1092 118 28 beloppet
831 1092 25 22 af
873 1092 67 22 med-

185 1126 62 22 lems
266 1126 78 22 insats
364 1126 52 22 icke
442 1127 101 29 erlagts,
563 1127 64 22 skall
647 1127 84 21 städse
749 1127 76 21 minst
843 1125 96 23 hälften

187 1160 26 22 af
231 1160 64 22 hans
322 1160 143 23 vinstandel
494 1162 89 28 läggas
611 1161 35 21 till
674 1161 146 22 densamma
845 1160 26 28 (3
891 1159 14 29 $
925 1160 16 21 4

186 1194 121 28 punkten,
328 1195 15 21 5
364 1194 33 29 $).
425 1195 49 22 För
488 1196 89 28 hvarje
588 1195 130 29 andelslag
728 1195 64 21 skall
802 1200 31 16 en
843 1200 97 16 reserv-

186 1228 61 23 fond
266 1228 90 27 bildas,
382 1236 56 16 men
458 1230 156 29 andelslaget
633 1230 28 21 är
679 1230 77 28 öppet
773 1229 112 22 lemnadt
904 1230 35 20 att

186 1263 139 21 bestämma
343 1268 41 16 om
404 1264 42 21 det
464 1265 57 24 sätt,
532 1264 97 27 hvarpä
649 1264 65 21 detta
735 1263 65 21 skall
810 1263 52 25 ske,
873 1264 64 20 samt

187 1302 40 16 om
246 1296 42 22 det
306 1296 99 28 belopp,
423 1297 102 22 hvartill
543 1296 180 23 reservfonden
744 1296 64 22 skall
820 1296 120 28 uppbrin-

187 1337 59 23 gas;
267 1330 119 30 stadgadt
405 1332 27 22 är
451 1332 98 26 endast,
569 1333 36 21 att
623 1331 35 23 till
674 1331 181 23 reservfonden
869 1330 72 26 skall,

187 1367 28 23 sä
240 1367 75 30 länge
343 1367 48 22 den
413 1367 53 22 icke
493 1367 100 29 uppgår
619 1366 36 23 till
682 1367 8 22 i
717 1367 138 28 stadgarna
879 1365 63 23 före-

189 1402 105 23 skrifvet
312 1401 100 29 belopp,
432 1402 85 22 städse
541 1402 104 22 afsättas
670 1401 76 23 minst
766 1408 31 15 en
816 1400 127 23 tiondedel

188 1437 26 22 af
232 1437 168 29 andelslagets
419 1437 67 22 vinst
505 1437 25 28 (3
551 1437 14 28 $
585 1437 14 22 5
619 1436 119 30 punkten,
758 1436 14 23 6
792 1436 33 29 8).

260 1489 46 22 Lag-
318 1489 31 17 och
364 1487 185 18 Ekonomiutskoltets
562 1487 111 17 betänkande
685 1486 37 17 N:o
735 1487 18 18 9.
