1075 1756
225 150 28 20 24
522 148 39 22 N:o
577 150 32 20 23.

197 216 103 28 Framgår
316 216 73 21 dervid
404 218 34 19 att
448 217 124 27 sjukdomen
583 215 119 27 förefinnes,
710 216 54 21 böra
776 216 25 21 de
812 216 54 26 djur,
874 216 71 21 hvilka

196 251 109 21 befunnits
327 250 73 26 friska,
424 250 94 28 afskiljas
539 250 47 22 från
609 250 61 28 sjuka
692 250 51 22 eller
765 249 33 22 för
820 250 125 26 sjukdomen

196 285 131 21 misstänkta
349 285 49 27 djur
414 284 38 22 och
467 285 35 21 vid
517 284 133 28 stallfodring
665 284 98 22 inställas
778 284 71 22 såvidt
864 284 82 27 möjligt

196 320 7 21 i
225 326 26 15 en
275 326 71 15 annan
368 319 100 27 byggnad
483 320 51 20 eller
549 320 39 20 ock
603 320 7 20 i
625 325 26 15 en
671 319 137 21 derförinnan
824 321 122 25 noggrannt

197 354 152 27 desinficierad,
364 353 47 22 från
432 354 40 21 den
488 354 67 26 öfriga
570 354 59 22 delen
646 353 22 21 af
681 353 132 27 ladugården
829 359 75 21 genom
919 359 26 15 en

192 390 38 20 tät
245 390 55 26 vägg
315 388 55 22 skild
386 388 108 27 afdelning
508 388 47 21 med
571 388 55 21 skild
640 388 85 26 ingång.
749 387 32 21 De
792 388 54 26 djur,
856 393 44 16 som
911 387 35 22 vid

196 422 189 27 undersökningen
400 422 45 21 icke
460 422 83 27 typiskt
558 423 104 26 reagerat,
674 422 61 21 skola
750 422 92 21 derefter
854 428 26 15 en
890 422 56 27 gång

196 463 34 15 om
254 457 47 21 året
323 457 29 26 på
374 456 62 27 tider,
459 462 46 15 som
528 456 21 21 af
569 455 187 28 länedjurläkaren
771 455 7 22 i
794 456 85 21 samråd
898 457 48 21 med

196 492 180 26 kreatursegaren
390 491 137 26 bestämmas,
543 490 124 28 ytterligare
682 490 134 22 undersökas
826 491 43 21 tills
880 492 31 20 ett
922 492 24 20 år

195 525 92 22 förflutit
309 525 54 22 efter
386 525 36 21 det
444 525 265 27 ladugårdsbesättningen
732 525 110 22 befunnits
857 525 27 22 fri
897 525 48 22 från

195 560 132 28 sjukdomen.

542 617 11 28 8
570 618 33 21 24.

264 658 28 22 Af
313 658 78 22 allmän
413 657 161 28 tuberkelsjuka
593 658 105 27 angripna
714 658 49 28 djur
778 659 61 22 skola
854 659 91 22 omedel-

195 694 50 22 bart
267 693 88 27 aflifvas,
372 693 39 22 och
426 693 68 28 öfriga
516 693 160 28 tuberkelsjuka
696 693 51 22 eller
767 693 32 22 för
819 694 125 27 sjukdomen

196 729 130 22 misstänkta
341 728 49 27 djur
404 727 68 22 förses
488 728 48 21 med
551 730 32 19 ett
597 728 108 27 varaktigt
720 729 80 21 märke.

542 815 11 27 $
569 816 33 21 25.

262 856 61 27 Djur,
346 855 72 22 hvilka
441 857 37 20 äro
502 856 105 27 angripna
626 855 23 21 af
666 855 168 28 tuberkelsjuka,
850 857 35 20 må
899 857 46 21 icke

194 889 103 28 föryttras
313 890 137 21 annorlunda
468 892 27 19 än
510 891 7 20 i
533 889 93 28 slagtadt
641 890 103 21 tillstånd.
768 889 28 22 Af
810 891 135 27 nedslagtadt

195 924 157 28 tuberkelsjukt
368 924 48 28 djur
430 924 40 27 får,
486 930 34 15 om
534 924 125 27 sjukdomen
670 924 38 22 hos
719 924 71 27 djuret
800 925 56 22 varit
867 925 78 22 allmän

194 959 168 27 tuberkelsjuka,
372 959 76 21 endast
462 959 70 21 huden
548 959 157 26 tillvaratagas;
716 964 48 16 men
776 964 33 16 om
820 959 124 27 sjukdomen

195 994 57 21 varit
265 994 116 20 inskränkt
400 993 31 21 till
447 993 96 22 enskilda
559 1000 72 20 organ,
652 994 35 20 må
702 993 66 27 enligt
786 994 158 27 länedjurläka-

194 1034 34 16 res
244 1028 112 27 anvisning
372 1028 26 21 de
413 1028 67 22 friska
495 1028 87 21 delarna
597 1028 109 22 användas
722 1028 32 22 till
769 1028 51 22 föda
833 1028 34 22 för
887 1035 58 15 men-

194 1063 73 21 niskor
283 1062 39 22 och
337 1063 54 27 djur.

261 1097 56 21 Blod
332 1096 23 22 af
372 1096 156 28 tuberkelsjukt
543 1097 49 27 djur
608 1096 107 22 äfvensom
730 1097 49 21 kött
794 1096 39 22 och
848 1097 95 27 inelfvor,

194 1137 45 16 som
262 1130 109 22 innehålla
393 1130 196 28 tuberkelsvulster,
605 1131 53 21 böra
681 1130 127 28 nedgräfvas
824 1131 50 21 eller
889 1138 54 20 upp-

193 1165 102 27 brännas,
319 1165 40 21 och
381 1165 84 27 platsen
486 1166 37 20 der
543 1166 70 26 djuret
628 1165 140 27 nedslagtats,
784 1165 40 21 bör
839 1172 105 21 omsorgs-

193 1200 49 23 fullt
257 1202 104 25 rengöras
377 1200 39 21 och
432 1200 148 22 desinficieras.

540 1280 11 28 8
568 1283 33 20 26.

260 1319 29 22 Af
310 1319 162 27 tuberkelsjuka
495 1320 105 26 angripna
622 1319 51 22 eller
690 1320 34 21 för
742 1320 125 27 sjukdomen
884 1320 59 22 miss-

193 1354 78 22 tänkta
287 1354 48 28 djur
350 1354 35 21 mä
400 1354 71 22 säsom
486 1353 115 29 afvelsdjur
617 1354 110 22 användas
743 1355 77 21 endast
830 1355 48 21 med
888 1355 55 21 iakt-

193 1388 94 29 tagande
303 1390 33 20 att
351 1388 55 22 efter
421 1388 47 22 dem
483 1387 63 23 fallen
562 1388 55 22 afvel
632 1389 131 21 omedelbart
781 1389 53 22 efter
848 1389 95 23 födelsen

193 1423 106 28 aflägsnas
315 1423 38 22 och
369 1423 105 28 uppfödes
490 1424 47 21 med
553 1424 70 27 mjölk,
633 1429 45 16 som
694 1424 118 28 undergätt
826 1425 117 21 smittoför-

193 1458 103 25 störande
311 1457 135 30 behandling.
