1089 1748
211 137 26 21 36
424 135 29 23 U.
469 136 27 22 B.
514 148 24 8 —
554 135 74 28 Prop.
644 134 43 23 N:o
703 135 34 22 17:

210 204 39 21 fall
265 204 37 21 bör
317 204 146 28 legogifvaren
478 204 48 21 icke
540 203 79 21 tillätas
634 205 32 19 att
680 210 45 14 mer
741 204 26 20 än
786 202 69 28 billigt
869 202 95 28 är'hopa

210 238 135 28 dagsverken
368 238 27 28 pä
418 237 27 22 de
467 237 98 22 brädaste
588 236 161 28 arbetstiderna,
771 236 73 22 hvilka
873 238 37 20 äro
936 236 27 21 de

211 273 115 28 vigtigaste
342 272 64 21 äfven
421 272 35 21 för
471 272 111 26 brukaren,
597 274 49 18 utan
663 272 38 20 bör
711 271 70 22 denne
792 270 90 22 beredas
893 270 71 30 skydd

211 311 57 17 emot
290 310 31 18 ett
342 307 51 21 slikt
411 306 124 22 förfarande
554 306 80 22 medels
654 306 57 22 det
700 302 13 37 i
728 307 161 27 propositionen
905 306 57 21 före-

210 342 74 28 slagna
299 341 134 28 stadgandet.

280 376 74 28 Enligt
369 377 12 20 2
398 384 61 13 mom.
474 377 21 21 af
510 375 140 22 förevarande
665 375 100 29 paragraf
780 376 6 20 i
803 376 160 28 propositionen

210 410 66 22 hafva
298 410 203 28 öfverdagsverken,
525 410 63 22 äfven
611 410 32 21 till
666 410 143 28 obegränsadt
824 410 64 25 antal,
904 410 59 21 bibe-

211 445 78 26 hållits,
312 445 76 21 medan
410 445 23 21 af
454 445 190 28 jordlegokomiten
660 444 129 22 åtminstone
805 444 42 22 den
863 444 101 28 begräns-

211 481 52 27 ning
284 480 127 27 föreslagits,
432 482 33 18 att
486 480 79 21 antalet
587 479 195 28 öfverdagsverken
801 479 65 21 borde
881 480 7 20 i
903 479 60 28 lego-

212 514 123 21 kontraktet
350 514 133 21 bestämmas.

280 542 205 34 Öfverdagsverken
507 548 130 22 förekomma
652 547 13 21 &
679 549 67 20 större
769 548 123 27 lägenheter
908 550 57 19 ännu

210 583 82 27 ganska
312 583 88 21 allmänt
414 585 55 19 samt
483 582 102 29 fullgöras
601 582 28 28 på
644 582 115 28 tillsägelse
774 582 99 21 stundom
890 582 75 22 endast

212 620 57 18 emot
291 617 27 21 fri
343 618 54 25 kost,
412 624 48 14 men
476 618 98 27 vanligen
590 619 45 19 mot
649 616 115 28 betalning,
779 617 64 21 hvars
861 617 82 28 belopp,
959 618 6 20 i

211 652 72 27 regeln
307 651 124 22 varierande
453 651 47 22 från
525 653 26 21 60
574 652 64 28 penni
661 651 32 21 till
715 653 4 19 1
736 652 59 20 mark
811 652 27 20 25
854 652 64 28 penni
933 652 33 20 för

214 686 47 28 dag,
280 686 67 22 likväl
369 686 106 28 betydligt
496 686 133 28 understiger
651 688 79 26 gängse
754 686 149 28 dagspenning
925 686 41 22 och

212 720 67 22 oftast
293 720 63 28 utgär
371 723 50 19 utan
440 720 81 29 hänsyn
537 720 77 27 dertill,
629 728 34 14 om
679 721 82 25 arbetet
776 720 82 22 utföres
874 720 32 22 till
922 721 43 21 fots

212 756 51 20 eller
282 755 49 21 med
350 755 54 26 häst,
417 755 68 21 under
499 762 105 14 sommarn
621 755 51 21 eller
687 762 34 14 om
737 756 90 20 vintern.
858 755 108 27 (WAREN,

213 798 18 12 a.
246 797 18 13 a.
280 790 41 21 279
336 789 30 27 fi).

280 824 173 27 Användningen
479 824 21 20 af
524 824 194 27 öfverdagsverken
744 824 61 20 torde
830 824 47 21 icke
902 824 61 22 alltid

211 858 110 21 framstätt
335 858 71 21 säsom
421 858 135 29 synnerligen
572 858 79 28 obillig,
674 860 50 19 utan
739 860 94 20 tvärtom
848 859 6 20 i
871 858 54 22 brist
937 858 28 29 pä

212 900 69 13 annan
298 892 205 29 penningeförtjenst
519 892 74 22 beredt
607 895 86 26 torpare
704 896 30 18 ett
743 893 129 21 välkommet
880 893 82 22 tillfälle

211 929 32 20 att
262 926 105 22 förskaffa
385 928 32 27 sig
432 927 69 22 medel
515 927 33 22 till
565 927 132 22 betäckande
712 927 23 22 af
751 927 101 22 kontanta
867 928 97 28 utgifter.

213 961 52 22 Men
280 961 161 22 förhällandena
457 962 64 21 hafva
537 969 86 14 numera
638 961 115 29 undergätt
768 962 145 29 förändring,
908 957 11 38 i
929 963 37 21 det

213 996 90 21 brukare
325 996 47 21 med
396 996 76 21 lätthet
491 996 27 28 pä
533 1000 64 18 annat
612 996 42 21 häll
669 997 41 20 kan
726 997 79 21 erhälla
820 997 73 21 arbete
909 1001 56 18 emot

212 1031 51 20 vida
278 1030 65 28 högre
359 1031 114 28 betalning,
488 1033 26 18 än
530 1031 40 21 den
587 1031 84 21 hvartill
687 1031 145 28 ersättningen
847 1031 35 21 för
895 1031 71 22 öfver-

212 1064 134 29 dagsverken
363 1065 86 28 uppgär.
477 1060 73 26 Äfven
565 1065 34 22 för
615 1065 130 21 närvarande
757 1065 71 21 kunna
840 1066 124 29 visserligen

212 1098 203 29 Ofverdagsverken,
437 1099 38 21 der
497 1099 26 22 de
539 1100 108 27 begagnas
662 1099 48 21 med
726 1099 71 27 mätta,
814 1103 83 25 uttagas
913 1104 51 18 utan

213 1135 32 18 att
260 1133 66 21 blifva
342 1133 135 28 betungande
493 1134 34 20 för
541 1134 111 25 brukaren,
661 1141 47 13 men
721 1134 78 27 sjelfva
810 1137 103 24 systemet
923 1135 42 20 kan

211 1167 57 21 dock
292 1167 47 21 icke
354 1175 59 13 mera
431 1168 114 21 försvaras.
574 1168 34 28 Ty
624 1167 118 28 uppenbart
757 1170 29 24 är,
801 1171 31 18 att
847 1168 117 22 detsamma

213 1201 44 21 stär
271 1203 6 19 i
293 1202 52 21 strid
362 1201 47 22 med
425 1202 37 21 det
476 1202 35 21 för
525 1202 127 28 tryggandet
663 1202 23 21 af
695 1202 212 27 legoförhällandena
918 1203 47 23 oaf-

213 1236 75 27 visliga
304 1236 91 26 krafvet,
409 1239 31 18 att
455 1236 172 29 legovederlaget
642 1237 47 20 icke
704 1236 34 21 fär
748 1237 80 21 lemnas
840 1237 126 22 obestämdt.

213 1269 84 22 Genom
319 1270 105 21 förbehåll
447 1278 34 14 om
503 1271 129 27 öfverdagar
652 1273 61 25 göres
729 1279 24 13 en
771 1272 106 27 väsentlig
892 1272 36 21 del
942 1273 23 22 af

213 1303 172 28 legovederlaget
402 1304 104 21 beroende
522 1304 134 21 uteslutande
671 1305 23 20 af
704 1305 158 27 legogifvarens
873 1305 93 22 fordrin-

211 1345 48 20 gar;
281 1337 41 22 och
344 1338 28 21 dä
395 1337 104 22 brukaren
522 1339 47 20 icke
593 1346 37 13 ens
654 1338 26 28 pä
700 1338 91 22 förhand
810 1339 86 27 känner,
911 1339 54 22 huru

213 1372 86 28 mycket
313 1372 41 21 han
370 1372 53 21 skall
438 1374 81 27 utgöra,
535 1373 62 21 beror
612 1373 83 21 säledes
705 1373 54 22 hans
771 1373 140 23 ekonomiska
921 1374 45 22 för-

213 1406 77 21 kofran
305 1407 24 20 af
343 1407 157 28 legogifvarens
515 1407 114 28 godtycke.
659 1407 128 29 Betänkliga
805 1408 108 22 missbruk
928 1409 37 22 hä-

212 1441 89 21 utinnan
318 1441 72 22 kunna
405 1441 131 26 förekomma
553 1442 41 21 och
609 1442 66 21 hafva
689 1442 71 27 äfven,
777 1443 30 21 lät
822 1451 50 14 vara
890 1443 76 22 endast

282 1488 47 23 Lag-
342 1488 31 17 och
386 1488 183 19 Ekonomiutskottets
581 1489 111 17 betänkande
706 1491 35 16 N:o
754 1490 17 17 4.
