1700 1889
650 215 29 22 U.
689 213 33 24 B.
738 229 27 2 —
780 215 73 29 Prop.
869 216 44 22 N:o
929 216 34 22 17.
1168 217 15 20 9

430 283 37 21 väl
482 283 50 21 icke
555 284 71 20 heller
648 285 113 26 uppställa
785 285 148 27 konstgjorda
952 285 81 21 hinder
1048 286 35 20 för
1098 292 27 14 en
1144 292 39 13 na-

429 317 69 26 turlig
518 318 131 27 utveckling
670 319 25 20 af
715 319 181 26 förhållandena,
920 320 143 27 synnerligen
1079 326 51 14 som
1145 319 38 21 det

430 351 77 21 kunde
523 352 23 20 få
561 353 56 20 sken
633 352 25 21 af
671 359 27 14 en
715 353 100 21 sträfvan
831 355 32 19 att
875 354 30 27 på
916 353 267 28 torparebefolkningens

430 386 128 21 bekostnad
578 387 119 26 tillgodose
717 387 146 27 jordegarens
886 388 72 20 behof
977 388 25 20 af
1015 387 167 26 arbetskrafter,

430 427 39 14 om
484 423 107 24 torparen
613 421 104 27 erbjödes
739 421 96 28 skyddet
850 422 25 20 af
887 429 28 14 en
931 422 105 26 tidsenlig
1050 422 37 26 lag
1101 422 82 20 endast

431 455 72 20 under
523 455 81 27 vilkor,
627 457 32 19 att
681 456 46 20 han
750 456 52 21 med
817 456 76 21 arbete
909 457 65 26 utgör
989 456 155 27 legovederlag
1159 456 24 21 åt

428 489 141 27 jordegaren.

500 525 49 20 Den
572 526 74 25 gräns,
670 532 50 14 som
743 526 35 20 för
793 525 172 27 ifrågavarande
981 525 201 27 lagstiftningsom-

431 559 52 20 råde
509 560 25 19 är
556 559 7 20 i
587 560 171 27 propositionen
782 560 133 26 föreslagen,
937 560 84 20 saknar
1037 560 66 20 äfven
1119 560 63 27 eljest

429 593 130 27 tillräckligt
581 594 52 20 stöd
654 594 7 20 i
683 594 28 20 de
726 594 100 21 faktiska
845 594 179 21 förhållandena.
1055 594 89 21 Vidden
1160 594 26 21 af

430 628 282 27 dagsverksskyldigheten
736 628 46 21 kan
804 629 112 26 nemligen
933 628 18 27 ej
968 628 7 20 i
991 629 36 25 lag
1041 628 141 21 bestämmas

430 662 45 21 och
489 662 79 21 måttet
588 662 25 21 af
629 662 134 21 densamma
784 663 7 20 i
807 663 143 21 förhållande
963 663 33 21 till
1011 663 72 27 öfriga
1099 665 83 26 presta-

429 696 74 22 tioner
525 697 46 20 kan
593 697 138 21 inskränkas
747 698 59 20 ända
823 698 94 26 derhän,
933 692 31 26 aft
980 698 120 20 skilnaden
1115 698 67 20 emel-

429 732 38 20 lan
483 732 215 26 dagsverkstorpare
713 732 44 20 och
773 732 71 26 öfriga
857 734 90 25 torpare
964 732 25 20 så
1004 732 54 26 godt
1073 739 50 13 som
1139 732 43 20 för-

430 766 97 20 svinner.
558 765 51 21 Och
632 765 7 21 i
663 766 78 26 hvarje
763 766 109 21 händelse
888 768 39 19 äro
943 766 123 21 hvarderas
1082 766 101 21 rättsför-

429 799 131 27 hållanden,
583 800 128 20 oberoende
732 800 25 20 af
774 800 171 27 ifrågavarande
961 800 96 26 skilnad,
1074 800 25 21 så
1114 800 68 21 likar-

429 834 52 20 tade
504 834 43 20 och
571 834 69 26 begge
663 834 69 20 hafva
748 834 25 21 så
789 835 120 20 enahanda
925 834 72 21 behof
1010 834 25 21 af
1047 841 27 14 en
1091 841 31 21 ny
1137 835 45 26 lag-

430 868 108 26 stiftning,
562 871 32 18 att
613 868 38 21 det
671 868 50 22 icke
744 869 44 20 kan
813 876 66 14 anses
894 869 52 21 med
962 870 43 19 rätt
1021 869 43 21 och
1079 869 103 26 billighet

430 902 104 26 förenligt
549 905 32 18 att
601 904 54 24 göra
671 903 81 21 endast
767 903 265 27 dagsverksbrukarenas
1048 909 73 21 grupp
1137 903 45 21 del-

430 937 60 26 aktig
511 937 25 20 af
555 937 27 21 de
604 938 104 26 fördelar,
726 938 75 20 denna
817 938 138 26 lagstiftning
971 937 110 27 erbjuder,
1097 938 84 20 medan

430 972 44 20 alla
499 972 72 26 öfriga
594 972 58 26 finge
675 972 92 27 qvarstå
788 972 6 20 i
815 972 34 20 sin
865 972 60 20 förra
941 972 88 20 mindre
1045 972 137 26 förmånliga

430 1006 112 27 ställning.
560 1006 51 21 Icke
622 1006 71 21 heller
703 1006 46 20 kan
758 1006 112 21 Utskottet
878 1006 76 21 såsom
963 1006 148 26 ovilkorligen
1120 1006 62 27 giltig

430 1041 103 20 erkänna
548 1040 44 21 den
608 1040 167 27 förutsättning,
789 1041 29 27 på
833 1040 73 27 grund
919 1040 83 21 hvaraf
1010 1040 172 28 propositionen

429 1075 59 20 velat
503 1075 83 20 bereda
602 1075 27 20 de
645 1075 228 27 dagsverksskyldiga
887 1075 29 27 på
927 1075 48 26 lega
986 1075 110 27 upplåtna
1107 1075 75 26 lägen-

429 1110 105 20 heternas
554 1108 127 22 bebrukare
699 1116 28 13 en
747 1116 63 14 mera
825 1109 93 27 tryggad
935 1109 106 26 ställning
1056 1110 30 20 än
1102 1110 80 25 andra,

429 1143 113 27 nemligen
561 1146 32 18 att
611 1143 87 21 sådana
714 1143 105 26 legoaftal
835 1143 62 21 alltid
913 1143 74 21 skulle
1002 1143 68 21 lända
1084 1144 99 20 hufvud-

429 1178 84 26 gården
523 1177 34 21 till
569 1178 84 26 styrka.
673 1177 147 21 Sistnämnda
831 1177 168 27 omständighet
1009 1178 66 20 beror
1085 1178 7 20 i
1103 1177 79 27 sjelfva

429 1212 77 20 verket
521 1212 50 20 icke
586 1212 25 20 af
624 1212 188 26 legovederlagets
825 1212 167 25 beskaffenhet;
1008 1212 7 20 i
1030 1214 30 19 ett
1076 1212 39 20 fall
1128 1212 54 26 kan,

428 1246 41 21 allt
491 1246 54 21 efter
564 1246 189 26 legovederlagets
771 1246 82 28 belopp
871 1246 44 21 och
930 1246 72 20 andra
1018 1246 29 28 på
1063 1247 71 20 saken
1150 1246 33 21 in-

430 1280 114 21 verkande
564 1280 167 27 förhållanden,
755 1280 197 28 dagsverkstorpet
973 1287 54 14 vara
1047 1281 135 26 lägenheten

429 1315 32 20 till
484 1317 76 24 tunga,
577 1315 7 20 i
599 1317 31 19 ett
652 1317 70 18 annat
743 1315 39 20 fall
797 1315 33 21 till
847 1315 83 27 styrka,
948 1314 76 22 såsom
1037 1314 86 28 jemväl
1138 1315 44 21 för-

430 1349 118 21 hållandet
562 1350 26 19 är
603 1349 53 21 med
671 1351 57 25 torp,
745 1356 50 14 som
811 1350 78 26 utgöra
901 1349 65 26 legan
976 1349 7 20 i
991 1349 127 27 penningar
1129 1349 54 21 eller

429 1383 200 27 naturprodukter.
650 1383 50 21 Och
712 1383 163 27 otvifvelakligt
886 1385 31 25 är,
928 1383 47 21 att
974 1379 14 35 i
985 1384 84 26 många
1077 1384 39 20 fall
1125 1384 58 26 lego-

431 1418 54 20 aftal
501 1418 74 20 slutits
589 1418 43 20 och
645 1418 66 20 äfven
727 1417 120 21 framdeles
863 1418 95 20 komma
973 1420 31 18 att
1019 1418 78 26 slutas,
1113 1417 70 27 enligt

432 1452 78 19 hvilka
525 1452 128 19 brukarens
669 1452 148 26 prestationer
833 1452 49 19 icke
898 1454 115 16 motsvara
1029 1452 27 19 de
1067 1452 116 19 förmåner

427 1480 134 31 jordegaren
574 1485 23 20 ät
607 1485 88 20 honom
707 1484 102 27 upplätit.
826 1484 68 21 Utom
906 1486 32 18 att
946 1484 151 26 legogifvaren
1106 1484 47 20 ofta
1160 1484 25 20 af

430 1526 27 14 en
467 1519 53 21 eller
528 1525 77 14 annan
615 1518 123 26 anledning
747 1517 40 22 vill
795 1524 82 21 genom
885 1520 31 18 ett
924 1518 35 20 för
966 1518 116 21 brukaren
1091 1524 92 21 synner-

498 1564 48 24 Lag-
558 1564 33 18 och
603 1564 184 18 Ekonomiutskotteis
799 1564 109 18 betänkande
920 1563 38 18 N:o
970 1564 17 17 4.
