1075 1734
343 125 83 24 Ständ.
445 126 38 24 Sv.
500 139 28 3 —
542 127 73 29 Prop.
633 127 43 23 N:o
690 127 39 23 22.
898 128 11 20 7

158 196 155 29 återkommit,
332 197 56 22 eller
405 198 52 22 från
476 197 142 30 dödsdagen,
628 206 37 15 om
682 198 9 22 i
708 198 61 30 följd
787 198 24 23 af
821 198 90 30 olycks-

158 230 128 23 händelsen
308 230 101 23 dödsfall
429 232 59 22 först
505 240 80 14 senare
603 235 41 26 egt
661 240 57 14 rum.
753 233 51 21 Har
821 232 91 22 skadad

158 264 96 29 sjöman,
272 272 49 15 som
338 266 157 28 qvarlemnats
513 268 65 20 utom
595 266 87 28 landet,
696 266 117 22 derstädes
829 266 82 28 aflidit,

158 298 72 23 varda
248 307 32 14 nu
298 299 85 22 nämda
401 299 62 23 tider
479 300 103 22 räknade
600 300 52 22 från
670 300 45 22 den
734 300 52 30 dag,
805 300 30 22 då
852 300 59 23 hans

158 332 90 23 dödsbo
265 334 47 21 fått
329 333 106 29 kunskap
454 342 37 14 om
508 334 131 22 dödsfallet.

226 367 12 22 I
255 367 29 23 de
302 368 48 28 fall,
369 376 49 15 som
436 368 146 23 omförmälas
599 369 9 22 i
627 370 13 21 3
660 370 13 27 &
691 368 43 23 här
752 370 77 27 ofvan,
845 369 66 22 skola

158 401 28 23 de
209 401 8 22 i
244 403 10 20 1
280 409 68 16 mom.
366 402 86 23 nämda
475 403 61 22 tider
561 403 85 22 räknas
666 403 51 23 från
741 403 45 22 den
810 403 53 29 dag,
881 403 30 22 då

158 435 255 31 skadeståndsanspråk
431 437 98 29 tidigast
546 438 92 22 kunnat
654 441 68 26 göras
741 437 115 30 gällande.

507 540 14 22 6
540 541 20 26 8.

226 608 71 23 Hvad
320 609 8 22 i
352 609 69 28 lagen
445 609 24 22 af
487 609 45 22 den
551 610 14 21 5
584 609 127 22 December
731 609 64 22 1895
813 609 9 22 i
840 609 71 29 öfrigt

158 643 75 22 finnes
257 643 69 29 sagdt
350 651 37 14 om
413 643 173 30 arbetsgifvare,
605 643 61 30 gälle
690 644 9 22 i
720 643 29 22 de
769 643 50 28 fall,
837 650 49 15 som
903 644 9 21 i

158 677 76 23 denna
251 677 40 30 lag
308 677 67 28 afses,
393 678 177 29 fartygsredare,
582 680 65 20 utom
664 678 63 23 hvad
744 677 110 23 beträffar
866 677 45 23 den

158 711 42 22 här
218 712 71 22 ofvan
307 713 9 21 i
333 712 16 22 4
369 713 12 26 $
400 711 113 30 stadgade
531 712 107 23 anmälan
656 713 43 22 och
717 712 108 23 förandet
843 712 23 22 af
878 712 33 22 af-

158 746 148 29 löningsbok,
324 746 82 23 hvilka
427 747 161 29 skyldigheter
608 747 80 29 åligga
707 747 115 28 fartygets
840 746 71 22 befäl-

156 780 103 23 hafvare.

512 861 54 27 78.

227 930 47 22 Det
292 930 133 22 ankommer
442 931 14 21 &
475 930 101 22 Senaten
594 932 35 20 att
643 930 117 22 fastställa
770 929 141 29 reglemente

158 965 36 22 för
212 964 46 22 den
276 965 8 22 i
303 965 13 21 2
336 966 14 26 $
367 964 86 23 nämda
471 964 367 30 olycksfallsförsäkringsanstalt
853 966 59 20 samt

158 1001 36 21 att
211 999 98 29 vidtaga
327 999 83 29 ätgärd
428 1006 37 15 om
482 999 173 23 vederbörande
672 998 112 23 rederiers
799 1006 113 14 samman-

158 1034 110 22 kallande
285 1034 37 22 för
339 1033 110 23 bildande
468 1034 23 22 af
509 1034 150 22 omförmälda
671 1032 239 30 försäkringsanstalt.

227 1068 83 22 Denna
327 1068 40 29 lag
385 1068 60 22 skall
462 1068 68 22 träda
548 1069 9 21 i
575 1068 63 23 kraft
657 1069 44 21 den

228 1222 76 23 Jemte
323 1222 46 23 den
386 1222 87 29 nädiga
491 1223 174 30 propositionen
677 1223 44 23 har
733 1222 131 22 Ständerna
875 1222 38 22 till

158 1257 145 29 upplysning
314 1256 128 23 meddelats
453 1257 113 30 ,Förslag
577 1258 37 22 till
626 1258 140 29 reglemente
777 1257 36 22 för
823 1257 90 28 olycks-

158 1291 317 29 fallsförsäkringsanstalten
499 1292 37 22 för
560 1293 90 28 sjömän
672 1293 8 21 i
703 1291 124 22 Finland".
866 1291 47 22 Vid

159 1325 146 30 granskning
332 1325 24 22 af
378 1325 113 30 förslaget
516 1326 70 22 hafva
608 1326 131 22 Ständerna
759 1325 52 22 icke
835 1325 78 23 funnit

159 1359 51 22 skäl
236 1359 37 22 till
298 1361 79 27 nägon
404 1360 155 28 anmärkning
580 1360 145 22 beträffande
746 1359 29 21 de
796 1361 117 21 allmänna

158 1393 133 28 grunderna
308 1393 36 22 för
363 1394 127 21 anstaltens
506 1393 298 29 försäkringsverksamhet,
817 1393 96 30 premie-

159 1426 182 29 betalningssätt
359 1426 44 23 och
420 1426 171 30 fondbildning.
