1700 1920
644 221 27 23 U.
687 221 26 23 B.
731 235 26 2 —
772 223 72 27 Prop.
860 223 40 22 N:o
917 223 34 22 23.
1150 223 26 22 13

518 291 42 21 För
572 293 32 20 att
615 291 134 22 säkerställa
761 291 117 29 djuregare
890 294 58 19 emot
959 299 81 21 genom
1053 291 85 28 oriktig
1150 293 53 20 vär-

447 325 83 28 dering
552 325 133 22 förorsakad
707 325 82 22 förlust
806 327 41 20 har
867 326 59 21 inom
946 326 113 22 Utskottet
1077 326 125 21 framstälts

446 359 104 28 yrkande
571 359 30 28 pä
623 361 31 20 att
672 360 7 21 i
698 360 156 28 ständerlagen
871 361 69 20 borde
955 361 89 28 intagas
1060 360 143 28 bestämning

447 394 85 25 derom,
558 396 32 19 att
619 393 125 28 djuregare,
771 401 48 14 som
849 401 64 14 anser
940 394 33 21 sin
1003 397 44 18 rätt
1073 395 130 20 förnärmad

447 427 61 28 finge
530 427 98 30 fullfölja
651 428 33 21 sin
708 428 60 21 talan
792 429 29 27 pä
839 428 119 29 stämning
972 429 39 21 vid
1027 429 52 28 laga
1099 428 103 22 domstol.

447 461 36 22 Dä
503 462 123 22 emellertid
642 462 124 22 Utskottets
782 463 70 21 flertal
867 465 80 24 ansett,
963 465 32 19 att
1011 464 41 20 den
1070 463 133 27 djuregaren

446 496 37 21 för
500 496 81 22 sädant
600 497 49 27 djur
668 497 170 22 tillkommande
857 498 125 28 ersättning
999 500 24 19 är
1039 500 33 19 att
1088 497 114 22 betraktas

446 530 76 23 säsom
539 538 26 14 en
582 532 146 28 djuregarens
743 532 42 21 hos
801 534 70 20 staten
888 532 151 28 uppkommen
1049 532 99 26 fordran,
1160 532 42 21 och

445 565 32 23 dä
492 566 48 21 isä
560 566 247 28 fallersättningstalan,
823 567 67 21 äfven
907 568 52 20 utan
975 568 32 20 att
1021 567 7 21 i
1044 567 157 27 ständerlagen

445 600 111 22 särskildt
571 602 124 27 stadgande
711 602 75 20 derom
803 601 90 27 införes,
910 601 67 27 enligt
992 601 105 29 gällande
1107 601 39 29 lag
1156 601 46 21 kan

445 637 69 26 göras
538 635 117 28 anhängig
669 635 38 21 vid
723 635 52 28 laga
791 636 103 26 domstol,
910 636 41 21 har
966 636 114 21 Utskottet
1096 636 50 22 icke
1162 642 39 15 an-

446 672 45 19 sett
509 670 108 28 behöfligt
640 672 31 19 ait
689 670 82 21 föreslä
790 670 126 22 införandet
935 670 24 22 af
974 678 27 13 en
1017 670 70 22 sädan
1103 671 99 21 bestäm-

447 704 55 28 ning
518 704 6 21 i
540 705 163 27 ständerlagen.

516 738 24 27 Ej
564 739 71 21 heller
657 739 40 21 har
720 739 125 22 Utskottets
864 739 71 22 flertal
955 741 72 20 ansett
1046 739 78 28 nödigt
1143 742 32 19 att
1194 740 6 21 i

444 773 161 28 ständerlagen
620 773 77 28 intaga
713 773 70 29 nägra
799 775 240 27 straffbestämningar,
1055 775 93 20 emedan
1164 774 36 21 sä-

444 808 61 21 dana
528 808 70 21 redan
619 808 54 28 ingå
692 809 31 20 uti
744 810 25 21 18
789 808 14 29 &
821 810 28 21 34
866 809 51 27 kap.
937 809 42 21 och
997 809 13 21 6
1030 809 15 28 S
1063 810 28 21 44
1109 809 51 28 kap.
1177 809 23 21 af

444 842 108 28 gällande
568 843 111 28 strafflag.

517 1016 44 21 Vid
577 1016 249 28 detalj-granskningen
839 1016 24 22 af
873 1016 43 30 den
929 1016 82 28 nädiga
1024 1016 178 28 propositionens

448 1050 88 28 förslag
553 1050 33 22 till
601 1051 132 28 förordning
748 1051 41 21 har
805 1051 112 21 Utskottet
932 1053 71 19 ansett
1019 1051 36 28 sig
1071 1052 55 20 böra
1137 1051 8 21 i
1156 1051 47 21 det-

449 1092 87 14 samma
551 1086 83 21 föreslä
650 1086 112 21 särskilda
777 1088 84 20 smärre
877 1086 122 28 ändringar
1014 1086 43 22 och
1069 1086 87 28 tillägg,
1169 1086 34 21 för

449 1119 79 22 hvilka
544 1120 113 22 Utskottet
672 1128 30 13 nu
717 1120 41 29 gär
773 1122 32 20 att
819 1122 109 27 redogöra
943 1120 7 21 i
966 1121 43 21 den
1023 1121 102 28 ordning,
1138 1120 65 22 hvari

449 1155 29 21 de
494 1154 138 22 förekomma
648 1155 7 21 i
670 1156 42 20 den
728 1155 24 21 at
767 1155 114 22 Utskottet
899 1155 128 27 föreslagna
1039 1155 163 29 ständerlagen.

518 1189 33 21 Pä
562 1190 57 26 skäl,
628 1196 47 15 som
685 1190 66 21 ofvar
761 1190 142 26 framhällits,
916 1190 42 21 har
969 1190 114 21 Utskottet
1095 1189 50 22 frän
1158 1190 44 21 för-

446 1223 76 29 slaget
533 1224 32 21 till
577 1224 135 28 kungörelse
727 1224 108 22 öfverfört
851 1226 73 20 denna
943 1224 108 28 paragraf
1065 1225 33 21 till
1115 1224 87 22 förord-

447 1258 91 28 ningen.
561 1258 48 22 Den
626 1258 127 29 oegentliga
768 1259 165 28 benämningen
950 1259 195 27 ,tuberkelsjuka*
1162 1258 41 22 har

446 1293 27 21 af
488 1292 114 22 Utskottet
618 1294 85 27 utbytts
718 1295 59 19 emot
792 1294 62 20 ordet
870 1293 168 26 ,,tuberkulos,'*
1054 1300 48 14 som
1118 1295 25 19 är
1159 1294 43 20 den

449 1326 92 29 vanliga
564 1328 164 28 benämningen
751 1327 30 27 pä
803 1328 73 20 denna
891 1328 111 27 sjukdom.
1031 1328 12 20 TI
1058 1328 92 25 trakter,
1165 1328 39 20 der

450 1362 301 22 nötkreaturstuberkulosen
778 1364 25 19 är
825 1362 85 28 spridd,
933 1362 151 22 förekommer
1099 1362 104 22 otvifvel-

445 1396 78 28 -aktigt
532 1396 132 22 tuberkulos
677 1397 66 21 äfven
754 1397 90 27 ganska
855 1397 93 21 allmänt
956 1396 68 22 bland
1038 1397 57 26 svin,
1104 1397 99 21 hufvud-

450 1431 102 28 sakligen
575 1431 110 21 beroende
708 1431 30 28 pä
760 1431 75 21 smitta
861 1438 80 21 genom
964 1431 87 27 mejeri-
1067 1432 43 20 och
1133 1432 70 27 slagt-

449 1465 69 21 affall.
542 1464 79 28 Någon
637 1465 116 28 synnerlig
769 1465 49 21 fara
829 1465 35 21 för
875 1467 32 19 att
919 1465 131 22 tuberkulos
1061 1472 81 20 genom
1153 1465 49 21 svin

450 1497 59 22 skall
524 1497 107 22 utbredas
647 1497 33 21 till
695 1498 59 21 förut
769 1497 72 22 friska
854 1497 136 29 ladugårdar
1000 1498 63 22 torde
1075 1498 61 21 dock
1147 1499 55 27 näp-

449 1532 90 28 peligen
554 1531 147 21 förekomma.
730 1532 36 22 Dä
778 1532 27 28 ju
820 1531 110 29 slagtsvin
946 1532 7 20 i
973 1532 123 21 allmänhet
1114 1532 89 21 aflifvas

520 1577 182 19 Ekonomiutskottets
714 1578 111 18 betänkande
838 1577 37 18 N:o
887 1578 17 17 5.
