1078 1759
359 127 27 22 U.
401 128 27 21 B.
444 140 26 4 —
487 128 71 27 Prop.
573 128 41 22 N:o
631 128 33 21 21.

407 446 208 23 Ekonomiutskottets
637 447 127 21 betänkande
788 448 34 20 N:o
839 448 15 20 4
876 448 5 20 i

338 481 106 26 anledning
461 481 21 21 af
498 482 54 21 Hans
569 480 111 28 Kejserliga
691 481 107 27 Majestäts
809 481 73 27 nådiga

338 515 124 27 proposition
482 515 106 28 angående
608 516 110 21 elektriska
736 516 146 26 anläggningar

337 550 32 21 för
391 550 104 22 alstrande
515 550 20 22 af
554 550 39 26 ljus
611 550 38 22 och
668 550 32 22 för
719 550 123 27 öfverföring
861 551 21 21 af

337 584 60 21 kraft.

201 641 146 21 Förenämnda
365 641 77 27 nädiga
460 642 130 26 proposition
609 641 39 21 har
666 642 23 21 af
707 642 98 26 samtliga
820 642 61 21 ständ

131 676 128 26 hänskjutits
275 676 32 20 till
322 675 216 27 Ekonomiutskottet,
550 682 45 15 som
607 676 78 26 jemväl
695 676 27 26 pä
733 676 92 26 begäran
835 676 46 21 frän

131 710 118 27 Kejserliga
267 709 93 22 Senaten
380 709 41 21 fätt
440 712 108 24 emottaga
563 710 104 21 särskilda
682 710 34 21 vid
732 710 149 21 utarbetandet

131 744 24 22 af
169 744 156 27 propositionen
340 744 112 22 tillkomna
466 744 133 26 handlingar.

201 852 112 22 Saknaden
330 854 23 20 af
365 853 129 27 tillämpliga
510 853 189 27 lagbestämningar
714 853 91 21 rörande
815 854 66 21 vilko-

131 894 39 15 ren
184 888 33 20 för
233 887 120 21 inrättande
365 887 40 22 och
415 887 137 22 bedrifvande
568 887 23 21 af
604 888 115 20 elektriska
730 888 151 27 anläggningar

131 922 34 21 för
189 922 107 21 alstrande
313 922 22 21 af
348 922 41 27 ljus
407 922 39 21 och
462 922 33 21 för
514 922 129 26 öfverföring
660 922 24 20 af
700 922 57 21 kraft
772 922 39 21 har
826 922 56 27 gjort

131 958 32 25 sig
179 956 101 22 märkbar
296 956 7 21 i
319 962 79 16 samma
414 956 48 21 män
478 962 45 16 som
537 956 39 21 hos
596 962 34 16 oss
645 956 70 28 dylika
730 957 151 27 anläggningar

130 991 96 26 uppstätt
250 990 38 21 och
314 996 49 15 man
381 990 81 27 begynt
484 991 45 21 inse
544 990 62 21 deras
621 990 185 27 allmänfarlighet,
821 990 60 22 bero-

133 1025 54 21 ende
201 1025 28 27 pä
245 1025 40 21 den
302 1024 115 22 elektriska
428 1026 125 20 strömmens
568 1025 104 27 spänning
686 1026 55 20 samt
756 1025 26 21 de
797 1025 85 21 elektri-

133 1059 38 22 ska
187 1059 150 27 ledningarnas
351 1059 48 26 läge
415 1058 38 22 och
468 1058 151 26 utsträckning.

200 1088 62 26 Ända
285 1093 33 21 till
337 1093 47 21 dess
399 1092 119 28 Kejserliga
533 1093 91 21 Senaten
639 1099 75 21 genom
730 1093 152 21 Statssekrete-

131 1128 75 21 riatets
229 1128 113 20 skrifvelse
365 1128 22 21 af
401 1128 40 21 den
459 1127 43 23 '!/a3
516 1127 117 22 December
649 1127 54 22 1898
718 1127 164 28 bemyndigades

131 1164 31 19 att
185 1162 75 26 pröfva
282 1162 39 21 och
344 1162 73 26 afgöra
440 1162 142 26 ansökningar
604 1168 32 14 om
658 1161 97 22 tillstånd
769 1162 33 20 till
817 1162 64 20 inrät-

133 1196 64 22 tande
221 1196 22 21 af
265 1196 79 22 sädana
367 1196 158 27 anläggningar,
546 1196 55 21 hade
623 1196 7 21 i
645 1196 60 21 detta
720 1196 100 21 afseende
834 1196 49 21 rädt

133 1230 120 26 osäkerhet,
268 1230 117 26 hvarjemte
401 1230 150 26 fordringarna
566 1230 27 26 pä
608 1230 77 21 allmän
696 1230 100 21 säkerhet
806 1230 76 21 endast

131 1265 150 26 ofullständigt
295 1264 70 22 blifvit
379 1264 162 28 tillgodosedda.
557 1265 47 20 Den
615 1264 53 21 enda
678 1264 100 26 kontroll,
790 1270 44 15 som
845 1264 36 21 be-

130 1298 105 22 träffande
259 1298 116 22 elektriska
397 1299 152 27 anläggningar
571 1298 141 26 förekommit,
732 1300 23 18 är
774 1298 39 21 den
836 1304 45 16 som

131 1333 28 27 pä
174 1334 82 20 senaste
271 1333 32 21 tid
319 1332 92 22 utöfvats
427 1333 22 21 af
464 1333 25 21 de
504 1332 135 22 kommunala
653 1332 174 28 myndigheterna
837 1333 7 20 i
856 1339 25 15 en

132 1368 33 20 del
177 1366 22 22 af
209 1366 26 22 de
245 1367 78 26 städer,
335 1366 38 22 der
383 1367 70 27 dylika
465 1367 151 27 anläggningar
626 1367 105 26 inrättats,
742 1368 54 20 samt
806 1366 24 22 af
838 1367 26 21 de
875 1368 6 20 i

131 1400 73 22 landet
210 1402 132 24 opererande
348 1400 297 26 brandförsäkringsbolagen.
657 1400 126 21 Kontrollen
790 1400 39 21 har
837 1400 45 21 huf-

131 1434 139 26 vudsakligen
280 1435 52 26 gällt
342 1434 7 21 i
359 1434 58 21 förra
427 1434 61 22 fallet
498 1434 76 22 endast
584 1434 36 22 det
629 1436 55 25 yttre
700 1434 162 26 ledningsnätet,
874 1435 7 20 i

201 1479 184 19 Ekonomiutskotteis
397 1480 110 18 betänkande
519 1480 34 17 N:o
565 1480 17 17 4.
