1075 1784
390 137 22 23 U.
430 137 21 23 B.
467 149 28 4 —
512 137 59 29 Prop.
588 138 37 22 N:o
640 137 38 23 24.
881 137 27 21 61

506 202 27 21 27
566 220 3 4 8.

232 237 121 21 Förefaller
377 237 151 27 misskrifning
549 202 37 57 a
612 238 190 27 stämpelpappers
829 239 80 19 använ-

162 272 71 22 dande
250 272 22 21 af
288 272 86 22 enskild
390 279 88 20 person,
495 273 53 21 eller
558 274 41 21 har
614 274 44 20 han
674 273 23 21 af
713 273 124 27 uppenbart
849 273 60 21 miss-

161 310 37 24 tag
213 308 108 26 begagnat
337 308 178 27 stämpelpapper
531 309 53 21 eller
600 308 179 28 stämpelmärke,
791 308 28 21 dä
831 308 79 21 sädant

160 344 50 20 icke
226 344 127 26 erfordrats,
370 344 53 20 eller
440 344 97 21 användt
552 345 67 26 högre
637 345 100 26 stämpel,
755 346 28 19 än
799 344 111 21 föreskrif-

161 381 36 19 vet
213 381 31 24 är,
260 379 38 21 mä
313 379 98 22 tillstånd
427 380 33 21 till
477 380 50 21 dess
543 380 121 27 utbytande
688 380 67 21 sökas
771 381 41 20 hos
829 380 80 21 Guver-

161 416 69 20 nören
246 416 7 20 i
270 416 66 26 länet,
352 415 91 22 hvilken
456 422 50 20 eger
522 416 78 26 pröfva
616 416 42 21 och
674 416 83 27 afgöra,
773 422 36 16 om
825 416 85 27 utbytet

161 451 45 21 kan
222 451 99 27 beviljas.
354 451 43 21 För
412 452 101 27 stämpel,
529 458 47 16 som
594 452 120 27 begagnats
729 452 33 21 till
777 451 133 27 rättegängs-

161 486 108 26 fullmakt,
286 487 80 27 inlaga,
384 488 61 21 bevis
462 488 53 21 eller
531 494 73 15 annan
623 488 64 21 skrift
702 488 24 20 af
741 487 118 22 enahanda
875 488 35 21 be-

161 522 131 27 skaffenhet,
308 522 37 22 må
361 523 76 27 utbyte
454 523 57 22 dock
527 523 47 22 icke
590 524 88 21 tillåtas.

233 559 47 21 Den
296 558 137 22 lånsökande
449 559 7 21 i
473 559 105 22 Finlands
599 559 216 28 Hypoteksförening
830 565 80 21 genom

162 594 183 22 cirkulärbrefvet
361 594 22 22 af
399 595 42 21 den
459 595 26 21 19
501 595 51 21 Juni
576 595 58 21 1860
656 595 91 27 tillagda
768 595 87 21 förmån
871 597 38 23 att,

162 630 29 22 då
207 630 22 22 af
244 632 82 20 honom
344 630 104 27 utgifven,
465 631 32 21 till
513 631 129 27 föreningen
658 631 57 22 stäld
731 631 135 26 skuldsedel,
875 631 34 21 för

162 666 89 22 hvilken
267 666 127 27 inteckning
405 666 72 22 blifvit
487 667 124 25 meddelad,
623 667 23 21 af
656 673 28 15 en
697 667 53 21 eller
761 673 73 15 annan
843 666 67 22 orsak

162 702 127 22 sedermera
312 702 49 22 icke
383 702 126 27 begagnats,
533 702 70 22 återfå
621 703 43 21 den
680 702 91 28 erlagda
786 702 124 28 stämpelaf-

162 738 74 26 giften,
260 738 101 21 kommer
384 738 34 21 för
441 738 118 22 framtiden
580 740 32 19 att
627 738 130 22 bibehållas.
789 738 121 22 Enahanda

162 772 87 22 förmån
272 774 143 22 tillerkännes
439 774 82 26 jämväl
542 774 137 21 länsökande
703 774 7 21 i
726 774 105 21 Finlands
847 774 64 21 Bank

163 809 42 21 och
221 809 106 21 Finlands
343 809 140 22 Statskontor
499 812 58 19 samt
572 810 69 20 andra
657 809 112 22 allmänna
785 810 84 25 kassor,
882 809 29 21 dä

163 845 37 21 det
215 844 44 26 län,
276 844 69 22 hvarä
361 845 127 21 skuldsede]
505 844 116 27 utfärdats,
637 844 127 22 sedermera
780 845 23 21 af
813 851 28 15 en
857 845 54 21 eller

164 877 74 24 annan
253 880 126 27 anledning,
396 880 90 22 oaktadt
502 880 127 28 inteckning
644 880 76 22 därför
735 880 73 22 blifvit
823 881 88 21 medde-

163 916 43 26 lad,
223 916 48 21 icke
287 916 110 27 beviljats.
414 915 85 23 Sädant
515 916 138 22 förhällande
665 917 40 20 bör
718 917 57 21 dock
786 916 36 22 vid
833 917 77 26 hvarje

163 952 85 22 tillfälle
264 958 54 16 vara
334 952 119 27 behörigen
470 953 76 26 styrkt,
570 955 58 18 samt
650 953 93 21 ärendet
758 952 32 21 till
805 952 105 22 vederbö-

163 988 69 21 rande
248 987 126 22 Guvernörs
390 987 121 28 afgörande
527 987 153 22 öfverlemnas.

453 1130 34 21 V
508 1130 110 27 Kap.

164 1195 36 24 Om
217 1195 105 29 päföljden
338 1196 42 23 och
396 1197 103 22 ansvaret
513 1196 35 23 för
564 1196 169 23 öfverträdelser
748 1196 27 22 af
787 1196 68 23 denna
867 1196 44 23 för-

263 1231 87 29 ordning
367 1233 57 21 samt
439 1237 34 18 om
490 1232 48 27 laga
553 1232 91 23 domstol
661 1232 6 22 i
683 1231 67 24 dessa
765 1231 49 24 mäl.

509 1297 28 21 28
552 1296 21 29 &.

170 1367 3 2 +
224 1338 97 22 Embets-
344 1338 42 22 och
409 1339 139 26 tjensteman,
571 1345 48 15 som
642 1339 37 21 vid
703 1338 100 22 skrifters
822 1341 89 19 emotta-

165 1369 78 32 gande,
260 1374 71 21 ehvad
348 1374 66 21 dessa
429 1374 127 22 sedermera
579 1375 105 21 insändas
707 1375 34 20 till
762 1380 74 16 annan
852 1381 60 20 myn-

166 1409 74 26 dighet
254 1409 54 22 eller
324 1410 56 25 icke,
396 1409 53 22 eller
465 1411 37 20 vid
518 1410 162 26 expeditioners
696 1410 132 21 utfärdande
839 1410 72 21 urakt-

165 1443 56 22 läter
236 1445 64 24 tillse,
314 1446 31 20 att
356 1445 115 21 desamma
481 1446 39 20 äro
531 1445 51 24 med
592 1445 91 26 behörig
693 1445 94 26 stämpel
800 1444 111 25 försedda,

237 1497 206 24 Bevillningsutskottets
456 1497 110 19 betänkande
578 1497 37 19 N:o
627 1499 17 17 3.
