1075 1753
218 136 24 18 12
519 132 42 21 N:o
578 133 32 19 22.

187 200 223 21 kalendermånader
434 200 54 21 från
511 200 76 28 dagen
609 200 38 20 för
666 200 175 28 försäkringens
856 200 87 27 upphö-

187 234 72 21 rande
274 234 38 20 till
328 234 40 21 det
383 234 99 28 löpande
498 234 174 21 kalenderårets
687 234 97 28 utgång.
814 233 130 21 Enahanda

188 268 83 29 afdrag
285 272 75 24 göres,
376 276 38 14 om
429 268 80 28 fartyg
524 268 74 21 under
613 268 50 21 året
679 268 77 28 någon
770 268 35 22 tid
815 268 62 21 varit
886 274 58 22 upp-

188 303 73 28 lagdt.
292 303 49 21 Och
357 303 90 28 åligger
462 303 40 21 det
517 302 226 29 försäkringstagare
759 304 41 26 att,
818 302 75 22 derest
905 309 39 14 an-

189 338 70 28 språk
274 338 29 27 på
319 338 85 21 sådant
419 338 83 28 afdrag
518 338 60 21 skall
593 337 37 22 till
645 338 113 28 pröfning
772 339 121 27 upptagas,
910 344 34 14 se-

188 374 53 19 nast
255 373 63 20 inom
335 379 28 14 en
378 372 86 21 månad
480 372 59 21 efter
554 373 121 28 utgången
690 372 25 21 af
731 372 39 21 det
786 373 31 27 år,
833 371 37 21 för
885 371 60 21 hvil-

189 407 40 21 ket
245 406 107 29 afdraget
368 407 73 27 sökes,
459 407 35 20 till
507 407 148 21 direktionen
666 406 93 28 ingifva
770 406 174 29 framställning

189 441 43 21 och
246 441 127 28 utredning
387 441 8 20 i
411 441 77 22 saken.

534 518 25 19 10
575 517 18 26 8.

256 560 126 28 Delegares
406 561 150 27 ansvarighet
580 561 138 21 bestämmes
740 567 84 22 genom
840 560 105 28 drägtig-

190 594 70 22 heten
275 594 27 21 af
316 594 39 22 det
371 594 87 29 fartyg,
474 596 37 20 för
526 595 69 21 hvars
610 595 136 28 besättning
762 594 133 28 försäkring
910 597 35 19 ta-

188 636 47 21 ges,
259 628 111 22 särskildt
385 629 37 21 för
438 629 126 28 ångfartyg
580 629 43 21 och
639 629 151 28 segelfartyg,
807 630 59 20 samt
881 629 64 21 inom

189 662 66 22 dessa
270 663 133 28 kategorier
418 663 30 28 på
463 663 76 28 grund
555 663 25 21 af
595 663 45 21 den
655 663 172 28 riskindelning
842 662 53 22 med
910 663 34 21 af-

189 696 84 21 seende
289 698 12 20 å
317 697 91 28 fartygs
431 697 166 27 beskaffenhet,
621 697 66 21 trade
711 698 43 20 och
774 697 169 28 seglationstid,

189 731 95 21 hvartill
300 731 163 21 erfarenheten
479 731 47 21 kan
540 731 67 28 gifva
622 731 133 28 anledning.

532 814 29 25 :11
579 814 18 25 8.

257 857 47 21 Vid
321 857 323 28 ansvarighetsberäkningen
659 858 63 28 gälla
738 858 52 21 med
806 857 109 22 afseende
931 858 13 21 å

191 892 92 27 fartygs
299 891 134 28 drägtighet
449 891 103 28 följande
567 892 186 29 bestämningar:

257 928 22 25 a)
295 921 130 33 Ångfartyg.
450 926 46 21 Till
511 927 76 27 lägsta
598 927 225 27 ansvarighetsklass
834 927 109 21 hänföras

189 960 126 29 ångfartyg
341 960 26 21 af
388 960 60 21 ända
466 961 35 20 till
517 961 125 21 etthundra
657 963 52 20 tons
726 961 140 28 drägtighet.
897 961 46 21 För

189 997 73 19 större
285 995 127 28 ångtartyg
436 996 25 21 af
482 996 61 21 ända
564 996 38 21 till
621 998 92 19 ettusen
732 998 40 19 ton
789 996 63 28 höjes
868 996 75 28 lägsta

189 1029 104 21 klassens
310 1029 155 28 ansvarighet,
481 1033 70 25 tagen
566 1031 75 21 såsom
657 1030 75 28 enhet,
749 1031 53 21 med
817 1038 29 13 en
859 1030 85 28 tredje-

190 1063 37 21 del
249 1063 36 22 för
308 1063 80 28 hvarje
411 1063 56 22 fullt
490 1064 55 21 eller
567 1064 123 29 påbörjadt
713 1064 160 21 etthundratal
896 1066 47 20 ton.

188 1098 47 21 För
250 1097 81 29 fartyg
346 1098 26 21 af
386 1100 72 19 större
474 1099 134 28 drägtighet
623 1103 30 17 än
669 1101 92 19 ettusen
771 1101 41 19 ton
823 1099 64 28 höjes
898 1099 44 21 den

190 1132 36 21 för
242 1132 65 21 detta
321 1133 76 21 tontal
413 1133 130 22 beräknade
559 1133 181 28 ansvarigheten
750 1133 36 22 för
797 1133 80 28 hvarje
888 1133 55 21 fullt

189 1166 56 21 eller
266 1166 125 28 påbörjadt
414 1167 158 22 etthundratal
595 1170 42 19 ton
659 1167 94 22 utöfver
776 1169 92 20 ettusen
890 1170 53 19 tons

190 1200 134 29 drägtighet
339 1201 53 20 med
408 1208 28 14 en
453 1201 107 28 sjettedel
575 1201 26 21 af
615 1201 73 29 sagda
703 1202 239 28 ansvarighetsenhet.

257 1235 24 26 b)
299 1235 141 28 Segelfartyg.
471 1235 47 22 Till
541 1236 75 27 lägsta
639 1236 225 28 ansvarighetsklass
888 1237 55 20 hän-

189 1269 62 21 föras
267 1269 143 27 segelfartyg
426 1269 26 21 af
466 1269 60 22 ända
541 1270 38 21 till
593 1270 133 21 tvåhundra
741 1273 52 18 tons
802 1270 141 28 drägtighet.

190 1303 47 20 För
259 1302 145 28 segelfartyg
427 1303 26 20 at
474 1306 71 18 större
569 1303 135 28 drägtighet
727 1304 63 27 höjes
807 1304 45 21 den
866 1304 77 27 lägsta

189 1335 104 22 klassens
310 1336 155 28 ansvarighet,
482 1339 71 25 tagen
569 1337 74 21 såsom
660 1337 76 27 enhet,
752 1337 53 22 med
821 1345 28 14 en
864 1337 79 28 sjette-

189 1370 38 21 del
243 1370 36 21 för
294 1370 81 28 hvarje
390 1370 56 21 fullt
462 1371 56 21 eller
533 1371 123 28 påbörjadt
675 1372 161 22 etthundratal
851 1374 42 19 ton
907 1374 36 20 ut-

190 1405 66 22 öfver
271 1405 132 22 tvåhundra
419 1408 47 19 ton.
