<?xml version="1.0" encoding="UTF-8"?>
<alto xmlns="http://www.loc.gov/standards/alto/ns-v3#" xmlns:xlink="http://www.w3.org/1999/xlink" xmlns:xsi="http://www.w3.org/2001/XMLSchema-instance" xsi:schemaLocation="http://www.loc.gov/standards/alto/ns-v3# http://www.loc.gov/alto/v3/alto-3-0.xsd">
	<Description>
		<MeasurementUnit>pixel</MeasurementUnit>
		<sourceImageInformation>
			<fileName>/tmp/tess_0brqer9n_input.PNG</fileName>
		</sourceImageInformation>
		<OCRProcessing ID="OCR_0">
			<ocrProcessingStep>
				<processingSoftware>
					<softwareName>tesseract 5.3.4</softwareName>
				</processingSoftware>
			</ocrProcessingStep>
		</OCRProcessing>
	</Description>
	<Layout>
		<Page WIDTH="1075" HEIGHT="1756" PHYSICAL_IMG_NR="0" ID="page_0">
			<PrintSpace HPOS="0" VPOS="0" WIDTH="1075" HEIGHT="1756">
				<ComposedBlock ID="cblock_0" HPOS="208" VPOS="144" WIDTH="382" HEIGHT="22">
					<TextBlock ID="block_0" HPOS="208" VPOS="144" WIDTH="382" HEIGHT="22">
						<TextLine ID="line_0" HPOS="208" VPOS="144" WIDTH="382" HEIGHT="22">
							<String ID="string_0" HPOS="208" VPOS="145" WIDTH="25" HEIGHT="21" WC="0.95" CONTENT="18"/><SP WIDTH="268" VPOS="145" HPOS="233"/>
							<String ID="string_1" HPOS="501" VPOS="144" WIDTH="40" HEIGHT="21" WC="0.94" CONTENT="N:o"/><SP WIDTH="15" VPOS="144" HPOS="541"/>
							<String ID="string_2" HPOS="556" VPOS="144" WIDTH="34" HEIGHT="21" WC="0.93" CONTENT="23."/>
						</TextLine>
					</TextBlock>
				</ComposedBlock>
				<ComposedBlock ID="cblock_1" HPOS="175" VPOS="209" WIDTH="754" HEIGHT="408">
					<TextBlock ID="block_1" HPOS="175" VPOS="209" WIDTH="754" HEIGHT="202">
						<TextLine ID="line_1" HPOS="177" VPOS="209" WIDTH="752" HEIGHT="31">
							<String ID="string_3" HPOS="177" VPOS="212" WIDTH="22" HEIGHT="21" WC="0.96" CONTENT="af"/><SP WIDTH="13" VPOS="212" HPOS="199"/>
							<String ID="string_4" HPOS="212" VPOS="212" WIDTH="125" HEIGHT="28" WC="0.93" CONTENT="sjukdomen"/><SP WIDTH="16" VPOS="212" HPOS="337"/>
							<String ID="string_5" HPOS="353" VPOS="212" WIDTH="105" HEIGHT="27" WC="0.91" CONTENT="angripet,"/><SP WIDTH="16" VPOS="212" HPOS="458"/>
							<String ID="string_6" HPOS="474" VPOS="211" WIDTH="60" HEIGHT="27" WC="0.93" CONTENT="skall,"/><SP WIDTH="12" VPOS="211" HPOS="534"/>
							<String ID="string_7" HPOS="546" VPOS="212" WIDTH="71" HEIGHT="21" WC="0.92" CONTENT="derest"/><SP WIDTH="10" VPOS="212" HPOS="617"/>
							<String ID="string_8" HPOS="627" VPOS="212" WIDTH="118" HEIGHT="21" WC="0.96" CONTENT="detsamma"/><SP WIDTH="10" VPOS="212" HPOS="745"/>
							<String ID="string_9" HPOS="755" VPOS="211" WIDTH="46" HEIGHT="22" WC="0.96" CONTENT="icke"/><SP WIDTH="14" VPOS="211" HPOS="801"/>
							<String ID="string_10" HPOS="815" VPOS="211" WIDTH="30" HEIGHT="26" WC="0.96" CONTENT="på"/><SP WIDTH="14" VPOS="211" HPOS="845"/>
							<String ID="string_11" HPOS="859" VPOS="209" WIDTH="70" HEIGHT="28" WC="0.95" CONTENT="grund"/>
						</TextLine>
						<TextLine ID="line_2" HPOS="176" VPOS="244" WIDTH="753" HEIGHT="29">
							<String ID="string_12" HPOS="176" VPOS="246" WIDTH="24" HEIGHT="22" WC="0.93" CONTENT="af"/><SP WIDTH="20" VPOS="246" HPOS="200"/>
							<String ID="string_13" HPOS="220" VPOS="247" WIDTH="158" HEIGHT="22" WC="0.91" CONTENT="ofvannämnda"/><SP WIDTH="21" VPOS="247" HPOS="378"/>
							<String ID="string_14" HPOS="399" VPOS="246" WIDTH="120" HEIGHT="27" WC="0.95" CONTENT="stadgande"/><SP WIDTH="22" VPOS="246" HPOS="519"/>
							<String ID="string_15" HPOS="541" VPOS="246" WIDTH="41" HEIGHT="21" WC="0.95" CONTENT="bör"/><SP WIDTH="24" VPOS="246" HPOS="582"/>
							<String ID="string_16" HPOS="606" VPOS="246" WIDTH="75" HEIGHT="27" WC="0.95" CONTENT="dödas,"/><SP WIDTH="21" VPOS="246" HPOS="681"/>
							<String ID="string_17" HPOS="702" VPOS="245" WIDTH="8" HEIGHT="22" WC="0.96" CONTENT="i"/><SP WIDTH="21" VPOS="245" HPOS="710"/>
							<String ID="string_18" HPOS="731" VPOS="245" WIDTH="74" HEIGHT="28" WC="0.96" CONTENT="hvarje"/><SP WIDTH="22" VPOS="245" HPOS="805"/>
							<String ID="string_19" HPOS="827" VPOS="244" WIDTH="102" HEIGHT="22" WC="0.95" CONTENT="händelse"/>
						</TextLine>
						<TextLine ID="line_3" HPOS="176" VPOS="279" WIDTH="752" HEIGHT="28">
							<String ID="string_20" HPOS="176" VPOS="281" WIDTH="68" HEIGHT="22" WC="0.93" CONTENT="hållas"/><SP WIDTH="15" VPOS="281" HPOS="244"/>
							<String ID="string_21" HPOS="259" VPOS="281" WIDTH="86" HEIGHT="22" WC="0.91" CONTENT="afskildt"/><SP WIDTH="15" VPOS="281" HPOS="345"/>
							<String ID="string_22" HPOS="360" VPOS="281" WIDTH="48" HEIGHT="22" WC="0.96" CONTENT="från"/><SP WIDTH="16" VPOS="281" HPOS="408"/>
							<String ID="string_23" HPOS="424" VPOS="281" WIDTH="69" HEIGHT="21" WC="0.95" CONTENT="andra"/><SP WIDTH="14" VPOS="281" HPOS="493"/>
							<String ID="string_24" HPOS="507" VPOS="281" WIDTH="128" HEIGHT="21" WC="0.96" CONTENT="nötkreatur"/><SP WIDTH="11" VPOS="281" HPOS="635"/>
							<String ID="string_25" HPOS="646" VPOS="280" WIDTH="32" HEIGHT="21" WC="0.96" CONTENT="till"/><SP WIDTH="11" VPOS="280" HPOS="678"/>
							<String ID="string_26" HPOS="689" VPOS="280" WIDTH="48" HEIGHT="22" WC="0.93" CONTENT="dess"/><SP WIDTH="12" VPOS="280" HPOS="737"/>
							<String ID="string_27" HPOS="749" VPOS="279" WIDTH="179" HEIGHT="28" WC="0.91" CONTENT="etthundratjugu"/>
						</TextLine>
						<TextLine ID="line_4" HPOS="175" VPOS="313" WIDTH="754" HEIGHT="30">
							<String ID="string_28" HPOS="175" VPOS="315" WIDTH="57" HEIGHT="28" WC="0.94" CONTENT="dygn"/><SP WIDTH="23" VPOS="315" HPOS="232"/>
							<String ID="string_29" HPOS="255" VPOS="314" WIDTH="93" HEIGHT="23" WC="0.94" CONTENT="förflutit"/><SP WIDTH="21" VPOS="314" HPOS="348"/>
							<String ID="string_30" HPOS="369" VPOS="315" WIDTH="67" HEIGHT="22" WC="0.92" CONTENT="sedan"/><SP WIDTH="22" VPOS="315" HPOS="436"/>
							<String ID="string_31" HPOS="458" VPOS="315" WIDTH="127" HEIGHT="27" WC="0.91" CONTENT="beröringen"/><SP WIDTH="21" VPOS="315" HPOS="585"/>
							<String ID="string_32" HPOS="606" VPOS="315" WIDTH="49" HEIGHT="21" WC="0.96" CONTENT="med"/><SP WIDTH="19" VPOS="315" HPOS="655"/>
							<String ID="string_33" HPOS="674" VPOS="314" WIDTH="36" HEIGHT="21" WC="0.96" CONTENT="det"/><SP WIDTH="19" VPOS="314" HPOS="710"/>
							<String ID="string_34" HPOS="729" VPOS="314" WIDTH="63" HEIGHT="27" WC="0.96" CONTENT="sjuka"/><SP WIDTH="15" VPOS="314" HPOS="792"/>
							<String ID="string_35" HPOS="807" VPOS="313" WIDTH="71" HEIGHT="28" WC="0.96" CONTENT="djuret"/><SP WIDTH="15" VPOS="313" HPOS="878"/>
							<String ID="string_36" HPOS="893" VPOS="315" WIDTH="36" HEIGHT="25" WC="0.96" CONTENT="egt"/>
						</TextLine>
						<TextLine ID="line_5" HPOS="176" VPOS="348" WIDTH="753" HEIGHT="29">
							<String ID="string_37" HPOS="176" VPOS="355" WIDTH="54" HEIGHT="16" WC="0.95" CONTENT="rum."/><SP WIDTH="30" VPOS="355" HPOS="230"/>
							<String ID="string_38" HPOS="260" VPOS="349" WIDTH="96" HEIGHT="22" WC="0.87" CONTENT="Sålunda"/><SP WIDTH="19" VPOS="349" HPOS="356"/>
							<String ID="string_39" HPOS="375" VPOS="349" WIDTH="88" HEIGHT="22" WC="0.92" CONTENT="afskildt"/><SP WIDTH="14" VPOS="349" HPOS="463"/>
							<String ID="string_40" HPOS="477" VPOS="349" WIDTH="49" HEIGHT="28" WC="0.96" CONTENT="djur"/><SP WIDTH="15" VPOS="349" HPOS="526"/>
							<String ID="string_41" HPOS="541" VPOS="349" WIDTH="54" HEIGHT="22" WC="0.96" CONTENT="skall"/><SP WIDTH="14" VPOS="349" HPOS="595"/>
							<String ID="string_42" HPOS="609" VPOS="349" WIDTH="69" HEIGHT="22" WC="0.96" CONTENT="under"/><SP WIDTH="15" VPOS="349" HPOS="678"/>
							<String ID="string_43" HPOS="693" VPOS="348" WIDTH="68" HEIGHT="27" WC="0.96" CONTENT="sagda"/><SP WIDTH="15" VPOS="348" HPOS="761"/>
							<String ID="string_44" HPOS="776" VPOS="348" WIDTH="32" HEIGHT="22" WC="0.96" CONTENT="tid"/><SP WIDTH="13" VPOS="348" HPOS="808"/>
							<String ID="string_45" HPOS="821" VPOS="348" WIDTH="67" HEIGHT="21" WC="0.96" CONTENT="minst"/><SP WIDTH="15" VPOS="348" HPOS="888"/>
							<String ID="string_46" HPOS="903" VPOS="353" WIDTH="26" HEIGHT="16" WC="0.95" CONTENT="en"/>
						</TextLine>
						<TextLine ID="line_6" HPOS="176" VPOS="383" WIDTH="577" HEIGHT="28">
							<String ID="string_47" HPOS="176" VPOS="384" WIDTH="56" HEIGHT="27" WC="0.96" CONTENT="gång"/><SP WIDTH="15" VPOS="384" HPOS="232"/>
							<String ID="string_48" HPOS="247" VPOS="384" WIDTH="7" HEIGHT="21" WC="0.96" CONTENT="i"/><SP WIDTH="14" VPOS="384" HPOS="254"/>
							<String ID="string_49" HPOS="268" VPOS="383" WIDTH="106" HEIGHT="22" WC="0.96" CONTENT="månaden"/><SP WIDTH="16" VPOS="383" HPOS="374"/>
							<String ID="string_50" HPOS="390" VPOS="383" WIDTH="23" HEIGHT="22" WC="0.92" CONTENT="af"/><SP WIDTH="12" VPOS="383" HPOS="413"/>
							<String ID="string_51" HPOS="425" VPOS="383" WIDTH="189" HEIGHT="28" WC="0.91" CONTENT="länedjurläkaren"/><SP WIDTH="15" VPOS="383" HPOS="614"/>
							<String ID="string_52" HPOS="629" VPOS="383" WIDTH="124" HEIGHT="28" WC="0.90" CONTENT="besigtigas."/>
						</TextLine>
					</TextBlock>
					<TextBlock ID="block_2" HPOS="176" VPOS="416" WIDTH="752" HEIGHT="64">
						<TextLine ID="line_7" HPOS="244" VPOS="416" WIDTH="684" HEIGHT="29">
							<String ID="string_53" HPOS="244" VPOS="419" WIDTH="19" HEIGHT="21" WC="0.95" CONTENT="3."/><SP WIDTH="31" VPOS="419" HPOS="263"/>
							<String ID="string_54" HPOS="294" VPOS="419" WIDTH="54" HEIGHT="20" WC="0.96" CONTENT="Kött"/><SP WIDTH="16" VPOS="419" HPOS="348"/>
							<String ID="string_55" HPOS="364" VPOS="418" WIDTH="39" HEIGHT="21" WC="0.96" CONTENT="och"/><SP WIDTH="15" VPOS="418" HPOS="403"/>
							<String ID="string_56" HPOS="418" VPOS="418" WIDTH="68" HEIGHT="21" WC="0.96" CONTENT="andra"/><SP WIDTH="16" VPOS="418" HPOS="486"/>
							<String ID="string_57" HPOS="502" VPOS="418" WIDTH="59" HEIGHT="22" WC="0.96" CONTENT="delar"/><SP WIDTH="15" VPOS="418" HPOS="561"/>
							<String ID="string_58" HPOS="576" VPOS="417" WIDTH="23" HEIGHT="22" WC="0.96" CONTENT="af"/><SP WIDTH="14" VPOS="417" HPOS="599"/>
							<String ID="string_59" HPOS="613" VPOS="417" WIDTH="55" HEIGHT="28" WC="0.93" CONTENT="djur,"/><SP WIDTH="16" VPOS="417" HPOS="668"/>
							<String ID="string_60" HPOS="684" VPOS="416" WIDTH="113" HEIGHT="23" WC="0.91" CONTENT="behäftadt"/><SP WIDTH="15" VPOS="416" HPOS="797"/>
							<String ID="string_61" HPOS="812" VPOS="416" WIDTH="48" HEIGHT="23" WC="0.93" CONTENT="med"/><SP WIDTH="11" VPOS="416" HPOS="860"/>
							<String ID="string_62" HPOS="871" VPOS="416" WIDTH="57" HEIGHT="22" WC="0.93" CONTENT="elak-"/>
						</TextLine>
						<TextLine ID="line_8" HPOS="176" VPOS="452" WIDTH="543" HEIGHT="28">
							<String ID="string_63" HPOS="176" VPOS="453" WIDTH="64" HEIGHT="22" WC="0.92" CONTENT="artad"/><SP WIDTH="14" VPOS="453" HPOS="240"/>
							<String ID="string_64" HPOS="254" VPOS="453" WIDTH="122" HEIGHT="27" WC="0.90" CONTENT="lungsjuka,"/><SP WIDTH="16" VPOS="453" HPOS="376"/>
							<String ID="string_65" HPOS="392" VPOS="453" WIDTH="34" HEIGHT="21" WC="0.96" CONTENT="må"/><SP WIDTH="15" VPOS="453" HPOS="426"/>
							<String ID="string_66" HPOS="441" VPOS="453" WIDTH="18" HEIGHT="27" WC="0.96" CONTENT="ej"/><SP WIDTH="16" VPOS="453" HPOS="459"/>
							<String ID="string_67" HPOS="475" VPOS="452" WIDTH="32" HEIGHT="22" WC="0.96" CONTENT="till"/><SP WIDTH="16" VPOS="452" HPOS="507"/>
							<String ID="string_68" HPOS="523" VPOS="453" WIDTH="62" HEIGHT="27" WC="0.96" CONTENT="nytta"/><SP WIDTH="15" VPOS="453" HPOS="585"/>
							<String ID="string_69" HPOS="600" VPOS="452" WIDTH="119" HEIGHT="22" WC="0.96" CONTENT="användas."/>
						</TextLine>
					</TextBlock>
					<TextBlock ID="block_3" HPOS="176" VPOS="485" WIDTH="753" HEIGHT="132">
						<TextLine ID="line_9" HPOS="245" VPOS="485" WIDTH="684" HEIGHT="29">
							<String ID="string_70" HPOS="245" VPOS="489" WIDTH="18" HEIGHT="19" WC="0.93" CONTENT="4."/><SP WIDTH="31" VPOS="489" HPOS="263"/>
							<String ID="string_71" HPOS="294" VPOS="487" WIDTH="11" HEIGHT="21" WC="0.96" CONTENT="I"/><SP WIDTH="21" VPOS="487" HPOS="305"/>
							<String ID="string_72" HPOS="326" VPOS="487" WIDTH="62" HEIGHT="27" WC="0.96" CONTENT="fråga"/><SP WIDTH="22" VPOS="487" HPOS="388"/>
							<String ID="string_73" HPOS="410" VPOS="493" WIDTH="33" HEIGHT="15" WC="0.96" CONTENT="om"/><SP WIDTH="23" VPOS="493" HPOS="443"/>
							<String ID="string_74" HPOS="466" VPOS="486" WIDTH="142" HEIGHT="22" WC="0.96" CONTENT="desinfektion"/><SP WIDTH="22" VPOS="486" HPOS="608"/>
							<String ID="string_75" HPOS="630" VPOS="486" WIDTH="39" HEIGHT="21" WC="0.96" CONTENT="och"/><SP WIDTH="23" VPOS="486" HPOS="669"/>
							<String ID="string_76" HPOS="692" VPOS="485" WIDTH="69" HEIGHT="22" WC="0.96" CONTENT="andra"/><SP WIDTH="19" VPOS="485" HPOS="761"/>
							<String ID="string_77" HPOS="780" VPOS="485" WIDTH="102" HEIGHT="28" WC="0.96" CONTENT="åtgärder"/><SP WIDTH="15" VPOS="485" HPOS="882"/>
							<String ID="string_78" HPOS="897" VPOS="485" WIDTH="32" HEIGHT="22" WC="0.95" CONTENT="till"/>
						</TextLine>
						<TextLine ID="line_10" HPOS="176" VPOS="520" WIDTH="753" HEIGHT="28">
							<String ID="string_79" HPOS="176" VPOS="521" WIDTH="144" HEIGHT="22" WC="0.92" CONTENT="smittämnets"/><SP WIDTH="22" VPOS="521" HPOS="320"/>
							<String ID="string_80" HPOS="342" VPOS="521" WIDTH="137" HEIGHT="22" WC="0.96" CONTENT="förstörande"/><SP WIDTH="22" VPOS="521" HPOS="479"/>
							<String ID="string_81" HPOS="501" VPOS="523" WIDTH="57" HEIGHT="20" WC="0.96" CONTENT="samt"/><SP WIDTH="20" VPOS="523" HPOS="558"/>
							<String ID="string_82" HPOS="578" VPOS="521" WIDTH="103" HEIGHT="27" WC="0.96" CONTENT="beröring"/><SP WIDTH="22" VPOS="521" HPOS="681"/>
							<String ID="string_83" HPOS="703" VPOS="520" WIDTH="49" HEIGHT="22" WC="0.96" CONTENT="med"/><SP WIDTH="20" VPOS="520" HPOS="752"/>
							<String ID="string_84" HPOS="772" VPOS="520" WIDTH="36" HEIGHT="21" WC="0.96" CONTENT="det"/><SP WIDTH="20" VPOS="520" HPOS="808"/>
							<String ID="string_85" HPOS="828" VPOS="520" WIDTH="101" HEIGHT="22" WC="0.96" CONTENT="smittade"/>
						</TextLine>
						<TextLine ID="line_11" HPOS="176" VPOS="554" WIDTH="753" HEIGHT="29">
							<String ID="string_86" HPOS="176" VPOS="555" WIDTH="78" HEIGHT="28" WC="0.93" CONTENT="stället,"/><SP WIDTH="23" VPOS="555" HPOS="254"/>
							<String ID="string_87" HPOS="277" VPOS="555" WIDTH="55" HEIGHT="28" WC="0.92" CONTENT="gälle"/><SP WIDTH="18" VPOS="555" HPOS="332"/>
							<String ID="string_88" HPOS="350" VPOS="555" WIDTH="57" HEIGHT="22" WC="0.96" CONTENT="hvad"/><SP WIDTH="14" VPOS="555" HPOS="407"/>
							<String ID="string_89" HPOS="421" VPOS="556" WIDTH="8" HEIGHT="21" WC="0.96" CONTENT="i"/><SP WIDTH="15" VPOS="556" HPOS="429"/>
							<String ID="string_90" HPOS="444" VPOS="555" WIDTH="11" HEIGHT="28" WC="0.88" CONTENT="&amp;"/><SP WIDTH="18" VPOS="555" HPOS="455"/>
							<String ID="string_91" HPOS="473" VPOS="556" WIDTH="26" HEIGHT="21" WC="0.96" CONTENT="14"/><SP WIDTH="15" VPOS="556" HPOS="499"/>
							<String ID="string_92" HPOS="514" VPOS="561" WIDTH="62" HEIGHT="16" WC="0.96" CONTENT="mom."/><SP WIDTH="18" VPOS="561" HPOS="576"/>
							<String ID="string_93" HPOS="594" VPOS="557" WIDTH="18" HEIGHT="24" WC="0.96" CONTENT="6,"/><SP WIDTH="18" VPOS="557" HPOS="612"/>
							<String ID="string_94" HPOS="630" VPOS="556" WIDTH="18" HEIGHT="25" WC="0.96" CONTENT="7,"/><SP WIDTH="16" VPOS="556" HPOS="648"/>
							<String ID="string_95" HPOS="664" VPOS="556" WIDTH="13" HEIGHT="20" WC="0.96" CONTENT="8"/><SP WIDTH="16" VPOS="556" HPOS="677"/>
							<String ID="string_96" HPOS="693" VPOS="554" WIDTH="39" HEIGHT="23" WC="0.96" CONTENT="och"/><SP WIDTH="16" VPOS="554" HPOS="732"/>
							<String ID="string_97" HPOS="748" VPOS="555" WIDTH="12" HEIGHT="21" WC="0.96" CONTENT="9"/><SP WIDTH="17" VPOS="555" HPOS="760"/>
							<String ID="string_98" HPOS="777" VPOS="561" WIDTH="34" HEIGHT="15" WC="0.93" CONTENT="om"/><SP WIDTH="15" VPOS="561" HPOS="811"/>
							<String ID="string_99" HPOS="826" VPOS="554" WIDTH="103" HEIGHT="27" WC="0.91" CONTENT="boskaps-"/>
						</TextLine>
						<TextLine ID="line_12" HPOS="176" VPOS="589" WIDTH="214" HEIGHT="28">
							<String ID="string_100" HPOS="176" VPOS="591" WIDTH="50" HEIGHT="26" WC="0.96" CONTENT="pest"/><SP WIDTH="15" VPOS="591" HPOS="226"/>
							<String ID="string_101" HPOS="241" VPOS="592" WIDTH="24" HEIGHT="19" WC="0.93" CONTENT="är"/><SP WIDTH="15" VPOS="592" HPOS="265"/>
							<String ID="string_102" HPOS="280" VPOS="589" WIDTH="110" HEIGHT="28" WC="0.92" CONTENT="stadgadt."/>
						</TextLine>
					</TextBlock>
				</ComposedBlock>
				<ComposedBlock ID="cblock_2" HPOS="483" VPOS="681" WIDTH="139" HEIGHT="103">
					<TextBlock ID="block_4" HPOS="483" VPOS="681" WIDTH="139" HEIGHT="103">
						<TextLine ID="line_13" HPOS="525" VPOS="681" WIDTH="61" HEIGHT="27">
							<String ID="string_103" HPOS="525" VPOS="681" WIDTH="11" HEIGHT="27" WC="0.67" CONTENT="S"/><SP WIDTH="19" VPOS="681" HPOS="536"/>
							<String ID="string_104" HPOS="555" VPOS="683" WIDTH="31" HEIGHT="19" WC="0.94" CONTENT="16."/>
						</TextLine>
						<TextLine ID="line_14" HPOS="483" VPOS="756" WIDTH="139" HEIGHT="28">
							<String ID="string_105" HPOS="483" VPOS="756" WIDTH="139" HEIGHT="28" WC="0.88" CONTENT="Mjeltbrand."/>
						</TextLine>
					</TextBlock>
				</ComposedBlock>
				<ComposedBlock ID="cblock_3" HPOS="175" VPOS="832" WIDTH="755" HEIGHT="649">
					<TextBlock ID="block_5" HPOS="177" VPOS="832" WIDTH="753" HEIGHT="92">
						<TextLine ID="line_15" HPOS="249" VPOS="832" WIDTH="681" HEIGHT="28">
							<String ID="string_106" HPOS="249" VPOS="834" WIDTH="17" HEIGHT="20" WC="0.96" CONTENT="1."/><SP WIDTH="30" VPOS="834" HPOS="266"/>
							<String ID="string_107" HPOS="296" VPOS="832" WIDTH="103" HEIGHT="28" WC="0.96" CONTENT="Husdjur,"/><SP WIDTH="23" VPOS="832" HPOS="399"/>
							<String ID="string_108" HPOS="422" VPOS="832" WIDTH="67" HEIGHT="22" WC="0.96" CONTENT="bland"/><SP WIDTH="21" VPOS="832" HPOS="489"/>
							<String ID="string_109" HPOS="510" VPOS="832" WIDTH="72" HEIGHT="22" WC="0.92" CONTENT="hvilka"/><SP WIDTH="22" VPOS="832" HPOS="582"/>
							<String ID="string_110" HPOS="604" VPOS="832" WIDTH="130" HEIGHT="28" WC="0.91" CONTENT="mjeltbrand"/><SP WIDTH="19" VPOS="832" HPOS="734"/>
							<String ID="string_111" HPOS="753" VPOS="832" WIDTH="100" HEIGHT="28" WC="0.96" CONTENT="utbrutit,"/><SP WIDTH="16" VPOS="832" HPOS="853"/>
							<String ID="string_112" HPOS="869" VPOS="832" WIDTH="61" HEIGHT="23" WC="0.96" CONTENT="skola"/>
						</TextLine>
						<TextLine ID="line_16" HPOS="177" VPOS="866" WIDTH="752" HEIGHT="28">
							<String ID="string_113" HPOS="177" VPOS="868" WIDTH="68" HEIGHT="22" WC="0.92" CONTENT="hållas"/><SP WIDTH="23" VPOS="868" HPOS="245"/>
							<String ID="string_114" HPOS="268" VPOS="867" WIDTH="93" HEIGHT="22" WC="0.90" CONTENT="afskilda"/><SP WIDTH="22" VPOS="867" HPOS="361"/>
							<String ID="string_115" HPOS="383" VPOS="866" WIDTH="48" HEIGHT="22" WC="0.96" CONTENT="från"/><SP WIDTH="23" VPOS="866" HPOS="431"/>
							<String ID="string_116" HPOS="454" VPOS="866" WIDTH="69" HEIGHT="22" WC="0.96" CONTENT="andra"/><SP WIDTH="22" VPOS="866" HPOS="523"/>
							<String ID="string_117" HPOS="545" VPOS="867" WIDTH="49" HEIGHT="27" WC="0.96" CONTENT="djur"/><SP WIDTH="18" VPOS="867" HPOS="594"/>
							<String ID="string_118" HPOS="612" VPOS="866" WIDTH="39" HEIGHT="23" WC="0.96" CONTENT="och"/><SP WIDTH="19" VPOS="866" HPOS="651"/>
							<String ID="string_119" HPOS="670" VPOS="873" WIDTH="34" HEIGHT="15" WC="0.95" CONTENT="om"/><SP WIDTH="15" VPOS="873" HPOS="704"/>
							<String ID="string_120" HPOS="719" VPOS="867" WIDTH="82" HEIGHT="27" WC="0.95" CONTENT="möjligt"/><SP WIDTH="14" VPOS="867" HPOS="801"/>
							<String ID="string_121" HPOS="815" VPOS="867" WIDTH="92" HEIGHT="22" WC="0.96" CONTENT="insättas"/><SP WIDTH="16" VPOS="867" HPOS="907"/>
							<String ID="string_122" HPOS="923" VPOS="867" WIDTH="6" HEIGHT="21" WC="0.96" CONTENT="i"/>
						</TextLine>
						<TextLine ID="line_17" HPOS="177" VPOS="900" WIDTH="386" HEIGHT="24">
							<String ID="string_123" HPOS="177" VPOS="902" WIDTH="104" HEIGHT="22" WC="0.96" CONTENT="särskildt"/><SP WIDTH="14" VPOS="902" HPOS="281"/>
							<String ID="string_124" HPOS="295" VPOS="901" WIDTH="50" HEIGHT="23" WC="0.96" CONTENT="stall"/><SP WIDTH="16" VPOS="901" HPOS="345"/>
							<String ID="string_125" HPOS="361" VPOS="900" WIDTH="51" HEIGHT="23" WC="0.96" CONTENT="eller"/><SP WIDTH="15" VPOS="900" HPOS="412"/>
							<String ID="string_126" HPOS="427" VPOS="902" WIDTH="68" HEIGHT="20" WC="0.96" CONTENT="annat"/><SP WIDTH="14" VPOS="902" HPOS="495"/>
							<String ID="string_127" HPOS="509" VPOS="906" WIDTH="54" HEIGHT="16" WC="0.95" CONTENT="rum."/>
						</TextLine>
					</TextBlock>
					<TextBlock ID="block_6" HPOS="176" VPOS="936" WIDTH="753" HEIGHT="166">
						<TextLine ID="line_18" HPOS="246" VPOS="936" WIDTH="683" HEIGHT="28">
							<String ID="string_128" HPOS="246" VPOS="938" WIDTH="19" HEIGHT="21" WC="0.96" CONTENT="2."/><SP WIDTH="30" VPOS="938" HPOS="265"/>
							<String ID="string_129" HPOS="295" VPOS="936" WIDTH="47" HEIGHT="22" WC="0.96" CONTENT="Har"/><SP WIDTH="15" VPOS="936" HPOS="342"/>
							<String ID="string_130" HPOS="357" VPOS="936" WIDTH="55" HEIGHT="27" WC="0.93" CONTENT="djur,"/><SP WIDTH="16" VPOS="936" HPOS="412"/>
							<String ID="string_131" HPOS="428" VPOS="936" WIDTH="99" HEIGHT="28" WC="0.90" CONTENT="angripet"/><SP WIDTH="14" VPOS="936" HPOS="527"/>
							<String ID="string_132" HPOS="541" VPOS="936" WIDTH="24" HEIGHT="21" WC="0.93" CONTENT="af"/><SP WIDTH="13" VPOS="936" HPOS="565"/>
							<String ID="string_133" HPOS="578" VPOS="936" WIDTH="135" HEIGHT="27" WC="0.92" CONTENT="mjeltbrand,"/><SP WIDTH="12" VPOS="936" HPOS="713"/>
							<String ID="string_134" HPOS="725" VPOS="936" WIDTH="49" HEIGHT="22" WC="0.96" CONTENT="dött"/><SP WIDTH="10" VPOS="936" HPOS="774"/>
							<String ID="string_135" HPOS="784" VPOS="936" WIDTH="51" HEIGHT="22" WC="0.96" CONTENT="eller"/><SP WIDTH="10" VPOS="936" HPOS="835"/>
							<String ID="string_136" HPOS="845" VPOS="936" WIDTH="84" HEIGHT="28" WC="0.96" CONTENT="dödats,"/>
						</TextLine>
						<TextLine ID="line_19" HPOS="178" VPOS="970" WIDTH="751" HEIGHT="29">
							<String ID="string_137" HPOS="178" VPOS="972" WIDTH="36" HEIGHT="22" WC="0.96" CONTENT="må"/><SP WIDTH="13" VPOS="972" HPOS="214"/>
							<String ID="string_138" HPOS="227" VPOS="972" WIDTH="64" HEIGHT="27" WC="0.96" CONTENT="ingen"/><SP WIDTH="17" VPOS="972" HPOS="291"/>
							<String ID="string_139" HPOS="308" VPOS="970" WIDTH="33" HEIGHT="22" WC="0.96" CONTENT="del"/><SP WIDTH="16" VPOS="970" HPOS="341"/>
							<String ID="string_140" HPOS="357" VPOS="970" WIDTH="62" HEIGHT="22" WC="0.96" CONTENT="deraf"/><SP WIDTH="13" VPOS="970" HPOS="419"/>
							<String ID="string_141" HPOS="432" VPOS="970" WIDTH="33" HEIGHT="22" WC="0.96" CONTENT="till"/><SP WIDTH="14" VPOS="970" HPOS="465"/>
							<String ID="string_142" HPOS="479" VPOS="972" WIDTH="63" HEIGHT="26" WC="0.96" CONTENT="nytta"/><SP WIDTH="16" VPOS="972" HPOS="542"/>
							<String ID="string_143" HPOS="558" VPOS="970" WIDTH="119" HEIGHT="27" WC="0.96" CONTENT="användas;"/><SP WIDTH="16" VPOS="970" HPOS="677"/>
							<String ID="string_144" HPOS="693" VPOS="970" WIDTH="40" HEIGHT="22" WC="0.96" CONTENT="och"/><SP WIDTH="14" VPOS="970" HPOS="733"/>
							<String ID="string_145" HPOS="747" VPOS="970" WIDTH="40" HEIGHT="22" WC="0.96" CONTENT="bör"/><SP WIDTH="15" VPOS="970" HPOS="787"/>
							<String ID="string_146" HPOS="802" VPOS="970" WIDTH="35" HEIGHT="22" WC="0.96" CONTENT="vid"/><SP WIDTH="10" VPOS="970" HPOS="837"/>
							<String ID="string_147" HPOS="847" VPOS="971" WIDTH="82" HEIGHT="27" WC="0.96" CONTENT="djurets"/>
						</TextLine>
						<TextLine ID="line_20" HPOS="177" VPOS="1004" WIDTH="752" HEIGHT="30">
							<String ID="string_148" HPOS="177" VPOS="1005" WIDTH="143" HEIGHT="29" WC="0.91" CONTENT="nedgräfning"/><SP WIDTH="22" VPOS="1005" HPOS="320"/>
							<String ID="string_149" HPOS="342" VPOS="1005" WIDTH="51" HEIGHT="22" WC="0.96" CONTENT="eller"/><SP WIDTH="23" VPOS="1005" HPOS="393"/>
							<String ID="string_150" HPOS="416" VPOS="1004" WIDTH="140" HEIGHT="28" WC="0.96" CONTENT="förbränning"/><SP WIDTH="22" VPOS="1004" HPOS="556"/>
							<String ID="string_151" HPOS="578" VPOS="1005" WIDTH="115" HEIGHT="28" WC="0.95" CONTENT="iakttagas,"/><SP WIDTH="16" VPOS="1005" HPOS="693"/>
							<String ID="string_152" HPOS="709" VPOS="1006" WIDTH="34" HEIGHT="21" WC="0.96" CONTENT="att"/><SP WIDTH="23" VPOS="1006" HPOS="743"/>
							<String ID="string_153" HPOS="766" VPOS="1006" WIDTH="117" HEIGHT="22" WC="0.95" CONTENT="detsamma"/><SP WIDTH="22" VPOS="1006" HPOS="883"/>
							<String ID="string_154" HPOS="905" VPOS="1006" WIDTH="24" HEIGHT="22" WC="0.95" CONTENT="så"/>
						</TextLine>
						<TextLine ID="line_21" HPOS="176" VPOS="1039" WIDTH="753" HEIGHT="29">
							<String ID="string_155" HPOS="176" VPOS="1040" WIDTH="48" HEIGHT="22" WC="0.94" CONTENT="litet"/><SP WIDTH="19" VPOS="1040" HPOS="224"/>
							<String ID="string_156" HPOS="243" VPOS="1046" WIDTH="45" HEIGHT="16" WC="0.96" CONTENT="som"/><SP WIDTH="16" VPOS="1046" HPOS="288"/>
							<String ID="string_157" HPOS="304" VPOS="1039" WIDTH="83" HEIGHT="28" WC="0.96" CONTENT="möjligt"/><SP WIDTH="14" VPOS="1039" HPOS="387"/>
							<String ID="string_158" HPOS="401" VPOS="1040" WIDTH="92" HEIGHT="26" WC="0.96" CONTENT="styckas."/><SP WIDTH="30" VPOS="1040" HPOS="493"/>
							<String ID="string_159" HPOS="523" VPOS="1039" WIDTH="87" HEIGHT="23" WC="0.96" CONTENT="Platsen"/><SP WIDTH="16" VPOS="1039" HPOS="610"/>
							<String ID="string_160" HPOS="626" VPOS="1040" WIDTH="38" HEIGHT="21" WC="0.93" CONTENT="der"/><SP WIDTH="15" VPOS="1040" HPOS="664"/>
							<String ID="string_161" HPOS="679" VPOS="1040" WIDTH="170" HEIGHT="28" WC="0.91" CONTENT="nedgräfningen"/><SP WIDTH="15" VPOS="1040" HPOS="849"/>
							<String ID="string_162" HPOS="864" VPOS="1041" WIDTH="65" HEIGHT="27" WC="0.96" CONTENT="skett,"/>
						</TextLine>
						<TextLine ID="line_22" HPOS="176" VPOS="1073" WIDTH="560" HEIGHT="29">
							<String ID="string_163" HPOS="176" VPOS="1075" WIDTH="56" HEIGHT="21" WC="0.93" CONTENT="skall"/><SP WIDTH="15" VPOS="1075" HPOS="232"/>
							<String ID="string_164" HPOS="247" VPOS="1074" WIDTH="150" HEIGHT="28" WC="0.91" CONTENT="ofördröjligen"/><SP WIDTH="16" VPOS="1074" HPOS="397"/>
							<String ID="string_165" HPOS="413" VPOS="1073" WIDTH="143" HEIGHT="23" WC="0.91" CONTENT="desinficieras"/><SP WIDTH="15" VPOS="1073" HPOS="556"/>
							<String ID="string_166" HPOS="571" VPOS="1074" WIDTH="40" HEIGHT="22" WC="0.96" CONTENT="och"/><SP WIDTH="14" VPOS="1074" HPOS="611"/>
							<String ID="string_167" HPOS="625" VPOS="1074" WIDTH="111" HEIGHT="28" WC="0.96" CONTENT="inhägnas."/>
						</TextLine>
					</TextBlock>
					<TextBlock ID="block_7" HPOS="176" VPOS="1108" WIDTH="754" HEIGHT="200">
						<TextLine ID="line_23" HPOS="245" VPOS="1108" WIDTH="684" HEIGHT="28">
							<String ID="string_168" HPOS="245" VPOS="1111" WIDTH="19" HEIGHT="20" WC="0.93" CONTENT="3."/><SP WIDTH="31" VPOS="1111" HPOS="264"/>
							<String ID="string_169" HPOS="295" VPOS="1108" WIDTH="106" HEIGHT="28" WC="0.81" CONTENT="Spillning"/><SP WIDTH="22" VPOS="1108" HPOS="401"/>
							<String ID="string_170" HPOS="423" VPOS="1108" WIDTH="54" HEIGHT="22" WC="0.96" CONTENT="efter"/><SP WIDTH="22" VPOS="1108" HPOS="477"/>
							<String ID="string_171" HPOS="499" VPOS="1108" WIDTH="59" HEIGHT="28" WC="0.96" CONTENT="sjukt"/><SP WIDTH="20" VPOS="1108" HPOS="558"/>
							<String ID="string_172" HPOS="578" VPOS="1108" WIDTH="48" HEIGHT="28" WC="0.96" CONTENT="djur"/><SP WIDTH="14" VPOS="1108" HPOS="626"/>
							<String ID="string_173" HPOS="640" VPOS="1108" WIDTH="55" HEIGHT="22" WC="0.96" CONTENT="skall"/><SP WIDTH="15" VPOS="1108" HPOS="695"/>
							<String ID="string_174" HPOS="710" VPOS="1111" WIDTH="77" HEIGHT="25" WC="0.93" CONTENT="genast"/><SP WIDTH="15" VPOS="1111" HPOS="787"/>
							<String ID="string_175" HPOS="802" VPOS="1109" WIDTH="127" HEIGHT="27" WC="0.91" CONTENT="nedgräfvas"/>
						</TextLine>
						<TextLine ID="line_24" HPOS="177" VPOS="1142" WIDTH="752" HEIGHT="29">
							<String ID="string_176" HPOS="177" VPOS="1144" WIDTH="51" HEIGHT="21" WC="0.93" CONTENT="eller"/><SP WIDTH="14" VPOS="1144" HPOS="228"/>
							<String ID="string_177" HPOS="242" VPOS="1143" WIDTH="148" HEIGHT="28" WC="0.91" CONTENT="uppbrännas,"/><SP WIDTH="16" VPOS="1143" HPOS="390"/>
							<String ID="string_178" HPOS="406" VPOS="1144" WIDTH="56" HEIGHT="20" WC="0.95" CONTENT="samt"/><SP WIDTH="15" VPOS="1144" HPOS="462"/>
							<String ID="string_179" HPOS="477" VPOS="1142" WIDTH="61" HEIGHT="22" WC="0.96" CONTENT="foder"/><SP WIDTH="15" VPOS="1142" HPOS="538"/>
							<String ID="string_180" HPOS="553" VPOS="1143" WIDTH="39" HEIGHT="21" WC="0.96" CONTENT="och"/><SP WIDTH="15" VPOS="1143" HPOS="592"/>
							<String ID="string_181" HPOS="607" VPOS="1144" WIDTH="52" HEIGHT="25" WC="0.93" CONTENT="strö,"/><SP WIDTH="15" VPOS="1144" HPOS="659"/>
							<String ID="string_182" HPOS="674" VPOS="1144" WIDTH="103" HEIGHT="21" WC="0.91" CONTENT="hvarmed"/><SP WIDTH="16" VPOS="1144" HPOS="777"/>
							<String ID="string_183" HPOS="793" VPOS="1144" WIDTH="70" HEIGHT="27" WC="0.96" CONTENT="djuret"/><SP WIDTH="10" VPOS="1144" HPOS="863"/>
							<String ID="string_184" HPOS="873" VPOS="1144" WIDTH="56" HEIGHT="21" WC="0.96" CONTENT="varit"/>
						</TextLine>
						<TextLine ID="line_25" HPOS="176" VPOS="1178" WIDTH="754" HEIGHT="28">
							<String ID="string_185" HPOS="176" VPOS="1178" WIDTH="8" HEIGHT="21" WC="0.95" CONTENT="i"/><SP WIDTH="14" VPOS="1178" HPOS="184"/>
							<String ID="string_186" HPOS="198" VPOS="1178" WIDTH="107" HEIGHT="27" WC="0.93" CONTENT="beröring,"/><SP WIDTH="16" VPOS="1178" HPOS="305"/>
							<String ID="string_187" HPOS="321" VPOS="1178" WIDTH="147" HEIGHT="26" WC="0.92" CONTENT="uppbrännas."/><SP WIDTH="30" VPOS="1178" HPOS="468"/>
							<String ID="string_188" HPOS="498" VPOS="1178" WIDTH="83" HEIGHT="26" WC="0.95" CONTENT="Stället,"/><SP WIDTH="17" VPOS="1178" HPOS="581"/>
							<String ID="string_189" HPOS="598" VPOS="1178" WIDTH="37" HEIGHT="22" WC="0.96" CONTENT="der"/><SP WIDTH="16" VPOS="1178" HPOS="635"/>
							<String ID="string_190" HPOS="651" VPOS="1178" WIDTH="71" HEIGHT="28" WC="0.96" CONTENT="djuret"/><SP WIDTH="15" VPOS="1178" HPOS="722"/>
							<String ID="string_191" HPOS="737" VPOS="1178" WIDTH="56" HEIGHT="22" WC="0.96" CONTENT="stått"/><SP WIDTH="15" VPOS="1178" HPOS="793"/>
							<String ID="string_192" HPOS="808" VPOS="1178" WIDTH="51" HEIGHT="22" WC="0.93" CONTENT="eller"/><SP WIDTH="15" VPOS="1178" HPOS="859"/>
							<String ID="string_193" HPOS="874" VPOS="1180" WIDTH="56" HEIGHT="20" WC="0.92" CONTENT="stör-"/>
						</TextLine>
						<TextLine ID="line_26" HPOS="176" VPOS="1212" WIDTH="753" HEIGHT="28">
							<String ID="string_194" HPOS="176" VPOS="1215" WIDTH="40" HEIGHT="22" WC="0.96" CONTENT="tat,"/><SP WIDTH="19" VPOS="1215" HPOS="216"/>
							<String ID="string_195" HPOS="235" VPOS="1212" WIDTH="39" HEIGHT="22" WC="0.96" CONTENT="bör"/><SP WIDTH="19" VPOS="1212" HPOS="274"/>
							<String ID="string_196" HPOS="293" VPOS="1212" WIDTH="145" HEIGHT="27" WC="0.95" CONTENT="omsorgsfullt"/><SP WIDTH="15" VPOS="1212" HPOS="438"/>
							<String ID="string_197" HPOS="453" VPOS="1214" WIDTH="102" HEIGHT="26" WC="0.96" CONTENT="rengöras"/><SP WIDTH="15" VPOS="1214" HPOS="555"/>
							<String ID="string_198" HPOS="570" VPOS="1212" WIDTH="48" HEIGHT="22" WC="0.96" CONTENT="från"/><SP WIDTH="15" VPOS="1212" HPOS="618"/>
							<String ID="string_199" HPOS="633" VPOS="1212" WIDTH="102" HEIGHT="28" WC="0.96" CONTENT="spillning"/><SP WIDTH="15" VPOS="1212" HPOS="735"/>
							<String ID="string_200" HPOS="750" VPOS="1214" WIDTH="56" HEIGHT="20" WC="0.96" CONTENT="samt"/><SP WIDTH="15" VPOS="1214" HPOS="806"/>
							<String ID="string_201" HPOS="821" VPOS="1212" WIDTH="50" HEIGHT="22" WC="0.96" CONTENT="blod"/><SP WIDTH="20" VPOS="1212" HPOS="871"/>
							<String ID="string_202" HPOS="891" VPOS="1212" WIDTH="38" HEIGHT="22" WC="0.96" CONTENT="och"/>
						</TextLine>
						<TextLine ID="line_27" HPOS="177" VPOS="1246" WIDTH="752" HEIGHT="27">
							<String ID="string_203" HPOS="177" VPOS="1246" WIDTH="69" HEIGHT="22" WC="0.96" CONTENT="andra"/><SP WIDTH="21" VPOS="1246" HPOS="246"/>
							<String ID="string_204" HPOS="267" VPOS="1246" WIDTH="96" HEIGHT="27" WC="0.96" CONTENT="vätskor,"/><SP WIDTH="24" VPOS="1246" HPOS="363"/>
							<String ID="string_205" HPOS="387" VPOS="1246" WIDTH="109" HEIGHT="22" WC="0.96" CONTENT="äfvensom"/><SP WIDTH="19" VPOS="1246" HPOS="496"/>
							<String ID="string_206" HPOS="515" VPOS="1246" WIDTH="132" HEIGHT="22" WC="0.96" CONTENT="omedelbart"/><SP WIDTH="23" VPOS="1246" HPOS="647"/>
							<String ID="string_207" HPOS="670" VPOS="1246" WIDTH="93" HEIGHT="22" WC="0.96" CONTENT="derefter"/><SP WIDTH="22" VPOS="1246" HPOS="763"/>
							<String ID="string_208" HPOS="785" VPOS="1246" WIDTH="144" HEIGHT="22" WC="0.96" CONTENT="underkastas"/>
						</TextLine>
						<TextLine ID="line_28" HPOS="176" VPOS="1281" WIDTH="362" HEIGHT="27">
							<String ID="string_209" HPOS="176" VPOS="1281" WIDTH="213" HEIGHT="22" WC="0.91" CONTENT="smittoförstörande"/><SP WIDTH="14" VPOS="1281" HPOS="389"/>
							<String ID="string_210" HPOS="403" VPOS="1281" WIDTH="135" HEIGHT="27" WC="0.95" CONTENT="behandling."/>
						</TextLine>
					</TextBlock>
					<TextBlock ID="block_8" HPOS="175" VPOS="1314" WIDTH="755" HEIGHT="167">
						<TextLine ID="line_29" HPOS="245" VPOS="1314" WIDTH="684" HEIGHT="29">
							<String ID="string_211" HPOS="245" VPOS="1317" WIDTH="19" HEIGHT="19" WC="0.88" CONTENT="4."/><SP WIDTH="30" VPOS="1317" HPOS="264"/>
							<String ID="string_212" HPOS="294" VPOS="1315" WIDTH="67" HEIGHT="27" WC="0.95" CONTENT="Mjölk"/><SP WIDTH="15" VPOS="1315" HPOS="361"/>
							<String ID="string_213" HPOS="376" VPOS="1314" WIDTH="48" HEIGHT="22" WC="0.92" CONTENT="från"/><SP WIDTH="15" VPOS="1314" HPOS="424"/>
							<String ID="string_214" HPOS="439" VPOS="1315" WIDTH="105" HEIGHT="22" WC="0.92" CONTENT="idislande"/><SP WIDTH="16" VPOS="1315" HPOS="544"/>
							<String ID="string_215" HPOS="560" VPOS="1315" WIDTH="54" HEIGHT="28" WC="0.96" CONTENT="djur,"/><SP WIDTH="11" VPOS="1315" HPOS="614"/>
							<String ID="string_216" HPOS="625" VPOS="1315" WIDTH="66" HEIGHT="21" WC="0.95" CONTENT="bland"/><SP WIDTH="9" VPOS="1315" HPOS="691"/>
							<String ID="string_217" HPOS="700" VPOS="1315" WIDTH="73" HEIGHT="22" WC="0.96" CONTENT="hvilka"/><SP WIDTH="9" VPOS="1315" HPOS="773"/>
							<String ID="string_218" HPOS="782" VPOS="1315" WIDTH="38" HEIGHT="21" WC="0.92" CONTENT="fall"/><SP WIDTH="10" VPOS="1315" HPOS="820"/>
							<String ID="string_219" HPOS="830" VPOS="1315" WIDTH="23" HEIGHT="22" WC="0.93" CONTENT="af"/><SP WIDTH="8" VPOS="1315" HPOS="853"/>
							<String ID="string_220" HPOS="861" VPOS="1315" WIDTH="68" HEIGHT="28" WC="0.92" CONTENT="mjelt-"/>
						</TextLine>
						<TextLine ID="line_30" HPOS="176" VPOS="1348" WIDTH="754" HEIGHT="28">
							<String ID="string_221" HPOS="176" VPOS="1349" WIDTH="70" HEIGHT="22" WC="0.96" CONTENT="brand"/><SP WIDTH="14" VPOS="1349" HPOS="246"/>
							<String ID="string_222" HPOS="260" VPOS="1348" WIDTH="143" HEIGHT="27" WC="0.96" CONTENT="förekommit,"/><SP WIDTH="16" VPOS="1348" HPOS="403"/>
							<String ID="string_223" HPOS="419" VPOS="1349" WIDTH="34" HEIGHT="21" WC="0.96" CONTENT="må"/><SP WIDTH="16" VPOS="1349" HPOS="453"/>
							<String ID="string_224" HPOS="469" VPOS="1349" WIDTH="17" HEIGHT="27" WC="0.93" CONTENT="ej"/><SP WIDTH="12" VPOS="1349" HPOS="486"/>
							<String ID="string_225" HPOS="498" VPOS="1349" WIDTH="92" HEIGHT="27" WC="0.89" CONTENT="afyttras"/><SP WIDTH="10" VPOS="1349" HPOS="590"/>
							<String ID="string_226" HPOS="600" VPOS="1349" WIDTH="52" HEIGHT="21" WC="0.96" CONTENT="eller"/><SP WIDTH="10" VPOS="1349" HPOS="652"/>
							<String ID="string_227" HPOS="662" VPOS="1349" WIDTH="32" HEIGHT="21" WC="0.96" CONTENT="till"/><SP WIDTH="10" VPOS="1349" HPOS="694"/>
							<String ID="string_228" HPOS="704" VPOS="1349" WIDTH="51" HEIGHT="22" WC="0.96" CONTENT="föda"/><SP WIDTH="8" VPOS="1349" HPOS="755"/>
							<String ID="string_229" HPOS="763" VPOS="1348" WIDTH="35" HEIGHT="23" WC="0.93" CONTENT="för"/><SP WIDTH="9" VPOS="1348" HPOS="798"/>
							<String ID="string_230" HPOS="807" VPOS="1350" WIDTH="123" HEIGHT="21" WC="0.92" CONTENT="menniskor"/>
						</TextLine>
						<TextLine ID="line_31" HPOS="177" VPOS="1383" WIDTH="752" HEIGHT="30">
							<String ID="string_231" HPOS="177" VPOS="1383" WIDTH="51" HEIGHT="23" WC="0.96" CONTENT="eller"/><SP WIDTH="22" VPOS="1383" HPOS="228"/>
							<String ID="string_232" HPOS="250" VPOS="1384" WIDTH="49" HEIGHT="27" WC="0.96" CONTENT="djur"/><SP WIDTH="22" VPOS="1384" HPOS="299"/>
							<String ID="string_233" HPOS="321" VPOS="1383" WIDTH="118" HEIGHT="27" WC="0.96" CONTENT="användas,"/><SP WIDTH="14" VPOS="1383" HPOS="439"/>
							<String ID="string_234" HPOS="453" VPOS="1384" WIDTH="50" HEIGHT="21" WC="0.96" CONTENT="med"/><SP WIDTH="22" VPOS="1384" HPOS="503"/>
							<String ID="string_235" HPOS="525" VPOS="1384" WIDTH="82" HEIGHT="22" WC="0.96" CONTENT="mindre"/><SP WIDTH="15" VPOS="1384" HPOS="607"/>
							<String ID="string_236" HPOS="622" VPOS="1384" WIDTH="92" HEIGHT="27" WC="0.93" CONTENT="mjölken"/><SP WIDTH="15" VPOS="1384" HPOS="714"/>
							<String ID="string_237" HPOS="729" VPOS="1384" WIDTH="85" HEIGHT="27" WC="0.90" CONTENT="kokats,"/><SP WIDTH="16" VPOS="1384" HPOS="814"/>
							<String ID="string_238" HPOS="830" VPOS="1385" WIDTH="17" HEIGHT="28" WC="0.96" CONTENT="ej"/><SP WIDTH="17" VPOS="1385" HPOS="847"/>
							<String ID="string_239" HPOS="864" VPOS="1384" WIDTH="65" HEIGHT="23" WC="0.96" CONTENT="heller"/>
						</TextLine>
						<TextLine ID="line_32" HPOS="175" VPOS="1418" WIDTH="754" HEIGHT="29">
							<String ID="string_240" HPOS="175" VPOS="1418" WIDTH="115" HEIGHT="23" WC="0.96" CONTENT="förbrukas"/><SP WIDTH="22" VPOS="1418" HPOS="290"/>
							<String ID="string_241" HPOS="312" VPOS="1418" WIDTH="34" HEIGHT="22" WC="0.96" CONTENT="till"/><SP WIDTH="21" VPOS="1418" HPOS="346"/>
							<String ID="string_242" HPOS="367" VPOS="1418" WIDTH="117" HEIGHT="28" WC="0.96" CONTENT="beredning"/><SP WIDTH="22" VPOS="1418" HPOS="484"/>
							<String ID="string_243" HPOS="506" VPOS="1418" WIDTH="23" HEIGHT="22" WC="0.95" CONTENT="af"/><SP WIDTH="20" VPOS="1418" HPOS="529"/>
							<String ID="string_244" HPOS="549" VPOS="1419" WIDTH="200" HEIGHT="28" WC="0.95" CONTENT="mejeriprodukter,"/><SP WIDTH="15" VPOS="1419" HPOS="749"/>
							<String ID="string_245" HPOS="764" VPOS="1421" WIDTH="53" HEIGHT="20" WC="0.96" CONTENT="utan"/><SP WIDTH="16" VPOS="1421" HPOS="817"/>
							<String ID="string_246" HPOS="833" VPOS="1421" WIDTH="33" HEIGHT="20" WC="0.93" CONTENT="att"/><SP WIDTH="15" VPOS="1421" HPOS="866"/>
							<String ID="string_247" HPOS="881" VPOS="1419" WIDTH="48" HEIGHT="23" WC="0.91" CONTENT="der-"/>
						</TextLine>
						<TextLine ID="line_33" HPOS="176" VPOS="1453" WIDTH="688" HEIGHT="28">
							<String ID="string_248" HPOS="176" VPOS="1453" WIDTH="98" HEIGHT="23" WC="0.91" CONTENT="förinnan"/><SP WIDTH="17" VPOS="1453" HPOS="274"/>
							<String ID="string_249" HPOS="291" VPOS="1453" WIDTH="63" HEIGHT="22" WC="0.93" CONTENT="hafva"/><SP WIDTH="16" VPOS="1453" HPOS="354"/>
							<String ID="string_250" HPOS="370" VPOS="1455" WIDTH="127" HEIGHT="26" WC="0.91" CONTENT="uppvärmts"/><SP WIDTH="16" VPOS="1455" HPOS="497"/>
							<String ID="string_251" HPOS="513" VPOS="1453" WIDTH="32" HEIGHT="22" WC="0.96" CONTENT="till"/><SP WIDTH="15" VPOS="1453" HPOS="545"/>
							<String ID="string_252" HPOS="560" VPOS="1454" WIDTH="65" HEIGHT="21" WC="0.96" CONTENT="minst"/><SP WIDTH="15" VPOS="1454" HPOS="625"/>
							<String ID="string_253" HPOS="640" VPOS="1455" WIDTH="28" HEIGHT="20" WC="0.93" CONTENT="85"/><SP WIDTH="15" VPOS="1455" HPOS="668"/>
							<String ID="string_254" HPOS="683" VPOS="1454" WIDTH="78" HEIGHT="27" WC="0.96" CONTENT="grader"/><SP WIDTH="16" VPOS="1454" HPOS="761"/>
							<String ID="string_255" HPOS="777" VPOS="1454" WIDTH="87" HEIGHT="23" WC="0.96" CONTENT="Celsius."/>
						</TextLine>
					</TextBlock>
				</ComposedBlock>
			</PrintSpace>
		</Page>
	</Layout>
</alto>
