1073 1723
357 116 29 22 U.
402 116 27 22 B.
446 130 25 2 —
487 116 75 30 Prop.
579 116 43 23 N:o
637 116 38 24 20.

404 497 70 28 Lag-
490 497 52 23 och
556 497 329 23 Ekonomiutskottets

336 531 183 23 betänkande
533 532 51 23 N:o
599 532 15 22 9
629 531 152 29 ianleduning
788 531 28 24 af
825 531 59 24 Haus

336 565 137 30 Kejserliga
488 566 122 29 Majestäts
626 566 89 29 nådiga
730 566 154 29 proposition

335 600 126 29 angående
476 601 41 28 lag
531 608 39 17 om
586 601 248 24 andelsverksamhet.

200 703 88 22 Denna
307 702 93 29 nådiga
418 703 157 28 proposition
584 703 47 22 har
642 703 26 22 af
677 703 115 30 samtliga
804 703 80 23 Stånd

130 737 8 22 i
158 737 118 22 afseende
298 737 14 22 å
330 737 185 23 förberedande
538 738 192 29 handläggning
754 738 130 23 öfverlem-

130 773 58 21 nats
215 771 35 23 till
277 772 63 29 Lag-
366 772 46 22 och
440 772 255 27 Ekonomiutskottet,
720 779 53 16 som
791 773 93 29 jemväl

132 806 98 23 erhållit
248 807 40 22 del
308 806 25 23 af
350 807 32 22 de
402 807 44 22 vid
465 807 117 23 ärendets
601 807 87 22 remiss
706 807 8 22 i
733 807 152 23 Ridderska-

130 842 43 28 pet
197 841 45 23 och
268 841 88 27 Adeln,
384 841 188 24 Presteståndet
603 843 64 21 samt
693 842 192 23 Bondeståndet

132 876 95 28 afgifna
249 876 141 28 yttranden.
429 876 127 23 Utskottet
576 876 46 23 har
643 877 129 29 derjemte,
791 877 33 29 på
842 876 41 23 be-

130 911 89 29 gäran,
246 910 48 23 fått
320 910 57 23 från
404 910 140 30 Kejserliga
574 911 109 23 Senaten
708 912 126 29 emottaga
852 910 32 24 de

131 945 43 23 vid
192 946 202 28 propositionens
406 946 168 23 utarbetande
584 946 128 23 tillkomna
722 946 160 30 handlingar,

132 980 25 23 af
175 980 85 23 hvilka
279 980 118 29 framgår,
416 982 35 21 att
469 981 290 30 meningsskiljaktighet
771 981 7 22 i
792 981 90 30 frågan

131 1015 67 22 inom
219 1015 109 22 Senaten
347 1015 53 22 icke
418 1015 165 23 förekommit.

201 1194 35 22 På
259 1196 98 21 senaste
382 1194 64 23 tider
469 1195 46 22 har
538 1195 6 21 i
566 1195 31 22 de
615 1194 74 23 flesta
708 1195 177 22 kulturländer

132 1229 81 22 under
230 1229 123 22 likartade
372 1229 264 29 utkomstbetingelser
654 1229 118 23 lefvande
788 1229 45 22 och
849 1236 36 16 ar-

131 1263 110 22 betande
259 1270 135 22 personers
411 1264 226 29 sammanslutning
655 1264 36 22 till
710 1270 18 16 s.
748 1264 24 22 k.
788 1264 97 23 andels-

132 1298 42 29 lag
192 1298 175 29 (kooperativa
385 1298 60 23 eller
457 1298 164 23 ekonomiska
634 1299 156 28 föreningar)
803 1298 83 23 blifvit

132 1332 105 23 föremål
258 1333 40 22 för
322 1333 108 22 särskild
455 1333 224 28 uppmärksamhet
702 1333 56 22 från
781 1333 104 28 lagstift-

133 1367 106 28 ningens
258 1367 61 22 sida.
355 1367 37 22 De
410 1367 134 28 viktigaste
562 1366 77 22 bland
657 1367 111 22 nämnda
781 1366 105 22 associa-

132 1400 81 23 tioner
226 1401 44 21 äro
282 1401 314 28 konsumtionsandelslag,
607 1400 86 22 hvilka
704 1400 180 23 företrädesvis

134 1434 52 23 afse
211 1437 155 27 gemensamt
387 1435 166 22 anskaffande
576 1435 26 22 af
623 1435 185 29 näringsmedel
827 1435 60 22 eller

202 1478 47 22 Lag-
262 1479 32 17 och
307 1478 183 18 Ekonomiutskottets
503 1478 110 18 betänkande
626 1478 37 18 N:o
676 1480 16 16 9.
