1081 1756
348 146 71 23 Ständ.
436 147 35 23 Sv.
486 161 28 3 —
529 148 60 28 Prop.
606 148 35 22 N:o
655 148 32 22 18.
880 151 13 18 3

141 209 101 28 stadfäst,
265 217 47 21 eger
332 210 97 29 giltighet
450 213 53 20 emot
523 212 162 27 skatteköparen
700 211 50 22 eller
765 212 41 27 ock,
822 212 69 21 såsom

142 243 47 22 med
203 244 70 22 denne
288 244 103 29 ingånget
410 245 50 21 eller
478 245 32 27 på
531 253 78 14 annan
623 245 82 29 grund,
725 247 27 20 är
766 246 36 27 för
816 247 77 20 skatte-

140 278 96 27 köparen
258 278 115 28 bindande,
397 279 29 22 då
448 280 55 21 skall
525 279 71 22 sådan
613 280 104 21 brukares
731 280 163 27 nyttjanderätt

140 312 33 21 till
188 312 42 22 den
245 313 87 28 utlegda
347 313 125 27 lägenheten
485 314 59 27 gälla
559 314 58 21 intill
632 314 63 21 slutet
710 314 28 27 af
755 314 35 21 det
804 314 89 28 lagtima

140 346 48 29 ting
202 347 9 21 i
225 348 66 24 orten,
306 354 45 15 som
366 347 53 28 efter
435 349 28 20 ett
477 348 26 21 år
517 347 56 28 från
587 348 159 27 skattebrefvets
757 348 136 27 utfärdande

140 381 56 27 först
210 381 95 27 infaller,
328 381 69 22 såsom
413 389 32 14 om
461 383 41 21 den
519 383 163 27 nyttjanderätt
697 382 55 21 hade
767 383 127 21 omedelbart

140 415 54 28 efter
208 416 132 21 hemmanets
355 417 116 28 öfvergång
487 417 32 21 till
533 417 68 22 skatte
618 417 69 26 blifvit
701 417 122 22 intecknad.

210 450 83 22 Varder
309 451 124 28 inteckning
448 453 27 26 af
489 451 189 28 nyttjanderätten
693 451 112 22 meddelad
811 451 32 28 på
854 459 39 14 an-

140 485 74 25 sökan,
230 492 43 15 som
287 485 68 28 gjorts
370 486 46 27 före
431 486 64 22 slutet
510 486 27 27 af
549 487 163 27 ofvanangifna
722 486 53 28 ting,
786 486 55 28 gälle
851 487 40 21 den

140 519 162 28 nyttjanderätt
317 520 65 27 äfven
397 521 140 27 fortfarande
552 520 72 22 såsom
638 527 33 15 nu
687 523 26 19 är
727 521 69 27 sagdt.

491 585 16 21 2
521 585 20 27 $.

210 623 40 22 Om
264 623 60 22 skedt
345 624 108 27 skatteköp
473 625 28 27 af
512 625 169 21 kronohemman
695 625 59 21 skola
769 624 123 28 legotagare,

139 665 44 14 som
197 658 8 21 i
220 658 129 29 föregående
370 659 113 28 paragraf
503 660 80 26 nämts,
608 659 141 22 underrättas
767 659 54 28 efter
836 659 57 21 hvad

140 693 70 21 derom
225 694 104 21 särskildt
344 695 26 19 är
385 694 108 28 stadgadt.

208 866 179 22 Vidkommande
407 867 70 21 ofvan
492 867 149 22 omförmälda
655 866 87 29 förslag
757 867 34 21 till
806 867 87 27 kungö-

139 901 57 21 relse
211 908 53 14 anse
287 901 126 22 Ständerna
436 902 38 21 det
495 910 54 13 vara
572 901 120 29 sjelffallet,
708 904 33 18 att
757 901 136 26 densamma,

139 935 51 22 med
206 935 121 29 anledning
343 936 26 21 af
382 936 43 22 den
441 936 137 29 omfattning
591 936 126 22 Ständerna
728 936 68 28 gifvit
807 935 85 23 förord-

138 970 91 28 ningen,
252 970 41 22 bör
315 970 60 29 gälla
400 970 67 22 äfven
492 972 155 21 arrendatorer
673 972 12 20 å
708 970 183 22 kronohemman.

138 1005 116 29 Derjemte
269 1013 68 21 synes
353 1006 38 21 det
405 1006 127 21 Ständerna
547 1005 164 28 tvifvelaktigt,
733 1005 112 22 huruvida
861 1007 31 19 ett

139 1040 205 28 offentliggörande
359 1040 26 21 af
398 1040 37 21 det
450 1040 167 29 försiggångna
632 1040 146 28 skatteköpet
793 1040 78 21 endast
885 1040 8 20 i

139 1076 75 20 ortens
230 1074 73 28 kyrka
314 1075 57 21 och
363 1070 15 37 i
382 1075 254 21 kommunalstämmans
647 1074 159 29 samlingsrum
818 1074 74 22 blefve

139 1109 210 28 tillfyllesgörande,
365 1109 68 22 äfven
449 1117 36 14 om
506 1110 126 21 brukarene
646 1110 5 20 i
663 1108 229 29 tillkännagifvandet

138 1144 154 28 uttryckligen
314 1143 99 26 nämdes,
437 1144 93 22 emedan
555 1144 64 21 detta
638 1143 170 28 förfaringssätt
823 1143 20 29 ej
860 1151 31 13 er-

139 1177 66 29 bjöde
227 1178 123 28 tillräcklig
372 1179 88 27 garanti
482 1178 35 22 för
534 1180 34 19 att
585 1178 126 22 brukarene
725 1178 119 28 verkligen
861 1186 32 13 er-

138 1212 60 21 hölle
213 1212 128 21 kännedom
356 1219 36 14 om
407 1213 38 21 det
462 1212 35 22 för
513 1212 50 22 dem
591 1214 24 20 så
630 1213 88 27 vigtiga
741 1212 149 28 skatteköpet.

138 1246 36 22 Då
196 1246 123 22 emellertid
341 1249 142 26 guvernören
505 1247 82 21 saknar
611 1246 129 22 kännedom
763 1253 38 14 om
822 1246 70 21 andra

139 1281 96 22 brukare
250 1284 29 19 än
294 1281 57 27 dem,
367 1288 48 14 som
430 1281 35 22 för
481 1282 48 21 sina
544 1281 110 28 legoaftal
669 1281 91 21 erhållit
776 1281 53 20 eller
841 1281 51 20 sökt

138 1315 149 26 fastställelse,
303 1323 52 14 men
371 1315 125 22 Ständerna
508 1318 74 19 ansett
594 1315 107 28 önskligt,
713 1317 32 20 att
757 1315 135 22 åtminstone

139 1358 28 13 en
181 1350 57 22 hvar
253 1351 25 21 af
291 1351 27 21 de
335 1350 122 22 sistnämda
472 1351 85 21 erhölle
571 1350 86 28 jemväl
678 1350 102 25 särskild,
792 1349 101 28 skriftlig

138 1385 162 20 underrättelse
324 1392 37 13 om
382 1385 63 20 tiden
467 1388 47 21 när,
538 1385 42 20 och
604 1392 117 19 personen,
753 1386 23 18 åt
798 1383 92 20 hvilken

138 1418 164 21 skattebrefvet
318 1418 119 25 utfärdats,
453 1421 57 18 samt
525 1421 34 18 ett
574 1418 79 21 sådant
669 1417 146 28 delgifvande
822 1417 70 27 lämp-

137 1452 63 28 ligen
221 1452 45 22 kan
288 1452 41 22 ske
352 1459 82 21 genom
449 1451 171 22 vederbörande
635 1451 179 28 kronobetjente,
836 1452 56 20 utan
