1075 1761
172 169 25 19 12
375 166 71 23 Ständ.
463 166 34 23 Sv.
514 180 26 2 —
557 167 60 27 Prop.
634 166 34 22 N:o
683 166 37 22 23.

171 236 47 14 sam
243 230 107 27 kastning
376 230 40 20 hos
441 230 132 20 nötkreatur
591 229 50 21 icke
657 229 54 21 böra
725 229 33 21 uti
774 229 147 28 lagförslaget

170 266 118 26 upptagas,
305 265 24 20 så
344 264 92 28 mycket
450 264 87 20 mindre
556 271 47 14 som
619 263 72 28 enligt
706 270 78 14 senare
800 266 121 19 momentet

171 297 25 21 af
210 300 10 18 1
237 297 14 28 8
266 297 90 22 tillfälle
379 297 93 21 beredes
496 297 169 22 vederbörande
681 297 134 28 myndighet
830 299 39 25 att,
886 305 36 14 om

171 331 74 21 denna
267 331 106 28 sjukdom
393 331 123 28 uppträder
530 331 147 29 synnerligen
693 331 121 26 elakartad,
829 331 92 28 vidtaga

171 365 146 28 erforderliga
333 365 105 28 åtgärder
453 365 35 22 för
504 365 155 28 bekämpande
675 365 24 22 af
713 366 135 21 densamma.

239 399 117 28 Härjemte
381 399 69 22 hafva
476 399 125 22 Ständerna
627 402 74 19 ansett
726 400 36 27 sig
785 400 55 21 böra
855 400 67 21 fram-

170 433 66 26 hålla,
259 433 109 22 hurusom
390 433 68 22 äfven
474 434 109 21 särskilda
599 434 70 21 andra
683 434 162 21 smittosamma
860 435 62 20 krea-

171 467 186 29 turssjukdomar,
373 468 36 21 för
424 468 90 21 hvilkas
529 468 156 28 bekämpande
696 468 98 28 ungefär
805 468 116 21 enahanda

172 501 141 28 stadganden
338 508 48 14 som
411 501 35 21 för
473 501 106 28 kastning
602 508 54 14 vore
679 501 25 21 af
721 501 81 26 nöden,
818 501 51 22 med
884 501 38 22 det

172 537 99 19 snaraste
287 535 69 22 borde
372 535 72 22 blifva
458 535 95 22 föremål
567 535 36 22 för
618 535 243 29 lagstiftningsåtgärd.
886 536 37 21 Då

172 569 125 21 emellertid
322 569 44 21 den
392 569 90 26 komité,
498 577 47 13 som
561 569 50 21 haft
626 569 35 28 sig
677 570 127 21 ombetrodt
819 571 44 20 den
877 570 44 22 för-

171 603 128 21 beredande
323 603 169 28 behandlingen
514 604 25 21 af
556 612 31 13 nu
602 604 173 28 ifrågavarande
792 604 130 29 lagförslag,

170 637 49 21 helt
241 637 42 22 och
306 638 70 21 hållet
398 638 104 21 förbisett
526 638 69 26 dessa,
616 638 107 28 vanligen
738 640 25 20 så
778 639 88 21 kallade
881 640 42 21 lin-

172 672 88 28 drigare
290 672 162 22 smittosamma
478 672 239 28 kreaturssjukdomar,
743 673 43 21 och
810 673 81 29 frågan
915 674 8 21 i

172 706 75 21 denna
262 706 36 21 del
314 706 76 22 derför
405 707 49 21 icke
470 707 75 21 blifvit
560 707 132 28 tillräckligt
707 707 127 26 förberedd,
850 708 41 21 har
901 708 20 28 ej

171 740 71 22 heller
260 740 140 22 beträffande
416 741 64 21 dessa
496 742 130 27 sjukdomar
641 743 71 26 något
727 742 125 29 lagförslag
866 750 56 21 upp-

172 774 78 29 gjorts,
266 777 56 19 utan
337 774 24 22 få
372 775 126 22 Ständerna
512 776 8 20 i
535 775 180 29 underdånighet
730 776 96 26 anhålla,

445 839 34 21 det
502 839 77 22 täcktes
593 839 72 22 Eders
680 839 124 29 Kejserliga
819 841 105 27 Majestät

377 873 45 21 låta
446 874 87 27 vidtaga
557 874 80 27 nödiga
662 873 103 28 åtgärder
788 874 32 22 till
842 875 81 21 bekäm-

373 908 75 26 pande
473 908 28 27 af
522 908 86 22 sådana
631 909 155 21 smittosamma
808 908 116 29 husdjurs-

377 942 133 28 sjukdomar,
534 942 71 22 hvilka
628 942 43 22 icke
694 943 71 27 blifvit
784 944 8 20 i
807 944 57 21 detta
879 944 44 27 lag-

376 976 82 28 förslag
475 976 131 22 behandlade
617 976 33 27 på
663 978 77 27 grund
755 978 28 27 af
795 978 63 21 deras
868 978 54 27 från

378 1011 24 21 de
418 1012 8 19 i
441 1011 138 28 lagförslaget
595 1012 112 27 upptagna
722 1012 157 27 sjukdomarna
890 1012 33 28 af-

378 1045 93 21 vikande
486 1047 74 19 natur.

239 1209 182 22 Vidkommande
437 1210 69 21 sedan
521 1210 38 21 det
573 1210 33 21 uti
622 1209 148 23 förevarande
781 1211 83 28 nådiga
874 1218 49 21 pro-

171 1244 98 29 position
285 1244 127 21 Ständerna
426 1244 35 21 till
476 1245 128 21 kännedom
619 1244 132 22 meddelade
766 1245 108 28 förslaget
890 1245 34 22 till

172 1278 137 28 kungörelse
323 1278 8 21 i
347 1281 82 23 ämnet,
453 1279 69 22 hafva
537 1279 127 22 Ständerna
678 1279 77 21 funnit
770 1279 49 22 skäl
833 1280 35 21 till
883 1280 41 21 föl-

170 1311 69 28 jande
255 1311 253 28 detaljanmärkningar.

506 1383 10 18 1
533 1380 58 28 Kap.

239 1425 45 21 Vid
309 1425 87 21 utbrott
422 1425 25 21 af
472 1427 90 20 svårare
577 1426 124 22 smittosam
716 1426 208 29 kreaturssjukdom

172 1462 24 19 är
212 1460 38 21 det
265 1460 26 21 af
303 1460 181 28 utomordentlig
499 1461 49 27 vigt
559 1463 32 18 att
602 1460 148 29 erforderliga
760 1462 105 27 åtgärder
875 1469 49 14 sna-
