1048 1739
341 127 28 22 U.
385 127 27 22 B:
429 141 26 2 —
470 128 74 28 Prop.
555 123 42 38 N:o
609 123 43 38 27.
860 129 13 21 5

192 197 37 22 Dä
256 198 125 22 Utskottet
405 199 136 22 emellertid
564 198 54 23 icke
635 199 83 22 funnit
737 201 35 21 att
791 200 31 22 de
839 200 33 28 pä

124 231 83 28 grund
234 231 26 22 af
285 232 201 23 Presteständets
516 233 82 22 beslut
625 233 120 29 vidtagna
774 234 99 22 ändrin-

122 271 82 22 garna
226 265 6 22 i
257 266 11 21 1
293 266 15 29 &
328 266 80 22 skulle
426 267 101 28 påkalla
546 267 205 30 omformulering
770 268 25 22 af
813 268 15 22 3
847 268 24 29 $,

122 299 78 22 hvars
216 299 140 30 affattning,
371 301 98 22 oafsedt
481 301 125 22 särskilda
615 302 8 21 i
632 302 49 21 den
690 302 85 22 finska
788 303 84 21 texten

122 333 90 28 gjorda
231 334 129 29 spräkliga
379 335 122 26 rättelser,
514 335 152 30 fullkomligt
680 335 192 23 öfverensstäm-

122 373 52 16 mer
196 369 55 22 med
271 369 48 22 den
338 369 95 29 lydelse
452 369 15 22 4
487 369 14 29 &
520 370 47 22 har
585 370 9 21 i
612 370 49 22 den
679 370 94 29 nådiga
782 377 90 22 propo-

121 402 114 27 sitionen,
255 403 46 22 har
320 403 127 23 Utskottet
464 404 53 22 icke
536 404 108 29 vidtagit
661 405 84 28 någon
761 405 111 28 åtgärd
855 398 21 39 i

122 436 136 30 anledning
277 437 25 22 af
320 437 200 23 Presteståndets
536 438 83 22 beslut
630 439 8 21 i
650 439 73 29 fråga
736 445 40 16 om
789 439 83 22 denna

121 470 23 29 $
162 470 158 24 beträffande
338 472 103 22 hvilken
459 472 111 29 lagenlig
588 473 231 28 ständerpluralitet
832 480 40 15 en-

120 505 46 28 ligt
184 505 139 23 Utskottets
341 506 75 22 tanke
435 506 143 30 föreligger.

469 577 15 21 4
505 577 23 28 8.

190 638 225 29 Ridderskapet
442 640 45 22 och
516 639 94 23 Adeln
638 641 64 20 samt
727 640 144 28 Borgare-

121 673 120 22 ståndet
268 673 77 22 hafva
373 674 114 28 godkänt
509 674 41 28 $:n
570 674 78 28 enligt
666 674 139 22 Utskottets
823 673 49 23 för-

121 707 63 29 slag.

190 742 233 22 Presteständet
442 742 46 22 har
507 742 192 23 återremitterat
717 742 43 28 $:n
777 742 40 22 för
836 743 35 21 att

121 776 190 23 omformuleras
338 776 101 27 derhän,
467 778 36 21 att
530 777 144 22 densamma
697 776 54 22 icke
774 776 97 22 stode
857 772 19 36 i

121 810 62 23 strid
202 811 57 22 med
277 810 170 30 kyrkolagens
466 811 189 29 bestämningar
672 811 109 23 rörande
793 810 78 23 barns

120 845 303 29 religionsundervisning
442 848 64 20 samt
523 846 40 22 för
582 847 36 21 att
626 846 178 28 kompletteras
814 846 57 22 med

120 879 157 25 föreskrifter
295 880 86 23 derom
399 880 66 22 huru
484 881 96 22 sådana
598 880 93 29 odöpta
701 880 72 26 barn,
783 880 87 22 hvilka

121 914 53 23 icke
202 915 94 22 besöka
324 915 77 26 skola,
427 915 63 22 böra
511 915 95 22 erhålla
624 915 98 29 kristlig
741 914 129 23 undervis-

120 949 62 29 ning
210 950 45 22 och
282 950 158 28 uppfostran,
468 950 9 22 i
503 950 121 22 händelse
644 950 157 22 föräldrarne
822 949 48 22 för-

120 990 96 16 summa
235 984 38 22 sin
292 984 145 29 skyldighet
454 984 160 22 härutinnan.

189 1018 223 23 Bondeständet
430 1018 47 22 har
495 1018 39 22 för
552 1018 43 29 S:n
609 1018 96 29 antagit
715 1018 48 22 den
774 1017 95 29 lydelse

120 1052 145 23 densamma
284 1053 47 22 har
348 1053 9 21 i
375 1053 49 22 den
443 1052 35 22 till
497 1052 172 22 betänkandet
687 1052 92 28 fogade
792 1058 77 16 reser-

121 1086 117 23 vationen
256 1088 18 21 I.

188 1122 38 22 Då
254 1122 15 21 4
298 1122 14 28 8
334 1122 8 21 i
367 1121 92 22 nämda
481 1121 156 23 reservation
659 1121 53 22 icke
731 1120 139 22 innehåller

120 1156 80 28 några
223 1156 158 29 stadganden
399 1156 8 21 i
426 1156 42 22 det
486 1156 66 28 syfte
571 1162 89 16 senare
678 1155 73 22 delen
770 1154 25 23 af
813 1154 57 22 Pre-

120 1191 151 22 steståndets
292 1190 137 23 omordade
451 1190 82 23 beslut
552 1196 78 23 anger
648 1191 64 21 samt
729 1189 82 23 beslut
829 1195 40 16 om

120 1225 16 21 4
154 1224 56 29 8:ns
229 1225 192 29 komplettering
439 1225 57 22 med
515 1224 188 29 bestämningar
715 1224 7 22 i
733 1224 68 22 detta
810 1224 60 22 hän-

120 1260 92 21 seende
235 1259 106 22 sålunda
362 1259 87 22 fattats
469 1259 26 22 af
513 1259 89 22 endast
620 1260 35 20 ett
673 1258 81 26 stånd,
774 1258 96 22 Preste-

120 1293 105 26 ståndet,
243 1294 112 22 förfaller
373 1293 88 22 vidare
480 1293 90 29 åtgärd
588 1293 8 21 i
615 1292 136 29 anledning
764 1292 26 22 af
801 1292 69 22 detta

119 1327 90 23 beslut.
245 1328 57 22 Men
330 1327 32 23 då
389 1327 201 23 Presteståndets
614 1326 82 23 beslut
713 1326 8 22 i
740 1326 77 29 öfrigt
835 1326 35 22 in-

120 1362 86 25 nebär,
221 1363 36 20 att
275 1362 42 27 $:n
335 1361 79 21 borde
433 1361 189 21 omformuleras
641 1361 96 21 derhän
756 1361 36 20 att
809 1360 8 21 i
835 1360 34 21 of-

119 1394 99 29 fentligt
244 1395 107 28 register
377 1394 95 22 infördt
498 1394 70 26 barn,
586 1394 77 22 hvars
681 1393 126 22 föräldrar
825 1393 43 21 till-

119 1428 62 23 höra
212 1429 47 23 den
290 1428 288 29 evangelisk-lutherska
608 1427 107 29 kyrkan,
746 1427 53 22 icke
829 1427 40 22 må

187 1479 133 23 Lagutskottets
333 1478 110 18 betänkande
455 1478 37 17 N:o
507 1478 26 17 12.
