1075 1736
189 132 12 19 2
374 129 84 23 Ständ.
474 129 39 23 Sv.
528 142 26 3 —
570 129 75 28 Prop.
661 129 43 22 N:o
720 128 38 23 22.

187 201 91 28 sjöman
295 200 9 22 i
321 200 108 28 tjensten.

256 234 47 22 Vid
321 233 173 29 behandlingen
513 234 23 21 af
553 233 64 22 detta
629 232 84 22 ärende
726 232 72 23 hafva
810 231 131 23 Ständerna

188 268 145 22 beträffande
350 268 83 21 främst
450 269 66 20 arten
534 267 44 22 och
596 266 172 30 omfattningen
786 267 24 22 af
828 266 28 22 de
868 266 74 22 risker

189 302 179 29 arbetsgifvares
396 301 150 30 ansvarighet
569 301 43 22 och
635 301 206 29 försäkringspligt
868 300 74 29 enligt

187 336 152 29 lagförslaget
356 336 91 22 komme
465 338 35 20 att
518 335 129 29 inbegripa,
663 335 8 22 i
689 335 46 22 allo
748 335 97 22 anslutit
857 335 37 28 sig
905 335 38 22 till

189 371 28 22 de
235 371 152 29 synpunkter,
400 377 48 15 som
466 371 8 21 i
492 370 65 22 detta
570 369 106 23 afseende
689 370 98 22 kommit
798 369 38 22 till
846 370 96 28 uttryck

188 405 9 22 i
215 405 45 22 den
277 405 88 28 nädiga
382 405 179 28 propositionen.
589 403 131 23 Ständerna
737 404 64 22 finna
816 403 86 30 jemväl
914 404 28 21 de

188 439 51 22 skäl
260 439 126 27 bindande,
404 445 50 15 som
477 439 9 21 i
503 438 167 29 sammanhang
687 438 95 22 härmed
801 438 88 22 anförts
906 439 37 21 för

188 473 208 29 nödvändigheten
414 473 24 22 af
456 475 34 20 ett
507 472 201 29 penningebidrag
726 473 52 21 frän
790 474 89 20 statens
892 472 50 22 sida

188 507 38 23 till
240 506 180 24 underlättande
432 507 24 22 af
468 506 245 30 försäkringspligtens
726 506 156 30 fullgörande;
898 506 44 23 och

188 542 71 23 hafva
277 541 132 23 Ständerna
426 542 9 21 i
452 541 104 30 utsigten
574 541 38 22 till
629 541 65 22 detta
711 541 128 22 understöd
851 543 46 20 sett
909 543 34 20 ett

189 577 119 28 oafvisligt
328 576 76 22 vilkor
424 576 36 22 för
482 583 32 14 nu
531 575 179 29 ifrägavarande
728 575 161 29 ansvarighets
907 578 36 19 ut-

189 610 137 29 sträckning
352 610 38 22 till
412 610 183 22 rederirörelsen.
639 610 117 29 Derjemte
780 610 70 22 hafva
874 610 68 22 äfvem

190 644 132 23 Ständerna
342 644 80 23 funnit
442 644 40 22 det
500 644 199 29 ändamälsenligt,
719 646 35 20 att
771 645 110 29 samtliga
897 644 46 22 för-

189 679 209 29 säkringspligtiga
415 678 166 30 rederiföretag
599 679 64 21 skola
681 678 65 23 bilda
764 686 28 14 en
809 680 30 29 pä
851 679 91 29 delega-

188 721 66 14 renes
273 713 140 29 ömsesidiga
431 713 149 29 ansvarighet
591 713 108 29 grundad
710 721 133 21 gemensam
854 714 88 21 försäk-

189 747 160 30 ringsanstalt,
358 755 48 15 som
419 748 91 21 komme
522 748 9 21 i
542 747 138 30 ätnjutande
692 748 24 21 af
728 747 72 29 sagda
809 747 133 23 understöd.

257 781 186 23 Vidkommande
459 781 128 29 detaljerna
604 782 9 22 i
628 781 152 30 lagförslaget
792 782 70 22 hafva
875 782 68 22 Stän-

190 817 71 22 derna
279 818 77 20 ansett
374 816 51 22 skäl
441 816 114 30 föreligga
570 816 37 22 till
618 816 74 29 några
704 816 85 30 tillägg
800 816 44 22 och
855 816 89 22 mindre

191 851 133 28 ändringar.

258 885 12 22 I
297 885 11 22 1
334 886 14 26 8
371 885 105 28 angifves
498 885 171 28 omfattningen
693 885 23 21 af
733 885 111 22 rederiets
862 892 82 15 ansva-

189 919 78 30 righet
288 919 44 23 och
349 919 72 22 hafva
437 918 91 29 härvid,
545 919 53 22 med
615 919 94 29 hänsigt
727 920 37 21 till
782 919 162 23 skadestånds-

190 953 178 30 skyldighetens
385 953 164 30 utsträckning
566 953 92 23 utöfver
675 953 63 23 hvad
756 954 9 22 i
781 954 70 29 lagen
863 954 23 22 af
899 953 44 23 den

191 989 14 21 5
232 988 128 23 December
388 988 63 21 1895
480 988 59 22 afses
565 987 53 23 med
643 988 136 29 ,olycksfall
802 989 9 21 i
834 987 110 29 arbetet",

190 1025 66 26 taget
273 1023 9 22 i
299 1023 71 28 trång
387 1022 149 28 bemärkelse,
548 1022 28 22 de
594 1023 9 21 i
615 1023 179 28 ansvarigheten
806 1023 139 28 inbegripna

191 1057 153 29 olycksfallen
374 1056 111 29 angifvits
514 1057 85 22 medels
625 1057 121 28 uttrycket
773 1056 137 30 ,olycksfall
936 1057 9 22 i

190 1091 123 29 tjensten%.
339 1090 71 23 Ordet
427 1091 72 29 tjenst
517 1099 67 21 synes
596 1091 60 22 dock
667 1091 53 22 icke
732 1091 139 29 tillräckligt
882 1091 63 22 klart

190 1127 97 28 angifva
308 1126 9 21 i
341 1125 82 22 hvilka
444 1125 42 22 fall
510 1126 89 28 sjöman
621 1129 26 18 är
667 1125 134 29 berättigad
819 1128 35 19 att
872 1125 73 22 undfå

190 1160 149 29 godtgörelse
356 1160 37 21 för
409 1159 63 22 liden
485 1158 165 31 kroppsskada.
677 1160 83 29 Enligt
772 1159 110 30 gällande
895 1159 49 29 Sjö-

190 1194 39 29 lag
251 1202 66 14 anses
340 1194 137 28 visserligen
503 1194 145 28 sjömannens
666 1194 72 29 tjenst
755 1194 71 22 hafva
842 1194 103 28 vidtagit

190 1229 53 22 från
267 1227 39 23 det
329 1228 48 22 han
397 1228 156 29 pämönstrats
571 1227 44 22 och
632 1228 98 22 fortfara
747 1228 63 22 intill
828 1227 52 22 dess
897 1228 47 21 han

191 1263 155 21 afmönstrats.
381 1261 37 22 Då
441 1261 128 22 emellertid
595 1263 11 20 1
635 1263 14 25 8
673 1263 14 20 2
712 1269 68 15 mom.
803 1262 8 21 i
833 1262 70 28 lagen
921 1262 24 21 af

191 1296 46 21 den
255 1296 14 21 5
292 1295 128 22 December
439 1295 64 21 1895
522 1295 35 21 för
575 1295 113 22 särskilda
706 1295 52 28 slag
775 1295 25 22 af
814 1295 129 29 olycksfall,

191 1337 49 14 som
263 1329 108 22 inträffat
390 1329 75 21 under
483 1328 95 27 arbetet,
596 1332 43 25 gör
655 1329 123 28 undantag
794 1329 53 22 från
864 1329 81 29 regeln

191 1371 38 15 om
247 1363 181 29 arbetsgifvares
441 1362 284 29 ersättningsskyldighet,
738 1363 43 22 och
796 1363 11 22 1
822 1365 13 26 $
850 1365 12 20 1
876 1371 67 14 mom.

190 1399 9 21 i
226 1398 40 22 det
295 1397 132 23 Ständerna
455 1396 121 30 förelagda
602 1397 152 30 lagförslaget
780 1398 102 29 stadgar,
909 1400 36 21 att

191 1433 84 23 nämda
302 1433 39 29 lag
368 1433 43 22 bör
434 1432 117 28 tillämpas
575 1432 8 22 i
607 1432 106 23 afseende
738 1441 14 14 &
777 1433 166 29 kroppsskada,
