1700 1898
661 212 28 22 U.
705 212 28 23 B.
752 218 23 10 —
792 213 73 28 Pron.
881 213 42 22 N:o
939 213 34 22 17.
1181 215 26 20 47

453 282 51 19 utan
530 280 77 21 sådant
628 281 110 22 förbehåll.
768 282 71 27 Stiger
860 282 169 28 köpeskillingen
1051 282 29 21 då
1100 282 65 27 högre
1180 284 28 19 än

453 314 34 21 vid
499 314 176 28 det.föregäende
683 319 90 24 utropet,
782 316 41 21 kan
832 316 104 21 brukaren
945 316 82 27 skydda
1037 317 32 20 sin
1080 317 42 20 rätt
1132 317 76 20 endast

453 355 77 20 genom
552 350 32 19 att
605 352 76 24 genast
703 349 94 22 inbetala
814 349 57 22 hvad
889 350 41 21 den
946 350 68 21 bättre
1030 352 41 19 rätt
1087 350 81 28 egande
1183 357 26 14 ur

456 382 143 21 Ofverskottet
613 383 134 22 tillkommer.
776 385 10 20 I
802 387 64 18 annat
880 384 38 21 fall
934 386 23 19 är
979 384 93 27 köparen
1089 383 119 28 berättigad

454 419 38 24 att,
506 416 89 22 alldeles
610 416 71 23 såsom
696 425 34 14 om
745 417 125 28 legoaftalet
884 418 48 22 icke
947 425 51 14 vore
1013 418 132 26 intecknadt,
1154 425 54 21 upp-

455 453 54 26 säga.
530 451 111 22 brukaren.
670 451 299 30 (Inteckningsförordningen
986 454 26 19 22
1030 453 12 27 $
1059 454 12 19 3
1086 459 70 20 mom.,
1171 459 37 14 en-

456 485 40 28 ligt
517 486 54 21 1895
592 485 35 22 års
649 486 134 28 förordning;
805 487 196 28 Utsökningslagen
1015 488 18 20 5:
1050 487 37 25 38;
1103 487 55 21 1892
1173 486 35 21 års

454 519 223 29 jordlegoförordning
699 521 13 20 5
734 521 40 21 och
790 521 12 22 6
819 522 32 27 $$,
866 521 130 21 sistnämnda
1012 521 12 27 $
1041 521 66 28 enligt
1122 520 86 22 förord-

455 555 79 27 ningen
549 553 42 23 den
607 555 12 21 3
636 555 118 21 December
770 556 64 26 1895;
849 558 54 19 samt
917 555 20 22 J.
952 555 25 21 B.
993 556 33 21 16:
1045 556 39 26 15).

522 589 137 28 Tryggheten
675 590 24 21 af
712 590 128 21 inteeknade
856 590 100 28 legoaftal
973 592 23 18 är
1007 588 84 23 således
1100 589 108 22 beroende

454 624 24 20 af
492 623 27 21 de
535 623 126 29 fordringar,
672 624 34 21 för
720 624 73 22 hvilka
808 624 123 28 inteckning
946 625 6 20 i
969 624 130 28 egendomen
1116 624 92 28 tidigare

455 659 93 20 vunnits.
577 658 47 21 Har
640 658 87 28 behörig
741 659 108 28 förnyelse
864 659 23 21 af
901 659 153 27 inteekningen
1066 658 143 25 försummats,

455 695 23 19 är
493 692 104 22 brukaren
610 692 94 22 derefter
718 692 114 29 skyddslös
849 693 35 21 vid
899 692 136 22 öfverlätelse
1047 692 24 21 af
1080 692 127 28 lägenheten

455 727 31 21 till
502 735 28 20 ny
546 734 68 21 egare,
626 727 120 21 oberoende
763 727 66 27 deraf,
839 735 33 14 om
888 727 151 22 öfverlätelsen
1050 727 50 21 sker
1109 726 100 28 frivilligt

456 762 50 21 eller
521 762 53 20 icke.

523 796 11 21 I
549 795 102 22 händelse
675 795 125 29 jordegaren
825 796 62 22 råkar
909 797 5 20 i
937 796 190 21 konkurstillständ
1152 798 56 19 samt

456 830 132 28 egendomen
604 831 97 28 försäljes
712 831 100 27 antingen
825 831 27 28 pä
862 830 140 22 föranstaltan
1013 830 23 22 af
1046 830 161 29 sysslomännen

452 864 56 22 eller
523 866 170 27 utmätningsvis,
714 865 73 21 kunna
802 866 34 20 väl
851 866 117 27 panträtter
987 865 41 21 och
1043 864 83 22 således
1141 864 67 22 äfven

454 899 117 22 intecknad
586 900 91 28 legorätt
691 899 90 22 fortfara
796 902 31 18 att
843 907 38 21 ega
896 899 104 29 giltighet,
1008 899 75 21 sävida
1091 899 48 21 icke
1147 902 63 25 pant-

455 935 42 20 rätt
511 934 158 22 tillförsäkrade
684 934 121 29 fordringar
819 934 62 22 sökas
894 937 33 24 ut;
942 941 49 14 men
1007 934 49 21 sker
1071 933 64 28 detta,
1150 933 59 22 med-

454 969 35 22 för
504 969 68 21 bättre
587 971 42 19 rätt
645 969 81 28 egande
741 969 87 21 fordran
844 969 155 22 ofvanberörda
1014 968 100 29 äfventyr
1129 968 34 21 för
1178 968 31 21 le-

455 1005 104 28 gorätten.
584 1003 41 28 (Jfr
641 1005 25 20 71
683 1005 12 25 $
710 1005 7 19 i
734 1004 55 21 1868
804 1003 33 22 ärs
853 1003 176 28 konkursstadga,
1045 1003 66 27 enligt
1126 1002 84 22 förord-

456 1040 77 26 ningen
550 1038 41 22 den
607 1040 12 20 3
636 1038 119 21 December
770 1039 70 27 1895).

523 1072 36 28 Ny
575 1080 68 20 egare,
657 1072 87 22 hvilken
759 1073 28 27 pä
802 1072 67 28 grund
885 1072 23 22 af
922 1072 89 28 frivillig
1026 1072 137 21 öfverlätelse
1179 1072 30 20 el-

456 1107 30 21 ler
500 1106 33 22 till
548 1106 53 29 följd
617 1106 21 22 af
653 1106 208 28 tvängsförsäljning,
877 1108 5 20 i
898 1107 65 21 ofvän
980 1106 90 22 anförda
1085 1106 44 27 fall,
1141 1105 69 22 erhäl-

456 1141 30 22 ler
500 1142 42 20 rätt
564 1144 32 18 att
617 1140 61 29 bryta
698 1141 107 27 legoaftal,
823 1141 40 21 kan
879 1144 76 25 genast
969 1141 32 21 till
1017 1140 123 29 afflyttning
1154 1147 55 21 upp-

457 1177 51 27 säga
523 1176 143 27 legotagaren,
688 1175 109 21 hvarefter
818 1176 69 20 denne
903 1182 49 21 eger
967 1178 130 25 gvarstanna
1112 1174 33 21 till
1160 1174 48 27 laga

457 1209 83 29 fardag,
555 1209 20 22 d.
590 1218 19 12 v.
625 1218 16 13 s.
663 1209 33 21 till
719 1209 40 21 den
784 1211 27 20 14
826 1210 59 21 Mars
901 1209 66 22 andra
982 1209 45 21 äret
1043 1209 54 21 efter
1113 1208 95 28 behörig,

457 1244 47 21 före
518 1244 126 28 Thomedag
665 1244 150 28 försiggängen
831 1245 140 27 uppsägning.
1001 1243 12 21 I
1028 1243 71 21 stället
1114 1243 34 21 för
1166 1242 41 22 den

457 1278 107 22 förlorade
579 1279 118 27 legorätten
713 1278 80 22 äterfär
809 1279 102 21 brukaren
928 1286 25 14 en
970 1278 24 21 sä
1009 1281 45 18 stor
1069 1277 64 21 delaf
1140 1276 67 22 redan

457 1313 72 28 erlagd
553 1313 74 28 städja,
650 1320 46 14 som
711 1320 74 14 svarar
800 1316 56 18 emot
871 1313 41 21 den
928 1312 31 21 tid
975 1313 6 20 i
997 1312 153 28 legostämman
1167 1311 41 21 bri-

457 1350 49 23 ster,
520 1348 63 27 jemte
606 1348 117 26 ersättning
745 1347 34 21 för
802 1348 90 27 bevislig
914 1347 72 21 skada.
1015 1346 119 28 Angäende
1150 1345 59 21 detta

458 1381 235 28 skadeständsanspräk
721 1381 64 21 hafva
811 1381 56 21 olika
896 1382 110 26 meningar
1031 1381 56 27 gjort
1109 1380 34 28 sig
1164 1380 46 27 gäl-

457 1416 68 21 lande.
554 1415 12 21 I
581 1416 126 28 rättspraxis
721 1415 38 21 har
775 1415 115 22 emellertid
907 1415 41 21 den
963 1415 82 27 äsigten
1056 1414 153 21 företrädesvis

458 1450 75 20 vunnit
554 1450 129 26 anslutning,
704 1453 32 17 att
758 1451 117 25 ersättning
897 1450 38 20 bör
951 1449 52 27 utgå
1018 1448 76 22 endast
1109 1448 33 21 för
1158 1448 53 21 ned-

458 1483 49 28 lagd
523 1483 91 21 kostnad
637 1482 109 22 äfvensom
767 1482 132 22 omedelbart
917 1482 23 21 af
954 1482 163 29 uppsägningen
1133 1481 78 28 härfly-

458 1517 65 22 tande
539 1517 88 29 utgifter
641 1517 34 22 för
689 1517 99 29 flyttning
803 1525 26 14 m.
844 1525 33 20 m.,
892 1525 48 14 men
956 1517 96 21 deremot
1067 1516 48 22 icke
1126 1516 34 21 för
1168 1516 42 21 den

529 1564 46 23 Lag-
588 1565 32 17 och
632 1564 183 19 Ekonomiutskottets
827 1564 110 18 betänkande
950 1563 37 18 N:o
999 1564 17 17 4.
