1700 1906
658 216 29 23 U.
702 215 28 23 B.
745 229 28 3 —
788 217 74 29 Prop.
877 217 42 23 N:o
934 216 35 24 17.
1176 218 26 21 27

449 284 87 22 räknas
542 287 15 19 t.
564 292 34 14 ex.
607 285 7 21 i
623 285 125 27 Tyskland,
759 288 32 19 att
802 286 71 28 inköp
884 286 25 21 af
915 286 52 28 jord
981 286 90 22 kräfver
1078 288 33 20 tre
1119 286 84 27 gånger

449 318 26 21 sä
494 321 57 19 stort
573 319 86 27 kapital
683 326 50 14 som
749 320 35 20 för
799 320 119 21 brukande
933 323 62 19 emot
1010 320 49 27 lega
1074 320 26 21 af
1113 326 90 16 samma

448 352 96 22 område
560 353 119 21 erfordras.
710 349 71 26 Äfven
800 354 43 21 den
855 354 148 21 obemedlade
1012 354 82 22 vinner
1104 354 98 22 sålunda

448 387 80 21 lättare
542 387 88 21 tillfälle
645 390 32 19 att
692 390 61 19 emot
768 388 75 27 ärftlig
858 389 49 26 lega
921 389 36 21 för
971 389 34 26 sig
1020 389 44 21 och
1077 388 50 22 sina
1139 389 63 21 efter-

448 421 141 22 kommande
604 422 114 21 förvärfva
734 422 82 27 stadigt
828 422 113 28 jordbruk
951 423 44 21 och
1006 430 28 14 en
1045 423 89 21 relativt
1144 423 58 27 sjelf-

448 456 90 27 ständig
553 456 108 22 utkomst.

517 490 60 22 Från
590 491 241 22 nationalekonomisk
843 492 118 27 synpunkt
976 492 63 21 torde
1052 492 44 21 den
1113 491 89 28 ärftliga

447 525 65 26 legan
528 525 48 21 åter
591 526 95 21 allmänt
702 526 114 21 erkännas
831 527 77 20 såsom
923 526 44 21 den
984 528 58 19 mest
1051 526 151 27 fördelaktiga

444 559 171 27 jordlegoform,
631 561 56 20 enär
701 560 45 21 den
761 561 8 20 i
784 560 127 27 möjligaste
926 560 54 21 mån
995 560 106 27 erbjuder
1111 567 90 14 samma

447 593 99 22 fördelar
561 601 49 14 som
627 594 158 22 'bebrukandet
800 595 25 21 af
838 601 55 21 egen
906 594 59 28 jord.
996 595 159 21 Medvetandet
1169 597 33 18 att

447 628 58 21 barn
529 629 44 20 och
595 629 196 21 efterkommande
806 629 23 21 få
844 629 64 28 njuta
923 629 117 21 frukterna
1055 629 26 21 af
1093 629 60 21 hans
1168 635 34 15 ar-

446 663 51 21 bete
519 664 88 27 verkar,
630 666 32 19 att
676 664 122 26 brukaren,
814 666 55 19 utan
885 666 32 19 att
932 664 43 27 sky
990 663 76 22 arbete
1081 663 45 22 och
1142 663 59 22 kost-

447 698 53 26 nad,
524 698 67 21 söker
613 698 66 21 sköta
702 697 44 22 den
762 699 64 26 legda
841 699 135 26 lägenheten
992 698 77 21 såsom
1085 698 35 21 sin
1136 704 64 21 egen;

447 733 44 20 och
512 732 45 21 den
579 732 205 27 omständigheten,
807 735 32 19 att
854 733 47 21 han
917 732 19 28 ej
952 732 47 21 fritt
1013 732 35 21 får
1061 733 83 27 afyttra
1156 732 45 28 jor-

446 766 52 27 den,
514 767 46 20 kan
575 766 33 21 till
617 767 44 21 och
670 765 52 22 med
731 768 54 25 göra
796 767 59 21 hans
865 766 151 22 ekonomiska
1025 767 117 21 förkofran
1153 773 49 14 mer

445 801 95 27 tryggad
556 802 29 20 än
601 808 28 14 en
645 801 52 21 från
712 801 81 27 början
809 801 112 22 skuldsatt
933 801 136 27 jordegares.
1094 801 107 21 Nämnda

445 835 196 26 omständigheter
656 837 54 25 göra
725 835 45 21 den
785 835 88 27 ärftliga
889 836 65 26 legan
969 835 144 27 synnerligen
1129 835 73 27 lämp-

446 869 31 27 lig
492 869 39 21 vid
546 869 111 28 nyodling
673 869 44 22 och
731 870 34 20 till
781 872 30 19 ett
826 869 73 22 medel
915 871 32 19 att
962 869 112 28 förhjelpa
1089 869 44 22 den
1150 869 52 22 obe-

446 905 77 19 suttna
546 903 162 28 befolkningen
730 904 34 21 till
783 904 148 27 sjelfständigt
944 903 120 28 jordbruk.
1095 903 46 22 Om
1156 904 45 21 den

446 937 89 28 ärftliga
557 937 115 22 brukaren
696 938 52 21 med
773 938 68 27 tiden,
857 938 70 21 sedan
943 939 47 20 han
1013 938 48 21 nått
1083 944 28 15 en
1134 938 67 21 säker

445 972 138 21 ekonomisk
606 973 113 26 ställning,
741 973 128 21 förvärfvar
890 973 33 26 sig
945 972 130 27 eganderätt
1092 972 34 21 till
1142 973 58 26 lego-

442 1006 90 27 jorden,
548 1007 97 21 erhåller
659 1007 44 21 den
716 1007 140 27 jordegande
866 1007 92 21 klassen
973 1006 132 27 derigenom
1115 1008 31 19 ett
1157 1006 43 21 till-

446 1041 60 21 skott
521 1041 26 20 af
559 1041 140 27 bepröfvade
714 1041 44 21 och
773 1041 134 26 lifskraftiga
923 1041 102 21 element.

515 1075 32 21 På
562 1075 75 27 grund
652 1075 25 21 af
690 1082 32 14 nu
738 1075 101 27 antydda
854 1075 50 21 skäl
919 1075 43 21 har
977 1075 43 20 den
1037 1074 89 27 ärftliga
1141 1075 59 20 städ-

441 1109 49 27 jan,
514 1115 50 16 som
587 1109 99 22 kommit
700 1109 7 21 i
723 1109 130 21 misskredit
866 1109 87 27 tillfölje
969 1109 26 20 af
1006 1109 44 20 den
1067 1109 58 21 ofria
1140 1109 60 20 ställ-

446 1143 61 28 ning,
531 1144 65 21 hvari
616 1144 178 21 innehafvarene
810 1144 25 21 af
847 1143 72 22 sådan
935 1143 73 27 städja
1024 1143 7 21 i
1054 1143 84 27 många
1153 1143 47 21 län-

444 1178 40 21 der
499 1178 106 21 befunnit
627 1177 40 28 sig,
689 1178 48 21 åter
755 1178 30 27 på
801 1180 88 19 senaste
903 1177 58 22 tider
976 1177 84 28 begynt
1074 1177 71 21 vinna
1160 1177 40 21 allt

445 1213 71 20 större
536 1212 148 21 erkännande
707 1212 63 22 såväl
791 1212 7 21 i
821 1212 153 27 vetenskapen
996 1218 50 15 som
1066 1211 134 28 lagstiftnin-

444 1252 50 21 gen,
510 1247 44 20 och
577 1246 67 22 äfven
667 1246 52 21 med
741 1247 118 26 framgång
881 1246 98 21 kommit
997 1246 34 21 till
1051 1246 149 26 användning

444 1284 14 18 t.
468 1287 34 14 ex.
511 1281 7 20 i
528 1281 125 27 Tyskland,
669 1281 108 21 särskildt
789 1281 156 26 Meklenburg,
956 1280 76 22 samt
1025 1276 14 36 i
1044 1280 100 21 Holland
1155 1280 44 21 och

446 1315 112 27 England.
589 1315 55 21 Man
659 1315 109 27 beklagar
782 1315 64 27 blott,
861 1318 32 18 att
907 1315 70 27 utsigt
991 1315 18 27 ej
1026 1315 124 21 förefinnes
1164 1315 36 20 för

444 1356 30 14 en
496 1349 143 22 allmännare
662 1349 148 28 användning
831 1350 26 21 af
872 1349 76 21 denna
963 1349 109 26 legoform
1089 1349 13 20 å
1117 1349 83 28 privat-

445 1379 136 32 lägenheter,
603 1383 97 22 emedan
722 1383 45 21 den
779 1383 104 22 enskilda
895 1383 135 27 jordegaren
1046 1383 154 21 öfverhufvud

445 1417 19 28 ej
480 1419 26 20 är
521 1418 103 27 benägen
640 1419 32 20 att
687 1418 35 21 för
737 1418 77 27 längre
829 1417 32 22 tid
869 1423 84 22 genom
959 1417 105 26 legoaftal
1072 1417 128 21 inskränka

444 1453 36 19 sin
502 1452 44 20 fria
567 1452 194 27 dispositionsrätt
776 1453 63 19 öfver
853 1451 140 26 lägenheten.
1024 1451 113 21 Utskottet
1152 1451 48 21 hål-

444 1485 32 21 ler
498 1485 48 22 'före
569 1487 32 19 att
621 1485 170 26 lagstiftningen
813 1485 19 27 ej
855 1485 72 20 heller
944 1484 7 21 i
966 1484 50 21 vårt
1031 1485 62 25 land,
1108 1484 40 21 der
1170 1491 28 14 en

444 1519 86 28 mängd
553 1525 53 22 egor
627 1520 40 21 äro
689 1519 50 21 från
755 1519 220 27 stomlägenheterna
991 1518 84 22 afsides
1087 1517 111 29 liggande,

513 1566 49 23 Lag-
573 1565 34 19 och
619 1565 185 19 Ekonomiutskottets
816 1565 110 18 betänkande
937 1564 39 18 N:o
988 1565 17 18 4.
