1067 1761
471 137 40 22 N:o
526 139 33 20 25.
851 139 13 21 5

140 205 147 22 folkskolorna
309 205 28 27 på
359 206 72 21 landet
454 205 47 22 från
517 206 39 21 och
571 207 49 21 med
635 207 132 22 sistnämnda
783 208 24 21 år
822 209 24 19 är
861 209 33 20 att

139 241 87 24 emotse,
249 239 40 22 har
311 235 170 32 Öfverstyrelsen
504 243 70 19 ansett
597 243 32 20 att
651 241 68 22 under
742 241 51 22 åren
811 242 81 21 1901—

141 274 55 20 1904
213 275 39 20 100
268 280 41 20 nya
324 274 67 26 ärliga
406 275 76 26 anslag
497 275 32 21 för
545 275 70 21 lärare
632 275 13 21 &
659 276 42 20 800
720 275 61 21 mark
797 275 39 21 och
853 276 40 20 115

139 306 33 22 för
187 307 118 21 lärarinnor
321 307 12 22 &
348 308 42 21 600
405 308 62 21 mark
481 308 84 22 komme
580 311 32 19 att
627 311 62 25 tagas
703 309 7 21 i
726 308 98 28 anspräk,
840 308 54 22 hvil-

139 340 36 22 ket
191 341 69 22 skulle
276 342 95 21 medföra
386 344 31 20 ett
432 342 65 28 ärligt
512 342 92 22 tillskott
619 343 23 21 af
657 344 90 25 149,000
757 343 61 21 mark
826 343 68 21 eller
882 336 14 39 i

140 376 62 21 rundt
226 376 29 21 tal
283 377 90 25 150,000
398 377 65 21 mark.
494 377 74 27 Enligt
593 377 69 21 denna
685 376 118 28 beräkning
824 377 70 21 blefve

139 410 67 21 under
229 412 62 20 nästa
313 411 200 27 bevillningsperiod
534 412 33 21 för
591 412 58 21 detta
665 412 97 21 ändamål
778 411 115 27 behöfliga:

220 475 53 20 1901
306 475 111 26 1,576,000
435 487 26 2 -|-
479 475 90 26 150,000
585 483 28 10 =
630 475 111 26 1,726,000
757 475 67 21 mark.

220 509 55 20 1902
307 509 111 26 1,726,000
435 508 26 27 +
479 509 90 25 150,000
584 517 28 10 =
628 509 111 25 1,876,000
779 518 9 9 —»

220 543 53 21 1903
306 543 111 26 1,876,000
433 554 24 4 +
478 544 89 26 150,000
582 551 29 9 =
626 543 113 27 2,026,000
778 552 9 9 —»

220 577 55 20 1904
305 578 114 25 2,026,000
433 577 24 23 +
479 578 89 23 150,000
583 585 28 10 =
627 577 112 25 2,176,000
779 586 9 8 »

526 617 87 21 Summa
629 618 113 26 7,804,000
757 616 67 22 mark.

209 679 10 21 I
244 679 136 22 förestäende
404 680 197 26 sammanställning
629 679 23 21 af
679 680 54 21 1898
756 680 34 20 ärs
807 679 87 27 utgifter

141 714 64 21 hafva
227 714 102 27 anslagen
351 713 110 22 äfvensom
484 714 25 21 de
532 714 95 27 verkliga
649 714 117 26 utgifterna
788 714 34 20 till
841 714 53 26 afö-

141 748 72 21 nande
236 748 30 27 af
285 749 72 21 lärare
377 748 36 21 och
430 749 126 21 lärarinnor
567 748 42 27 för
623 748 58 28 slöjd
695 749 39 21 och
749 748 146 21 handarbeten

141 782 70 22 blifvit
234 784 178 26 sammanslagna,
436 783 90 22 emedan
549 784 46 20 skäl
618 785 32 19 att
673 783 114 21 framdeles
808 782 87 28 åtskilja

143 818 46 21 dem
212 818 47 21 icke
275 824 61 21 synes
351 818 121 22 förefinnas.
502 818 48 21 Den
566 818 121 26 behållning
703 818 23 21 af
740 818 76 26 20,330
832 818 63 20 mark

140 852 27 21 47
190 852 69 27 penni,
283 858 44 15 som
351 852 33 21 för
400 852 23 21 år
441 853 53 21 1898
510 852 7 21 i
532 852 63 21 dessa
610 852 74 27 anslag
699 852 103 27 uppstått,
818 852 77 21 hänför

141 886 32 26 sig
195 886 34 21 till
248 887 81 20 största
345 886 62 21 delen
423 886 12 21 å
451 887 35 20 det
501 886 33 22 till
552 887 75 24 12,000
642 886 61 21 mark
718 885 123 22 beräknade
857 893 38 14 an-

142 920 68 27 slaget
225 920 33 21 för
274 921 118 21 ordnandet
407 921 24 20 af
448 920 246 28 slöjdundervisningen;
710 921 38 20 och
764 922 25 19 är
804 920 91 21 orsaken

141 955 73 22 härtill
230 956 47 25 den,
293 957 32 20 att
339 955 154 28 undervisning
503 956 7 21 i
521 955 60 27 slöjd,
597 955 88 22 hvarom
701 955 87 27 stadgas
800 955 7 21 i
818 955 77 27 nådiga

143 990 141 27 kungörelsen
301 990 39 21 den
357 991 13 20 8
385 990 58 22 Mars
461 991 60 26 1898,
537 990 68 21 under
619 990 116 26 nästsagda
751 991 24 20 år
791 989 104 22 anordna-

144 1026 37 20 des
198 1025 7 21 i
220 1026 76 20 endast
311 1025 62 27 högst
388 1025 21 21 få
424 1025 125 22 folkskolor.
579 1025 33 21 Då
628 1026 68 20 denna
711 1025 133 26 förordning,
855 1025 41 20 lik-

142 1066 45 14 som
210 1060 62 21 äfven
294 1060 79 26 nådiga
395 1060 140 26 kungörelsen
557 1060 24 20 af
604 1060 40 21 den
665 1061 25 20 13
706 1060 58 20 Mars
782 1060 60 25 1895,
858 1066 38 14 an-

142 1094 83 27 gående
240 1094 92 27 aflöning
347 1094 33 21 för
394 1094 286 27 handarbetslärarinnorna,
696 1094 65 21 alltså
777 1094 119 26 tillämpats

143 1128 75 22 endast
236 1135 25 14 en
281 1128 49 22 kort
345 1129 31 21 tid
393 1128 39 22 och
448 1129 151 25 statsbidraget
614 1128 33 21 för
662 1128 125 27 slöjdlärare
803 1128 42 21 kan
861 1128 35 20 be-

143 1163 78 26 tydligt
237 1164 88 25 variera,
342 1164 67 20 måste
425 1163 172 26 beräkningarna
613 1162 58 21 öfver
687 1162 68 21 denna
771 1162 125 26 utgiftspost

143 1196 65 21 blifva
225 1197 82 21 mindre
322 1197 137 27 tillförlitliga
474 1199 26 19 än
517 1197 32 20 för
565 1197 26 20 de
607 1196 76 27 öfriga.
705 1196 74 27 Enligt
790 1195 24 22 af
823 1191 73 26 Öfver-

142 1231 104 27 styrelsen
277 1231 33 22 för
333 1231 148 21 skolväsendet
505 1231 104 27 uppgjord
632 1228 265 28 sannolikhetsbäräkning

143 1267 103 25 upptages
258 1267 35 20 det
303 1266 72 21 härtill
387 1266 139 27 erforderliga
537 1266 96 26 anslaget
644 1265 33 21 för
687 1267 62 19 nästa
759 1265 137 26 bevillnings-

142 1300 75 27 period
232 1300 33 21 till
281 1301 92 26 365,000
387 1301 62 20 mark
465 1301 52 21 eller
532 1300 65 21 alltså
613 1300 32 21 för
661 1300 73 26 hvarje
745 1299 23 21 af
777 1299 62 21 dessa
850 1299 47 27 fyra

143 1335 23 20 år
182 1334 32 22 till
230 1335 77 25 91,250
323 1335 67 20 mark.

211 1369 49 21 Med
283 1369 99 22 afseende
405 1369 52 22 derå
480 1372 39 23 att,
535 1369 46 21 ifall
598 1369 42 21 alla
656 1369 34 20 vid
705 1368 149 21 folkskolorna
869 1369 27 25 på

143 1403 71 20 landet
238 1402 33 21 för
293 1403 134 20 närvarande
450 1403 103 24 anstälda,
576 1401 48 22 med
647 1401 130 26 statsbidrag
799 1400 97 21 aflönade

143 1437 71 20 lärare
231 1437 37 20 och
284 1437 119 20 lärarinnor
419 1435 112 28 gvarstode
547 1436 6 20 i
569 1435 111 21 enahanda
696 1434 120 27 befattning
831 1435 67 20 under
