1089 1734
206 129 13 21 8
426 128 30 23 U.
469 123 33 38 B.
516 128 17 22 —
547 128 80 28 Prop.
643 128 42 22 N:o
701 127 34 23 17.

202 196 101 27 jordlega
326 196 54 20 eller
402 203 27 14 en
452 197 126 27 torparelag
601 197 44 20 kan
669 196 87 21 således
779 196 55 27 icke,
849 198 56 18 utan
925 198 32 18 att

205 230 124 27 väsentliga
350 230 98 21 faktiska
468 230 157 21 förhållanden
642 231 87 20 lemnas
745 237 28 14 ur
787 230 61 27 sigte.
864 230 94 21 baseras

205 264 29 28 på
255 264 71 21 sådan
347 264 80 26 grund,
443 267 32 18 att
495 264 234 27 arbetsskyldigheten
744 264 103 27 utgjorde
862 264 44 20 den
923 264 37 21 för

205 298 118 27 torplegan
339 301 58 18 mest
412 298 186 21 karakteristiska
614 298 150 27 egenskapen.

275 332 35 20 En
326 332 153 27 begränsning
494 332 25 21 af
532 332 167 27 lagstiftningen
715 332 7 21 i
733 332 38 22 det
781 332 64 28 syfte,
855 332 105 28 proposi-

205 366 77 22 tionen
306 367 72 26 afsett,
394 368 25 20 är
440 367 25 20 så
481 366 90 29 mycket
591 367 161 26 betänkligare,
769 374 49 14 som
834 367 125 21 utvecklin-

206 407 42 21 gen
265 408 68 21 synes
348 401 28 27 gå
392 401 7 21 i
415 402 43 20 den
475 401 105 28 riktning,
596 404 31 19 att
643 402 132 27 legotagare,
791 409 50 14 som
852 401 61 22 förut
924 404 35 19 ut-

206 435 58 28 gjort
280 436 147 27 dagsverken,
443 443 95 14 numera
553 436 84 21 sträfva
653 439 32 18 att
700 436 22 21 få
735 437 67 20 dessa
813 437 89 27 utbytta
910 439 48 19 mot

206 471 150 27 prestationer
374 471 7 20 i
397 471 126 27 penningar
538 471 43 21 och
597 471 141 21 naturalster.
770 472 65 20 Detta
851 471 109 21 framkal-

207 505 33 21 las
264 505 192 27 hufvudsakligen
478 506 25 20 af
521 508 81 19 tvenne
618 506 98 21 orsaker.
748 506 53 21 Dels
817 506 144 21 underlättas

207 539 33 21 för
256 540 141 26 legotagaren
414 540 142 27 erläggandet
572 540 24 21 af
607 540 163 28 penningelega
778 545 82 22 genom
869 540 91 21 alltmer

206 574 70 21 ökadt
300 574 87 21 tillfälle
409 575 33 20 till
459 575 221 27 penningeförtjenst,
697 574 29 28 på
741 581 89 14 samma
846 575 59 26 gång
920 581 39 14 an-

207 608 128 21 skaffandet
357 609 25 20 af
402 609 101 21 aflönadt
525 609 130 26 arbetsfolk,
676 615 50 15 som
746 609 27 21 de
792 610 70 20 större
877 612 81 25 torpen

206 643 36 20 för
262 643 294 27 dagsverksskyldighetens
578 643 140 27 fullgörande
740 643 86 27 nödgas
842 643 77 26 anlita,
936 644 27 20 af

207 677 122 21 enahanda
352 677 68 22 orsak
441 678 119 21 försvåras.
592 678 53 21 Dels
666 678 81 20 verkar
769 677 47 21 åter
831 684 28 14 en
875 683 83 21 genom

207 711 102 28 stigande
332 711 152 28 folkbildning
507 713 43 20 och
568 712 72 21 bättre
656 712 136 21 ekonomisk
808 712 102 21 utkomst
926 715 34 18 ut-

207 746 96 21 vecklad
317 746 280 27 sjelfständighetskänsla,
609 749 31 19 att
656 747 114 20 brukaren
786 747 128 27 föredrager
929 753 29 15 en

207 781 116 26 legoform,
346 781 146 26 hvarigenom
516 782 46 21 han
585 781 19 28 ej
621 782 24 21 så
661 781 75 22 direkt
751 782 76 21 ställes
842 781 7 21 i
865 784 31 19 ett
911 789 49 20 per-

207 815 82 27 sonligt
316 815 114 22 beroende
453 817 24 20 af
495 817 158 26 legogifvaren,
676 823 49 14 som
748 817 38 20 vid
807 817 151 26 fullgörandet

207 851 25 21 af
252 850 252 28 dagsverksskyldighet
522 853 26 19 är
563 851 66 21 fallet.
659 851 209 22 Arbetskrafternas
884 851 75 28 fördy-

206 884 71 22 rande
298 886 25 20 är
344 885 129 27 visserligen
489 886 13 20 å
518 886 72 20 andra
606 886 64 20 sidan
687 886 82 26 egnadt
784 888 31 18 att
830 887 54 24 göra
896 886 63 27 jord-

206 925 95 21 egarene
316 920 104 26 benägna
433 920 35 20 för
479 920 152 27 arbetslegans
644 920 167 27 bibehållande,
820 927 52 14 men
881 920 78 21 denna

207 954 169 27 omständighet
391 961 67 21 synes
474 955 68 21 likväl
558 955 49 21 icke
621 954 74 21 förmå
705 954 84 21 hindra
799 954 159 28 utvecklingen

207 991 31 19 att
261 989 159 26 öfverbufvud,
440 996 38 14 om
499 989 69 21 också
587 989 118 27 långsamt,
721 989 122 21 fortskrida
859 989 7 21 i
882 990 79 20 ofvan-

207 1023 102 21 nämnda
332 1023 105 27 riktning.
468 1024 88 20 Antalet
579 1023 25 21 af
625 1024 132 26 legotagare,
772 1030 50 14 som
842 1024 117 21 komme
944 1019 18 36 i

207 1057 133 28 åtnjutande
359 1058 25 20 af
400 1058 27 20 de
443 1058 97 21 fördelar
556 1058 44 21 den
617 1065 45 20 nya
677 1058 64 26 lagen
757 1058 112 27 erbjuder,
886 1058 74 21 skulle

208 1092 88 21 således
308 1092 26 20 år
348 1092 56 21 efter
418 1093 26 20 år
459 1092 108 22 minskas.

276 1127 76 26 Enligt
368 1127 123 21 Utskottets
506 1128 68 20 tanke
591 1127 116 27 föreligger
723 1128 36 20 väl
774 1127 49 21 icke
832 1128 69 25 något
909 1127 49 21 skäl

207 1161 36 20 för
258 1160 169 27 lagstiftningen
448 1163 32 18 att
501 1161 106 21 särskildt
627 1161 120 27 påskynda
763 1161 44 20 den
823 1161 137 26 utveckling,

208 1194 94 21 hvilken
318 1195 69 20 ofvan
402 1195 98 27 antydts,
516 1197 29 18 än
562 1195 88 21 mindre
666 1197 37 24 att,
720 1195 7 20 i
743 1195 72 20 likhet
830 1195 52 21 med
897 1195 62 20 hvad

207 1229 6 19 i
229 1229 70 26 några
322 1228 72 21 andra
414 1229 79 20 länder
508 1229 64 26 skett,
588 1229 126 21 inskränka
729 1229 54 21 eller
798 1229 32 20 till
846 1229 44 21 och
907 1229 52 21 med

207 1262 149 27 ovilkorligen
379 1263 106 26 förbjuda
506 1264 77 25 legans
604 1263 125 26 utgörande
745 1264 52 20 med
812 1263 82 20 arbete.
924 1263 36 26 Ty

207 1295 29 27 på
249 1295 147 27 jordbrukets
412 1295 133 21 nuvarande
561 1296 142 27 ståndpunkt
718 1295 7 21 i
741 1296 99 21 Finland
851 1296 46 21 kan
908 1296 54 21 ifrå-

207 1329 128 27 gavarande
359 1329 110 26 legoform
491 1330 64 20 ännu
576 1329 6 20 i
599 1330 82 26 många
697 1329 63 22 delar
775 1330 25 21 af
812 1329 77 22 landet
904 1332 57 19 mot-

209 1369 66 16 svara
290 1366 31 19 ett
335 1363 95 27 verkligt
445 1363 72 22 behof
530 1364 62 21 såväl
608 1364 35 21 för
655 1363 136 28 jordegaren
807 1371 49 14 som
866 1365 35 21 för
908 1365 54 20 bru-

207 1399 82 25 karen;
304 1398 20 27 ej
340 1398 70 21 heller
425 1398 104 28 erbjuder
545 1398 44 21 den
605 1399 43 20 här
663 1399 86 20 sådana
760 1399 141 28 skuggsidor,
909 1406 50 14 som

208 1433 74 21 skulle
297 1433 93 27 påkalla
406 1433 58 21 slika
480 1433 107 26 åtgärder.
612 1433 52 21 Men
680 1433 168 27 lagstiftningen
865 1434 41 21 bör
919 1434 43 21 lik-

275 1485 49 22 Lag-
336 1485 32 17 och
381 1484 181 18 Ekonomtutskottets
575 1484 110 18 betänkande
698 1485 36 18 N:o
747 1486 18 17 4.
