1075 1789
168 151 12 20 2
385 148 29 23 U.
429 149 28 23 B.
474 161 28 3 —
517 148 73 29 Prop.
606 148 44 22 N:o
665 147 31 23 24

167 215 141 28 mälsenliga.
339 215 65 21 Dock
430 215 69 21 hafva
522 215 70 27 nägra
615 214 160 27 förändringar
799 215 44 20 och
866 214 44 21 för-

166 251 149 29 tydliganden
326 253 86 20 ansetts
421 251 127 28 päkallade,
560 251 44 21 och
614 251 121 27 redogöres
746 251 36 21 för
792 251 120 21 desamma

166 289 44 20 här
229 288 76 21 nedan
327 288 53 21 med
396 288 133 27 anslutning
543 288 34 21 till
593 287 191 29 paragrafföljden
800 287 7 21 i
824 287 87 22 författ-

166 325 180 27 ningsförslaget.

237 379 14 20 2
266 378 22 28 $.
320 378 44 21 Till
381 378 27 21 de
424 378 8 21 i
447 377 71 28 fjerde
529 377 144 27 afdelningen
684 377 151 28 uppräknade
845 384 67 21 myn-

166 415 102 28 digheter
279 415 42 21 har
332 415 115 21 Utskottet
457 414 72 27 tillagt
540 414 211 21 föreståndarinnor
761 413 36 22 för
807 413 104 22 fortbild-

166 451 173 27 ningsläroverk
355 453 60 19 samt
426 450 181 28 lärarekollegier
617 450 39 21 vid
666 450 245 21 fruntimmersskolor.

237 506 14 20 3
266 504 22 28 $.
320 505 142 26 Domstolars,
489 504 159 28 myndigheters
679 506 58 19 samt
767 505 146 21 embetsmäns

166 543 74 26 öppna
264 541 48 27 bref
330 548 21 14 o.
373 547 17 14 s.
410 547 21 14 v.
463 540 81 21 Denna
567 540 80 21 rubrik
668 540 43 21 har
727 540 24 21 af
766 541 121 26 Utskottet,
904 540 8 21 i

166 578 106 22 närmare
283 576 238 22 öfverensstämmelse
531 576 53 21 med
595 576 147 27 indelningen
754 576 25 21 af
787 576 28 21 de
831 576 80 22 offent-

166 614 44 27 liga
227 613 190 28 myndigheterna
432 612 8 22 i
458 613 9 20 1
486 612 43 22 och
545 614 13 20 2
571 612 36 29 88,
618 612 94 21 ändrats
723 612 42 22 till:
792 613 119 21 »Domsto-

166 650 52 27 lars,
242 649 156 21 embetsverks
421 649 44 21 och
488 648 148 28 tjenstemäns
660 650 77 26 öppna
753 649 52 21 bref
818 656 20 14 o.
855 656 18 14 s.
890 656 21 14 v.

237 704 118 25 Fullmakt,
376 703 196 28 protokollsutdrag
594 710 30 14 m.
638 710 29 14 m.
685 703 13 21 ä
712 709 69 14 namn
798 703 49 21 eller
863 703 48 21 vär-

166 741 74 28 dighet
262 742 53 20 utan
331 740 88 21 dermed
439 740 92 27 förenad
546 740 66 27 tjenst.
645 739 104 21 Emedan
765 739 146 21 vicehärads-

165 776 165 29 höfdingetitel,
354 776 93 22 hvilken
469 776 116 21 meddelas
608 775 24 22 af
654 775 151 27 Hofrätterne,
827 782 83 21 genom

166 813 184 28 rangordningen
371 812 25 22 af
409 812 45 22 den
472 813 25 21 15
512 812 42 28 juli
572 813 54 21 1897
644 812 120 22 öfverförts
780 812 51 21 från
848 812 63 21 13:de

165 850 34 21 till
216 851 57 20 11:te
289 850 156 26 rangklassen,
460 849 43 21 har
519 849 113 21 Utskottet
645 848 7 21 i
666 848 89 22 tariffen
771 848 95 27 vidtagit
881 855 29 15 en

165 886 69 22 häraf
254 886 109 26 betingad
386 885 103 27 ändring,
513 885 123 21 bestående
659 885 48 21 deri
731 887 33 19 att
786 885 39 21 vid
849 886 61 20 näst-

165 922 103 22 nämnda
289 922 120 27 rangklass
425 921 93 28 afgiften
534 921 116 28 upptagits
664 920 86 29 jemväl
765 921 8 21 i
789 921 74 21 andra
878 920 32 22 af-

165 959 129 26 delningen,
320 958 121 21 hvaremot
463 958 39 21 vid
527 958 63 21 13:de
613 957 149 27 rangklassen
787 957 92 27 afgiften
902 957 9 21 i

166 995 75 22 denna
258 994 118 27 afdelning
390 995 131 21 utlemnats.

236 1049 155 28 Förpassning.
415 1049 76 27 Enligt
507 1049 61 21 hvad
584 1049 63 20 inom
661 1048 115 21 Utskottet
786 1048 125 28 uppgifvits

164 1086 69 21 hafva
258 1085 204 27 bestämningarna
485 1085 7 21 i
515 1085 104 27 gällände
643 1084 134 28 förordning
800 1084 40 22 vid
857 1085 52 21 tull-

166 1123 124 20 kamrarna.
311 1122 127 27 tillämpats
462 1121 69 27 olika,
546 1121 7 21 i
569 1121 38 21 det
630 1123 32 21 att
677 1121 39 21 vid
732 1121 71 27 några
819 1121 24 21 af
857 1121 53 21 dem

165 1158 124 21 utländska
312 1157 161 28 spritdrycker,
493 1164 50 14 som
559 1157 50 22 icke
624 1157 40 21 vid
679 1157 163 28 importortens
858 1157 52 21 tull-

165 1195 119 20 kammare
294 1193 181 21 tullbehandlats
487 1195 55 18 utan
555 1193 7 20 i
578 1193 83 20 sädant
676 1192 107 23 afseende
799 1193 53 20 med
865 1192 44 21 för-

165 1229 110 28 passning
298 1229 109 21 afsändas
427 1229 35 20 till
478 1235 77 16 annan
570 1228 163 22 tullkammare
748 1228 8 21 i
772 1228 77 21 landet
865 1228 44 21 och

164 1265 92 21 hvilkas
272 1265 115 27 egenskap
403 1264 25 21 af
442 1264 154 27 spritdrycker
608 1263 98 22 sälunda
717 1265 63 20 ännu
791 1263 50 22 icke
853 1264 57 21 kon-

165 1302 112 25 staterats,
293 1300 76 22 blifvit
384 1299 113 22 hänförda
512 1300 34 22 till
562 1306 70 15 mom.
649 1299 29 27 b.,
695 1299 84 21 medan
791 1299 119 22 desamma

164 1337 103 20 deremot
288 1336 40 19 vid
348 1335 72 20 andra
436 1335 135 20 tullkamrar
586 1335 104 21 hänförts
706 1336 31 19 än
751 1335 34 20 tili
811 1331 56 33 mom.
880 1341 29 18 a.

164 1371 44 20 och
225 1372 30 19 än
271 1370 35 22 till
322 1375 71 17 mom.
411 1370 28 25 b.,
455 1370 114 20 beroende
585 1369 25 21 af
626 1369 144 28 uppgifterna
786 1369 7 21 i
809 1369 102 21 konnäs-

165 1408 123 19 sementen.*
321 1406 35 21 Då
372 1405 126 24 emellertid
513 1405 143 28 rusdrycker,
669 1412 50 14 som
732 1405 115 21 inhemtas
858 1405 51 21 från

164 1442 130 27 utrikesort,
308 1442 40 21 der
359 1442 8 21 i
380 1441 170 28 lagstiftningen
562 1441 92 26 skilnad
666 1441 50 21 icke
728 1443 65 25 göres:
811 1442 98 20 emellan

165 1478 155 28 spritdrycker
341 1478 44 21 och
407 1483 92 22 svagare
515 1477 146 28 rusdrycker,
675 1477 7 21 i
699 1477 210 22 konnässementen

235 1524 204 24 Bevillmingsutskottets
452 1524 108 18 betänkande
572 1524 35 20 N:o
619 1525 19 17 3.
