1078 1756
348 134 27 22 U.
390 134 27 22 B.
433 147 27 3 —
476 135 71 27 Prop.
578 134 40 22 N:o
633 135 36 22 21.
827 136 14 21 5

117 202 124 27 skaffenhet,
257 203 89 22 likasom
366 204 40 28 ock
425 206 31 19 att
476 204 119 21 inrättande
615 204 39 21 och
673 204 111 27 nyttjande
801 204 22 21 af
837 204 33 21 så-

118 236 55 22 dana
197 237 154 27 anläggningar
372 239 51 19 utan
445 238 94 21 tillstånd
560 238 52 21 eller
630 238 5 20 i
655 238 53 21 strid
727 238 48 21 med
794 238 26 21 de
835 238 34 20 vid

117 271 139 21 meddelande
271 271 23 21 af
308 271 96 22 tillstånd
415 272 57 26 gifna
483 271 135 22 föreskrifter
630 272 99 26 belägges
745 272 47 20 med
803 271 65 21 straff.

185 305 101 21 Förutom
303 311 26 15 en
344 305 24 21 af
381 305 111 21 Utskottet
506 306 31 21 uti
552 306 14 20 4
582 306 7 26 8
604 306 7 21 i
621 306 137 26 lagförslaget
768 306 100 25 vidtagen

116 338 132 22 redaktionel
264 340 90 26 ändring
368 341 56 19 samt
439 340 66 26 några
520 339 108 27 språkliga
642 340 99 21 rättelser
757 340 6 20 i
780 340 39 20 den
831 338 39 22 fin-

117 373 38 21 ska
177 375 79 25 texten,
279 373 39 22 har
336 373 116 26 Utskottet,
477 374 131 21 beträffande
631 374 11 21 7
659 374 9 27 8
692 374 7 21 i
716 374 103 26 förslaget
837 374 32 20 till

116 407 124 27 förordning
258 408 7 21 i
284 410 78 23 ämnet,
382 409 71 20 ansett
467 410 32 20 att
515 408 69 22 denna
600 408 18 28 $,
634 408 68 22 såsom
720 408 149 21 innehållande

117 448 25 16 en
165 442 109 27 anvisning
297 448 34 15 om
354 444 32 19 att
408 442 101 22 särskildt
532 442 94 22 tillstånd
649 442 61 22 bör
701 438 14 35 i
729 442 139 22 föreskrifven

117 476 89 27 ordning
221 476 101 22 utverkas
337 476 33 22 för
385 477 121 21 inrättande
521 477 23 21 af
558 477 131 26 vattenverk,
706 483 45 15 som
767 476 33 22 för
814 476 55 22 elek-

116 511 67 21 triska
209 511 151 27 anläggningar
387 511 113 27 erfordras,
523 512 71 25 borde,
618 511 89 22 likasom
731 511 138 27 anvisningen

117 552 33 15 om
169 547 32 19 att
219 545 97 22 tillstånd
334 546 34 21 för
384 546 103 21 elektrisk
505 546 127 27 anläggning
651 546 38 21 bör
707 546 63 22 sökas
785 546 28 27 på
827 547 43 20 sätt

117 580 39 22 och
171 580 7 21 i
193 580 41 22 den
249 581 90 27 ordning
353 586 45 16 som
414 581 72 21 derom
502 583 24 19 är
540 581 103 22 särskildt
657 581 108 26 stadgadt,
777 580 49 26 ingå
839 580 31 20 uti

116 614 102 27 förslaget
232 614 32 22 till
279 615 35 27 lag
330 615 109 27 angående
454 616 115 21 elektriska
585 615 151 28 anläggningar
753 614 38 22 och
803 615 66 25 lämp-

115 648 64 27 ligast
195 650 31 20 uti
242 649 48 21 dess
308 650 8 18 1
334 649 18 28 8.

185 683 31 21 På
230 684 70 26 grund
315 684 24 21 af
352 684 56 21 hvad
424 684 61 22 ofvan
502 684 127 22 framhållits
643 684 32 22 får
686 684 110 21 Utskottet
807 684 62 20 vörd-

117 719 54 19 samt
187 717 78 22 föreslå

323 760 31 19 att
371 758 124 22 Ständerna
510 759 49 21 ville
570 759 8 20 i
588 759 139 27 underdånig
737 757 132 28 svarsskrif-

253 793 55 20 velse
327 792 35 21 till
381 792 65 22 Hans
461 793 128 28 Kejserliga
605 793 104 28 Majestät
725 792 96 24 anmäla,
837 794 32 18 att

255 826 34 22 det
312 827 8 21 i
345 827 145 27 förevarande
508 828 84 27 nådiga
607 828 138 28 proposition
764 826 106 28 ingående

255 861 143 28 lagförslaget
416 861 73 28 blifvit
504 862 29 27 af
546 861 123 21 Ständerna
684 861 48 21 med
749 868 26 14 en
785 860 84 21 mindre

256 896 96 27 ändring
363 895 38 21 och
417 898 27 18 ett
460 896 77 28 tillägg
553 898 93 25 antaget,
665 895 36 21 till
715 895 60 27 följd
789 894 80 27 hvaraf

254 930 70 27 sagda
338 929 85 29 förslag
437 930 83 21 komme
531 932 32 18 att
574 929 84 21 erhålla
668 929 101 28 följande
779 928 89 28 lydelse:

322 1044 40 27 Lag
381 1044 107 26 angående
507 1044 111 22 elektriska
632 1044 147 26 anläggningar
794 1043 32 21 för
841 1042 28 21 al-

253 1078 85 22 strande
353 1078 21 21 af
390 1078 38 27 ljus
443 1079 51 20 eller
508 1078 34 21 för
556 1078 123 27 öfverföring
695 1077 22 21 af
732 1077 61 22 kraft.

540 1153 49 27 18

322 1198 112 21 Elektrisk
452 1198 136 27 anläggning
607 1198 35 27 för
657 1198 113 21 alstrande
786 1197 28 27 af
826 1197 44 27 ljus

254 1233 53 20 eller
326 1233 35 27 för
380 1232 134 27 öfverföring
532 1232 28 27 af
572 1231 62 28 kraft
648 1232 49 21 med
711 1232 25 20 så
751 1231 40 28 hög
806 1233 65 24 spän-

254 1267 54 27 ning
330 1267 38 20 hos
387 1267 41 20 den
446 1266 116 21 elektriska
581 1268 114 19 strömmen
714 1266 54 20 eller
787 1271 83 15 annars

254 1301 29 27 af
296 1301 72 21 sådan
383 1300 145 27 beskaffenhet
543 1300 53 21 eller
611 1300 48 21 med
673 1299 81 22 sådant
769 1299 54 28 läge,
839 1301 31 18 att

255 1335 161 28 anläggningen
441 1335 45 21 kan
511 1335 99 27 medföra
632 1335 57 20 väda
711 1334 36 27 för
769 1334 32 27 lif
819 1333 53 22 eller

254 1369 108 28 egendom,
378 1369 38 28 får
430 1369 47 20 icke
496 1370 95 20 inrättas
610 1369 51 20 eller
676 1368 111 27 bedrifvas
801 1368 70 21 innan

256 1403 102 21 tillstånd
372 1402 76 22 dertill
462 1402 110 21 utverkats
584 1403 33 26 på
632 1403 44 20 sätt
691 1401 38 22 och
745 1402 8 19 i
769 1401 40 21 den
820 1401 51 21 ord-

254 1437 54 28 ning
324 1436 107 22 särskildt
445 1437 79 20 varder
538 1435 108 28 stadgadt,
663 1435 151 28 hvarjemte,
827 1435 45 20 der

185 1483 183 18 Ekonomiutskottets
380 1482 110 19 betänkande
504 1481 35 18 N:o
551 1483 19 16 4.
