1075 1786
165 149 27 21 62
382 149 22 22 U.
421 148 23 23 B.
460 161 28 3 —
505 148 62 27 Prop.
583 148 38 22 N:o
633 147 40 22 24.

165 214 52 21 eller
233 213 135 23 försummar
384 214 31 19 att
430 212 127 22 vidhäftade
573 211 187 28 stämpelmärken
776 211 8 22 i
802 211 111 22 föreskrif-

165 255 42 16 ven
222 249 95 26 ordning
331 248 122 26 makulera,
470 248 51 21 böte
537 248 76 26 hvarje
628 247 58 28 gäng
708 247 45 22 han
768 247 93 22 därmed
877 247 38 22 be-

165 285 74 21 trädes
255 285 60 26 tjugo
330 285 65 21 mark
418 284 42 21 och
482 289 53 16 vare
550 283 110 27 därjämte
680 283 88 27 skyldig
782 285 33 19 att
831 285 82 19 ersätta

165 320 30 22 all
210 321 44 21 den
268 320 81 22 förlust
363 320 87 21 kronan
466 319 29 27 pä
511 318 80 23 sädant
606 320 43 20 sätt
664 318 149 28 tillskyndats.

511 403 28 21 29
555 402 20 29 8.

237 446 106 22 Beträdes
359 444 117 28 försäljare
492 445 51 21 med
559 444 154 22 försummelse
730 444 53 23 eller
799 446 60 22 visar
870 446 45 21 han

166 482 94 27 ogenhet
275 481 54 22 eller
345 481 62 21 beter
418 480 32 28 sig
461 481 143 27 otillständigt
615 483 58 19 emot
682 480 155 28 allmänheten,
847 482 68 21 varde

166 517 50 22 från
231 517 151 27 befattningen
398 516 64 22 skild.
495 512 140 26 Öfverträder
655 516 117 27 försäljare
788 517 105 22 förbudet
908 518 7 20 i

167 553 28 21 23
211 552 21 29 8,
249 558 94 16 ansvare
358 553 45 21 han
419 552 76 22 därför
517 552 75 22 såsom
615 552 34 22 för
672 552 64 28 olaga
755 553 102 27 uppbörd
873 553 41 21 och

166 589 69 21 varde
251 589 66 21 äfven
333 588 6 21 i
356 588 60 21 detta
431 588 39 21 fall
486 588 50 21 från
551 588 151 27 befattningen
718 588 65 21 skild.

512 671 29 22 30
556 671 21 29 8.

227 713 62 21 Huru
305 713 43 22 den
364 713 57 21 skall
436 712 96 26 straffas,
547 719 54 20 som,
618 712 35 21 för
669 715 31 19 att
716 713 82 22 bereda
813 714 34 26 sig
860 713 56 22 eller

168 755 73 16 annan
257 751 68 25 nytta,
342 748 54 22 eller
411 748 71 22 skada
504 754 81 21 annan,
609 748 96 27 eftergör
726 749 55 21 eller
796 749 119 21 förfalskar

168 784 179 27 stämpelpapper
363 784 53 21 eller
432 784 182 27 stämpelmärke;
637 784 54 21 eller
709 785 40 26 gör
765 785 33 26 sig
813 785 54 21 eller
879 791 37 15 an-

168 826 44 15 nan
228 820 175 26 förfalskningen
417 819 33 22 till
466 819 67 28 godo;
549 820 54 21 eller
618 820 39 27 gör
673 820 57 21 bruk
746 819 24 22 af
784 820 54 22 eller
849 821 68 20 sätter

168 856 7 21 i
191 855 89 28 omlopp
297 855 52 22 äkta
365 855 180 28 stämpelpapper
561 855 53 22 eller
629 855 178 28 stämpelmärke,
820 863 48 14 som
879 856 37 21 ho-

168 897 52 15 nom
235 891 120 27 veterligen
371 891 69 21 redan
456 891 35 21 för
501 891 37 21 sitt
548 891 104 21 ändamål
667 892 121 25 användts;
804 891 60 27 eller,
881 891 35 22 för

169 928 32 20 att
215 926 82 22 bereda
313 927 33 27 sig
361 926 55 22 eller
426 932 75 16 annan
511 928 68 26 nytta,
591 932 78 22 genom
681 926 79 28 oriktig
769 927 87 27 uppgift
864 926 53 23 eller

169 965 68 19 annat
251 962 61 26 svek,
336 962 156 27 undandrager
515 962 53 22 eller
587 963 67 21 söker
668 962 147 28 undandraga
831 963 86 21 kronan

169 998 164 27 stämpelskatt:
350 999 77 21 därom
443 998 65 28 skiljs
523 999 6 21 i
545 998 113 22 allmänna
671 998 137 28 Strafflagen.

514 1099 27 21 31
558 1098 20 29 8.

229 1139 171 23 Vederbörande
424 1139 104 28 åklagare
551 1139 82 29 åligger
656 1140 36 22 vid
708 1141 163 27 tjensteansvar
886 1143 32 19 att

169 1175 28 27 på
213 1176 38 21 det
265 1178 162 24 noggrannaste
450 1176 57 21 vaka
523 1176 61 21 öfver
607 1176 74 21 denna
696 1176 140 27 förordnings
855 1176 62 22 efter-

169 1211 75 21 lefnad
259 1211 43 22 och
317 1211 159 22 öfverträdelse
493 1211 64 22 däraf
572 1211 93 27 lagligen
681 1211 77 22 beifra.

515 1312 28 21 32
559 1311 20 29 8.

242 1352 71 27 Böter,
330 1359 49 15 som
395 1352 67 27 enligt
477 1352 73 21 denna
566 1348 129 53 föröråning
715 1352 101 28 ädömas,
831 1353 87 22 tillfalla

170 1388 91 22 kronan.

240 1423 88 22 Saknas
344 1423 91 28 tillgång
450 1423 32 22 till
499 1423 104 23 böternas
619 1424 54 22 fulla
688 1425 116 27 gäldande,
812 1421 106 53 förvand”

170 1460 33 22 las
219 1460 28 21 de
263 1460 56 22 efter
331 1459 85 23 allmän
432 1459 109 28 Strafflag.

241 1514 207 24 Bevillningsutskottets
460 1514 109 18 betänkande
582 1514 37 19 N:o
632 1515 16 17 3.
