1073 1761
460 140 51 21 N:o
528 137 53 23 24.

349 418 71 25 Hans
442 418 169 32 Kejserliga
640 409 152 41 Majestäts
816 417 80 32 nådiga

283 465 137 32 proposition
436 459 11 42 —
457 464 32 25 till
525 464 102 25 Finlands
659 464 94 25 Ständer
783 463 114 32 angående

283 509 219 33 stämpelbevillning.

213 599 83 28 Enligt
318 598 28 22 de
368 599 38 22 till
429 600 130 22 Ständerna
584 600 41 21 vid
649 602 52 20 1897
726 601 36 21 års
784 600 114 29 landtdag

144 634 128 22 aflemnade
288 634 121 29 uppgifter
424 642 37 14 om
476 635 109 28 beloppet
600 635 26 21 af
638 635 260 29 stämpelbevillningen

145 669 37 21 för
197 670 57 20 åren
270 670 139 21 1893—1895
425 670 103 28 uppgick
543 669 232 29 nettobehållningen
786 670 27 20 af
822 669 76 22 denna

145 703 64 21 skatt
224 702 37 22 för
275 703 103 22 nämnda
394 704 24 20 år
433 703 38 21 till
486 704 103 28 följande
605 704 94 28 belopp:

144 766 30 17 för
186 767 21 17 år
220 767 43 17 1893
276 766 59 23 enligt
346 766 198 23 kapitalräkningarna
556 766 29 18 till.
614 780 5 3 .
639 780 3 3 .
662 780 3 3 .
685 779 3 4 .
712 766 46 18 Fmk
770 767 95 21 1,014,492:
871 768 27 16 22.

158 808 6 8 »
193 809 6 8 »
220 802 44 16 1894
301 809 7 8 >
438 809 7 8 ,
567 808 6 9 m
594 814 94 4 RSA
736 809 6 8 »
769 802 129 21 1,0385,347:
873 790 29 37 04.

159 844 6 7 »
192 844 7 7 »
219 836 44 18 1895
302 844 6 8 >»
334 836 120 18 summariska
466 837 125 22 räkningarna
602 836 43 18 till.
665 850 2 4 .
687 850 3 3 .
737 844 6 8 »
769 836 94 22 1,500,286:
871 836 27 17 75.

214 899 198 29 Räkenskaperna
425 900 37 21 för
475 899 260 29 stämpelbevillningen
745 899 73 22 under
828 899 71 29 derpä

145 934 106 28 följande
265 936 36 20 tre
317 935 25 21 är
356 935 78 21 utvisa
448 934 179 22 nedannämnda
641 934 108 22 resultat:

146 992 145 18 bruttoinkomst
299 992 29 18 för
337 993 43 17 1896
389 992 58 22 enligt
455 992 199 22 kapitalräkningarna
669 1006 1 3 .
692 1006 1 3 .
715 992 47 17 Fmk
775 992 94 22 1,758,082:
877 992 21 17 55

218 1034 6 8 »
312 1035 7 7 »
338 1027 43 17 1897
416 1034 6 8 »
551 1034 7 9 >
669 1039 27 5 ++
736 1034 7 8 >
775 1026 125 22 1,792,571:60

217 1068 7 8 »
312 1069 6 8 »
337 1062 44 16 1898
414 1068 7 9 >
447 1061 120 17 summariska
573 1060 124 22 räkningarna
736 1068 7 8 =»
776 1060 120 21 1,622,123:11

146 1114 66 26 samt,
236 1112 61 21 efter
319 1112 84 28 afdrag
418 1112 27 21 af
457 1112 134 28 respektiva
607 1113 89 26 115,396
711 1112 67 20 mark
793 1114 12 18 6
821 1111 77 28 penni,

148 1148 89 26 119,546
260 1146 66 22 mark
349 1149 26 19 77
397 1146 72 28 penni
488 1146 43 22 och
548 1148 87 27 103,381
652 1146 67 22 mark
734 1148 26 19 32
776 1146 71 28 penni
862 1145 38 22 för

146 1181 209 28 stämpelkontoret
370 1183 60 19 samt
445 1181 156 21 kostnaderna
611 1181 38 21 för
659 1180 186 29 stämpelpapper
855 1179 44 22 och

146 1215 207 29 stämpelmärkens
368 1215 153 29 tillverkning
537 1217 43 20 och
595 1215 140 28 försäljning
749 1223 29 13 m.
793 1223 37 18 m.,

146 1273 184 23 nettobehällningen
342 1273 29 18 för
384 1274 43 17 1896.
453 1287 6 5 .
506 1269 9 31 <
524 1285 163 5 «ne
712 1272 45 18 Fmk
770 1273 95 21 1,642,686:
871 1272 29 17 49.

241 1315 5 8 ,
355 1315 6 9 >
388 1308 43 17 1897,
457 1321 28 4 os
504 1321 26 4 ss
550 1321 26 4 ss
595 1320 95 5 sea
733 1314 6 8 »
770 1307 94 21 1,673,224;
871 1307 28 16 83.

240 1349 7 8 »
355 1350 6 9 3
387 1343 45 17 1800:
457 1355 5 4 a
482 1356 3 3 v
505 1355 185 4 misessä
590 1339 13 29 a
614 1339 13 29 »
650 1339 44 29 rr
733 1349 6 8 »
770 1341 129 21 1,518,741:79.

215 1411 52 20 Den
290 1410 121 28 betydliga
433 1410 105 28 stegring
553 1410 27 21 af
593 1410 133 20 inkomsten
740 1408 38 22 för
792 1408 108 28 stämpel-

149 1444 165 29 bevillningen,
331 1451 47 15 som
395 1445 25 20 är
437 1445 53 21 1895
502 1444 57 28 egde
569 1451 57 21 rum,
637 1442 101 23 berodde
749 1442 8 22 i
767 1442 134 27 väsendtlig
