1050 1714
350 99 30 23 U.
394 100 29 22 B.
438 113 28 3 —
481 100 74 29 Prop.
570 100 44 23 N:o
629 98 36 25 27.
873 103 11 20 7

132 167 48 22 dess
197 168 12 21 6
225 167 12 29 &
252 167 143 29 uttryckligen
415 169 132 21 förklarades
562 171 33 19 att
609 169 89 22 medlem
714 169 23 22 af
752 169 134 28 evangelisk-

131 201 109 22 lutherska
264 201 89 28 kyrkan,
375 209 45 14 som
443 203 65 28 hyser
530 203 128 22 villfarande
680 204 85 27 mening
787 206 55 19 samt
862 203 24 21 af

131 235 100 28 grundlig
250 235 153 28 undervisning
418 236 41 21 och
475 237 123 20 kärleksfull
614 237 121 28 förmaning
750 237 18 28 ej
785 237 53 21 läter
852 237 36 27 sig

130 269 33 20 till
178 270 54 19 rätta
247 269 65 27 föras,
328 272 52 18 utan
394 270 79 21 önskar
490 270 62 27 skilja
566 271 34 27 sig
614 271 48 20 frän
677 270 71 21 denna
760 271 78 27 kyrkas
848 277 38 21 ge-

131 302 103 28 menskap
255 303 40 20 och
311 303 31 20 till
358 307 65 17 annat
438 303 169 28 kyrkosamfund
622 304 96 27 öfvergä,
733 305 18 27 ej
768 304 54 21 skall
838 304 48 21 der-

131 335 56 22 ifrän
210 337 22 20 af
253 336 82 29 kyrkan
350 336 93 22 hindras.
472 337 85 22 Samma
573 337 116 22 frisinnade
705 337 134 29 ständpunkt
853 338 33 20 in-

130 373 61 25 tager
206 371 64 21 äfven
286 371 233 29 landtdagsordningen
535 371 23 22 af
573 371 41 22 den
631 373 26 20 15
673 372 62 28 April
749 373 62 26 1869,
821 372 64 21 hvars

132 406 26 20 14
175 405 11 27 8
203 405 90 28 beviljar
307 405 78 22 valrätt
399 405 37 22 vid
451 406 227 28 landtdagsmannaval
693 406 66 21 äfven
771 406 23 21 ät
805 405 81 22 sådana

131 439 68 22 finska
215 439 144 29 medborgare,
375 447 45 15 som
436 441 89 21 omfatta
540 448 69 14 annan
624 442 27 19 än
666 441 42 21 den
724 441 82 21 kristna
821 441 65 26 läran,

132 478 54 17 samt
201 475 120 20 utsträcker
336 474 137 22 valbarheten
484 475 32 21 till
528 475 162 27 landtdagsman
705 475 33 21 till
753 475 41 21 alla
805 475 81 21 kristna

131 508 167 22 trosbekännare
314 509 6 20 i
335 516 83 20 gemen,
433 509 56 22 dock
504 512 32 18 att
550 509 170 28 landtdagsmän,
730 509 74 22 hvilka
814 509 18 28 ej
844 509 42 21 till-

131 542 52 22 höra
205 543 244 28 evangelisk-lutherska
472 543 195 26 trosbekännelsen,
689 543 84 29 jemlikt
795 544 27 21 49
846 544 13 27 $
879 545 7 19 i

131 577 234 28 landtdagsordningen
382 578 17 27 ej
416 577 23 21 få
454 578 83 27 deltaga
548 578 7 21 i
565 578 131 28 granskning
709 578 23 21 af
742 577 86 28 förslag,
839 585 46 14 som

131 611 37 21 vid
184 611 103 28 landtdag
301 611 129 22 framställas
446 612 89 21 rörande
551 612 104 28 kyrkolag
670 612 34 21 för
719 612 108 22 lutherska
842 612 44 21 för-

132 646 143 28 samlingarna
290 646 5 21 i
312 646 73 21 landet
395 646 51 21 eller
456 646 62 21 deras
529 646 96 29 kyrkliga
636 646 149 22 förhällanden
796 646 6 21 i
814 646 72 28 öfrigt.

200 680 29 22 Sä
244 680 63 28 länge
322 680 74 22 landet
410 682 57 20 ännu
483 680 94 22 saknade
592 688 26 14 en
630 681 147 27 dissenterlag,
786 680 100 28 utgjorde

132 715 117 21 emellertid
272 714 91 22 anförda
386 714 133 29 stadganden
535 716 6 20 i
557 714 130 30 kyrkolagen
707 715 40 22 och
763 714 123 29 landtdags-

131 749 118 28 ordningen
273 756 57 14 mera
352 757 27 14 en
401 750 147 28 anticipation,
570 751 28 19 än
620 753 31 18 ett
673 750 174 28 förverkligande
862 749 24 21 af

131 784 149 22 trosfrihetens
295 784 143 28 grundsatser.
461 784 76 22 Redan
552 784 37 22 vid
606 785 54 21 1863
673 784 34 22 års
719 784 102 28 landtdag
831 785 55 20 erin-

131 818 51 22 rade
205 818 122 22 Ständerna
349 826 34 14 om
405 818 103 22 behofvet
528 818 23 22 af
568 826 28 20 ny
612 818 135 28 lagstiftning
761 819 31 20 uti
808 818 78 28 ifråga-

131 852 94 22 varande
248 854 71 25 ämne;
343 852 40 22 och
398 853 67 21 sedan
481 854 54 20 1872
552 853 32 21 års
600 852 92 22 Ständer
707 854 30 20 uti
753 852 134 28 underdånig

132 887 89 29 petition
245 886 123 29 ytterligare
391 887 89 21 anhållit
498 894 33 14 om
547 886 65 29 nådig
627 888 132 27 proposition
775 886 111 28 angående

132 921 147 28 dissenterlag,
295 921 169 21 öfverlemnades
480 921 36 21 vid
532 920 129 29 landtdagen
676 921 51 21 åren
745 922 141 20 1877—1878

131 955 33 21 till
186 954 121 22 Ständerna
328 956 132 28 proposition
476 955 48 21 med
540 954 80 29 förslag
635 955 32 21 till
683 954 64 22 bland
763 958 65 18 annat
842 954 44 21 för-

132 989 92 29 ordning
244 989 112 28 angående
379 989 121 21 bekännare
514 989 24 21 af
552 989 132 21 främmande
700 990 81 20 kristen
797 988 90 22 troslära

132 1025 8 20 i
154 1023 93 22 Finland
270 1024 41 21 och
333 1024 63 22 deras
416 1023 172 29 religionsfrihet.
622 1024 74 28 Enligt
719 1023 60 21 detta
801 1023 86 27 förslag,

132 1058 82 22 hvilket
229 1058 48 21 icke
292 1058 70 22 skulle
377 1058 68 22 införa
461 1058 69 28 någon
546 1058 90 28 ändring
651 1057 23 21 af
688 1057 58 22 hvad
761 1058 6 20 i
783 1056 103 22 afseende

133 1092 13 21 å
160 1092 163 28 grekisk-ryska
345 1093 166 21 trosbekännare
535 1100 38 13 var
593 1092 106 28 stadgadt,
714 1091 67 22 borde
796 1091 91 21 medlem

133 1126 23 22 af
171 1126 245 28 evangelisk-lutherska
435 1126 87 28 kyrkan,
538 1133 46 15 som
599 1126 91 28 uppnått
705 1127 44 20 viss
765 1126 68 26 ålder,
848 1133 40 21 ega

132 1162 43 20 rätt
195 1164 32 18 att
248 1168 25 13 ur
293 1160 71 22 denna
379 1160 67 29 kyrka
461 1160 91 27 utträda,
568 1160 48 22 med
631 1160 106 21 förbehåll
752 1163 31 18 att
798 1159 42 21 han
855 1160 33 20 in-

133 1194 75 22 trädde
223 1196 7 19 i
246 1198 66 18 annat
322 1195 57 21 inom
390 1194 73 22 landet
474 1194 113 28 behörigen
598 1194 103 21 inrättadt
711 1194 176 28 kyrkosamfund.

132 1228 46 22 Det
197 1228 23 22 af
238 1229 140 21 1877—1878
394 1228 34 22 års
444 1228 92 21 Ständer
550 1231 92 25 antagna
657 1228 117 28 lagförslag
788 1228 6 20 i
810 1229 78 24 ämnet,

132 1262 49 22 från
197 1263 82 21 hvilket
291 1262 82 29 förslag
383 1262 139 22 omförmälda
533 1262 105 22 förbehåll
649 1261 132 22 beträffande
791 1261 97 29 grekisk-

133 1298 65 27 ryska
218 1297 168 21 trosbekännare
408 1297 114 27 uteslutits,
544 1304 56 14 vann
624 1296 117 22 emellertid
761 1296 48 22 icke
825 1296 62 21 Hans

133 1331 122 28 Kejserliga
277 1331 113 27 Majestäts
412 1330 78 27 nådiga
512 1330 162 27 godkännande.
706 1330 47 21 Vid
778 1331 55 20 1888
852 1330 36 21 års

133 1364 103 27 landtdag
255 1365 57 27 fingo
331 1363 120 22 Ständerna
466 1363 120 22 sedermera
601 1366 94 25 mottaga
710 1371 29 18 ny
754 1363 133 28 proposition

134 1399 7 21 i
156 1405 80 16 samma
258 1400 68 24 ämne,
345 1397 42 23 och
402 1405 38 14 var
455 1399 7 20 i
477 1397 69 22 denna
562 1398 132 28 proposition
710 1397 130 28 rättigheten
855 1397 33 20 till

202 1444 136 24 Lagutskottets
350 1444 111 18 betänkande
473 1443 37 18 N:o
522 1444 28 17 12.
