1700 1914
654 243 73 23 Ständ.
743 243 34 23 Sv.
793 250 26 9 —
837 243 60 29 Prop.
912 244 37 22 N:e
962 244 38 23 20.
1187 242 13 22 5

518 307 33 21 1:o
566 307 156 28 andelslagets
737 315 80 20 namn;

516 341 36 21 2:0
568 342 44 21 den
628 344 37 19 ort
679 342 8 20 i
703 342 86 27 landet,
805 342 97 21 hvilken
917 342 62 21 skall
993 350 66 14 anses
1075 342 75 21 såsom
1161 348 40 15 an-

448 375 125 29 delslagets
588 376 100 27 hemort;

518 410 34 21 3:o
568 410 123 22 föremålet
705 410 37 21 för
757 410 155 28 andelslagets
928 410 155 28 verksamhet;

516 444 36 22 4:o
575 445 40 21 det
634 444 82 29 belopp
732 445 9 21 i
756 446 137 27 penningar,
909 445 111 21 hvarmed
1035 445 88 21 enhvar
1138 444 62 22 med-

448 478 46 22 lem
510 478 103 30 deltager
627 480 10 20 i
651 479 152 29 andelslaget,
819 480 60 21 huru
893 480 64 21 detta
975 480 82 28 belopp
1073 480 42 21 bör
1123 478 78 22 indra-

448 520 50 22 gas,
521 516 59 18 samt
602 514 116 22 huruvida
739 514 99 22 medlem
860 515 37 21 mä
920 514 95 28 deltaga
1033 514 9 21 i
1057 513 145 29 andelslaget

449 548 53 22 med
516 547 55 22 flere
588 552 29 18 än
633 556 29 14 en
675 548 74 27 sädan
764 548 85 28 insats;

518 583 34 21 5:o
569 583 30 28 pä
614 583 62 22 hvad
691 585 47 20 sätt
754 583 43 22 och
812 584 37 21 till
864 583 91 22 hvilket
970 583 84 29 belopp
1065 582 137 23 reservfond

449 617 37 22 till
501 617 185 22 säkerställande
701 617 26 22 af
742 618 154 29 andelslagets
907 618 148 21 verksamhet
1065 618 42 21 bör
1117 617 84 28 bildas;

519 652 34 22 6:0
577 653 114 21 huruvida
713 653 156 29 andelslagets
888 653 149 22 medlemmar
1053 660 97 14 ansvara
1166 651 37 22 för

450 687 52 22 dess
525 687 155 22 förbindelser
703 687 82 22 endast
799 688 52 21 med
867 688 62 21 hvad
944 687 29 22 de
989 688 13 21 å
1016 688 104 21 insatsen
1136 686 43 22 och
1194 687 8 20 i

450 721 73 22 andra
546 721 97 29 afgifter
665 723 114 21 inbetalat
801 723 56 21 eller
879 723 72 21 redan
973 723 52 21 bort
1047 721 104 22 inbetala
1165 721 38 21 till

450 756 146 29 andelslaget
611 757 43 21 och
669 757 75 21 dettas
760 757 77 29 öfriga
851 757 132 28 tillgångar,
1000 757 56 21 eller
1066 763 36 15 om
1113 755 29 22 de
1152 756 50 21 der-

448 791 72 27 jemto
535 794 39 18 äro
591 791 107 28 skyldige
713 793 35 19 att
762 791 38 21 till
816 791 139 28 begränsadt
971 791 83 28 belopp
1068 791 37 21 för
1115 789 88 22 enhvar

451 824 57 21 eller
533 825 155 28 obegränsadt
712 825 123 29 tillskjuta,
860 825 62 23 hvad
945 825 38 21 till
1005 824 197 22 förbindelsernas

450 859 116 28 gäldande
583 859 126 28 erfordras;

520 895 34 20 7:o
577 894 133 28 grunderna
728 895 37 21 för
781 894 180 28 användningen
977 894 26 21 af
1015 893 188 29 uppkommande

451 928 73 27 vinst;

520 963 36 22 8:0
578 963 61 21 huru
661 963 157 29 andelslagets
840 963 95 29 styrelse
958 967 25 17 är
1005 963 88 22 ordnad
1109 962 44 21 och
1168 962 36 21 för

452 997 60 23 huru
527 997 56 30 läng
599 998 35 21 tid
649 998 134 22 densamma
797 998 60 22 skall
871 1000 72 25 utses;

522 1033 34 21 9:0
579 1033 68 22 tiden
667 1033 37 22 för
719 1033 150 29 uppgörande
885 1033 27 21 af
925 1033 119 22 bokslutet
1059 1033 60 21 samt
1134 1033 71 21 sättet

453 1068 38 21 för
512 1068 178 28 granskningen
711 1068 26 22 af
759 1069 154 28 andelslagets
928 1068 157 28 räkenskaper
1101 1067 43 21 och
1159 1066 47 22 för-

452 1102 121 28 valtning;

524 1137 47 21 10:o0
588 1137 71 26 tiden,
673 1137 64 21 inom
753 1137 94 22 hvilken
864 1136 115 22 ordinarie
989 1139 97 19 stämma
1096 1136 8 21 i
1115 1135 90 22 andels-

454 1171 63 29 laget
532 1172 61 21 skall
608 1172 84 26 hällas;

524 1206 48 22 11:0
595 1208 81 20 sättet
689 1206 36 22 för
747 1209 110 19 stämmas
879 1205 214 23 sammankallande
1112 1205 42 21 och
1170 1204 36 22 för

454 1240 77 29 öfriga
546 1240 246 29 tillkännagifvanden
808 1241 24 21 åt
847 1240 156 28 andelslagets
1018 1237 158 24 medlemmar.

806 1334 15 20 4
835 1334 20 26 8.

524 1378 139 29 Andelslags
686 1386 69 14 namn
778 1378 60 22 skall
859 1380 105 27 upptaga
979 1378 66 21 ordet
1061 1376 145 29 ,andelslag*

456 1412 56 22 eller
534 1413 8 20 i
564 1413 211 27 sammansättning
797 1413 112 27 antingen
932 1412 66 21 "ordet
1021 1411 107 29 ,andels*
1152 1411 56 21 eller

456 1447 67 21 ordet
538 1447 63 28 ,lag*
619 1448 42 20 och
675 1448 38 20 mä
728 1447 21 27 ej
765 1447 119 21 innehålla
898 1453 161 21 personnamn.

524 1476 98 33 Åligger
637 1481 179 21 medlemmarne
830 1480 71 28 ingen
917 1480 56 20 eller
986 1480 82 20 endast
1078 1478 130 28 begränsad

456 1514 182 29 tillskottspligt,
661 1514 62 22 skall
743 1514 84 22 sådant
849 1514 8 21 i
879 1515 95 20 namnet
991 1513 118 24 utmärkas
1124 1519 84 21 genom

456 1550 90 29 tillägg,
563 1549 8 22 i
587 1549 62 22 förra
665 1549 67 22 fallet
747 1549 27 21 af
788 1549 71 21 orden
875 1550 67 27 ,utan
958 1547 196 29 tillskottspligt*,
1166 1547 43 22 och
