1095 1748
258 149 14 19 4
557 148 40 22 N:o
615 149 31 20 17.

229 215 112 22 beståndet
363 215 23 22 af
407 216 101 26 torpaftal
530 216 46 25 börj
592 216 55 27 förty
669 215 81 22 införas
770 222 25 14 en
810 216 7 20 i
832 215 35 27 lag
881 216 97 21 bestämd

230 250 78 22 minsta
322 250 38 26 tid,
375 250 85 22 hvilken
475 250 123 26 föreslagits
613 250 33 22 till
661 250 30 21 tio
707 252 31 20 år.

300 284 50 22 Med
365 284 36 22 det
415 284 94 23 innehåll
524 284 117 29 begreppet
656 285 97 27 torplega
764 284 74 28 gifvits
854 285 6 21 i
876 284 104 28 förslaget

229 319 63 22 hafva
314 320 160 21 bestämmelser
496 326 34 15 om
546 320 83 27 längsta
643 319 59 22 tiden
713 319 38 22 för
767 319 125 28 giltigheten
907 319 24 21 af
944 320 34 20 så-

229 354 56 21 dana
301 354 58 25 aftal,
375 359 45 16 som
436 354 78 27 ingåtts
530 353 32 22 för
577 354 58 22 vissa
651 353 30 27 år,
696 354 80 22 kunnat
791 354 112 21 uteslutas.
927 353 53 22 Der-

229 391 57 19 emot
308 388 46 27 har,
373 388 47 22 med
436 388 121 28 utveckling
572 389 23 21 af
609 389 41 21 den
665 388 8 21 i
688 388 91 27 somliga
794 388 83 22 trakter
896 388 23 22 af
932 388 48 21 lan-

229 423 36 21 det
287 422 116 22 bestående
422 423 36 21 sed
474 424 31 20 att
520 422 35 22 vid
570 423 153 27 upprättandet
739 422 24 22 af
776 422 151 27 legokontrakt
943 429 34 15 om

229 459 48 26 torp
292 456 132 23 tillförsäkra
435 457 183 27 nyttjanderätten
628 457 62 22 äfven
701 457 22 22 åt
733 457 118 22 brukarens
862 457 116 22 efterkom-

229 492 83 26 mande,
321 491 116 27 stadgande
449 498 34 15 om
498 492 72 27 ärftlig
585 492 71 27 städja
671 492 22 21 af
707 494 49 25 torp
771 492 83 21 införts.

300 526 138 26 Svårigheten
453 528 33 19 att
500 526 36 22 vid
550 526 123 28 långvariga
687 526 152 28 legokontrakt
848 526 29 28 på
887 526 91 22 förhand

229 561 87 21 rättvist
337 560 107 22 fastställa
466 561 169 27 legovederlaget
657 560 34 22 för
706 561 48 21 hela
769 560 108 28 legotiden
891 560 40 22 har
947 560 32 22 af-

228 596 79 27 hjelpts
330 595 128 27 derigenom,
481 597 32 20 att
535 595 58 22 säväl
611 595 128 28 legogifvare
755 601 43 16 som
815 595 92 22 brukare
922 595 54 27 finge

229 630 54 22 efter
298 630 105 28 förloppet
418 630 23 22 af
455 630 29 21 tio
500 630 34 22 ärs
549 630 97 27 perioder
661 630 72 22 fordra
749 630 91 22 revision
856 630 23 21 af
893 630 40 22 den
944 630 34 21 är-

229 665 43 27 liga
287 665 73 26 legans
367 664 77 28 belopp
455 670 74 22 genom
540 665 118 27 skiljemän,
669 665 72 21 hvilka
751 665 70 21 tillika
832 664 53 27 egde
895 664 82 28 pröfva,

228 699 104 21 huruvida
347 699 139 27 lägenhetens
500 699 89 27 tillgäng
606 700 26 26 pä
648 700 52 26 skog
716 699 110 27 medgäfve
851 699 48 21 dess
922 700 57 25 nytt-

227 734 66 27 jande
307 734 7 20 i
330 734 65 21 sädan
412 733 134 28 omfattning,
562 740 45 15 som
622 734 106 21 brukaren
742 740 75 21 genom
828 733 150 27 legokontrak-

228 770 31 20 tet
273 768 159 21 tillförsäkrats.

296 802 56 22 Enär
368 802 38 22 den
422 803 7 20 i
444 802 98 27 gällande
557 803 35 27 lag
607 802 95 22 uttalade
718 805 71 19 satsen
805 804 34 19 att
852 802 42 28 köp
905 802 73 26 bryter

228 838 140 27 legostämma
390 836 46 22 icke
459 837 33 21 väl
507 836 54 22 läter
576 836 73 23 förena
664 837 31 26 sig
711 837 49 21 med
775 836 121 28 torplegans
911 836 67 21 ända-

228 872 42 22 mål
285 874 33 20 att
332 872 65 21 lända
412 872 41 21 den
464 871 105 28 lägenhet,
583 871 119 22 hvarunder
712 873 72 26 torpet
795 871 45 26 hör,
852 871 33 22 till
897 870 80 28 styrka,

229 906 38 22 och
282 907 92 21 brukare
390 906 22 21 af
426 909 48 25 torp
490 907 18 26 ej
524 913 36 14 ens
576 912 75 22 genom
671 906 107 22 anlitande
793 906 23 21 af
830 907 39 20 den
892 905 33 22 för
940 906 37 20 ho-

228 947 49 16 nom
293 941 72 22 dertill
381 941 130 22 kostsamma
526 943 91 26 utvägen
633 944 32 19 att
680 941 52 22 söka
747 941 123 27 inteckning
891 941 33 21 till
944 942 34 19 sä-

227 976 76 22 kerhet
318 975 34 22 för
367 976 33 21 sin
414 976 153 27 nyttjanderätt
582 976 61 22 alltid
658 975 79 22 förmär
757 979 75 24 trygga
854 975 123 22 densamma

228 1010 34 21 vid
277 1010 203 28 tvängsförsäljning
494 1011 24 20 af
532 1011 131 27 lägenheten,
688 1010 38 22 har
743 1011 107 26 stadgats,
865 1012 33 19 att
914 1010 64 21 hvar-

227 1045 40 21 ken
283 1045 142 27 legogifvaren
448 1046 52 21 eller
524 1045 48 28 den,
588 1045 33 22 till
636 1045 85 22 hvilken
736 1045 52 21 hans
804 1046 43 20 rätt
863 1045 113 26 öfvergätt,

227 1079 40 27 får,
283 1082 58 19 utom
357 1080 6 21 i
374 1080 56 21 vissa
441 1079 101 22 särskildt
552 1080 85 27 angifna
647 1079 166 28 undantagsfall,
825 1079 64 22 häfva
897 1079 80 26 legoaf-

227 1114 52 22 talet
294 1114 63 21 innan
372 1113 60 23 tiden
448 1114 70 21 derför
534 1117 22 19 är
572 1117 43 20 ute.
629 1115 42 21 För
687 1116 32 20 att
734 1115 66 21 likväl
815 1114 113 27 tillgodose
940 1115 37 20 det

227 1148 65 22 behof
312 1149 68 26 tredje
396 1155 76 21 person
488 1149 42 21 kan
545 1149 63 21 hafva
628 1151 32 19 att
680 1149 63 21 vinna
765 1149 119 21 kännedom
901 1154 32 15 om
950 1149 26 20 de

227 1183 207 26 torplegokontrakt,
450 1189 44 15 som
508 1182 68 23 finnas
594 1183 12 22 &
621 1189 26 15 en
663 1183 107 27 lägenhet,
790 1183 39 21 har
844 1183 63 21 deras
923 1183 53 21 inre-

227 1217 114 27 gistrering
356 1217 38 21 hos
409 1217 95 27 offentlig
520 1217 123 28 myndighet
659 1219 58 25 synts
740 1217 52 21 böra
812 1217 111 27 päbjudas.
949 1217 29 21 Af

227 1251 112 22 enahanda
358 1251 114 28 anledning
486 1251 39 22 har
540 1252 37 21 det
592 1252 62 21 äfven
669 1254 81 19 ansetts
766 1252 111 26 päkalladt
893 1253 32 20 att
940 1252 34 20 vid

227 1286 86 21 auktion
335 1285 13 20 &
367 1287 77 19 utmätt
464 1286 163 26 landsfastighet
649 1286 114 26 utredning
777 1286 67 20 finnes
860 1286 33 20 till
909 1286 66 20 hands

227 1325 33 16 om
284 1319 44 21 deri
350 1319 165 26 inregistrerade
538 1319 157 27 legokontrakt,
718 1320 28 27 pä
766 1322 43 19 sätt
831 1320 24 21 17
871 1319 12 28 &
898 1320 13 21 5
927 1320 48 26 kap.

225 1353 195 26 Utsökningslagen
436 1353 87 27 stadgar
539 1359 32 16 om
588 1353 126 22 intecknade
729 1354 138 26 rättigheter;
882 1353 39 22 och
936 1354 40 21 har

225 1389 7 20 i
255 1387 76 22 sädant
352 1387 56 28 syfte
430 1387 79 28 förslag
531 1395 28 14 nu
582 1388 60 23 äfven
665 1389 110 27 uppgjorts
797 1389 32 21 till
850 1389 89 26 ändring
954 1389 24 21 af

225 1423 91 22 nämnda
332 1423 87 27 lagrum.
