1078 1725
345 124 28 23 U.
390 125 26 22 B.
434 138 23 2 —
474 126 73 27 Prop.
564 126 41 22 N:o
621 126 35 22 18.
879 128 13 19 7

142 192 119 28 skatteköpt
276 193 171 27 kronohemman,
464 194 63 21 borde
543 195 115 21 utsträckas
674 195 64 21 också
748 195 29 21 till
790 195 46 25 den,
846 201 45 15 som

142 227 25 26 på
183 228 46 26 lega
248 228 112 26 öfvertagit
374 228 73 26 sjelfva
465 229 128 25 hemmanet;
610 230 38 19 och
664 230 37 20 har
717 229 107 21 Utskottet
838 230 5 19 i
860 228 32 22 så-

141 261 52 21 dant
207 262 55 26 syfte
277 263 158 20 omformulerat
451 264 11 19 1
479 263 12 25 $
507 264 7 19 i
529 263 98 26 förslaget
642 263 30 20 till
689 270 28 13 nu
734 263 159 27 ifrågavarande

141 295 127 28 förordning.

210 329 28 21 Af
258 330 90 27 orsaker,
370 337 44 14 som
438 331 84 21 komma
544 333 29 19 att
597 331 36 21 här
655 331 68 21 nedan
745 333 95 19 närmare
855 338 38 14 an-

141 364 67 26 gifvas
231 364 33 21 vid
288 364 58 27 fråga
367 371 33 14 om
422 365 35 20 det
478 365 117 21 Ständerna
611 366 4 20 i
633 365 98 22 afseende
747 366 12 20 å
774 366 117 21 kännedom

142 398 100 27 delgifna-
250 399 100 26 förslaget
364 399 31 20 till
411 399 152 21 administrativ
579 399 125 28 kungörelse
716 400 109 27 angående
837 400 55 21 vissa

142 432 130 21 föreskrifter
294 433 30 20 till
348 433 115 27 tryggande
487 433 20 20 af
530 436 93 24 torpares
638 435 40 20 rätt
700 433 4 21 å
720 434 172 25 kronohemman,

141 473 46 14 som
199 467 138 26 skatteköpes,
353 467 38 20 har
406 467 106 22 Utskottet
527 471 69 18 ansett
611 468 64 21 orden
693 475 88 20 »genom
798 468 94 28 offentlig

141 501 137 26 kungörelse»
304 501 50 21 böra
370 508 24 14 ur
410 502 12 20 2
438 502 12 26 &
467 502 55 27 utgå,
544 503 116 26 hvarjemte
680 505 30 18 ett
725 503 72 26 tillägg
811 503 5 20 i
833 509 60 21 para-

141 535 71 28 grafen
228 535 75 21 införts
318 536 26 27 på
359 536 67 26 grund
443 536 20 21 af
479 537 39 20 den
536 537 3 20 i
554 537 34 26 1$
603 537 44 20 utaf
660 537 104 22 Utskottet
775 537 117 27 föreslagna

141 570 123 27 ändringen.

210 604 29 21 På
258 605 67 27 grund
343 606 21 20 af
380 605 52 21 hvad
449 605 60 21 ofvan
527 605 123 21 framhållits
666 605 32 21 får
712 605 105 21 Utskottet
832 605 60 21 vörd-

143 641 54 19 samt
212 639 84 21 föreslå:

414 720 32 19 att
459 718 124 22 Ständerna
593 718 51 21 ville
655 718 9 20 i
672 719 137 27 underdånig
817 726 74 14 svars-

345 752 112 27 skrifvelse
472 752 38 22 hos
527 752 64 22 Hans
605 752 120 29 Kejserliga
737 752 103 29 Majestät
849 760 42 14 an-

348 787 66 26 mäla,
435 789 34 19 att
488 787 130 27 Ständerna,
633 794 47 14 som
693 787 96 27 godkänt
802 787 67 28 syftet
883 787 11 20 i

347 821 35 21 det
396 821 35 21 till
445 821 48 21 dem
508 821 159 28 öfverlemnade
682 821 104 28 förslaget
799 821 34 21 till
844 821 47 27 för-

348 855 101 28 ordning,
467 857 72 20 anselt
555 856 129 21 densamma
702 855 51 22 böra
772 855 122 21 utsträckas

345 890 84 27 jemväl
448 890 35 21 till
503 890 54 25 dem,
576 890 74 21 hvilka
666 890 30 27 på
715 891 92 20 arrende
827 890 64 21 inne-

348 925 67 27 hafva
434 925 177 26 kronohemman,
631 931 46 14 som
695 924 140 28 skatteköpas,
855 924 37 21 och

348 959 35 26 för
397 958 35 21 sin
449 959 34 20 del
497 959 86 27 antagit
598 965 26 14 en
639 959 131 27 sälydande:

350 1079 125 28 Förordning
491 1077 108 29 angäende
616 1079 116 27 tryggande
750 1079 26 22 af
786 1079 109 27 legotaga-

281 1125 35 16 res
333 1119 44 22 rätt
398 1117 6 23 å
421 1119 168 27 kronohemman,
606 1124 45 17 som
667 1119 146 27 skatteköpes.

212 1199 48 21 Med
284 1200 90 26 ändring
389 1200 20 20 af
424 1200 27 20 22
467 1200 12 26 $
495 1200 5 20 i
517 1200 148 27 förordningen
684 1200 20 21 af
720 1200 39 20 den
776 1200 12 20 9
803 1200 92 20 Novem-

144 1235 38 20 ber
197 1234 55 21 1868
268 1240 33 15 om
316 1234 122 27 inteckning
453 1234 6 20 i
475 1234 40 20 fast
531 1234 109 27 egendom,
655 1234 63 21 sådan
736 1234 39 21 den
791 1234 61 26 lyder
865 1234 30 20 uti

144 1268 149 26 förordningen
314 1268 21 20 af
353 1268 41 20 den
414 1269 12 19 3
445 1267 118 22 December
582 1268 54 20 1895
652 1268 84 26 (utesl.),
751 1270 54 18 samt
819 1268 21 20 af
855 1268 12 20 5
884 1268 10 26 $

145 1303 6 20 i
167 1302 149 28 förordningen
332 1303 22 20 af
369 1302 39 21 den
427 1303 25 20 10
467 1302 120 21 November
604 1303 60 26 1892,
676 1302 149 21 innehällande
841 1302 55 21 vissa

145 1335 129 28 stadganden
291 1337 88 20 rörande
395 1336 46 27 lega
457 1337 21 20 af
492 1336 45 27 jord
553 1336 26 27 pä
596 1336 76 24 landet,
682 1336 23 21 sä
716 1336 37 21 ock
766 1336 46 21 med
824 1335 72 28 tillägg

145 1371 32 20 till
193 1371 25 19 32
235 1370 38 21 och
289 1371 27 20 38
331 1371 25 25 8$
373 1371 12 18 5
401 1370 45 27 kap.
462 1370 6 19 i
485 1370 184 26 utsökningslagen
686 1370 22 20 af
723 1369 41 20 den
781 1370 11 19 3
807 1369 89 21 Decem-

146 1404 37 21 ber
198 1404 60 26 1895,
274 1403 84 27 stadgas
373 1409 44 16 som
430 1403 71 27 följer:

217 1473 46 22 Lag-
276 1473 31 17 och
321 1472 184 18 Ekonomiutskottets
517 1473 110 18 betänkande
640 1472 36 18 N:o
688 1473 18 17 5.
