1700 1914
499 252 27 19 38
703 249 71 23 Ständ.
790 250 34 22 Sv.
842 262 24 3 —
884 250 59 27 Prop.
961 249 34 22 N:o
1012 250 32 21 17.

499 312 86 28 ningen
599 312 36 21 för
650 311 173 29 ifrågavarande
838 312 161 27 förbättringar
1015 311 43 22 och
1073 311 130 28 grunderna
1213 311 37 21 för

500 346 50 21 dess
568 346 143 21 beräknande
729 346 70 22 hafva
815 349 104 25 parterne
935 348 84 19 ansetts
1035 346 54 21 böra
1103 345 146 22 tillerkännas

499 382 45 19 rätt
559 382 33 19 att
607 380 67 21 träffa
689 380 55 21 aftal
759 381 51 20 med
824 380 113 21 bindande
952 380 91 21 verkan.

566 415 45 21 För
629 415 86 20 mindre
730 414 143 29 förbättring,
889 417 73 19 såsom
977 414 35 21 för
1028 414 107 28 rödjning
1150 413 26 22 af
1189 414 60 25 åker,

499 451 45 26 äng
566 449 54 21 eller
642 449 121 28 beteshage
785 449 91 21 utöfver
898 449 60 21 hvad
979 449 35 20 till
1031 448 147 27 lägenhetens
1194 448 55 21 häfd

498 483 73 26 hörer,
594 486 24 18 är
642 483 111 21 brukaren
775 483 68 22 äfven
865 485 54 20 utan
941 483 121 22 utverkadt
1083 483 106 21 särskildt
1206 482 43 21 till-

498 517 66 21 stånd
579 517 128 28 berättigad
722 520 33 18 att
769 517 71 22 undfå
855 518 125 27 ersättning
993 517 90 28 jemlikt
1098 517 28 21 de
1136 517 113 21 allmänna

498 551 155 28 stadgandena
667 552 8 21 i
691 554 25 19 57
733 553 42 27 (49)
791 552 42 21 och
848 554 26 19 58
890 553 44 27 (50)
949 552 36 28 $$.
1010 552 46 21 Det
1071 551 34 21 till
1121 559 31 13 nu
1167 551 82 28 ifråga-

497 586 100 21 varande
611 586 109 28 paragraf
728 586 128 29 föreslagna
867 589 12 18 2
890 594 65 14 mom.
967 586 41 21 har
1018 586 63 28 förty
1091 587 73 20 säsom
1176 585 73 22 öfver-

497 620 81 28 flödigt
593 628 27 13 ur
634 621 148 28 lagförslaget
796 621 120 22 uteslutits.

843 686 27 19 60
885 685 21 28 $.

565 723 142 28 Stadgandet
731 724 8 21 i
764 724 74 21 denna
859 724 108 28 paragraf
988 731 65 20 synes
1076 724 78 21 kunna
1176 723 72 21 ästad-

497 757 90 21 komma
608 758 150 27 tvistigheter.
788 759 81 20 Derest
883 759 52 20 med
949 758 116 28 uttrycket
1082 765 60 18 ,mer
1157 757 89 21 utsädt'

497 791 59 22 afses
571 792 101 21 utsädets
687 793 92 27 mängd,
794 793 63 21 torde
869 793 73 21 denna
954 792 72 21 sällan
1035 791 124 29 uppgifvas
1170 792 7 20 i
1188 791 60 28 lego-

497 825 131 22 kontraktet
651 826 42 21 och
713 826 58 21 efter
790 827 115 28 förloppet
920 827 25 20 af
958 834 28 13 en
1001 827 78 27 längre
1094 825 86 29 legotid
1194 833 54 14 vara

496 861 52 20 svär
571 862 32 19 att
625 860 85 21 utreda.
741 861 78 21 Skulle
839 863 47 19 äter
909 868 27 14 en
951 861 165 28 uppskattning
1131 860 57 21 efter
1204 859 44 22 den

496 893 99 22 besädda
610 895 88 20 arealen
714 895 92 28 äsyftas,
823 895 104 28 erbjuder
941 895 50 20 icke
1006 895 70 20 heller
1087 894 74 21 denna
1171 896 77 26 nägon

496 928 130 28 tillförlitlig
646 929 217 28 beräkningsgrund,
879 932 54 18 enär
948 936 84 13 samma
1047 929 60 20 areal
1122 929 45 20 kan
1182 929 65 21 besäs

496 969 47 14 mer
558 963 53 20 eller
627 963 86 20 mindre
728 965 43 19 tätt
787 963 42 22 och
844 963 62 28 förty
921 963 51 21 med
989 963 59 21 olika
1063 963 85 28 mängd
1160 963 86 21 utsäde.

496 996 177 28 Ifrägavarande
701 997 166 28 omständighet
892 1005 67 20 synes
987 997 50 21 bäst
1062 997 78 21 kunna
1166 997 81 21 ordnas

496 1037 82 21 genom
600 1031 49 20 fritt
671 1031 62 26 aftal;
749 1031 43 22 och
807 1032 40 21 har
862 1031 173 29 ifrägavarande
1049 1031 109 28 paragraf
1171 1031 77 22 derför

495 1065 141 21 utelemnats.

826 1131 25 19 61
868 1130 44 27 (52)
927 1129 21 28 $.

564 1168 41 21 Om
621 1168 96 22 brukare
733 1169 129 29 bortflyttar
877 1169 49 26 hus,
943 1177 48 14 som
1001 1169 45 22 han
1056 1169 94 29 uppfört
1160 1169 26 22 af
1194 1172 52 25 eget

494 1203 64 21 virke
580 1206 55 18 utan
656 1203 102 22 tillstånd
777 1204 54 21 eller
846 1206 12 19 å
873 1212 75 14 annan
962 1204 66 28 plats,
1044 1207 29 18 än
1088 1204 158 28 legogifvaren

494 1236 127 29 medgifvit,
639 1240 25 18 är
686 1237 45 22 han
754 1238 71 28 enligt
842 1238 168 29 propositionen
1025 1238 92 28 skyldig
1133 1238 113 21 återställa

492 1271 85 28 jemväl
599 1271 94 28 platsen,
716 1272 91 21 hvarest
829 1272 66 21 huset
917 1274 60 23 stätt,
1000 1273 7 20 i
1027 1272 50 21 dess
1097 1272 62 21 förra
1174 1273 70 21 skick.

494 1305 45 21 Det
557 1308 24 18 är
599 1306 123 21 emellertid
738 1307 102 21 hvarken
855 1307 186 28 ändamälsenligt
1057 1307 54 20 eller
1126 1314 39 13 ens
1182 1307 63 20 alltid

494 1339 89 28 möjligt
598 1342 33 19 att
645 1340 77 21 fordra
737 1341 142 28 fullgörande
895 1341 25 21 af
934 1341 73 21 denna
1019 1341 144 28 bestämning
1174 1341 71 28 enligt

494 1373 164 27 ordalydelsen,
680 1375 136 26 exempelvis
836 1375 7 20 i
857 1375 41 20 fall
913 1375 66 20 huset
994 1375 105 27 uppförts
1115 1376 13 19 ä
1143 1382 28 13 en
1186 1375 58 27 plats

494 1406 51 21 med
560 1407 103 21 växande
678 1407 63 28 skog.
757 1408 122 27 Meningen
894 1408 65 21 torde
974 1407 68 22 äfven
1052 1408 121 27 rätteligen
1183 1415 61 19 vara,

493 1442 33 19 att
547 1440 88 29 platsen
658 1441 36 22 för
715 1441 67 22 huset
803 1441 41 22 bör
862 1441 87 30 jemnas
969 1441 8 21 i
992 1441 71 22 likhet
1078 1441 51 22 med
1146 1442 38 21 det
1200 1450 44 13 om-

493 1474 108 29 gifvande
624 1476 101 21 området
747 1476 53 21 eller
823 1476 85 21 således
932 1475 65 23 öfver
1011 1476 88 22 hufvud
1115 1476 129 22 försättas
1229 1470 17 38 i

492 1509 70 26 skick,
571 1509 93 23 hvarför
673 1510 63 21 ordet
747 1511 87 26 ,förra*
847 1513 84 20 ansetts
940 1511 55 22 böra
1002 1519 27 13 ur
1037 1511 136 29 paragrafen
1181 1513 62 27 utgå.
