1048 1739
431 143 27 2 —
474 129 75 28 Prop.
564 130 43 22 N:o
622 131 36 21 27:
866 131 12 20 %

331 207 54 16 som
409 201 10 22 i
441 201 267 27 elementarläroverk;
732 202 63 22 dock
813 201 65 29 älig-

330 241 44 22 ger
395 235 129 28 inspektor
545 235 45 22 och
612 235 128 23 direktion
762 235 45 22 vid
828 235 50 22 den

331 268 72 23 förra
429 270 67 21 sami
521 269 84 22 rektor
632 269 61 22 eller
720 269 158 22 förestända-

329 303 79 22 rinna
433 303 45 22 vid
501 303 42 22 det
566 309 89 16 senare
678 304 38 21 att
740 303 74 28 tillse,
837 303 41 22 det

329 335 96 24 sädant
454 337 65 22 barn
544 343 91 23 genom
662 336 142 24 mälsmans
828 337 49 22 för-

329 377 58 23 sorg
417 371 110 22 erhåller
556 371 80 29 nödig
662 371 215 29 vreligionsunder-

329 405 111 29 visning.
477 405 167 23 Försummar
661 405 138 26 målsman,
816 405 62 23 efter

330 439 115 23 erhållen
467 439 170 30 påminnelse,
665 440 42 22 sin
730 440 147 29 skyldighet

328 474 169 27 härutinnan,
517 475 46 22 bör
582 475 88 22 barnet
688 474 104 30 deltaga
804 475 11 21 i
827 474 49 23 den

329 509 187 29 undervisning
549 509 11 22 i
590 509 286 29 evangelisk-lutherska

329 544 86 25 läran,
434 549 54 17 som
507 544 10 21 i
535 543 91 23 skolan
644 543 139 23 meddelas.

469 630 15 22 6
503 629 24 29 8.

191 680 224 29 Ridderskapet
442 681 47 22 och
517 681 95 23 Adeln
639 682 64 22 samt
729 681 145 29 Borgare-

122 715 47 22 och
188 714 234 23 Bondestånden
440 715 77 23 hafva
537 715 113 29 godkänt
668 715 139 23 Utskottets
824 715 49 23 för-

122 748 63 30 slag.

189 784 227 22 Presteståndet
435 784 46 22 har
499 784 102 23 beslutit
619 785 35 21 att
681 784 7 22 2
708 790 72 17 mom.
794 785 79 23 borde

121 824 30 16 ur
170 818 42 29 &:n
230 818 131 23 uteslutas.

190 852 70 23 Enär
280 852 111 30 lagenlig
412 853 233 29 ständerpluralitet
665 853 143 30 föreligger,
826 834 42 42 för.
866 866 8 3 -

121 886 71 24 faller
210 887 88 23 vidare
318 888 97 28 ätgärd.

466 963 13 21 7
496 946 27 50 8.

189 1019 220 29 Ridderskapet
431 1020 46 22 och
497 1020 93 22 Adeln
608 1020 65 22 samt
691 1019 181 23 Bondestän-

120 1054 49 22 det
186 1054 78 22 hafva
282 1054 114 30 godkänt
415 1054 139 23 Utskottets
572 1054 102 28 förslag.

188 1088 114 23 Preste-
329 1088 46 23 och
397 1088 260 30 Borgareständen
676 1088 77 22 hafva
771 1088 101 23 beslutit

121 1124 36 21 att
183 1129 31 16 ur
238 1123 16 22 2
276 1130 74 15 mom.
373 1123 79 22 borde
473 1124 122 22 uteslutas
617 1122 78 23 orden
716 1122 77 23 »dock
810 1124 62 21 utan

121 1157 135 29 anstötliga
274 1158 179 22 ceremonier».
486 1157 146 23 HEmellertid
650 1157 47 22 har
716 1158 82 21 såsom
816 1158 56 22 när-

120 1197 69 17 mare
210 1191 143 29 förklaring
371 1192 26 22 af
415 1191 230 30 Borgareständets
662 1191 110 23 berörda
789 1191 83 23 beslut

119 1226 9 20 i
150 1226 112 22 ständets
284 1226 125 28 protokoll
429 1226 153 26 antecknats,
603 1226 35 21 att
656 1225 103 22 dermed
778 1225 94 26 afsetts,

119 1259 55 22 icke
193 1260 35 22 att
246 1260 120 28 förbjuda
384 1260 153 22 ceremonier
555 1260 43 22 vid
617 1259 96 23 sädana
728 1259 144 29 begrafnin-

120 1300 54 22 gar,
202 1300 53 16 som
282 1294 8 22 i
315 1294 42 28 S:n
385 1294 168 26 omförmälas,
580 1294 62 22 utan
664 1295 36 21 att
717 1293 154 23 förekomma

119 1328 50 22 den
188 1328 66 22 olika
274 1328 122 29 tolkning,
416 1328 102 22 hvartill
530 1328 72 23 ordet
614 1327 160 30 sanstötliga»
787 1327 85 23 kunde

119 1362 70 28 gifva
209 1362 143 28 anledning.

188 1396 56 22 Med
272 1395 102 29 hänsigt
391 1395 37 23 till
455 1396 31 22 de
512 1396 9 21 i
548 1395 139 23 Utskottets
711 1395 160 22 betänkande

120 1428 144 30 åberopade
292 1430 174 29 stadgandena
494 1430 7 22 i
520 1430 90 28 Kongl.
633 1429 169 30 kungörelsen
822 1429 49 23 den

188 1480 135 23 Lagutskottets
335 1480 110 18 betänkande
457 1480 41 18 N:o
510 1480 28 17 12.
