1078 1756
192 165 26 21 10
409 164 29 22 U.
453 165 29 21 B.
499 177 23 3 —
540 165 72 27 Prop.
629 164 42 22 N:o
686 164 36 22 19.

191 236 105 28 angifves
315 237 35 20 att
367 235 169 29 författningen
554 236 74 21 skulle
646 238 83 26 utgöra
747 237 34 20 ett
799 236 83 29 tillägg
904 236 37 21 till

193 270 12 21 1
224 269 44 23 och
287 270 31 21 22
338 270 27 26 88
383 270 9 21 i
409 270 108 28 gällande
536 270 290 28 inteckningsförordning.

258 304 47 22 För
322 311 58 21 egen
392 304 37 22 del
445 304 42 22 har
499 304 123 22 Utskottet
633 304 50 22 icke
696 304 73 22 heller
782 306 75 20 ansett
869 305 72 29 något

190 338 51 22 skäl
258 338 140 22 förekomma
416 341 35 19 att
468 339 127 21 inskränka
616 338 45 22 den
679 341 47 19 rätt
744 339 36 21 till
797 339 143 29 inteckning,

189 380 50 14 som
256 374 30 28 pä
303 372 76 29 grund
397 373 24 21 af
438 380 32 14 nu
487 373 109 29 gällande
617 373 39 29 lag
679 372 42 22 och
738 373 138 29 rättspraxis
894 373 47 22 kan

189 407 89 22 vinnas.
315 407 46 22 För
389 410 35 19 att
446 408 128 21 emellertid
600 407 142 22 förekomma
766 408 31 21 all
820 407 121 23 osäkerhet

189 441 141 22 härutinnan
348 441 42 23 har
406 442 122 21 Utskottet
546 442 46 22 ien
601 449 32 22 ny
642 442 109 29 paragraf
760 442 23 28 (4
796 443 11 26 $
821 442 22 22 af
855 442 86 22 nedan-

189 476 95 22 stående
297 477 247 28 författningsförslag)
564 477 109 28 upptagit
691 477 148 28 bestämning
856 477 84 28 derom,

189 513 35 20 att
245 511 63 22 hvad
328 519 38 14 om
386 511 137 29 inteckning
541 511 23 22 af
587 511 170 29 nyttjanderätt
775 512 37 21 till
829 511 112 30 fastighet

188 545 56 22 eller
271 545 37 22 del
330 545 64 22 deraf
412 548 60 19 emot
490 547 59 27 årlig
573 546 53 29 lega
643 546 73 21 finnes
734 546 109 29 stadgadt
861 547 79 22 fortfa-

188 580 70 21 rande
276 580 61 21 skall
354 580 70 21 lända
442 581 37 21 till
497 580 158 22 efterrättelse.

256 615 36 21 Då
319 615 74 28 enligt
419 615 132 21 Utskottets
578 615 149 21 förmenande
745 615 126 28 anledning
888 615 52 22 icke

187 648 75 22 finnes
287 651 35 19 att
343 649 51 21 från
419 649 28 21 de
466 649 57 22 aftal
540 649 98 22 rörande
656 649 211 29 skogsafverkning
885 649 55 22 eller

188 683 135 28 skogsbruk,
342 683 37 21 till
396 683 108 22 säkerhet
521 684 36 21 för
574 683 81 22 hvilka
671 683 136 29 inteckning
820 684 46 21 kan
878 683 62 23 med-

188 717 69 28 delas,
276 717 135 29 undantaga
429 717 86 22 sådana
534 718 63 27 aftal,
617 725 48 14 som
677 722 50 17 röra
746 719 138 28 afverkning
903 718 37 21 till

187 751 113 22 husbehof
327 751 55 22 eller
409 752 129 29 handslöjd,
566 752 43 21 och
632 752 80 22 hvilka
730 753 8 21 i
756 753 62 22 vissa
835 753 64 22 delar
917 753 23 21 af

187 785 79 22 landet
286 786 51 21 icke
360 790 38 18 äro
417 787 114 28 ovanliga,
551 786 69 22 hafva
639 787 27 21 de
684 787 9 21 i
709 787 231 29 författningsförsla-

186 822 50 27 gets
257 821 11 20 1
289 821 13 26 &
320 821 114 28 ingående
461 821 71 22 orden
557 821 148 28 ,annorledes
725 825 29 18 än
772 822 37 21 till
826 821 114 22 husbehof

187 854 55 22 eller
259 855 136 28 handslöjdä*
415 855 129 22 utlemnats.

255 889 81 21 Säsom
356 889 76 22 vilkor
449 890 37 21 för
503 890 133 29 beviljande
654 891 24 21 af
695 890 137 29 inteckning
849 891 37 21 till
904 894 36 18 sä-

185 922 81 22 kerhet
283 923 37 21 för
338 923 262 28 afverkningskontrakt
626 925 94 28 stadgar
741 925 11 20 1
773 925 12 26 &
805 925 22 21 af
849 925 91 22 författ-

185 957 181 29 ningsförslaget
390 960 35 19 att
448 958 82 21 aftalet
550 959 60 21 skall
628 966 55 14 vara
700 959 127 28 uppgjordt
845 960 29 27 pä
891 960 48 21 viss

185 991 42 28 tid,
245 992 69 27 högst
331 992 33 21 tio
378 993 30 20 år.
436 992 48 21 Och
497 993 29 21 dä
538 993 159 22 erfarenheten
711 993 132 29 otvetydigt
855 993 85 29 ädaga-

185 1025 50 28 lagt
252 1026 52 21 icke
322 1026 99 21 allenast
438 1029 36 18 att
490 1027 36 22 för
538 1028 56 28 läng
606 1027 34 22 tid
653 1027 113 22 afslutade
779 1027 160 30 afverknings-

185 1059 117 29 kontrakt,
321 1060 80 22 hvilka
419 1061 137 29 möjliggöra
574 1062 55 21 flere
648 1061 114 22 särskilda
775 1062 164 29 afverkningar

185 1094 24 22 af
226 1094 88 29 skogen
332 1095 30 28 pä
381 1095 61 22 olika
461 1095 66 28 tider,
546 1097 61 21 varit
625 1096 88 29 egnade
733 1098 34 19 att
785 1096 98 29 bidraga
901 1097 38 21 till

185 1129 125 28 skogarnas
337 1129 165 28 ödeläggande,
530 1133 57 19 utan
611 1131 43 21 ock
672 1133 35 19 att
724 1130 41 22 vid
782 1131 156 28 upprättande

185 1163 24 21 af
234 1163 81 28 dylika
342 1163 110 22 kontrakt
476 1165 142 28 jordegaren,
637 1165 8 21 i
663 1165 58 28 följd
743 1165 24 21 af
790 1165 147 29 svårigheten

184 1199 36 20 att
243 1197 83 28 riktigt
343 1199 127 28 uppskatta
488 1199 100 29 skogens
606 1199 94 22 tillväxt
718 1199 74 22 under
809 1207 29 14 en
856 1200 80 29 längre

184 1231 133 29 tidsperiod,
345 1232 49 21 ofta
417 1233 99 28 afyttrar
539 1234 36 21 sin
594 1234 57 28 skog
669 1234 35 21 för
722 1236 34 19 ett
773 1234 55 29 pris,
847 1234 91 22 hvilket

183 1266 51 21 icke
252 1267 47 20 står
314 1267 8 20 i
344 1267 87 28 skäligt
451 1267 143 23 förhållande
610 1268 37 21 till
665 1268 82 22 värdet
767 1269 23 21 af
808 1268 39 22 det
863 1269 73 28 virke,

184 1307 48 14 som
244 1300 73 21 under
336 1307 28 14 en
382 1301 73 20 sädan
472 1302 127 27 tidsperiod
612 1303 53 20 frän
677 1303 88 26 skogen
777 1303 105 27 erhälles,
894 1303 43 21 har

183 1333 121 21 Utskottet
325 1333 106 28 godkänt
447 1336 185 27 propositionens
649 1335 86 28 förslag
754 1335 84 28 derom,
858 1338 34 19 att
907 1343 29 14 en

182 1367 166 30 jemförelsevis
365 1368 61 21 "icke
450 1368 79 23 alltför
552 1369 55 30 lång
625 1369 129 23 maximitid
772 1371 37 21 för
825 1370 111 23 kontrak-

183 1403 45 21 tets
246 1402 100 22 beständ
363 1403 71 21 borde
452 1403 9 22 i
478 1403 169 31 författningen
665 1405 98 22 fastsläs.
790 1405 90 22 Härvid
894 1405 42 23 har

183 1436 122 23 Utskottet
322 1437 78 29 utgätt
412 1438 85 29 jemväl
508 1439 52 22 frän
573 1439 45 22 den
630 1439 125 29 synpunkt,
769 1441 36 20 att
815 1440 121 29 jordegen-

183 1471 93 22 domens
294 1471 135 23 belastande
447 1473 51 22 med
517 1474 178 23 servitutartade
713 1474 138 30 rättigheter
869 1475 23 22 af
910 1475 24 22 sä

252 1515 131 22 Lagutskottets
394 1516 110 18 betänkande
517 1519 36 15 N:o
569 1518 14 17 7.
