1700 1914
668 207 27 23 U.
710 208 27 22 B.
753 220 25 4 —
795 208 72 28 Prop.
883 208 40 22 N:o
939 209 36 21 23.
1152 210 13 21 9

440 276 102 26 farsoter,
556 276 43 22 och
615 283 26 15 en
658 276 35 21 del
708 276 7 22 i
732 278 59 20 detta
801 277 126 29 lagförslag
939 279 114 27 upptagna
1064 277 131 28 sjukdomar

441 311 73 28 aldrig
529 310 80 22 hittills
625 311 142 21 förekommit
787 312 125 26 härstädes,
929 313 38 19 äro
983 312 58 21 dock
1057 312 137 22 omfattande

440 344 181 29 lagstadganden
639 344 29 28 på
688 346 59 20 detta
763 345 91 22 område
869 346 64 28 långt
947 346 58 21 ifrån
1021 346 133 28 obehöfliga,
1170 349 24 25 ty

440 379 27 21 de
483 378 71 28 lifliga
570 378 385 22 kommunikationsförbindelserna
971 380 51 21 med
1035 380 69 20 andra
1116 380 79 21 länder

440 413 42 21 och
494 414 44 20 den
550 413 101 28 ständigt
662 412 104 29 stigande
778 414 109 27 importen
895 414 50 21 från
954 414 101 21 utlandet
1063 414 24 20 af
1095 414 97 26 kreatur,

439 448 184 26 kreaturshudar,
639 448 137 21 fodermedel
791 455 28 15 m.
836 455 27 14 m.
881 448 73 28 dylikt
968 448 108 22 innebära
1088 448 106 22 otvifvel-

440 482 72 29 aktigt
530 482 7 22 i
553 482 35 28 sig
608 484 59 20 stora
686 482 147 29 möjligheter,
852 483 35 21 för
906 485 33 19 att
956 483 85 22 sädana
1060 483 134 29 sjukdomar

440 519 40 19 när
504 524 48 15 som
575 517 59 21 helst
656 518 75 21 kunna
754 518 109 28 uppträda
883 518 41 21 här
943 518 7 21 i
969 518 81 21 landet.
1080 518 113 28 Lagstad-

439 553 97 27 ganden,
557 552 6 20 i
583 552 37 21 det
639 554 112 20 närmaste
769 553 244 21 öfverensstämmande
1032 553 51 21 med
1099 552 6 21 i
1121 553 71 21 andra

439 586 78 22 länder
536 586 28 28 pä
584 587 60 21 detta
664 587 91 21 omräde
773 587 113 28 gällande,
903 588 38 20 äro
956 587 82 28 jemväl
1053 587 24 21 af
1091 588 48 20 stor
1153 587 40 21 be-

439 621 95 28 tydelse,
552 622 36 20 för
606 623 33 20 att
659 622 42 21 den
720 621 29 28 pä
765 628 78 15 senare
857 622 58 21 tider
931 621 72 22 delvis
1018 622 89 27 ganska
1122 621 70 28 lifliga

440 655 211 28 kreatursexporten
668 657 86 20 ostördt
769 656 59 22 skall
844 656 75 21 kunna
935 655 81 29 fortgä.

507 795 54 21 Förr
580 796 28 19 än
628 794 115 22 Utskottet
762 795 96 27 vidtagit
878 795 51 20 med
945 794 208 28 detaljeranskning
1168 793 24 22 af

439 830 43 20 den
506 829 83 28 nädiga
611 829 174 27 propositionen,
801 829 42 21 har
865 829 114 22 Utskottet
1001 828 34 22 till
1053 828 138 28 behandling

439 863 102 28 upptagit
556 863 81 28 frägan
653 870 43 19 om,
712 863 7 21 i
734 863 79 22 hvilka
829 864 62 21 delar
903 863 132 22 hithörande
1047 863 146 28 lagstiftning

439 905 53 14 vore
514 898 111 21 beroende
648 897 24 21 af
694 898 73 28 bägge
791 899 185 20 statsmakternas
995 901 134 18 samverkan
1149 897 42 21 och

438 932 80 21 hvilka
534 933 139 28 stadganden
689 932 7 21 i
712 932 165 22 administrativ
893 934 44 27 väg
953 933 74 20 kunde
1043 932 108 21 utfärdas.

506 966 76 21 Redan
597 967 38 21 vid
647 968 103 20 ärendets
762 967 95 28 tidigare
873 967 138 28 behandling
1021 967 42 21 har
1073 965 42 22 full
1126 966 64 28 enig-

437 1001 40 21 het
492 1000 50 22 rädt
561 1002 83 26 derom,
663 1003 32 20 att
710 1009 26 14 er
757 1001 37 22 del
810 1001 133 22 hithörande
958 1001 140 28 stadganden
1113 1001 77 21 kunna

438 1035 168 29 ävägabringas
633 1037 79 20 endast
734 1043 80 22 genom
837 1036 134 21 samverkan
994 1036 23 21 af
1040 1036 85 27 Regent
1148 1035 42 22 och

438 1069 102 27 Ständer,
553 1077 49 14 men
617 1071 98 21 deremot
725 1071 70 21 hafva
807 1071 61 21 olika
879 1071 85 28 äsigter
975 1071 90 21 uttalats
1073 1069 117 29 angäende

437 1104 79 21 hvilka
532 1105 149 28 stadganden,
697 1112 47 14 som
757 1105 51 22 med
821 1106 48 21 stöd
882 1105 23 22 af
917 1106 27 21 de
956 1105 6 21 i
975 1106 13 21 5
999 1105 14 29 &
1026 1107 27 20 22
1065 1105 52 27 kap.
1129 1105 23 21 B.
1165 1105 24 20 B.

438 1139 98 22 uttalade
556 1140 112 28 principer
687 1140 146 28 ovilkorligen
849 1140 70 22 borde
934 1140 54 28 ingä
1002 1140 8 20 i
1025 1139 165 28 ständerlagen,

438 1174 42 21 och
495 1174 61 21 hvad
566 1181 80 21 genom
659 1174 164 22 administrativ
834 1174 143 28 lagstiftning
988 1174 74 21 kunde
1073 1173 115 29 pähjudas.

437 1208 77 22 Under
537 1209 38 21 det
597 1210 32 20 att
651 1209 141 27 pluraliteten
812 1209 7 21 i
839 1210 42 20 den
901 1209 90 26 komit6,
1011 1216 47 14 som
1078 1208 112 21 förberedt

438 1244 60 20 detta
521 1244 89 26 ärende,
634 1244 75 21 säsom
732 1245 99 25 nämndt,
856 1244 77 28 ansäg,
950 1245 31 20 att
1003 1243 7 21 i
1031 1242 158 28 ständerlagen

436 1278 70 21 borde
525 1278 84 21 införas
629 1279 80 21 endast
727 1278 113 22 allmänna
859 1279 140 27 stadganden
1019 1278 118 28 angäende
1156 1277 34 21 in-

437 1312 168 28 skränkningar
617 1313 6 20 i
636 1314 98 26 egande-
751 1313 42 21 och
805 1313 187 29 nyttjanderätten
1005 1315 58 19 samt
1073 1312 117 28 angående

437 1346 125 28 ersättning
578 1354 26 13 ur
619 1347 115 21 allmänna
749 1348 73 21 medel
838 1348 34 20 för
887 1347 109 22 aflifvade
1011 1347 50 27 djur
1073 1347 116 21 äfvensom

436 1380 243 30 straffbestämningar,
695 1382 41 21 har
752 1389 26 14 en
795 1382 94 22 medlem
905 1382 6 21 i
928 1383 71 21 denna
1015 1382 84 20 komit6
1110 1383 80 23 ansett,

437 1417 32 19 att
483 1415 8 21 i
507 1416 72 20 denna
595 1415 38 29 lag
648 1416 83 27 jemväl
746 1416 113 22 särskilda
875 1416 236 28 detaljbestämningar
1122 1415 68 22 borde

437 1450 95 28 intagas.
562 1450 11 22 I
589 1450 41 21 den
646 1450 239 22 komitebetänkandet
899 1450 123 28 vidfogade
1037 1450 70 21 första
1118 1456 72 15 reser-

437 1483 107 21 vationen
559 1484 140 26 framhälles,
713 1484 107 21 hurusom
836 1484 99 20 komiten
951 1484 37 21 vid
1000 1484 155 27 fördelningen
1167 1482 24 21 af

437 1516 136 22 hithörande
595 1518 179 27 lagstadganden
798 1518 27 21 de
848 1518 61 21 olika
931 1517 258 28 författningsförslagen

506 1562 183 19 Ekonomiutskottets
701 1563 110 19 betänkande
824 1563 36 18 N:o
873 1564 17 18 5.
