1078 1720
174 137 27 20 22
403 135 29 22 U.
448 136 28 21 B.
492 148 27 2 —
534 136 74 32 Prop.
624 135 41 22 N:o
681 134 38 22 22.

177 206 99 22 nämnda
302 206 40 28 lag
367 206 42 21 bör
434 206 117 28 tillämpas
575 207 8 21 i
602 205 106 23 afseende
727 206 13 20 ä
758 205 166 29 kroppsskada,

176 248 48 14 som
243 240 8 22 i
269 240 57 29 följd
346 240 22 21 af
386 240 122 28 olycksfall
526 240 8 21 i
552 240 102 29 tjänsten
667 240 65 28 ägätt
745 240 94 28 sjöman,
850 239 74 21 skulle

176 274 138 28 stadgandet
332 274 78 21 säkert
427 274 52 21 med
497 276 81 27 sträng
595 274 148 28 lagtolkning
760 274 118 28 tillämpas
890 274 35 20 sä-

176 308 78 28 lunda,
281 311 35 19 att
342 300 142 36 rättigheten
511 309 35 21 för
573 310 136 28 sjömannen
730 308 37 21 till
785 307 140 22 skadeständ

178 351 53 14 vore
257 343 117 21 utesluten
396 345 15 19 t.
436 351 34 13 ex.
494 343 40 21 vid
558 342 155 30 öfvermäktig
737 342 116 28 händelse,
878 349 48 15 som

177 377 97 22 träffade
292 378 78 28 fartyg
389 377 42 22 och
450 377 50 21 dess
519 378 140 27 besättning.
696 378 81 21 Såsom
789 377 70 22 redan
872 376 53 22 tidi-

176 420 54 21 gare
258 412 88 22 anförts
369 419 54 14 vore
445 412 83 21 sädant
545 412 74 22 likväl
636 412 51 21 icke
705 412 100 21 rättvist.
840 411 86 22 Likasä

177 448 80 20 kunna
282 447 41 21 fall
351 447 89 27 tänkas,
468 446 30 21 dä
525 448 89 28 sjöman
636 447 72 21 under
731 446 78 21 arbete
831 447 8 20 i
856 446 70 21 hamn

179 481 99 22 drabbas
306 481 23 22 af
356 481 198 28 olyckshändelse,
577 489 48 14 som
643 482 20 28 ej
683 482 48 21 står
748 481 9 20 i
775 480 77 22 direkt
869 487 58 14 sam-

178 515 70 22 mand
265 515 53 22 med
335 515 58 22 hans
411 516 108 28 sjötjänst
538 516 54 21 eller
610 515 78 22 arbete
707 516 36 21 för
762 515 108 21 tillfället.
890 515 37 21 En

177 550 110 28 lyftkran,
314 557 48 13 som
390 549 117 21 användes
534 550 37 21 till
588 550 103 28 lastning
709 550 56 21 eller
782 549 104 28 lossning
905 549 23 21 af

178 586 34 19 ett
230 583 151 29 närliggande
399 584 79 27 fartyg
496 584 46 22 kan
555 586 73 19 störta
641 584 42 21 och
695 584 73 21 skada
779 584 91 26 honom,
881 582 47 23 han

181 618 43 22 kan
253 618 83 21 skadas
360 619 23 21 af
410 618 118 28 explosion
552 620 13 20 å
588 620 33 19 ett
638 618 65 22 invid
722 618 110 29 liggande
850 618 78 28 fartyg

179 660 20 14 0.
218 661 17 13 s.
253 661 21 13 v.
311 652 53 22 Med
392 652 106 22 afseende
526 654 12 20 å
562 652 44 22 den
624 657 97 24 säregna
739 652 188 22 beskaffenheten

179 687 23 21 af
226 688 148 28 sjömannens
402 688 73 27 tjänst
502 687 42 21 och
566 687 28 21 de
612 687 166 27 förhållanden,
797 686 132 22 hvarunder

181 722 132 21 densamma
339 722 109 21 förrättas
470 722 42 21 och
530 722 81 21 hvilka
628 722 51 21 icke
697 722 77 21 tillåta
793 722 134 28 sjömannen

180 759 35 19 att
236 756 52 21 med
310 756 48 21 lika
378 756 70 20 frihet
470 764 49 14 som
546 756 118 22 arbetaren
692 757 30 27 på
739 756 56 22 land
813 756 61 27 välja
892 756 34 20 sin

179 791 145 27 arbetsplats,
343 797 68 21 synes
429 790 39 21 det
486 791 99 27 obilligt,
604 798 36 14 om
658 791 35 21 uti
711 790 28 21 de
758 791 73 21 såsom
854 796 75 15 exem-

179 825 37 28 pel
235 824 97 22 anförda
350 824 43 21 och
412 824 72 22 andra
503 824 78 28 dylika
600 824 42 22 fall
654 825 129 27 ersättning
795 824 50 21 icke
855 824 74 21 skulle

179 858 128 21 tillkomma
334 858 44 21 den
405 858 108 21 skadade.
549 858 35 21 De
611 858 177 29 kroppsskador,
810 865 47 14 som
878 858 51 21 icke

181 896 39 17 äro
240 895 34 18 att
292 900 66 13 anses
377 893 74 20 såsom
469 892 135 21 föranledda
622 893 23 20 af
663 892 123 28 olycksfall
799 892 9 21 i
820 892 109 28 tjänsten,

181 927 56 21 böra
263 927 89 20 således
378 926 74 29 enligt
474 927 132 21 Utskottets
624 927 94 28 mening
735 926 139 22 inskränkas
893 925 38 22 till

181 961 58 27 dem,
258 968 48 15 som
324 961 45 21 den
388 961 101 21 skadade
508 961 53 29 själf
579 961 92 28 ådragit
680 961 35 28 sig
729 960 133 28 afsiktligen
876 960 55 21 eller

181 1003 84 21 genom
292 995 52 29 grof
367 995 144 21 vårdslöshet
533 995 56 22 eller
608 995 134 28 afsiktligen
761 995 113 28 tillfogats
892 995 38 21 ho-

181 1038 53 13 nom
259 1030 22 21 af
309 1037 77 14 annan
406 1037 81 21 person
507 1034 29 17 än
554 1030 96 21 redaren
669 1030 56 21 eller
743 1030 91 27 befälet,
854 1030 77 21 äfven-

181 1072 49 13 som
248 1064 36 21 till
303 1064 166 28 kroppsskada,
488 1072 47 14 som
553 1064 149 28 tillskyndats
721 1065 95 28 sjöman,
838 1064 29 21 dä
885 1064 47 20 han

182 1098 78 22 blifvit
278 1099 151 28 permitterad
446 1098 8 21 i
472 1098 55 22 land
546 1099 56 21 eller
620 1098 132 29 själfvilligt
764 1099 60 27 tagit
837 1099 35 27 sig
882 1105 50 21 per-

181 1133 94 21 mission
302 1133 43 21 och
372 1133 98 21 sälunda
491 1133 103 21 befinner
615 1133 35 27 sig
671 1133 8 21 i
696 1132 168 28 förhällanden,
884 1139 48 14 som

183 1167 94 22 alldeles
304 1167 50 21 icke
382 1168 139 21 sammanstä
544 1167 51 21 med
619 1167 58 21 hans
704 1168 109 28 sjötjänst
837 1166 42 22 och
896 1166 37 21 för

182 1202 81 21 hvilka
287 1201 99 21 rederiet
412 1201 145 22 fördenskull
583 1202 51 20 icke
655 1202 47 20 kan
720 1205 67 24 göras
805 1200 127 28 ansvarigt.

181 1236 12 21 I
218 1236 58 28 följd
304 1236 23 21 af
348 1236 36 21 sin
402 1236 70 21 ofvan
490 1236 102 22 uttalade
610 1236 151 28 uppfattning
779 1236 41 21 har
837 1235 96 22 Utskot-

183 1271 33 19 tet
234 1270 38 20 till
292 1271 11 19 1
324 1270 12 25 &
355 1269 66 28 fogat
438 1271 34 19 ett
491 1270 201 27 tilläggsmoment.

251 1303 150 21 Beträffande
421 1303 189 28 ansvarighetens
628 1303 157 28 begränsning
798 1303 36 21 till
847 1303 86 20 besätt-

185 1337 86 30 ningen
300 1338 12 21 &
336 1337 83 22 sådant
436 1337 86 29 fartyg,
540 1339 48 20 somm
606 1337 74 29 enligt
697 1337 109 29 gällande
825 1337 109 28 stadgan-

185 1373 43 21 den
248 1373 59 21 skall
324 1373 61 21 föras
405 1372 23 21 af
445 1372 146 22 examinerad
608 1372 166 29 befälhafvare,
784 1372 41 21 har
837 1371 96 22 Utskot-

185 1410 33 19 tet
236 1408 60 21 intet
314 1409 34 20 att
367 1407 115 28 anmärka,
501 1409 57 19 utan
576 1407 69 28 gillar
662 1407 9 21 i
689 1407 44 22 allo
752 1407 27 22 de
793 1407 78 27 motiv,
886 1414 47 14 som

252 1487 49 23 Lag-
313 1486 32 18 och
358 1479 183 25 Ekonomiutskottets
553 1485 110 18 betänkande
675 1484 37 18 N:o
726 1486 17 16 6.
