1075 1761
124 466 15 30 g
151 467 34 22 23.

134 1422 14 30 8
160 1424 34 21 24.

226 155 30 36 28
420 159 28 21 U.
463 158 27 21 B.
506 170 27 3 —
548 158 72 27 Prop.
636 157 40 22 N:o
692 157 35 21 23.

530 236 56 28 Kap.
602 237 19 21 3.

266 288 36 22 Då
317 289 155 27 stadgandena
487 289 7 20 i
509 288 57 27 Kap.
582 289 13 21 3
610 287 71 29 enligt
696 287 24 21 af
733 287 114 22 Utskottet
858 287 93 21 föresla-

198 330 44 22 gen
256 322 133 29 förändring
404 323 79 21 endast
501 323 89 21 komma
607 324 32 19 att
662 322 61 28 gälla
741 321 146 23 tuberkulösa
903 323 48 19 nöt-

199 357 91 22 kreatur
319 364 50 14 men
395 357 50 21 icke
471 358 70 20 andra
566 357 24 22 af
616 356 130 22 tuberkulos
770 355 111 29 angripna
903 355 50 28 djur

198 392 70 21 borde
291 392 37 21 väl
351 391 107 22 rubriken
481 391 81 28 jemväl
585 392 7 20 i
611 391 233 21 öfverensstämmelse
859 390 93 22 härmed

200 427 81 21 ändras
297 426 34 21 till
347 426 58 26 ,Om
421 426 132 21 tuberkulos
568 425 42 22 hos
626 426 151 21 nötkreatur''.

268 461 64 22 Inom
354 460 115 22 Utskottet
490 460 41 22 har
552 460 143 26 framhållits,
714 460 107 21 hurusom
839 459 114 28 uttrycket

200 495 166 26 »misstänkes'
389 495 7 21 i
415 502 67 14 mom.
505 497 10 19 1
536 495 24 21 af
578 494 14 29 &
610 496 28 20 23
657 494 106 29 möjligen.
784 494 75 22 kunde
877 494 74 21 tolkas

200 529 94 22 sålunda
310 532 32 18 att
358 536 90 22 egaren,
463 529 49 21 ifall
528 529 74 29 någon
617 529 154 21 utomstående
785 535 80 21 person
888 534 65 15 anser

200 564 36 27 sig
250 564 69 22 hafva
334 564 51 21 skäl
400 566 32 19 att
451 564 126 21 misstänka
595 564 151 21 förekomsten
761 563 24 21 af
800 562 129 22 tuberkulos
944 562 7 21 i

200 605 27 15 en
243 597 118 30 ladugård,
380 598 67 21 äfven
464 599 38 20 vid
519 598 117 27 ogrundad
652 597 123 22 misstanke
790 604 52 14 vore
857 596 93 29 skyldig

200 633 38 21 vid
262 632 150 28 straffpåföljd
435 633 139 21 omedelbart
596 632 89 21 anmäla
712 633 85 20 derom.
826 631 33 22 En
881 631 71 22 sådan

200 667 104 29 tolkning
326 667 76 22 kunde
425 667 123 22 emellertid
570 667 52 22 icke
644 667 56 21 blott
723 668 83 20 utsätta
821 673 80 22 egaren
918 665 35 22 för

200 702 148 21 trakasserier
371 702 41 21 och
437 702 88 28 obehag
548 702 24 21 af
594 701 60 22 olika
676 701 58 29 slag,
757 703 61 24 utan,
833 708 37 14 om
885 700 68 21 hvem

200 743 48 15 som
265 737 58 21 helst
338 736 83 21 tillåtes
437 737 100 27 utsprida
552 737 70 21 sådan
638 735 131 26 misstanke,
780 735 76 22 kunde
870 741 83 22 egaren

201 771 132 28 härigenom
356 770 106 22 åsamkas
479 771 146 27 oberäknelig
640 770 81 21 förlust
735 777 82 22 genom
834 769 118 22 försvårad

201 805 123 28 afsättning
347 804 24 22 af
393 805 68 26 mjölk
484 812 28 14 m.
532 812 28 14 m.
591 804 43 22 Väl
656 805 42 21 har
721 805 67 21 äfven
811 803 143 28 framhällits,

200 841 32 20 att
254 839 38 21 det
314 846 54 15 vore
391 839 145 28 nödvändigt,
552 841 32 20 att
606 839 67 21 äfven
700 839 155 21 utomstående
878 838 76 22 kunde

200 873 71 21 uttala
286 873 35 21 sin
336 874 131 26 misstanke,
477 875 93 20 emedan
586 881 27 13 en
629 873 36 21 del
677 873 176 28 kreatursegare,
862 873 93 21 oaktadt

201 909 27 21 de
247 907 105 29 möjligen
377 907 74 22 kunde
474 908 68 22 hafva
561 908 51 21 skäl
631 907 81 27 dertill,
729 908 23 21 af
768 914 28 15 en
812 907 53 22 eller
880 914 74 15 annan

201 942 121 28 anledning
348 942 51 22 icke
425 942 53 28 vilja
504 942 125 22 misstänka
655 942 153 22 förekomsten
833 942 24 21 af
879 943 75 21 tuber-

201 976 66 22 kulos
283 976 7 22 i
306 976 34 22 sin
355 976 119 28 ladugård.
504 977 86 21 Genom
604 977 169 28 undersökning
783 977 52 21 med
846 977 108 21 tuberku-

200 1011 32 21 lin
248 1012 76 20 kunde
339 1012 114 21 dessutom
469 1013 80 26 ytterst
564 1012 41 20 lätt
617 1018 26 14 en
655 1011 108 29 grundlös
773 1012 124 21 misstanke
909 1011 46 22 till-

201 1045 130 22 bakavisas.
362 1046 43 21 För
420 1047 33 19 att
467 1046 124 21 emellertid
606 1046 89 28 skydda
710 1052 83 22 egaren
808 1046 35 21 för
855 1046 99 22 otillbör-

201 1080 33 28 lig
246 1080 148 28 inblandning
404 1080 25 21 af
440 1080 139 22 främmande
587 1087 106 24 personer
700 1080 42 32 har
749 1080 126 22 Utskottets
883 1080 72 22 flertal

202 1117 72 19 ansett
296 1116 32 19 att
351 1121 67 15 mom.
443 1115 10 21 1
470 1115 23 21 af
509 1114 14 29 &
539 1116 27 21 23
581 1115 70 21 borde
674 1115 169 22 omformuleras
862 1115 92 27 derhän,

203 1151 32 19 att
250 1156 82 21 egaren
348 1156 54 14 vore
422 1149 92 28 skyldig
529 1149 88 22 anmäla
636 1150 87 25 endast,
741 1156 34 14 om
795 1149 44 21 han
858 1149 42 21 har
915 1156 42 14 an-

203 1182 94 29 ledning
311 1182 86 27 befara,
413 1184 32 20 att
460 1182 61 22 inom
536 1183 58 21 hans
609 1182 252 29 ladugärdsbesättning
879 1184 76 20 tuber-

201 1217 67 21 kulos
282 1217 156 21 förekommer.

270 1252 11 21 I
297 1251 100 28 enlighet
413 1252 50 20 med
479 1252 42 20 den
537 1252 7 20 i
560 1251 158 28 ständerlagen
733 1251 80 28 gjorda
827 1252 128 21 förändrin-

202 1292 45 21 gen
262 1286 70 21 borde
348 1293 27 13 ur
390 1293 67 13 mom.
473 1287 12 19 2
501 1286 24 20 af
539 1288 12 23 $
566 1286 28 21 23
610 1286 68 20 orden
694 1285 56 27 ,,och
762 1286 64 20 svin"
839 1286 116 21 uteslutas.

202 1319 11 21 I
228 1319 233 21 öfverensstämmelse
484 1320 51 20 med
550 1320 43 20 den
608 1318 24 21 af
647 1319 115 21 Utskottet
776 1319 8 21 i
798 1319 109 28 förslaget
921 1318 34 22 till

202 1353 134 29 förordning
361 1353 108 28 vidtagna
495 1353 161 27 förändringen
682 1353 70 21 borde
778 1353 68 21 äfven
868 1354 7 20 i
898 1353 58 21 kun-

202 1388 103 28 görelsen
321 1387 64 22 ordet
395 1387 199 28 ,,tuberkelsjuka'*
605 1388 90 27 utbytas
711 1389 60 20 emot
785 1388 168 26 ,,tuberkulos.''

271 1422 34 22 Pä
320 1422 59 26 skäl,
391 1429 49 15 som
451 1422 69 22 redan
533 1422 95 29 tidigare
639 1422 136 22 framhällits
786 1429 66 15 anser
863 1422 94 23 Utskot-

203 1458 31 21 tet
249 1459 32 19 att
296 1457 24 21 af
334 1456 204 29 jufvertuberkulos
553 1457 109 28 angripna
675 1458 49 27 djur
736 1458 69 21 borde
817 1457 138 22 omedelbart

270 1503 182 18 Ekonomiutskottets
465 1502 110 19 betänkande
587 1502 34 19 N:o
633 1503 17 17 5.
