1053 1720
307 120 86 24 Stiind.
408 122 39 23 Sv.
463 135 27 3 —
505 122 74 29 Prop.
595 123 42 24 N:o
652 122 38 24 29.
859 124 13 21 3

121 186 70 29 trakt,
218 186 41 22 der
284 187 138 29 försäljning
449 188 24 22 af
497 188 23 22 öl
543 188 44 22 och
604 191 78 26 porter
700 192 25 18 är
742 189 129 29 förbjuden,

121 220 68 23 äfven
215 221 111 29 buteljvis
354 222 37 21 till
416 222 146 29 afhämtning
583 222 95 30 försälja
700 223 51 22 sina
769 223 103 22 tillverk-

120 256 91 28 ningar.
246 255 48 23 För
320 256 72 28 öfrigt
419 264 68 20 synes
514 256 51 22 skäl
591 256 149 28 förekomma,
759 260 35 18 att
820 257 52 22 från

120 288 110 30 bryggeri
247 290 9 20 i
274 289 53 23 stad
353 290 76 22 tillåta
455 290 139 29 försäljning
615 291 23 21 af
661 291 24 21 öl
706 290 43 22 och
767 293 78 26 porter
863 292 9 20 i

119 324 88 28 partier
232 330 37 15 om
292 323 90 22 hälften
404 324 90 22 mindre
516 324 65 22 antal
599 324 154 30 halfbuteljer,
772 328 30 18 än
819 325 53 22 från

120 357 110 29 bryggeri
256 358 30 29 på
312 357 87 29 landet,
426 362 56 18 enär
508 359 66 22 dessa
598 358 103 29 drycker,
723 358 101 30 tappade
841 360 30 28 på

119 390 156 31 halfbuteljer,
299 392 197 30 hufvudsakligen
523 392 118 23 användas
668 394 75 21 såsom
766 393 105 29 närings-

119 426 82 28 medel,
220 426 43 21 och
281 426 59 23 brist
357 428 30 27 på
404 426 111 30 lämpliga
532 428 184 28 förvaringsrum
730 431 42 25 gör
784 428 40 21 det
835 428 37 21 för

119 461 187 28 privatpersoner
326 461 9 22 i
356 461 52 22 stad
434 462 64 21 svårt
524 463 36 20 att
586 461 59 22 förse
668 463 37 27 sig
728 461 52 23 med
799 463 72 20 större

120 495 79 22 förråd
216 495 24 22 af
258 495 72 22 sådan
348 503 64 14 vara.

187 529 35 21 De
240 529 8 22 i
266 529 174 29 propositionen
464 530 131 28 föreslagna
615 530 204 28 minimibeloppen
838 530 31 21 25

119 562 48 23 hel-
185 562 43 23 och
246 564 32 22 50
300 564 149 28 halfbuteljer
466 564 71 22 hafva
556 564 131 22 förändrats
706 564 37 22 till
760 571 58 22 resp.
839 564 31 21 24

119 597 48 22 hel-
185 597 43 22 och
245 598 33 21 48
296 598 157 29 halfbuteljer,
472 600 23 20 af
514 599 68 21 orsak
600 600 35 20 att
652 598 40 22 vid
711 606 29 14 en
752 598 38 22 del
802 598 69 29 bryg-

119 632 76 29 gerier
216 632 40 22 vid
283 632 201 30 partiförsäljning
505 633 23 21 af
549 634 23 21 öl
593 632 42 22 och
657 635 77 27 porter
752 632 119 22 användas

119 666 65 22 lådor
210 666 164 23 innehållande
401 667 31 21 24
459 667 106 29 buteljer.
601 667 71 22 Ordet
700 666 104 30 ,slutna*
829 666 42 23 har

119 701 90 29 tillagts
227 701 94 23 framför
339 702 65 22 ordet
422 718 8 12 ,
435 702 111 29 buteljer”
560 702 37 22 för
614 702 117 22 vinnande
750 702 22 22 af
789 702 81 22 likfor-

119 736 90 28 mighet
225 736 53 22 med
296 736 139 29 stadgandet
452 737 9 21 i
479 737 15 21 8
513 738 20 26 $.
568 737 184 28 Bestämningen
770 744 37 14 om
826 736 45 22 den

120 771 117 28 avantitet
257 770 23 23 öl
298 771 56 22 eller
371 773 78 27 porter
467 771 130 29 buteljerna
614 772 57 22 böra
691 771 119 22 innehålla
829 771 41 22 har

119 812 28 15 ur
167 806 10 20 1
202 806 13 26 $
236 805 118 23 uteslutits
380 806 37 22 för
443 806 150 22 undvikande
620 806 23 22 af
666 806 153 29 upprepning,
841 806 30 21 dä

119 839 121 22 enahanda
258 840 147 28 bestämning
422 840 69 29 ingär
507 840 9 22 i
534 841 15 20 8
568 841 21 26 $.

188 873 51 22 Den
265 874 9 21 i
302 875 13 20 2
343 875 14 26 &
381 875 12 21 1
415 881 66 16 mom.
505 874 116 29 ingående
646 873 224 29 tidsbestämningen

121 907 111 29 nJanuari
255 908 97 23 månad”
374 909 44 21 har
437 909 91 28 utbytts
549 911 50 20 mot
615 909 178 28 bestämningen
812 907 58 30 ,Ok-

119 942 67 23 tober
203 942 106 29 månad",
327 943 96 22 hvilken
441 943 152 22 förekommer
611 943 9 22 i
634 942 162 23 motsvarande
809 942 62 22 stad-

119 977 76 28 gande
216 977 36 22 uti
269 977 166 30 förordningen
454 977 119 29 angående
591 977 62 23 vissa
672 976 198 29 inskränkningar

118 1011 10 22 i
150 1011 102 22 handeln
278 1011 53 22 med
357 1012 66 21 viner
449 1011 43 23 och
519 1011 73 23 andra
613 1018 97 22 svagare
732 1011 138 29 rusdrycker

118 1046 43 21 och
192 1045 97 23 hvilken
318 1046 195 29 tidsbestämning
541 1046 160 22 erfarenheten
727 1046 61 21 visat
814 1052 56 15 vara

118 1080 143 29 lämpligare.

186 1115 13 21 I
216 1114 45 22 den
279 1114 87 29 nådiga
384 1114 174 29 propositionen
575 1114 95 22 föreslås
688 1114 62 28 att,
740 1110 13 37 i
768 1114 42 21 fall
824 1121 46 15 me-

118 1148 234 30 ningsskiljaktighet
375 1148 85 22 mellan
481 1148 328 29 kommunalmyndigheterna
828 1154 42 22 yp-

117 1190 43 22 pas
187 1182 40 22 vid
256 1182 184 22 bestämmandet
469 1183 34 22 af'
521 1182 89 23 antalet
635 1182 236 29 försäljningsställen

117 1219 65 19 utom
199 1217 118 29 bryggeri,
344 1220 153 26 guvernören,
515 1217 37 22 till
569 1216 69 23 hvars
660 1216 126 29 afgörande
806 1219 64 19 ären-

118 1250 40 22 det
181 1251 9 21 i
210 1251 85 22 sådant
314 1251 42 23 fall
376 1251 43 22 bör
439 1251 24 22 af
484 1251 151 29 magistraten
655 1251 145 29 hänskjutas,
818 1250 52 22 icke

119 1285 57 29 egde
194 1288 48 19 rätt
259 1288 37 19 att
310 1286 127 21 bestämma
449 1286 259 29 försäljningsställenas
722 1284 64 23 antal
798 1284 71 29 högre

119 1323 30 19 än
175 1319 40 23 det
241 1320 115 29 antingen
378 1320 123 29 magistrat
524 1320 55 23 eller
597 1319 44 24 ock
658 1319 212 28 stadsfullmäktige

118 1354 57 21 eller
203 1354 184 21 rådhusstämma
416 1356 77 19 ansett
522 1354 115 28 lämpligt.
672 1353 37 22 Då
740 1353 131 22 Ständerna

118 1387 128 22 emellertid
263 1387 62 22 varit
343 1387 23 22 af
384 1387 45 22 den
447 1387 61 28 åsigt
525 1389 36 20 att
572 1385 299 31 försäljningsrättigheter-

117 1429 43 16 nas
181 1421 64 24 antal
264 1421 9 22 i
290 1421 72 29 ingen
379 1420 111 23 händelse
508 1421 69 22 borde
595 1421 139 23 bestämmas
751 1419 71 30 högre
841 1424 30 18 än
