1056 1723
360 82 29 23 U.
404 84 28 21 B.
451 96 24 4 —
490 84 73 28 Prop.
579 84 45 22 N:o
640 84 38 22 25.
868 84 26 21 17

417 160 33 19 alt
464 159 24 21 de
504 158 34 22 till
553 158 101 22 bibliotek
674 158 36 28 för
731 158 164 28 folkskollärare

349 192 38 22 och
408 192 127 22 lärarinnor
549 192 10 22 i
575 193 192 21 landskommuner
781 193 114 28 äfvensom

348 227 36 27 för
405 227 144 28 anskaffande
564 227 29 28 af
609 227 234 28 äskädningsmateriel
860 228 36 27 för

349 261 148 28 folkskolorna
515 262 32 27 pä
569 262 74 21 landet
663 261 104 28 beviljade
789 262 107 28 anslagen

350 296 35 20 uti
399 295 165 28 statsförslagen
579 296 67 20 måtte
660 296 10 20 i
684 295 35 21 det
734 295 100 28 afseende
844 296 28 21 17
882 296 14 26 $

349 330 10 20 i
373 329 83 28 nädiga
467 330 159 28 förordningen
640 330 41 20 den
694 330 14 21 3
718 330 47 28 maj
776 330 66 26 1899,
852 337 42 14 an-

349 364 82 28 gäende
463 364 215 28 omorganisationen
708 364 28 28 af
761 364 136 21 statsverkets

351 399 76 21 kassa-
451 398 40 22 och
511 398 233 28 räkenskapsväsendet
766 398 9 21 i
798 398 99 28 Storfur-

351 433 119 21 stendömet
484 433 105 26 Finland,
605 433 129 26 innehäller,
745 433 110 21 betecknas
862 433 35 21 sä-

351 474 47 14 som
413 467 229 28 reservationsanslag.

215 524 116 28 Angäende
353 527 69 22 sättet,
445 524 80 29 hvarpä
547 524 36 22 det
606 524 22 21 af
650 524 162 22 Statsutskottet
833 525 64 21 ofvan

146 558 120 28 föreslagna
281 558 152 29 utgiftsbelopp
443 559 23 21 af
476 559 54 21 Fmk
542 559 123 26 12,886,400
676 558 59 22 mark
744 558 38 22 bör
792 559 106 27 betäckas,

147 593 52 22 skall
224 593 111 22 Utskottet
353 596 58 25 yttra
425 594 32 27 sig
472 593 7 21 i
493 593 38 21 det
545 593 139 26 betänkande,
699 601 45 14 som
758 593 94 22 kommer
867 596 32 19 att

147 627 23 22 af
185 627 112 22 Utskottet
311 627 92 28 afgifvas
414 628 7 21 i
431 627 112 28 anledning
553 627 23 22 af
587 627 61 22 Hans
659 627 119 28 Kejserliga
788 627 111 29 Majestäts

147 662 78 28 nådiga
239 663 128 28 proposition
383 669 32 14 n:o
431 663 33 25 41,
481 661 107 30 angående
603 661 27 21 de
645 661 37 22 vid
697 661 127 29 landtdagen
845 663 53 20 1900

148 696 79 22 äskade
242 696 72 29 anslag
329 697 39 20 och
384 698 115 26 utvägarna
513 696 32 21 tili
560 696 118 21 desammas
690 696 140 22 bestridande.

218 899 12 21 I
245 899 154 29 behandlingen
413 899 23 22 af
451 899 59 22 detta
524 899 76 22 ärende
616 899 64 21 hafva
692 899 90 29 deltagit
792 898 110 22 ordföran-

150 934 40 21 den
206 934 24 21 L.
250 934 113 26 Mechelin,
384 933 142 22 ledamöterne
548 934 84 28 August
654 934 98 28 Ramsay,
774 934 127 25 Bruncrona,

150 968 177 28 Standertskjöld,
349 968 92 27 Donner,
457 967 26 22 G.
499 969 26 21 O.
539 968 25 21 T.
580 967 131 27 Nordström,
726 967 122 28 Bonsdorff,
865 966 37 23 Jo-

150 1003 96 28 hansson,
261 1002 110 29 Hallberg,
385 1003 40 21 Th.
440 1003 114 28 Wegelius,
569 1010 41 14 von
626 1003 76 22 Pfaler.
718 997 92 32 Öhman,
825 1002 77 26 Wärri,

151 1037 117 27 Meurman,
290 1037 89 29 Kiipula
401 1037 40 22 och
455 1037 143 27 Tuomikoski,
614 1037 109 22 äfvensom
735 1037 68 22 delvis
818 1037 84 28 supple-

152 1075 85 18 anterne
253 1071 26 22 G.
295 1071 104 27 Granfelt,
415 1071 115 29 Helander,
545 1072 26 21 A.
586 1071 118 30 Holmberg
719 1071 39 22 och
775 1071 127 29 Kilpiäinen.

221 1136 140 29 Helsingfors,
376 1136 40 21 den
434 1137 25 20 19
475 1136 51 29 april
544 1137 60 20 1900.

223 1441 140 18 Statsutskoltets
377 1439 110 18 betänkande
502 1439 35 16 N:o
550 1439 16 16 4.
