1070 1717
383 93 27 22 UT.
426 94 27 21 B.
468 107 28 2 —
512 94 72 28 Prop.
601 95 42 22 N:o
658 95 38 22 25.
903 96 17 21 (€

227 160 44 23 Då,
286 160 67 22 såsom
368 162 8 20 i
391 161 35 22 det
449 162 125 29 föregående
596 163 84 29 antydts
695 164 38 20 och
750 164 23 20 af
787 163 26 21 de
830 163 36 21 vid
877 163 36 25 di-

161 194 233 29 striktinspektörernas
417 196 63 21 redan
506 197 73 21 nämda
607 200 56 19 möte
685 198 81 28 afgifna
787 198 127 27 ytträndena

161 228 50 21 med
232 228 105 29 tydlighet
358 229 96 29 framgår,
469 230 96 27 gällande
588 231 130 22 föreskrifter
742 231 106 28 angående
871 231 41 22 den

161 262 40 21 här
215 262 89 21 berörda
319 263 286 30 slöjdundervisningsfrågan
624 265 48 23 icke
688 265 129 22 konsekvent
833 265 81 22 kunnat

160 296 140 27 genomföras,
315 299 44 19 tror
382 297 110 22 Utskottet
514 298 45 21 skäl
582 298 107 29 föreligga,
705 303 31 17 att
757 299 60 21 dessa
837 299 77 21 under-

161 330 72 21 kastas
257 330 117 29 sakkunnig
396 330 99 30 pröfning
515 333 6 20 i
539 332 55 29 syfte
617 335 32 19 att
670 334 79 21 utröna,
764 333 7 21 i
786 333 56 21 hvad
866 333 47 21 mån

160 364 95 21 vilkoren
278 365 33 20 för
326 365 157 29 statsanslagets
499 366 122 28 utgifvande
636 367 81 21 kunnat
731 374 50 14 vara
796 366 117 29 hinderliga

160 398 35 21 för
217 398 68 22 denna
305 399 157 28 undervisnings
478 401 133 20 anordnande
632 401 36 20 vid
688 401 27 20 de
735 401 75 25 skolor,
825 408 44 13 som
887 408 26 13 nu

159 432 67 21 sakna
241 432 71 26 sådan,
327 433 108 21 äfvensom
450 434 6 20 i
472 434 149 28 sammanhang
635 434 87 22 därmed
737 434 68 28 öfriga
819 436 92 19 omstän-

159 466 103 28 digheter,
274 474 43 14 som
334 467 78 22 kunnat
428 467 27 28 på
469 468 179 21 sakförhållandet
658 468 91 22 inverka.
770 468 12 21 I
794 469 119 26 anslutning

161 494 70 22 härtill
254 495 33 21 får
306 495 111 22 Utskottet
439 496 107 22 vördsamt
570 496 77 22 föreslå
666 499 32 19 att
721 496 116 22 Ständerna
864 497 48 21 ville

160 529 72 22 förena
248 531 33 27 sig
294 537 34 14 om
343 533 31 18 ett
391 531 106 21 uttalande
512 531 79 21 därhän

434 602 32 19 att
482 601 34 20 till
525 600 106 29 pröfning
645 601 66 20 måtte
723 602 105 26 upptagas
839 594 78 27 huru-

366 634 50 20 vida.
432 634 37 21 och
484 634 8 20 i
502 635 58 21 hvad
570 634 52 21 mån
639 642 30 13 nu
683 635 102 27 gällande
795 634 114 28 föreskrif-

366 670 32 18 ter
419 668 111 26 angående
552 668 67 28 slöjd-
636 668 37 21 och
696 668 214 21 handarbetsunder-

366 702 116 27 visningen
503 703 36 20 vid
556 702 25 22 de
602 703 116 26 folkskolor
733 703 30 27 på
779 703 79 26 landet,
876 703 36 20 vid

364 736 73 21 kvilka
460 737 76 20 endast
559 736 82 28 kvintig
664 737 51 21 eller
730 737 76 21 endast
825 736 86 28 manlig

366 771 71 21 lärare
458 770 76 28 finnas
556 771 93 27 anstäld,
665 771 61 21 borde
751 770 94 28 undergå
862 771 53 27 för-.

365 805 95 27 ändring
469 805 9 21 i
484 806 58 27 syfte
552 807 33 19 att
595 806 40 21 den
645 806 164 27 undervisning,
820 806 90 21 hrarom

365 840 11 20 i
391 840 46 20 dem
453 840 94 27 stadgas,
559 840 9 20 i
582 840 160 21 vidsträcktaste
761 840 50 20 mån
832 840 30 27 på
882 842 33 25 ett

363 874 108 28 praktiskt
485 876 43 19 sätt
544 875 71 21 kunde
628 875 145 27 genomföras.

227 1016 11 20 I
258 1016 40 21 den
319 1016 74 28 nådiga
415 1017 155 28 propositionen
589 1016 124 29 uppskattas
727 1016 27 22 de
769 1016 31 21 till
817 1017 93 26 löneför-

157 1050 121 27 höjningar
292 1051 36 26 för
342 1050 293 28 folkskollärarepersonalen
650 1050 29 28 pä
689 1051 74 21 landet
773 1050 137 29 erforderliga

156 1084 74 28 anslag
256 1084 33 21 för
316 1084 170 29 finansperioden
510 1085 139 21 1901—1904
671 1084 33 21 till
726 1084 184 21 sammanräknadt

157 1119 90 25 850,000
263 1118 65 22 mark.
352 1119 46 21 Vid
413 1118 124 29 pröfningen
550 1118 22 22 af
583 1119 35 21 det
629 1118 88 22 sälunda
727 1118 77 22 äskade
817 1117 93 30 anslags-

158 1153 99 28 beloppet
279 1153 38 21 har
338 1152 162 22 Statsutskottet
520 1153 48 21 icke
587 1153 68 20 funnit
673 1152 62 29 nägot
751 1155 31 18 att
797 1156 56 17 emot
868 1153 40 21 den

156 1187 76 28 nådiga
247 1187 167 28 propositionens
429 1187 115 28 beräkning
559 1187 104 22 anmärka.

225 1221 126 21 Emellertid
367 1221 36 21 har
418 1221 111 22 Allmänna
544 1221 201 25 Besvärsutskottet,
756 1221 32 21 till
799 1221 62 21 hvars
872 1220 36 22 be-

157 1255 100 28 handling
272 1255 125 28 hänskjutits
413 1258 30 18 ett
458 1256 55 20 inom
529 1255 177 28 Borgareståndet
721 1255 119 21 framstäldt
854 1256 55 27 peti-

156 1289 140 28 tionsförslag,
314 1289 119 28 »angående
451 1289 88 28 höjande
558 1289 23 21 af
595 1289 150 28 statsbidraget
759 1288 31 22 till
806 1288 103 25 folkskol-

156 1323 79 21 lärares
250 1323 39 21 och
305 1323 124 21 lärarinnors
443 1323 28 28 på
486 1323 71 21 landet
572 1323 131 27 aflöning»,
695 1318 10 37 i
718 1323 36 20 sitt
765 1322 99 21 däröfver
875 1323 32 20 af-

156 1355 59 29 gifna
237 1355 133 22 betänkande
390 1356 40 21 N:o
445 1357 13 20 S
473 1356 114 27 föreslagit,
602 1359 31 17 att
648 1356 76 21 nämda
739 1355 74 28 bidrag
830 1356 78 21 »måtte

155 1389 59 26 ökas,
229 1389 64 22 sedan
309 1390 65 20 lärare
382 1389 47 28 och
444 1389 101 24 lärarinna
558 1389 65 23 under
632 1389 43 24 fem
686 1389 32 21 års
730 1389 31 21 tid
772 1388 135 29 oförvitligen

226 1435 143 18 Statsutskottets
382 1435 109 18 betänkande
507 1434 34 18 N:o
557 1436 14 16 4.
