1075 1759
477 142 39 21 N:o
532 142 33 20 23.
855 140 12 20 3

352 444 95 32 Förslag
470 445 32 25 till
527 444 139 31 förordning
680 451 32 17 om
732 444 124 25 hämmande
876 444 27 24 af

284 492 154 24 smittosamma
453 490 236 32 husdjurssjukdomar
710 491 57 24 inom
784 490 99 24 Finland.

217 582 49 22 Med
290 581 150 28 upphäfvande
460 582 23 20 af
501 583 12 20 5
529 582 10 27 &
557 583 26 20 22
599 582 49 26 kap.
664 581 24 21 B.
704 581 33 26 B.,
756 584 7 18 i
782 581 39 21 och
836 582 12 20 3
864 581 38 21 ka-

148 617 69 27 pitlen
233 617 7 20 i
256 616 78 28 nädiga
356 616 142 28 kungörelsen
520 615 22 23 af
556 617 40 21 den
612 617 26 21 22
654 616 116 21 December
787 616 61 26 1898,
865 621 37 15 an-

148 652 83 26 gäende
254 651 102 27 ätgärder
371 652 44 20 mot
430 650 162 28 tuberkelsjuka
607 650 37 22 hos
660 651 156 21 nötkreaturen
831 651 7 20 i
853 650 49 21 Fin-

148 686 58 26 land,
232 687 56 19 samt
310 685 56 21 hvad
389 684 33 22 för
445 685 63 27 öfrigt
524 687 24 20 är
564 685 101 27 stadgadt
680 691 33 15 om
729 684 174 22 förekommande

149 720 39 21 och
202 720 128 21 hämmande
346 720 22 20 af
383 720 67 20 andra
464 720 57 21 inom
536 720 74 21 landet
624 720 107 20 utbrutna
747 720 156 20 smittosamma

149 754 232 27 kreaturssjukdomar,
397 754 77 21 varder
489 754 124 27 härigenom
628 753 128 21 förordnadt
771 759 45 15 som
831 752 71 28 följer:

503 822 11 28 8
534 826 16 18 1.

219 857 30 26 Är
264 862 90 27 husdjur
369 862 112 22 behäftadt
491 862 47 22 med
549 863 121 21 smittosam
680 862 98 28 sjukdom
789 862 51 22 eller
850 862 55 21 före-

149 896 69 22 finnes
240 897 115 27 anledning
371 899 32 19 att
421 898 38 20 hos
476 898 71 26 djuret
562 897 73 21 befara
650 897 68 22 sädan
733 898 105 27 sjukdom,
856 904 49 16 vare

150 937 79 22 egaren
245 932 83 27 skyldig
344 932 17 27 ej
379 932 90 21 allenast
485 934 34 19 att
533 932 45 22 låta
594 932 84 27 afskilja
693 933 71 26 djuret
779 932 47 22 från
838 933 68 21 andra

152 966 48 27 djur
221 967 53 20 utan
290 966 40 21 ock
345 968 40 24 att,
401 966 38 21 der
454 966 77 21 sädant
547 966 33 21 för
595 967 122 21 utrönande
732 967 23 21 af
768 967 138 27 sjukdomens

152 1000 145 21 beskaffenhet
320 1001 51 21 eller
393 1000 33 22 för
448 1001 138 27 sjukdomens
605 1000 127 22 hämmande
747 1001 68 23 finnes
831 1002 75 27 nödigt

152 1034 40 22 och
214 1034 23 22 af
257 1034 159 22 vederbörande
438 1034 124 28 myndighet
578 1035 147 27 föreskrifvits,
743 1036 118 22 detsamma
876 1036 30 22 af-

152 1068 57 27 lifva,
226 1068 107 22 äfvensom
349 1071 34 19 att
397 1069 88 27 vidtaga
500 1070 26 21 de
541 1069 68 28 öfriga
625 1070 106 26 åtgärder,
750 1076 45 16 som
813 1070 48 22 med
877 1070 30 22 af-

154 1104 78 22 seende
248 1111 12 14 &
276 1104 136 27 sjukdomens
428 1106 35 20 art
478 1106 74 20 kunna
567 1104 23 22 af
602 1105 123 27 myndighet
741 1105 112 27 päbjudas.

508 1175 11 27 s
536 1175 18 20 2.

223 1214 69 27 Egare
309 1214 21 21 af
343 1214 97 28 husdjur,
456 1214 66 22 bland
537 1214 72 22 hvilka
624 1214 121 22 smittosam
760 1215 98 28 sjukdom
874 1217 35 19 ut-

154 1249 70 21 brutit
239 1248 51 22 eller
305 1255 46 15 som
366 1249 85 22 befinna
467 1250 32 26 sig
514 1250 58 21 inom
588 1249 92 25 område,
697 1249 80 22 hvilket
792 1250 117 21 förklarats

155 1283 105 26 smittadt,
276 1289 51 15 vare
342 1284 147 21 underkastad
504 1284 78 22 förbud
597 1286 45 20 mot
656 1283 116 28 föryttring
783 1284 50 22 eller
842 1285 67 20 annat

156 1317 185 27 tillgodogörande
364 1317 23 22 af
411 1318 83 22 sådana
517 1318 48 27 djur
588 1318 50 22 eller
661 1318 23 21 af
705 1318 60 21 delar
787 1318 50 21 eller
860 1324 51 20 pro-

157 1351 78 22 dukter
251 1351 22 22 af
287 1352 114 27 desamma,
411 1352 50 22 eller
477 1353 39 21 ock
531 1352 57 22 vissa
602 1353 197 27 inskränkningar
788 1347 13 37 i
811 1352 100 22 afseende

157 1386 13 20 å
192 1386 78 21 sådant
293 1386 190 27 tillgodogörande,
508 1387 54 20 efter
584 1387 57 20 hvad
663 1387 48 20 med
733 1387 86 26 hänsigt
837 1386 32 21 till
885 1387 26 20 de

157 1419 58 21 olika
230 1420 164 25 sjukdomarnas
409 1422 35 19 art
459 1420 78 21 varder
548 1420 102 21 särskildt
660 1420 103 26 stadgadt
774 1420 51 22 eller
840 1420 23 21 af
877 1426 34 15 ve-

158 1454 107 27 derbörlig
280 1454 124 27 myndighet
420 1453 140 23 föreskrifvet.
