1078 1714
181 125 26 21 12
401 123 30 22 U.
446 123 28 23 B.
490 136 28 3 —
533 123 72 28 Prop.
623 123 42 22 N:o
681 123 40 22 20.

179 194 156 29 skipningen,
354 193 45 23 och
419 195 35 21 att
472 194 90 26 denna,
588 193 77 30 enligt
688 194 47 22 hos
753 200 42 17 oss
813 194 118 29 gällande

178 229 172 28 rättsordning
369 228 47 22 och
434 228 75 22 äfven
534 228 48 22 den
601 227 8 23 i
628 228 33 22 94
681 228 14 29 8
715 228 25 23 af
759 228 173 30 Reglementet

178 263 39 22 för
236 263 141 29 Kejserliga
397 262 109 23 Senaten
525 263 49 22 den
594 262 30 23 13
645 263 147 28 September
811 263 65 22 1892
894 264 37 21 ut-

179 297 82 23 talade
280 297 145 29 grundsats,
444 297 8 22 i
470 297 60 22 sista
543 297 97 23 instans
652 297 159 23 handhafves
828 293 28 38 af
873 293 58 38 Eko-

179 332 280 28 nomiedepartementet
477 331 8 23 i
505 331 108 23 Senaten
632 332 83 23 såsom
731 332 118 30 kollegial
861 339 70 22 myn-

179 367 93 28 dighet,
295 367 8 21 i
321 367 77 21 hvars
417 365 192 30 förhandlingar
636 366 268 29 Generalguvernören
922 367 8 22 i

179 401 129 29 egenskap
327 400 26 23 af
371 400 151 23 ordförande
541 407 60 23 eger
618 402 51 21 rätt
687 402 36 21 att
744 401 106 30 deltaga.
886 401 46 22 Be-

178 435 76 23 rörda
272 435 98 29 princip
388 435 47 22 har
453 435 7 22 i
480 435 118 23 afseende
618 435 14 22 å
651 435 48 23 den
718 436 214 22 administrativa

180 469 197 30 lagskipningen
396 469 84 23 städse
491 472 59 20 utan
564 470 131 29 undantag
705 470 138 29 iakttagits,
856 470 75 23 äfven

179 501 32 26 då
232 504 262 29 förvaltningsfrågor
511 504 8 22 i
538 505 68 22 vissa
629 504 43 23 fall
695 504 181 23 öfverlemnats
895 505 36 22 till

180 539 94 29 slutligt
294 539 138 29 afgörande
452 539 24 22 af
490 539 108 22 Senaten
614 539 8 22 i
633 539 101 22 samråd
747 539 56 22 med
814 539 118 23 General-

179 575 167 28 guvernören.
365 573 39 23 En
421 574 159 29 bestämning
599 573 7 23 i
624 574 136 29 föreslaget
772 574 65 29 syfte
851 574 81 23 skulle

180 608 96 22 således
288 608 111 29 afgjordt
409 608 37 22 stå
459 609 7 21 i
476 609 61 21 strid
548 609 57 22 med
616 609 48 22 den
674 609 33 28 på
713 609 218 29 lagskipningens,

180 642 74 23 äfven
272 643 50 22 den
342 643 198 22 administrativa
555 643 215 29 lagskipningens,
783 643 101 23 område
896 649 36 17 nu

179 677 123 28 gällande,
322 677 24 22 af
365 677 139 22 ärendenas
529 677 176 23 beskaffenhet
722 677 136 29 betingade
876 678 57 22 ord-

179 711 68 29 ning.
272 711 149 23 Införandet
440 711 26 23 af
483 718 31 15 en
533 712 79 22 sådan
630 712 78 29 nyhet
721 711 7 22 i
740 712 191 29 lagstiftningen

179 752 61 16 vore
268 746 159 22 beträffande
453 746 87 29 frågor
568 746 132 29 angående
727 746 161 29 grundandet
906 746 27 23 af

179 780 103 29 vanliga
309 780 131 30 andelslag
458 781 28 21 så
504 781 98 28 mycket
620 780 96 23 mindre
735 780 124 29 påkallad,
878 787 54 16 som

180 816 160 27 guvernören
364 815 47 22 och
436 814 97 23 således
555 815 75 23 äfven
648 815 49 23 den
716 815 153 29 myndighet,
887 816 47 22 hos

179 849 103 22 hvilken
309 850 92 22 besvär
428 850 72 22 öfver
526 850 172 28 guvernörens
723 850 84 29 utslag
826 850 109 27 anföras,

179 884 92 28 jemväl
293 883 78 30 enligt
389 884 48 22 den
456 884 93 29 nådiga
567 884 189 28 propositionen
770 884 63 30 egde
842 884 92 29 pröfva

179 918 90 22 endast
292 918 163 29 rättsfrågan,
478 918 23 22 d.
522 925 23 15 v.
568 926 19 15 s.
611 918 126 23 huruvida
759 919 120 29 förslaget
897 920 37 21 till

180 952 103 29 stadgar
302 954 28 20 är
348 953 55 21 med
422 952 42 30 lag
482 952 281 24 öfverensstämmande.

249 987 36 21 På
312 986 78 23 ofvan
415 987 106 22 anförda
540 987 55 22 skäl
614 993 74 16 anser
707 987 126 23 Utskottet
851 988 15 22 8
886 988 46 22 och

180 1021 33 22 36
232 1021 32 28 $$
284 1021 8 21 i
310 1020 164 30 lagförslaget
493 1021 61 22 böra
573 1021 114 29 undergå
707 1022 115 29 ändring.

248 1056 86 26 Tiden,
354 1055 67 22 inom
440 1055 102 23 hvilken
560 1056 92 22 besvär
671 1056 71 22 öfver
758 1056 175 29 guvernörens

179 1089 84 29 utslag
281 1089 78 23 borde
378 1090 109 26 anföras,
511 1090 107 22 föreslås
636 1090 9 22 i
663 1090 48 22 den
730 1090 94 29 nådiga
842 1096 91 22 propo-

179 1124 106 22 sitionen
305 1124 43 28 (36
368 1124 26 28 $)
413 1123 36 23 till
468 1124 83 22 trettio
572 1124 88 30 dagar,
680 1124 102 23 hvilken
801 1124 35 23 tid
856 1124 76 22 äfven

178 1158 8 21 i
205 1158 135 22 allmänhet
366 1158 78 22 måste
470 1165 73 15 anses
561 1158 40 22 för
620 1159 143 22 ändamålet
789 1159 141 29 tillräcklig.

177 1192 64 26 Men,
258 1192 33 29 på
310 1193 50 22 sätt
378 1192 43 23 vid
440 1192 208 24 remissdebatten
660 1193 67 23 inom
740 1193 193 23 Bondeståndet

177 1226 157 27 framhållits,
361 1233 75 22 synes
462 1227 159 23 beträffande
643 1227 176 29 Lappmarken
838 1234 30 16 en
887 1234 45 16 un-

178 1261 270 28 dantagsbestämning
474 1261 153 21 härutinnan
654 1267 63 15 vara
739 1260 147 29 nödvändig
905 1260 27 23 af

178 1300 94 16 samma
291 1294 82 26 orsak,
391 1300 53 16 som
458 1294 75 22 äfven
552 1295 7 21 i
579 1294 79 22 andra
671 1295 43 22 fall
727 1295 125 23 föranledt
864 1295 67 23 med-

176 1328 133 29 gifvandet
327 1328 26 23 åt
372 1328 310 30 inbyggarene
554 1324 16 39 i
583 1328 96 30 nämnda
701 1329 108 30 aflägset
821 1329 109 30 belägna

177 1363 45 22 och
233 1363 56 22 med
299 1363 150 30 bristfälliga
460 1363 243 23 kommunikationer
718 1364 120 23 försedda
847 1364 84 23 lands-

177 1397 40 23 del
234 1398 90 29 längre
347 1397 123 30 fataljetid
496 1399 31 22 än
553 1398 49 23 den
620 1399 8 22 i
647 1399 134 23 allmänhet
802 1399 126 30 gällande.

179 1432 111 23 Sålunda
310 1433 103 30 stadgas
431 1433 31 23 bl.
482 1440 21 15 a.
524 1435 35 21 att
577 1433 93 24 besvär
688 1434 72 23 öfver
776 1435 153 22 kommunal-

244 1475 47 24 Lay-
304 1477 31 17 och
351 1469 181 36 Ekonomiutskottets
548 1469 111 36 betänkande
666 1477 38 18 N:o
717 1479 17 16 9.
