1050 1720
38 761 32 23 68
83 761 16 22 (7
112 761 10 22 8
134 761 34 18 enl.

71 789 58 24 prop.)

176 137 27 20 18
396 135 28 23 U.
441 136 27 22 B.
485 149 28 3 —
529 137 72 28 Prop.
619 137 44 22 N:o
677 136 37 22 27.

176 202 48 22 dast
239 202 116 22 utlåtande.
377 202 38 22 Uti
432 203 38 21 det
478 203 33 21 till
524 204 54 21 1898
589 203 33 22 års
633 203 125 28 kyrkomöte
769 202 161 22 öfverlemnade

175 236 81 28 förslag
268 236 32 22 till
310 237 125 28 registerlag
445 238 86 28 ingingo
544 238 125 27 visserligen
681 237 47 21 icke
740 236 79 22 sådana
830 236 101 28 stadgan-

176 270 41 22 den
232 278 46 14 som
291 271 33 24 de,
331 271 72 21 hvilka
413 279 28 13 nu
450 271 130 23 förekomma
590 274 5 19 i
603 272 171 28 propositionens
781 272 13 20 5
802 272 18 27 $,
826 278 48 14 men
882 271 48 21 här-

176 306 36 21 vid
220 306 38 21 bör
265 306 94 27 beaktas,
367 309 31 18 att
407 306 66 28 sagda
482 306 11 28 $
501 307 76 21 införts
587 307 5 21 i
603 306 137 29 lagförslaget
748 307 57 27 just
798 302 13 37 i
815 306 116 28 anledning

176 340 23 22 af
214 340 145 29 kyrkomötets
375 340 108 22 uttalande
499 349 34 14 om
549 341 187 28 nödvändigheten
753 343 31 19 att
794 341 66 29 odöpt
871 340 60 28 barn,

175 382 33 14 om
232 376 64 21 hvars
319 376 99 26 religiösa
444 375 154 29 undervisning
620 376 63 28 ingen
706 376 84 28 försorg
813 375 28 29 på
865 378 66 19 annat

176 412 42 19 sätt
230 410 83 27 droges,
323 410 129 21 åtminstone
463 411 6 19 i
481 410 26 22 de
519 410 108 28 offentliga
643 410 99 21 skolorna
758 410 80 21 erhölle
853 410 78 22 under-

177 445 85 26 visning
278 445 6 20 i
301 444 108 21 lutherska
424 444 65 22 läran,
515 444 34 21 Då
562 444 89 21 sålunda
667 444 47 21 från
730 444 76 21 formel
822 444 108 29 synpunkt

176 478 66 29 något
257 478 76 21 hinder
348 481 31 18 att
401 482 94 25 upptaga
511 480 44 26 $:ns
574 479 157 27 bestämningar
741 479 6 20 i
759 478 41 21 den
820 478 110 22 blifvande

177 513 61 28 lagen
254 513 48 21 icke
317 513 114 21 förefinnes
447 516 54 18 samt
515 513 38 20 det
572 513 78 28 jemväl
673 513 67 28 ligger
754 513 6 21 i
776 513 76 21 sakens
868 516 64 18 natur

177 549 31 19 att
231 546 80 22 sädana
320 547 34 20 till
363 547 243 27 evangelisk-lutherska
620 547 80 28 kyrkan
716 547 95 21 hörande
821 547 110 26 föräldrar,

176 589 45 14 som
250 589 77 20 genom
351 584 32 18 att
404 581 48 21 icke
475 581 42 21 låta
544 581 99 22 befordra
672 582 36 20 sitt
736 581 51 22 barn
811 581 31 21 till
865 581 65 29 dopet

176 616 58 22 visat
248 619 32 18 att
295 616 27 21 de
338 616 18 29 ej
372 617 6 20 i
393 615 42 22 allo
451 616 89 21 omfatta
556 616 69 21 denna
637 615 78 30 kyrkas
726 616 50 27 lära,
792 616 65 21 ocksä
872 615 59 22 med-

176 651 71 28 gifves
268 652 42 20 rätt
330 653 31 19 att
383 650 78 28 fritaga
492 651 75 21 barnet
588 650 48 21 frän
659 650 154 29 undervisning
835 652 6 20 i
864 650 66 29 sagda

176 685 50 27 lära,
250 685 38 22 har
313 685 111 22 Utskottet
446 685 47 21 icke
515 685 92 28 vidtagit
630 685 69 28 någon
722 685 91 28 ändring
830 686 23 21 af
868 687 12 20 5
896 686 12 28 &
923 686 7 21 i

177 720 66 21 ofvan
258 719 87 22 anfördt
360 720 62 29 syfte.
553 734 5 7 ;

245 754 38 22 Uti
299 755 160 28 propositionen
475 755 60 28 ingär
551 755 48 21 icke
614 754 134 28 bestämning
763 762 34 13 om
813 754 41 21 den
865 754 65 27 älder,

176 788 37 21 vid
243 789 86 21 hvilken
353 789 6 20 i
382 788 107 29 offentligt
515 790 89 27 register
630 788 81 21 infördt
739 789 51 20 barn
814 789 53 21 skall
891 796 39 21 ega

176 824 43 19 rätt
241 826 31 18 att
294 823 50 28 sjelf
366 823 80 28 afgöra,
467 823 105 22 huruvida
595 823 36 21 det
646 823 37 21 vill
699 823 83 21 inträda
797 824 5 19 i
819 823 65 28 något
899 825 31 20 uti

176 857 74 21 landet
265 857 115 28 behörigen
396 857 102 21 inrättadt
513 857 174 29 kyrkosamfund.
718 857 44 22 Väl
778 857 75 28 stadga
866 859 12 19 7
890 858 41 21 och

175 892 13 20 8
212 892 26 27 88
261 892 6 20 i
291 891 169 29 dissenterlagen
470 894 46 20 fatt
538 891 89 22 medlem
649 891 23 21 af
687 891 243 28 evangelisk-lutherska

176 926 94 28 kyrkan,)
286 933 45 14 som
353 926 78 22 önskar
453 934 25 13 ur
500 926 70 21 denna
593 926 67 28 kyrka
679 926 90 26 utträda,
785 926 88 21 likasom
889 926 41 22 ock

176 960 121 22 bekännare
320 960 23 22 af
365 968 68 14 annan
457 961 152 27 protestantisk
633 960 96 26 troslära,
744 960 86 22 hvilken
847 960 36 22 vill
899 961 31 21 till

178 995 242 28 evangelisk-lutherska
443 995 57 22 läran
523 996 95 28 öfvergå,
634 995 54 21 skall
704 995 64 21 hafva
783 995 91 29 uppnått
889 996 42 28 tju-

175 1033 61 24 guett
254 1029 34 21 års
306 1030 65 21 ålder.
401 1030 51 20 Men
472 1030 28 21 då
515 1030 36 21 det
566 1031 6 20 i
588 1030 62 20 dessa
665 1029 38 21 fall
718 1030 68 27 gäller
800 1033 31 17 att
846 1032 85 19 utträda

174 1072 26 13 ur
221 1067 30 18 ett
266 1065 6 19 i
288 1064 74 21 landet
381 1064 116 22 bestående
513 1064 168 28 kyrk:samfund
698 1064 34 20 för
747 1067 31 18 att
793 1064 89 28 öfvergå
897 1065 33 21 till

176 1102 31 17 ett
222 1101 63 18 annat
301 1098 82 26 sådant,
399 1098 74 21 medan
491 1099 95 20 deremot
601 1098 36 21 det
653 1099 5 19 i
675 1098 105 28 offentligt
795 1099 89 27 register
898 1100 33 20 in-

177 1133 61 21 förda
260 1133 74 21 barnet
357 1133 38 21 alls
418 1133 48 21 icke
489 1133 70 21 tillhör.
587 1132 66 28 något
673 1133 70 28 dylikt
765 1132 106 29 samfund,
894 1135 39 19 äro

176 1167 121 28 åberopade
312 1167 134 27 stadganden
462 1168 7 20 i
482 1167 167 27 dissenterlagen
661 1167 48 21 icke
719 1166 125 29 tillämpliga
856 1168 6 20 i
873 1168 59 20 före-

176 1201 93 22 varande
291 1201 43 21 fall.
364 1201 12 21 I
398 1201 139 21 betraktande
559 1201 62 21 häraf
635 1201 40 20 och
691 1201 27 20 då
734 1201 37 21 det
786 1201 66 21 måste
868 1209 63 14 anses

176 1243 51 14 vara
251 1235 69 28 billigt
340 1238 32 19 att
394 1236 6 20 i
423 1236 149 25 civilregistret
589 1238 104 25 upptaget
708 1236 58 27 barn,
781 1235 24 22 så
820 1239 59 18 snart
894 1236 38 21 det

175 1270 76 20 vunnit
270 1269 41 20 den
328 1269 91 27 mognad
436 1272 31 17 att
482 1269 37 20 det
534 1276 50 20 eger
599 1269 95 27 förmåga
710 1272 31 17 att
756 1270 54 20 fatta
826 1273 30 17 ett
871 1270 60 27 sjelf-

175 1303 95 27 ständigt
291 1302 70 21 beslut
379 1303 6 19 i
404 1302 72 25 saken,
495 1302 89 21 beredes
600 1302 110 28 möjlighet
725 1306 31 18 att
772 1303 83 21 komma
876 1304 5 20 i
898 1302 34 22 ät

174 1336 102 30 njutande
292 1336 22 21 af
330 1336 27 21 de
372 1336 113 26 förmäner,
499 1336 72 21 hvilka
587 1336 26 20 de
625 1337 5 19 i
643 1336 72 21 landet
726 1336 116 22 bestäende
852 1336 81 29 kyrko-

174 1371 127 22 samfunden
321 1370 88 29 erbjuda
428 1372 45 20 sina
493 1370 141 26 medlemmar,
649 1371 38 21 har
703 1371 111 21 Utskottet
828 1375 53 17 trott
896 1372 36 28 sig

175 1407 50 20 böra
246 1405 84 27 föreslä,
350 1409 31 18 att
397 1405 186 28 bestämningarna
600 1406 5 20 i
623 1406 170 28 propositionens
809 1408 11 20 7
837 1407 11 27 &
864 1406 66 22 mätte

174 1442 6 20 i
204 1441 77 21 sådant
304 1442 56 28 syfte
387 1441 156 28 kompletteras.
573 1440 82 22 Dervid
677 1440 39 22 har
736 1441 112 22 Utskottet
869 1441 61 23 hållit

243 1488 148 23 Lagutskottets
405 1488 118 18 betänkande
535 1488 39 17 N:o
587 1486 27 18 12.
