1048 1739
178 137 13 20 2
380 135 29 22 U.
425 136 28 21 B.
470 148 27 3 —
511 135 74 28 Prop.
601 136 42 22 N:o
659 135 37 22 27.

178 208 55 21 ket:
263 206 175 29 »myndighet»
468 206 79 22 borde
571 207 107 22 ersättas
705 206 57 23 med
790 206 141 29 »borgerlig

179 241 161 28 myndighet»
362 242 64 21 samt
444 241 72 22 ordet
537 241 119 29 »jemväl»
677 241 147 22 utelemnas.

246 275 223 22 Presteståndet
487 275 46 22 har
543 275 114 29 godkänt
666 275 125 22 klämmen
801 275 8 21 i
818 281 113 16 reserva-

179 309 84 22 tionen
285 309 32 26 II,
335 309 65 22 dock
418 309 58 22 med
495 309 79 22 sådan
594 309 108 29 ändring
721 310 35 21 att
775 309 31 22 de
825 309 7 22 i
851 309 80 28 sagda

178 344 66 21 kläm
263 343 125 29 ingående
407 343 78 22 orden
506 343 85 23 »öfver
609 343 93 28 odöpta
721 343 64 22 barn
795 343 36 22 till
840 343 92 22 luther-

179 378 45 22 ska
251 377 140 23 föräldrar»
421 377 79 22 skulle
528 378 102 29 utbytas
658 379 66 20 emot
745 377 79 23 orden
845 377 87 22 »öfver

177 419 129 21 personer,
326 411 87 23 hvilka
431 412 54 22 icke
500 413 44 21 äro
554 412 161 22 medlemmar
726 411 25 23 af
760 412 114 22 luthersk
883 412 48 22 för-

178 446 128 29 samling».

246 480 254 30 Borgareständet
518 480 46 23 har
583 481 193 22 äterremitterat
788 480 48 29 $:n,
846 480 32 29 pä
889 480 43 23 det

178 515 54 22 deri
250 516 76 22 mätte
345 514 95 23 införas
458 515 160 29 bestämning
636 521 40 16 om
688 514 137 23 huruledes
838 515 93 28 odöpta

177 550 72 26 barn,
271 549 88 23 hvilka
383 550 25 21 af
429 550 189 28 presterskapet
635 548 123 27 bokförts,
778 550 71 22 skola
868 549 64 22 efter

179 584 70 28 fylda
267 584 110 28 tjuguett
396 584 29 21 är
442 583 176 29 inregistreras
637 584 46 21 och
696 584 66 21 huru
775 583 109 23 kontroll
897 584 34 22 öf-

178 624 46 16 ver
241 618 83 22 denna
342 617 164 30 registrering
525 618 46 22 bör
589 618 110 22 utöfvas.

247 652 223 22 Bondeständet
488 652 47 22 har
548 652 114 29 godkänt
681 651 139 23 Utskottets
830 651 101 30 förslag.

246 687 35 22 Pä
307 687 50 22 sätt
375 686 127 23 Utskottet
520 687 8 21 i
546 686 42 22 sitt
606 686 162 22 betänkande
788 686 143 26 framhällit,

178 722 29 21 är
225 721 42 22 det
285 720 286 30 evangelisk-lutherska
589 720 194 29 presterskapet,
800 720 96 29 jemlikt
915 720 15 23 8

178 756 113 28 punkten
318 756 8 21 i
353 755 204 29 Presterskapets
584 755 146 29 privilegier
758 755 25 22 af
804 755 28 22 är
855 755 75 26 1723,

178 790 128 22 frikalladt
328 790 57 22 frän
406 789 49 23 »all
472 790 246 29 Lengde-skrifning,
737 791 69 21 utom
826 790 105 28 Tijonde

178 824 174 30 Lengderne>»,
372 824 105 22 hvarför
496 825 80 29 sagda
595 824 170 29 presterskap,
785 824 78 29 enligt
882 824 49 22 den

178 859 115 29 tolkning
313 859 25 23 af
355 858 109 23 berörda
484 859 149 29 stadgande,
648 865 53 15 som
714 858 136 23 emellertid
864 859 67 29 gjort

178 894 39 28 sig
241 893 125 29 gällande,
395 893 45 22 och
468 894 61 22 enär
557 894 93 28 odöpta
675 892 64 23 barn
758 893 26 22 af
801 892 130 23 lutherska

178 928 131 26 föräldrar,
334 928 83 22 säsom
441 927 54 23 icke
518 928 114 22 hörande
651 927 36 22 till
706 928 49 22 den
774 927 157 29 evangelisk-

176 961 130 24 lutherska
331 961 112 30 kyrkans
468 962 163 29 gemenskap,
656 961 22 29 ej
705 962 94 22 ansetts
818 961 86 22 kunna
923 961 7 22 i

177 997 58 22 dess
261 996 179 30 kyrkoböcker
466 998 133 28 upptagas,
626 996 54 22 icke
704 996 78 23 heller
800 996 51 22 kan
869 997 62 21 utan

178 1031 201 23 Presteständets
398 1031 43 22 vid
460 1031 123 30 landtdag
601 1031 71 29 gifna
691 1030 128 30 samtycke
828 1030 103 30 förplig-

178 1067 39 21 tas
245 1067 35 21 att
306 1065 149 24 handhafva
482 1066 198 29 registreringen
699 1065 25 23 af
742 1065 97 23 sädana
857 1065 72 23 barn.

177 1100 57 22 Med
253 1100 120 23 afseende
391 1100 63 23 härä
473 1101 45 22 och
539 1101 32 22 dä
590 1100 188 23 Presteständet
795 1099 55 23 icke
869 1106 62 16 sam-

178 1135 68 28 tyckt
270 1136 35 21 att
328 1134 146 30 skyldighet
498 1135 35 22 till
555 1135 70 29 dylik
643 1134 137 29 bokföring
799 1134 132 23 ähvälfdes

177 1169 197 28 presterskapet,
405 1169 47 22 har
483 1169 140 23 Utskottets
653 1169 8 22 i
691 1169 69 22 detta
786 1169 146 22 hänseende

177 1204 91 28 gjorda
289 1203 96 30 förslag
404 1203 98 23 säledes
520 1203 109 23 förfallit.
665 1203 12 22 I
694 1203 64 29 följd
776 1203 75 22 häraf
868 1203 63 22 böra

176 1244 31 15 ur
228 1238 11 22 1
261 1238 14 29 $
295 1237 116 30 samtliga
430 1238 32 22 de
480 1238 189 28 bestämningar
687 1237 145 26 utelemnas,
844 1237 87 22 hvilka

178 1272 66 27 angä
262 1273 202 26 presterskapets
483 1272 170 28 förpligtande
673 1273 34 20 att
719 1271 107 22 bokföra
839 1271 92 28 ifräga-

177 1305 112 22 varande
307 1305 71 22 barn.

246 1339 35 22 Pä
301 1339 83 29 grund
403 1339 75 22 häraf
494 1339 41 22 fär
554 1339 127 23 Utskottet
698 1338 99 27 föreslä,
810 1340 40 21 att
860 1338 71 23 Stän-

177 1373 78 23 derna
274 1374 58 22 ville
350 1374 40 22 för
410 1374 12 22 1
444 1373 14 29 8
479 1375 92 28 antaga
590 1373 111 30 följande
719 1373 106 29 lydelse:

246 1492 133 23 Lagutskottets
391 1492 111 18 betänkande
513 1492 38 18 N:o
564 1492 28 17 12.
