1048 1745
205 166 12 19 2
392 164 32 22 U.
439 164 28 22 B.
482 177 28 3 —
524 164 74 28 Prop.
613 164 41 22 N:o
669 164 38 22 27.

527 228 13 21 6
559 230 20 25 8.

244 274 172 29 Ridderskapet
442 273 43 23 och
502 273 77 23 Adeln
597 275 60 20 samt
674 273 113 29 Borgare-
805 274 44 22 och
865 274 62 22 Bon-

177 309 127 23 deständen
320 308 72 22 hafva
408 308 106 29 godkänt
530 308 133 22 Utskottets
680 308 93 30 förslag.

244 342 174 24 Presteständet
436 342 49 28 har,
503 342 53 22 med
573 342 150 22 vidhällande
738 343 23 21 af
774 342 41 22 sitt
827 342 100 28 tidigare

177 378 82 28 beslut,
278 377 108 23 omfattat
404 379 34 19 ett
456 377 23 21 af
496 377 135 21 Professorn
644 376 31 27 R.
693 377 148 22 Hermanson
859 376 70 30 afgif-

176 415 46 25 vet,
240 412 42 22 här
300 411 112 22 särskildt
429 410 108 29 bifogadt
553 410 128 23 utlätande.

245 446 37 22 Dä
306 445 128 28 Utskottet,
461 445 41 22 vid
529 445 149 29 uppgörande
705 445 24 22 af
756 445 43 22 sitt
815 452 113 15 samman-

177 480 218 30 jomkningsförslag
412 479 8 22 i
438 481 85 26 ämnet,
541 480 78 28 utgått
635 479 52 22 från
706 479 45 22 den
768 479 159 29 uppfattning,

178 518 35 19 att
242 514 40 23 det
298 515 10 21 i
326 515 13 21 2
358 521 67 15 mom.
445 513 23 23 af
491 513 151 23 förevarande
665 515 12 26 &
695 513 137 22 framstälda
849 513 80 22 försla-

177 553 40 26 get
234 549 52 22 icke
303 548 98 23 innebar
418 548 101 29 ändring
537 549 23 22 af
577 547 122 30 grundlag,
717 551 58 19 utan
794 550 35 20 att
845 548 84 29 frägan

178 583 78 24 kunde
282 591 85 22 genom
384 585 35 20 tre
437 582 80 23 ständs
535 583 247 22 sammanstämmande
800 583 78 22 beslut
896 582 32 22 af-

178 623 73 25 göras,
270 618 44 22 och
332 617 30 22 dä
380 617 139 28 Utskottets,
537 618 9 21 i
564 617 52 23 stöd
635 617 23 22 af
675 617 77 22 denna
769 617 159 30 uppfattning,

178 654 36 21 uti
232 652 346 29 sammanjemkningsförslaget
595 651 83 30 gjorda
698 652 121 22 uttalande
838 654 36 19 att
891 652 38 21 be-

178 687 115 22 träffande
312 686 71 29 sagda
402 688 19 26 S,
440 686 97 22 hvilken
554 686 79 22 blifvit
651 687 22 21 af
685 689 35 19 tre
733 686 69 22 stånd
811 685 117 30 godkänd,

178 722 104 28 lagenlig
311 720 215 29 ständerpluralitet
557 721 109 28 förelåge,
696 721 119 22 omfattats
843 721 24 21 af
893 723 36 19 tre

178 756 75 28 stånd,
280 755 43 22 har
349 755 127 27 Utskottet,
502 762 49 14 som
568 755 143 21 fortfarande
734 754 115 22 vidhåller
867 755 62 21 sin
915 750 17 38 i

179 789 89 29 antydd
294 790 74 21 måtto
394 788 104 23 uttalade
519 788 158 30 uppfattning,
696 788 52 22 icke
770 788 102 29 vidtagit
889 789 40 21 nå-

178 832 47 21 gon
252 823 84 29 åtgärd
362 824 8 21 i
394 823 126 29 anledning
548 823 23 22 af
596 823 186 22 Presteståndets
807 822 122 23 omordade

178 858 83 22 beslut.

530 926 52 27 78

247 977 173 28 Ridderskapet
438 977 44 21 och
500 976 76 22 Adeln
594 979 60 19 samt
670 976 90 22 Preste-
779 976 42 22 och
839 977 91 22 Bonde-

178 1011 99 22 stånden
296 1011 72 22 hafva
385 1011 105 28 godkänt
507 1011 133 22 Utskottets
657 1011 95 28 förslag.

247 1045 199 29 Borgareståndet
463 1045 43 22 har
523 1045 96 22 beslutit
638 1047 35 20 att
690 1052 28 14 ur
736 1046 37 25 $:n
794 1045 74 22 skulle
881 1047 49 20 ute-

178 1079 88 22 lemnas
294 1079 71 22 orden
394 1080 68 28 eller
480 1080 51 21 såra
550 1079 307 23 samfundsmedlemmarnes
877 1080 53 21 reli-

179 1114 65 29 giösa
262 1113 104 22 känsla".

247 1148 36 21 Dä
310 1148 104 29 lagenlig
441 1147 213 30 ständerpluralitet
675 1147 132 30 föreligger,
827 1148 104 22 förfaller

179 1182 80 23 vidare
278 1182 89 29 ätgärd.

248 1291 55 21 Med
323 1291 128 28 anledning
468 1292 24 20 af
509 1291 132 21 Utskottets
659 1292 9 20 i
685 1292 246 28 sammanjemknings-

179 1324 112 29 förslaget
318 1324 82 29 gjorda
427 1324 106 22 anmälan
561 1326 34 20 att
612 1324 112 28 förslaget
741 1324 37 22 till
796 1326 135 28 förordning

180 1358 121 29 angående
320 1358 129 30 öfvergäng
466 1358 38 22 till
521 1358 190 29 kyrkosamfund,
730 1366 48 14 som
793 1359 52 22 icke
856 1360 75 22 finnes

180 1394 8 21 i
206 1393 80 22 landet
312 1393 129 29 behörigen
466 1393 122 28 inrättadt,
616 1392 79 23 blifvit
713 1393 23 22 af
753 1394 40 21 två
811 1394 70 22 stånd
899 1394 32 22 af-

179 1427 68 30 böjdt
273 1427 44 23 och
336 1428 89 22 således
447 1428 104 28 förfallit,
569 1427 43 23 har
629 1427 196 30 Borgareständet
843 1429 36 22 till
897 1429 34 22 öf-

180 1463 51 29 riga
248 1463 70 23 ständ
344 1463 73 22 riktat
435 1470 28 15 en
481 1462 113 30 inbjudan
613 1464 34 21 att
665 1462 66 23 dessa
749 1463 72 23 mätte
839 1464 92 23 ansluta
