1700 1906
757 216 38 21 N:o
813 217 31 21 17.
1122 218 24 20 15

766 286 27 20 35
809 285 19 27 8.

492 317 128 21 Vanvärdar
635 318 92 22 brukare
742 319 45 25 hus,
803 319 58 26 äker,
877 321 40 25 äng
933 320 50 20 eller
993 321 72 25 annat,
1077 319 55 21 hvad
1144 319 31 21 till

425 353 72 24 torpet
520 351 46 26 hör,
589 354 50 24 tage
661 352 150 27 legogifvareni
828 353 50 21 derä
900 359 44 21 syn,
967 359 45 15 som
1027 354 7 20 i
1050 354 12 20 3
1078 353 49 27 kap.
1143 355 32 19 sä-

424 391 44 21 ges,
492 385 39 21 och
554 385 94 27 afhjelpe
671 386 104 21 brukaren
805 387 104 21 bristerna
931 387 56 21 inom
1010 388 40 20 den
1069 387 24 21 af
1115 393 61 21 syne-

424 420 105 20 nämnden
546 420 109 26 förelagda
671 420 36 26 tid,
725 420 51 22 eller
791 427 50 15 vare
856 420 143 28 legogifvaren
1010 421 121 27 berättigad
1143 423 32 19 att

423 456 51 25 göra
491 454 35 22 det
541 454 28 27 pä
582 455 53 21 hans
646 455 123 22 bekostnad.

491 489 45 21 Har
558 489 146 27 tillträdessyn
727 490 18 27 ej
768 490 78 26 hållits,
869 490 35 21 mä
926 490 55 21 hvad
1001 490 62 21 ofvan
1079 490 96 26 stadgats

423 523 46 21 icke
493 530 39 20 ega
551 524 141 26 tillämpning;
713 524 53 22 dock
785 530 50 16 vare
851 525 7 20 i
873 524 36 21 det
924 524 37 22 fall
976 531 45 20 syn,
1037 531 45 15 som
1097 524 7 21 i
1119 525 28 21 44
1163 524 11 27 &

425 558 142 26 omförmäles,
584 558 7 21 i
606 558 61 27 fräga
683 565 32 15 om
732 558 97 27 vanhäfd,
845 559 86 21 hvartill
941 559 106 21 brukaren
1059 558 54 22 efter
1125 559 50 21 den-

424 599 81 15 samma
520 592 56 28 gjort
591 592 34 28 sig
640 592 89 28 skyldig,
745 594 81 20 ansedd
841 594 44 20 lika
901 593 48 21 med
964 593 153 27 tillträdessyn.

771 657 27 20 36
814 656 19 28 $.

490 697 46 21 Har
552 696 103 28 byggnad,
672 703 44 15 som
731 696 33 22 för
779 699 81 25 torpets
875 696 54 22 bruk
945 697 64 26 nödig
1024 698 30 26 är,
1065 698 52 20 utan
1125 696 50 21 bru-

422 731 78 21 karens
522 731 99 21 vällande
643 731 98 22 förstörts
764 732 51 20 eller
838 731 23 21 af
881 731 60 21 älder
966 731 89 21 förfallit
1077 731 39 21 och
1140 731 34 21 vid

424 772 37 20 syn
478 765 116 22 förklarats
610 766 91 26 oduglig,
718 765 80 28 äligger
808 766 36 21 det
854 766 106 21 brukaren
973 768 33 19 att
1017 766 40 20 den
1070 765 104 27 ombygga

424 800 52 21 eller
492 806 70 15 annan
578 800 7 21 i
601 800 72 22 stället
684 800 95 28 uppföra,
791 800 88 22 säframt
889 800 144 27 legogifvaren
1043 800 74 21 ställer
1128 800 46 21 der-

422 835 33 21 till
470 834 75 28 nödigt
559 835 67 21 virke.
657 835 43 21 Gör
722 834 143 28 legogifvaren
885 835 36 21 det
931 835 19 27 ej
967 835 38 21 och
1020 835 37 21 vill
1073 835 18 27 ej
1107 834 67 22 heller

422 869 50 27 sjelf
492 869 77 27 bygga,
593 869 74 22 stände
690 870 107 21 brukaren
819 870 46 21 fritt
884 872 33 19 att
935 870 104 26 ombygga
1054 870 52 20 eller
1121 875 53 21 upp-

422 904 46 21 föra
493 904 62 21 huset
580 904 23 21 af
626 904 66 27 virke,
718 910 44 16 som
787 904 42 21 han
852 904 113 25 anskaffat,
989 904 38 22 och
1050 904 59 27 njute
1131 904 43 21 han

422 938 34 22 för
474 938 70 22 virket
562 939 117 27 ersättning
700 939 23 21 af
736 938 147 28 legogifvaren.
913 938 43 22 Vill
971 939 42 20 han
1028 938 67 22 helire
1111 938 63 27 legan

422 975 101 26 uppsäga,
539 980 50 14 vare
605 973 121 27 berättigad
741 975 32 19 att
788 973 83 27 afflytta
887 974 12 20 å
914 974 61 20 nästa
991 973 81 27 fardag,
1087 979 33 15 om
1131 973 42 21 han

423 1008 34 22 vid
483 1008 161 28 uppsägningen
671 1008 173 26 tillkännagifver
866 1010 32 20 att
919 1008 43 21 han
985 1008 49 26 laga
1057 1008 74 26 fardag
1154 1008 19 26 ej

422 1044 60 26 njuta
496 1043 42 21 vill.

769 1072 26 21 37
813 1072 18 27 8.

488 1112 26 27 Ej
538 1112 63 22 hafve
624 1112 92 22 brukare
739 1112 31 21 lof
786 1114 31 19 att
833 1114 51 20 utan
900 1112 154 26 legogifvarens
1075 1111 98 21 tillstånd

423 1147 46 21 frän
492 1148 71 25 torpet
585 1146 97 22 bortföra
705 1147 50 21 eller
778 1146 95 22 bortföra
896 1146 44 21 läta
959 1146 60 22 foder
1034 1146 51 21 eller
1100 1146 73 26 gödsel

421 1181 35 21 vid
479 1181 96 26 äfventyr
597 1187 44 15 som
662 1181 7 20 i
688 1182 24 19 51
732 1182 11 26 &
759 1181 93 26 stadgas.
882 1181 46 20 Har
943 1180 98 26 brukare,
1058 1186 45 15 som
1118 1180 55 21 intill

421 1215 75 27 fardag
520 1215 12 20 å
553 1217 72 24 torpet
645 1215 131 21 underhållit
795 1217 45 19 mot
855 1215 48 21 dess
918 1215 81 21 storlek
1015 1215 39 20 och
1069 1214 104 21 fodertill-

422 1249 55 27 gång
504 1250 102 21 svarande
633 1249 226 28 kreatursbesättning,
885 1249 35 21 vid
943 1249 147 27 afflyttningen
1113 1248 61 21 foder

422 1290 58 21 gvar,
504 1283 34 22 mä
556 1284 42 21 han
615 1283 34 22 det
665 1284 108 27 medtaga;
789 1283 37 22 vill
841 1284 42 21 han
899 1283 53 27 sälja
967 1283 77 26 fodret,
1060 1283 113 26 hembjude

422 1319 35 20 det
472 1318 54 21 först
541 1318 144 27 legogifvaren
701 1319 50 20 eller
766 1318 99 27 brukare,
881 1323 45 16 som
941 1317 54 22 efter
1011 1317 101 21 kommer.

768 1381 27 20 38
811 1381 19 27 $.

489 1422 162 27 Nyttjanderätt
673 1422 32 21 till
728 1422 137 27 lägenhetens
884 1421 53 27 skog
956 1422 118 21 tillkomme
1089 1422 18 26 ej
1124 1421 50 21 bru-

421 1457 58 23 kare,
502 1457 49 20 med
574 1456 82 20 mindre
679 1456 104 20 förbehäll
803 1457 71 20 derom
889 1456 67 25 gjorts
971 1457 7 19 i
993 1456 179 25 legokontraktet.

490 1489 68 26 Säljer
573 1489 52 21 eller
640 1489 127 21 annorledes
783 1489 91 26 afyttrar
887 1489 92 20 brukare
991 1489 98 26 olofligen
1099 1488 74 27 skogs-

422 1523 64 22 alster
512 1523 51 21 eller
587 1522 74 28 dylikt,
684 1523 51 21 eller
757 1522 143 22 öfverskrider
921 1523 43 21 han
987 1523 62 26 eljest
1068 1522 33 21 sin
1117 1524 56 25 nytt-
