1078 1756
485 133 39 21 N:o
540 134 32 20 23.
845 134 24 20 15

146 198 40 22 här
201 199 69 21 nedan
286 199 33 21 för
335 199 72 28 hvarje
423 200 98 28 sjukdom
536 200 58 27 gifna
609 201 134 27 stadganden
754 200 51 22 eller
813 201 26 21 de
850 203 48 19 när-

148 239 60 15 mare
223 233 139 27 föreskrifter,
380 234 112 22 Guvernör
507 236 7 20 i
530 235 115 21 allmänhet
660 235 50 21 eller
726 235 172 27 länedjurläkare

148 267 6 21 i
170 267 72 27 hvarje
258 268 102 21 särskildt
375 268 37 22 fall
426 269 114 21 meddelar.

216 301 144 22 Omförmälda
380 303 255 27 desinfektionsåtgärder
653 303 62 21 skola
737 303 125 21 öfvervakas
878 303 23 21 af

146 335 186 27 länedjurläkaren
349 336 57 28 eller,
423 338 38 20 der
475 337 42 21 han
534 337 17 27 ej
568 339 24 19 är
607 337 112 27 tillstädes,
735 337 23 22 af
771 338 64 26 polis-
848 338 50 21 eller

145 370 180 28 kronobetjening
348 371 50 21 eller
421 372 38 20 ock
482 372 88 21 medlem
588 372 22 21 af
625 372 133 22 helsovårds-
774 372 51 21 eller
839 372 59 21 kom-

146 404 162 27 munalnämnd;
325 405 38 21 och
378 406 41 26 må,
432 406 66 21 innan
515 406 167 22 desinfektionen
698 406 129 24 verkställts,
843 406 55 22 före-

146 438 49 26 mål,
218 444 45 15 som
287 440 37 19 äro
343 439 159 22 underkastade
519 439 56 28 dylik
591 440 81 27 åtgärd,
688 440 46 21 icke
749 440 114 27 begagnas,
879 440 18 27 ej

146 471 66 22 heller
234 472 66 22 friska
323 473 55 27 djur,
401 473 72 22 hvilka
492 474 73 21 kunna
585 474 23 21 af
621 474 124 27 sjukdomen
762 475 106 26 angripas,
886 475 12 20 &

147 506 73 22 stället
234 507 118 26 insläppas.

205 633 23 27 b)
243 633 148 28 Föreskrifter
406 635 93 20 rörande
514 635 26 20 de
554 635 109 21 särskilda
679 635 161 26 sjukdomarna.

495 715 11 26 8
526 715 29 20 14.

449 783 149 27 Boskapspest.

217 852 17 19 1.
264 850 151 22 Förekommer
430 851 34 21 vid
479 850 127 28 besigtning,
625 857 46 15 som
688 851 22 20 af
726 850 172 28 länedjurläkare

146 885 132 26 verkställes,
288 885 116 27 anledning
414 885 126 27 misstänka,
550 887 32 20 att
594 885 48 27 djur
649 885 106 27 angripits
764 885 23 22 af
795 885 100 27 boskaps-

146 921 55 25 pest,
218 919 38 22 och
279 920 42 21 kan
345 920 78 21 sådant
445 920 46 21 icke
506 921 7 20 i
529 920 81 27 djurets
626 920 97 21 lefvande
737 920 98 21 tillstånd
851 920 47 21 med

146 953 80 22 visshet
248 955 98 25 utrönas,
369 955 35 20 må
426 955 179 26 polismyndighet
620 955 6 20 i
642 955 48 21 stad
709 955 39 21 och
766 954 132 27 kronofogde

146 988 51 21 eller
213 988 97 21 länsman
321 989 28 27 på
360 988 78 26 landet,
448 988 54 22 efter
512 988 157 28 framställning
681 988 22 21 af
711 988 186 28 länedjurläkaren

145 1023 40 21 och
207 1023 65 21 sedan
296 1023 70 21 denne
388 1023 118 27 skriftligen
530 1024 87 26 angifvit
640 1023 200 27 sjukdomstecknen
860 1022 38 22 och

145 1057 126 27 grunderna
286 1057 34 22 för
335 1058 31 21 sin
383 1058 123 26 misstanke,
523 1058 102 22 förordna
640 1064 34 15 om
689 1058 115 27 värdering
819 1058 39 21 och
868 1057 30 21 af-

146 1092 94 21 liivande
262 1092 23 21 af
306 1094 32 19 ett
361 1092 51 22 eller
432 1093 36 20 två
488 1092 22 21 af
532 1093 25 21 de
579 1092 33 22 för
627 1092 124 27 sjukdomen
768 1094 55 20 mest
838 1092 59 21 miss-

146 1127 78 20 tänkta
246 1126 82 27 djuren.
359 1120 17 27 Ä
392 1126 91 22 sälunda
506 1127 80 21 dödadt
607 1127 48 27 djur
674 1126 54 22 skall
744 1126 117 22 obduktion
878 1126 22 22 af

146 1160 187 28 länedjurläkaren
350 1162 77 26 genast
442 1162 133 26 verkställas,
588 1162 38 21 och
636 1161 39 21 bör
685 1161 108 27 protokoll
802 1161 96 21 deröfver

144 1195 67 27 jemte
234 1194 148 28 djurläkarens
398 1196 13 20 å
427 1195 117 21 detsamma
561 1195 112 27 grundade
688 1195 113 22 utlåtande
821 1195 22 21 af
861 1195 37 21 ho-

146 1236 49 14 nom
210 1228 31 22 till
257 1229 140 21 Guvernören
414 1229 38 21 och
466 1230 218 26 Medicinalstyrelsen
700 1229 149 28 ofördröjligen
866 1230 31 21 in-

147 1263 85 22 sändas.

215 1299 19 19 2.
264 1298 61 26 Djur,
347 1298 99 27 angripet
462 1298 22 21 af
497 1298 149 28 boskapspest,
663 1298 53 21 skall
732 1300 77 25 genast
824 1298 74 21 värde-

146 1337 36 15 ras
198 1332 38 20 och
252 1331 87 23 aflifvas.
369 1332 31 21 På
416 1338 81 16 samma
512 1334 44 20 sätt
571 1332 90 22 förfares
676 1332 49 22 med
741 1332 41 22 alla
794 1332 104 21 idislande

146 1366 55 26 djur,
217 1372 45 15 som
278 1366 69 21 under
363 1366 26 21 de
404 1368 86 19 senaste
505 1366 30 22 tio
551 1367 83 26 dygnen
649 1366 6 20 i
670 1366 111 26 ladugård,
792 1366 35 20 vid
842 1367 56 19 vatt-

146 1399 128 26 ningsplats,
297 1400 37 20 ute
350 1400 13 20 å
377 1400 67 25 mark,
460 1400 29 26 på
503 1399 71 27 fartyg
590 1400 50 20 eller
655 1400 8 20 i
675 1400 157 26 jernvägsvagn
848 1399 51 21 eller

146 1434 13 20 å
179 1435 67 19 annat
264 1432 64 22 ställe
347 1433 57 21 varit
419 1432 141 22 tillsammans
575 1433 48 21 med
639 1433 65 27 något
720 1432 23 21 af
755 1432 143 28 boskapspest
