1075 1764
495 143 40 21 N:o
551 144 33 20 24.
870 140 11 20 7

158 212 242 27 Sparbanksinspektör.

160 246 110 26 Styrelsen
285 246 33 21 för
334 246 106 21 allmänna
456 245 109 27 sjukhuset
581 245 6 21 i
603 243 141 27 Helsingfors.

158 280 202 27 Stämpelkontoret.

157 314 196 26 Tullexpeditioner
369 314 39 22 och
424 314 102 21 -kamrar.

158 348 167 28 Tullinspektör.

157 383 208 27 Yrkesinspektörer.

158 414 220 26 Öfverforstmästare.

225 486 40 22 Till
282 486 68 22 denna
366 486 108 26 afdelning
489 485 100 22 hänföras
603 484 79 28 jämväl
697 484 43 22 alla
755 484 67 21 andra
837 484 72 22 ofvan-

157 522 33 21 för
205 521 46 22 icke
267 521 103 22 särskildt
381 522 128 21 omnämnda
519 522 80 20 statens
610 519 140 26 embetsverk,
762 519 147 27 myndigheter

157 557 40 21 och
219 557 134 27 tjenstemän,
376 556 69 22 såvidt
467 555 98 23 befrielse
586 555 47 21 från
649 553 212 28 stämpelskyldighet
876 553 34 22 för

156 591 131 27 handlingar,
303 597 45 15 som
364 591 33 21 till
413 591 46 21 dem
475 590 89 28 ingifvas
581 590 52 21 eller
650 589 23 22 af
687 590 48 21 dem
750 589 103 25 utfärdas,
864 589 44 21 icke

155 625 68 22 finnes
239 626 6 21 i
261 627 68 20 denna
345 625 124 28 förordning
484 625 142 28 uttryckligen
642 625 128 26 medgifven.

225 661 142 22 Kommunala
390 661 39 21 och
449 661 99 27 kyrkliga
562 659 150 28 myndigheter
728 659 38 22 och
782 659 126 26 tjenstemän

156 695 108 21 äfvensom
287 695 196 26 försäkringsbolag
506 695 39 21 och
567 694 67 21 andra
656 693 106 22 likartade
788 693 121 27 föreningar

155 729 100 22 hänföras
279 730 96 21 däremot
394 730 47 21 icke
460 729 39 28 hit,
515 729 74 22 såvida
605 729 25 21 de
646 728 46 21 icke
707 728 69 21 finnas
791 727 39 22 bär
846 727 62 22 ofvan

156 765 144 26 uttryckligen
316 765 99 21 nämnda.

509 834 46 27 38.

223 879 143 26 Domstolars,
381 879 156 28 myndigheters
552 882 57 19 samt
621 879 138 21 embetsmäns
770 881 73 26 öppna
853 878 55 26 bref,

154 913 138 28 intyganden,
316 913 55 22 bevis
390 913 38 22 och
447 913 74 28 öfriga
537 914 144 28 expeditioner
697 915 37 19 äro
749 913 35 22 vid
799 913 109 21 utfärdan-

155 948 42 26 det,
213 948 48 20 med
277 948 26 21 de
320 948 6 21 i
343 949 12 21 5
371 949 12 26 $
400 948 92 22 nämnda
507 948 115 28 undantag,
637 947 159 22 underkastade
808 947 100 27 stämpel-

154 982 63 27 afgift
240 983 68 26 enligt
330 983 157 21 nedanstående
508 984 63 21 tariff.
603 983 108 26 Stämpeln
727 983 68 26 gäller
811 983 33 21 för
859 982 48 22 hela

154 1016 149 28 expeditionen
326 1020 52 18 utan
400 1018 100 21 afseende
516 1018 12 20 å
543 1018 49 21 vidd
616 1018 52 21 eller
691 1017 77 27 arktal,
784 1019 59 19 utom
859 1017 7 21 i
883 1016 25 22 de

154 1052 44 25 fall,
218 1052 28 21 dä
267 1052 149 26 expeditionen
432 1052 66 26 enligt
513 1052 84 22 tariffen
614 1052 39 22 bör
669 1052 66 26 draga
750 1052 89 27 stämpel
855 1052 54 21 efter

155 1086 39 22 ark
210 1086 52 22 eller
277 1093 70 15 annan
363 1087 204 27 beräkningsgrund.
597 1087 44 21 Och
657 1087 107 26 iakttages
779 1087 75 21 härvid
870 1088 37 25 att,

154 1121 40 21 där
216 1121 192 27 stämpelbeloppet
431 1122 86 21 utfaller
532 1122 8 21 i
555 1122 78 21 sådant
648 1122 37 26 tal,
701 1122 67 20 hvarä
783 1122 91 26 stämpel
889 1122 19 27 ej

154 1156 69 21 finnes
239 1156 51 21 eller
305 1156 87 21 hvartill
407 1156 52 22 flera
475 1157 104 26 stämplar
594 1158 13 19 å
622 1156 83 21 mindre
715 1156 79 21 värden
806 1156 19 27 ej
836 1156 73 22 kunna

154 1190 188 27 sammanjämkas,
357 1190 34 22 till
406 1191 147 27 expeditionen
569 1191 107 27 begagnas
691 1191 39 21 den
742 1190 58 27 lägre
812 1192 95 26 stämpel,

153 1231 45 15 som
216 1227 23 19 är
255 1226 67 26 sagda
337 1225 31 21 tal
383 1227 99 20 närmast.

937 879 108 23 Stämpelaf-

921 908 36 22 gift
968 908 29 17 för
1009 908 44 18 dom:

954 937 72 21 stolars,

943 965 97 23 offentliga

937 994 106 22 myndighe-

920 1024 40 16 ters
976 1022 33 18 och
1021 1028 32 12 em-

921 1051 93 18 betsmäns
1027 1056 26 13 ex-

936 1080 109 22 peditioner.
