1700 1923
813 211 40 21 N:o
868 212 34 20 24.
1178 214 26 20 39

1122 310 2 16 |
1143 309 39 21 Fir

481 401 2 14 |
497 397 178 28 Hyreskontrakt,
691 404 22 15 se
728 398 113 22 Kontrakt.

497 431 171 22 Konnässement
691 432 52 22 eller
766 432 115 22 fraktsedel
901 434 13 20 å
935 434 58 26 gods,
1009 433 114 28 afgäende
1113 427 14 38 |

525 466 48 21 med
587 466 72 27 fartyg
673 466 33 21 till
722 468 33 20 ort
771 469 57 19 utom
844 467 89 21 Finland
965 484 4 4 .
999 484 4 4 .
1036 485 3 3 .
1071 485 4 4 .
1108 462 15 26 .
1155 482 25 2 —

495 500 118 26 Kontrakt,
628 500 114 27 skriftligt:

526 536 32 19 1:o
574 541 33 15 om
624 535 156 27 nyttjanderätt
795 536 32 21 till
843 536 42 21 fast
900 536 100 27 egendom
1013 537 52 21 eller
1075 538 47 26 nä-
1117 531 10 37 |

552 575 41 21 gon
617 569 33 21 till
675 569 100 27 fastighet
800 570 93 22 hörande
917 570 89 26 förmån,
1030 570 27 22 dä
1079 567 44 28 föri

554 603 69 21 denna
642 605 43 20 rätt
701 604 74 21 endast
791 604 41 22 viss
847 604 71 28 afgäld
934 605 53 21 eller
1002 605 48 27 lega
1065 604 47 22 blif-

552 638 30 21 vit
597 637 73 27 utfäst,
686 638 77 27 drager
778 640 97 25 stämpel,
888 639 110 21 beräknad
1009 639 54 21 efter
1072 639 50 27 den
1112 633 13 37 |

552 672 72 27 afgäld
647 672 53 22 eller
723 674 52 26 lega,
799 680 44 15 som
867 674 87 26 hbelöper
973 674 31 26 sig
1019 674 34 21 för
1067 674 45 22 helt

552 708 30 25 är,
605 707 58 26 eller,
688 708 38 20 där
748 708 74 21 aftalet
845 708 57 21 afser
922 708 87 21 kortare
1025 708 38 28 tid,
1079 708 33 22 för

551 737 116 36 legotiden:
1119 741 3 15 |

552 775 27 21 dä
601 775 100 28 afgälden
725 776 52 22 eller
801 777 60 26 legan
883 778 62 26 utgör
961 777 32 21 till
1009 777 39 21 och
1063 778 48 20 med

585 811 40 21 100
641 810 75 22 mark.
748 827 4 4 .
784 827 4 5 .
1169 814 9 20 1

552 847 55 19 samt
629 846 123 21 därutöfver
774 846 33 21 för
820 828 82 45 huajo
924 824 52 53 fulla
996 828 43 39 100
1051 828 60 40 mark
1169 849 8 19 1

583 880 65 27 Ingär
663 881 7 21 i
685 880 131 28 kontraktet,
826 884 58 18 utom
895 881 42 21 viss
949 886 83 16 summa
1043 880 6 22 i
1060 878 61 30 pen-
1114 874 10 38 |

551 914 82 28 ningar,
649 914 72 28 beting
736 921 33 15 om
786 915 113 26 förmäner,
910 921 45 15 som
971 915 46 21 icke
1028 917 37 20 äro
1077 915 32 21 till

551 950 64 21 värde
638 950 6 21 i
668 950 116 27 penningar
807 952 86 25 utsatta,
909 950 53 21 eller
977 950 66 27 angår
1058 950 63 27 kon-|

551 984 81 22 traktet
648 985 77 20 endast
740 985 80 21 sädana
836 984 111 26 förmäner,
959 985 54 20 skall
1030 985 6 20 i
1052 985 58 21 förra

550 1019 61 21 fallet
626 1015 192 46 stämpelbeloppet
833 1020 52 21 ökas
901 1019 65 21 med.
1069 1035 4 5 si
1118 1018 2 24 el

583 1053 39 22 och
638 1053 6 21 i
660 1054 36 21 det
718 1060 75 15 senare
815 1053 61 22 fallet
898 1053 125 22 kontraktet
1042 1054 65 21 förses
1117 1035 3 47 |

550 1088 48 21 med
613 1088 90 27 stämpel
719 1088 33 21 till
768 1088 75 27 belopp
859 1089 35 21 af.
925 1105 4 4 .
961 1104 4 4 .
1118 1083 2 6 |
1166 1091 13 20 2

583 1121 46 23 Har
637 1121 33 23 för
678 1123 189 27 nyttjanderätten,
876 1123 91 21 förutom
977 1105 72 44 afgäld
1058 1105 52 38 eller

550 1157 54 26 lega,
620 1157 43 21 viss
685 1157 143 28 köpeskilling
847 1158 53 21 eller
915 1157 61 27 afgift
992 1156 69 22 blifvit
1076 1159 43 19 ut-|

550 1190 43 22 fäst
608 1193 33 19 att
656 1191 81 21 betalas
753 1191 28 26 pä
796 1198 25 14 en
836 1193 56 25 gäng
907 1191 52 21 eller
974 1191 7 20 i
992 1191 70 21 skilda
1073 1197 36 20 po-

550 1228 49 24 ster,
617 1225 76 27 drager
707 1226 133 26 kontraktet,
851 1226 28 21 dä
895 1226 118 20 detsamma
1024 1225 33 21 för
1065 1226 44 20 vin-

550 1260 70 21 nande
636 1260 23 21 af
673 1260 120 27 inteckning
809 1260 51 22 eller
875 1259 109 27 betalning
998 1259 39 21 hos
1051 1259 58 21 dom-

550 1294 43 21 stol
608 1294 52 21 eller
676 1294 103 21 exekutor
793 1294 85 26 företes,
894 1294 91 26 stämpel
1001 1294 44 20 lika
1062 1293 47 22 med

550 1328 145 28 förskrifning,
718 1335 47 15 men
781 1329 6 20 i
803 1328 69 28 öfriga
891 1328 38 21 fall
948 1328 104 27 erlägges,
1068 1328 52 21 för-|

550 1365 60 19 utom
632 1363 154 27 stämpelafgift
808 1363 33 21 för
863 1362 104 28 afgälden,
984 1362 122 28 ytterligare
1118 1368 2 38 |

550 1397 159 27 stämpelafgift,
726 1398 109 20 beräknad
851 1397 53 21 efter
917 1398 9 20 1
939 1397 60 21 mark
1014 1397 33 21 för
1057 1397 63 21 fulla
1113 1393 9 36 |

552 1432 40 21 100
607 1432 62 21 mark
683 1432 23 20 af
721 1432 36 20 det
772 1432 83 28 belopp,
866 1438 47 15 som
924 1432 98 26 erhälles,
1031 1432 28 21 dä
1069 1432 40 20 den

552 1466 93 26 oguldna
660 1466 60 21 delen
736 1466 23 21 af
772 1466 170 27 köpeskillingen
958 1466 52 21 eller
1021 1466 89 26 afgiften

550 1499 93 21 fördelas
665 1499 29 27 pä
713 1500 35 20 det
767 1500 58 20 antal
841 1500 30 26 är,
887 1499 34 21 för
936 1499 83 21 hvilken
1035 1500 76 20 aftalet

1268 399 91 23 Stämpel-

1246 427 56 23 afgift
1313 427 29 19 för
1354 427 27 19 af-

1261 456 111 23 handlingar

1254 485 78 18 emellan
1344 490 31 12 en-

1280 513 66 19 skilda.
