1045 1748
446 130 42 23 N:o
504 132 33 21 28.
825 134 12 20 3

116 198 50 21 tade
186 198 192 28 telefonledningen
399 199 90 28 uppgått
503 201 32 21 till
551 201 65 26 högre
632 201 75 27 belopp
723 203 26 19 än
764 201 54 22 hvad
834 201 34 22 för

116 233 121 22 ändamålet
261 233 121 28 beräknats,
406 235 40 20 och
469 236 31 20 ett
521 235 64 26 årligt
600 235 74 27 anslag
690 235 24 21 af
727 236 63 25 3,100
806 235 60 21 mark

115 273 50 15 vore
181 267 135 27 erforderligt
335 267 34 22 för
388 267 145 28 befrämjande
548 268 23 21 af
585 268 280 27 fältskärsundervisningen

114 301 35 21 vid
172 301 229 27 Garnisonssjukhuset
426 302 7 21 i
455 302 133 27 Helsingfors
608 303 39 20 och
677 303 188 27 trupplasaretten,

116 335 38 20 har
170 335 61 21 titelp
249 335 101 22 »Diverse
366 336 88 27 anslag«
471 337 109 27 upptagits
596 336 33 21 till
645 336 94 28 förhöjdt
753 337 77 27 belopp
846 336 23 22 af

119 370 76 26 73,000
211 371 60 20 mark
287 377 33 15 om
337 370 52 21 året.

184 405 42 26 5:0)
245 405 103 27 Anslaget
367 405 32 21 till
419 405 104 22 Senatens
539 405 125 28 förfogande
679 406 33 21 för
727 406 139 21 oförutsedda

114 439 71 26 behof,
201 445 44 16 som
258 439 33 22 för
299 439 131 22 närvarande
439 440 60 27 utgår
508 441 48 21 med
566 441 75 26 15,000
651 441 60 21 mark
721 447 32 15 om
765 441 51 27 året,
826 441 39 21 har

116 473 56 21 visat
195 474 32 26 sig
248 481 51 14 vara
323 474 144 28 otillräckligt.
497 475 41 21 För
561 475 134 21 undvikande
717 475 24 21 af
756 475 108 27 anslagets

115 507 172 23 Ofverskridande
309 508 63 22 hafva
394 509 105 27 nämligen
516 509 105 21 särskilda
637 509 81 21 mindre
733 508 69 27 behof,
820 515 44 16 som

114 542 38 21 hos
175 544 115 25 trupperna
309 543 57 27 gjort
383 543 33 27 sig
438 544 105 26 gällande,
566 543 47 21 icke
639 544 80 21 kunnat
735 543 129 28 tillgodoses,

114 576 52 22 eller
188 578 39 21 ock
245 577 63 21 hafva
324 578 26 20 de
366 577 62 22 häraf
441 578 112 27 påkallade
568 578 116 27 utgifterna
699 578 83 27 päförts
800 578 65 22 andra

113 611 60 22 titlar
189 612 6 20 i
211 612 153 27 utgiftsstaten.
388 612 49 22 Med
455 612 101 22 afseende
567 612 54 22 härä
636 612 38 22 och
691 612 33 22 för
744 614 32 20 att
792 612 73 27 dylika

113 645 139 22 oförutsedda
275 646 88 28 utgifter
385 647 45 30 må
443 647 71 21 kunna
536 654 25 14 ur
582 647 97 27 anslaget
694 646 112 27 bestridas,
825 647 40 21 har

116 680 117 22 detsamma
248 681 6 21 i
271 680 182 28 budgetförslaget
468 681 109 27 upptagits
592 682 34 21 till
642 680 93 28 förhöjdt
749 681 77 28 belopp
842 681 24 22 af

113 716 78 26 25,000
205 716 62 21 mark
283 722 33 15 om
332 716 54 22 året.

181 854 10 21 I
207 854 39 21 den
261 853 77 28 nådiga
352 854 159 27 propositionen
527 854 33 22 till
576 854 53 21 1897
641 853 34 22 års
686 853 102 28 landtdag
799 854 65 21 fram-

112 889 54 22 hölls
182 889 101 21 hurusom
298 888 104 22 särskilda
418 888 77 22 brister
510 889 38 22 och
565 889 136 26 olägenheter
717 888 98 22 vidlådde
826 889 37 21 bo-

113 923 219 22 stadsförhållandena
342 924 58 21 inom
411 923 355 28 arméskarpskyttebataljonernas
777 923 86 22 kasern-

112 959 128 27 byggnader,
264 959 23 21 af
304 958 71 22 hvilka
394 958 76 22 främst
489 960 79 20 bristen
587 958 27 28 på
629 958 182 28 ändamålsenliga
826 958 36 22 bo-

113 994 73 21 städer
205 993 33 21 för
254 995 36 21 det
305 994 43 21 fast
364 993 97 22 anstälda
475 994 55 27 gifta
544 993 148 22 underbefälet
707 993 65 22 borde
787 993 76 27 afhjel-

112 1035 44 21 pas,
180 1028 115 28 hvarjemte
318 1028 148 22 anskaffandet
484 1028 23 22 af
525 1028 100 28 lämpliga
644 1028 82 22 lokaler
740 1028 33 22 för
788 1028 74 22 under-

112 1063 101 27 visnings-
237 1064 40 21 och
295 1063 296 27 musikkommenderingarna
609 1062 76 27 ansägs
705 1069 51 15 vara
770 1062 93 22 nödvän-

113 1098 52 26 digt.
195 1097 43 21 För
260 1098 168 26 tillgodoseende
447 1098 24 21 af
489 1098 60 21 dessa
567 1097 64 21 behof
645 1097 54 21 hade
714 1097 61 27 fråga
790 1097 73 21 väckts

112 1138 33 15 om
169 1131 112 22 utförande
300 1132 23 21 af
341 1132 104 22 särskilda
465 1138 42 16 om-
524 1132 39 22 och
579 1132 150 27 nybyggnader
744 1132 35 21 vid
794 1132 68 21 batal-

109 1166 95 26 jonerna,
216 1172 47 16 men
274 1166 28 21 dä
312 1166 27 21 de
352 1166 117 22 omordade
480 1166 248 27 nybyggnadsförslagen,
740 1166 7 20 i
758 1166 104 21 anseende

112 1200 32 21 till
164 1200 25 21 de
209 1200 66 27 dryga
297 1200 150 27 kostnaderna,
463 1200 47 22 icke
525 1200 88 27 ansägos
623 1200 71 21 kunna
704 1200 68 21 under
782 1206 81 15 samma

111 1234 142 27 finansperiod
276 1234 84 22 komma
383 1235 33 21 till
440 1234 120 27 utförande,
583 1237 90 25 upptogs
697 1234 6 21 i
725 1234 39 20 den
784 1234 79 26 nädiga

112 1269 159 27 propositionen
292 1270 30 20 ett
340 1269 72 27 anslag
433 1268 23 22 af
470 1269 76 21 endast
560 1269 93 26 449,500
668 1268 61 22 mark
744 1268 33 22 för
792 1268 71 28 tillgo-

113 1302 106 23 doseende
233 1303 24 21 af
271 1303 26 21 de
311 1305 55 20 mest
380 1303 119 27 trängande
513 1303 24 21 af
550 1302 61 22 ofvan
627 1303 92 27 antydda
730 1302 69 27 behof,
810 1302 53 22 hvil-

111 1337 37 22 ket
170 1338 75 26 anslag
263 1338 24 20 af
304 1338 119 22 Ständerna
437 1338 128 27 godkändes.
595 1337 33 22 Då
644 1337 34 21 vid
693 1337 75 21 sådant
783 1336 80 22 förhäl-

111 1372 64 21 lande
194 1378 25 15 en
238 1372 165 26 komplettering
423 1371 24 22 af
459 1372 160 26 ifrågavarande
634 1371 122 27 byggnader
770 1371 40 20 bör
825 1378 37 13 un-

112 1405 38 21 der
164 1407 62 19 nästa
240 1405 142 26 finansperiod
398 1405 158 27 ifrågakomma,
573 1407 56 19 samt
645 1405 60 20 äfven
720 1404 143 27 uppförandet

111 1439 24 21 af
155 1439 111 22 trosslider
288 1439 32 22 för
340 1439 56 22 såväl
417 1439 254 26 Befälhafvarestyrelsen
687 1444 45 15 som
748 1438 114 27 gardesba-
