1075 1786
175 167 14 21 4
385 166 29 22 U.
430 165 28 23 B.
488 178 29 3 —
532 166 72 27 Prop.
620 166 44 22 N:o
679 165 37 22 24.

247 232 144 21 Beträffande
406 231 93 27 afgiften
516 231 35 21 för
566 231 103 21 nämnda
682 231 139 27 handlingar
831 232 43 20 har
886 232 35 21 Ut-

176 268 83 21 skottet
270 268 120 26 inhemtat,
401 269 32 19 att
445 268 59 20 intill
515 268 25 20 år
552 268 56 20 1898
619 267 39 21 vid
670 267 90 21 landets
770 268 152 20 tullanstalter

177 304 44 21 den
235 303 78 28 praxis
329 303 96 21 allmänt
440 303 75 21 blifvit
531 303 63 27 följd,
610 305 33 19 att
658 303 35 20 för
709 303 145 26 märkrullor,
871 309 50 15 som

175 340 34 21 till
225 339 52 21 dem
294 339 109 27 ingifvits,
419 338 50 22 icke
485 338 98 22 fordrats
600 339 97 27 stämpel
713 339 25 20 af
752 339 69 21 orsak
834 341 32 19 att
877 339 44 21 för-

175 375 207 28 tullningsinlagor,
397 375 80 21 hvilka
488 374 18 28 ej
519 377 138 19 omnämnas
668 374 7 21 i
688 374 234 28 tullförfattningarna

176 419 53 14 men
253 414 86 19 ansetts
363 411 96 22 omfatta
474 411 67 22 äfven
557 411 133 28 märkrulla,
707 411 70 28 enligt
792 411 129 22 förordnin-

175 455 70 21 garna
262 455 39 15 om
317 448 224 28 stämpelbevillning
555 448 59 21 varit
629 447 51 22 från
695 448 61 21 skatt
770 448 151 28 uttryckligen

175 485 108 21 befriade.
316 484 76 21 Sedan
407 485 8 20 i
431 484 83 27 nådiga
538 483 162 28 förordningen
724 491 39 14 om
785 484 136 28 stämpelbe-

175 521 96 27 villning
287 521 25 20 af
325 521 45 20 den
388 521 26 20 14
431 520 127 21 December
574 521 56 20 1897
648 521 64 20 ordet
728 520 193 27 »förtullningsin-

176 557 63 27 laga»
250 557 76 21 blifvit
333 556 77 28 utbytt
418 558 62 19 emot
491 555 241 28 »angifningsinlaga>»,
738 555 88 22 hvilket
831 556 91 27 uttryck

176 593 124 21 förefinnes
311 593 8 20 i
329 592 233 26 tullförfattningarna
573 598 54 15 men
638 592 18 27 ej
669 592 117 21 användes
798 599 38 14 om
845 592 76 21 märk-

176 629 65 27 rulla,
263 628 60 21 hade
339 628 39 21 vid
394 628 90 21 landets
500 628 151 21 tullanstalter
667 630 30 19 ett
713 628 63 20 olika
791 628 130 21 förfarande

175 664 58 28 gjort
249 664 34 27 sig
299 664 111 27 gällande,
427 664 7 20 i
451 664 38 20 det
504 666 32 19 att
551 664 180 21 tullkammaren
747 663 7 21 i
769 664 97 27 Wiborg
881 670 39 15 an-

176 702 42 20 sett
235 700 139 22 märkrullor
389 700 57 22 böra
455 700 72 22 förses
538 700 53 22 med
603 700 104 28 stämpel,
718 706 54 15 men
786 700 73 22 andra
868 700 53 22 tull-

176 737 93 22 kamrar
289 737 104 21 deremot
408 736 139 22 fortfarande
563 736 118 28 emottagit
697 736 120 22 desamma
832 736 88 22 okarte-

176 774 61 22 rade.
269 774 9 21 I
299 772 125 29 anledning
447 773 69 21 häraf
536 773 61 21 hade
620 774 172 27 Tullstyrelsen,
816 780 49 14 som
886 774 35 21 för

176 810 36 22 sin
231 810 37 22 del
284 812 82 22 ansett,
382 812 32 19 att
430 810 104 27 gällande
550 809 371 29 stämpelbevillningsförordning

175 852 83 22 genom
273 846 121 22 införande
405 846 25 21 af
438 846 65 21 ordet
514 846 205 27 angifningsinlaga
729 847 61 20 velat
800 846 120 28 precisera,

176 885 33 19 att
224 882 72 21 andra
312 882 34 21 till
357 882 187 21 tullanstalterna
559 882 65 21 inom
634 882 78 21 landet
722 882 132 31 inlemnade
864 882 57 21 inla-

176 925 40 21 gor
239 918 50 21 icke
312 924 54 15 vore
383 917 101 22 befriade
500 917 51 22 frän
575 918 44 21 slik
640 917 125 28 bevillning
781 919 30 19 än
828 917 93 28 sädana,

177 954 97 22 medelst
288 953 80 22 hvilka
383 960 68 15 varor
466 953 26 22 af
504 959 81 22 egaren
602 954 54 21 eller
671 953 53 22 dess
740 953 89 22 ombud
844 954 77 27 angäf-

176 997 41 15 vos
239 990 34 21 till
297 990 191 27 tullbehandling,
512 990 43 21 och
579 992 32 19 att
634 989 126 22 märkrulla
783 989 60 28 förty
868 997 54 14 vore

178 1026 226 28 stämpelbevillning
423 1026 163 27 underkastad,
610 1027 43 20 hos
677 1026 123 27 Kejserliga
824 1025 97 22 Senaten

179 1063 108 21 hemstält
302 1061 116 22 huruvida
434 1062 76 21 denna
526 1061 53 22 dess
593 1062 62 21 åsikt
670 1068 54 15 vore
740 1063 33 20 att
788 1062 77 21 såsom
877 1062 44 21 rik-

179 1099 32 27 tig
227 1105 74 15 anses.
332 1098 45 21 Vid
392 1097 45 22 den
450 1099 26 20 18
493 1098 103 22 Oktober
613 1098 56 21 1898
685 1098 74 21 skedd
774 1097 148 28 fördragning

177 1135 25 21 af
211 1135 78 21 denna
299 1134 139 22 hemställan
452 1134 60 21 hade
523 1135 123 28 Kejserliga
657 1134 105 27 Senaten,
774 1134 147 22 alldenstund

179 1171 126 20 märkrulla
318 1170 51 21 icke
385 1170 68 21 fanns
469 1171 128 20 omnämnd
608 1171 71 20 bland
695 1171 28 20 de
739 1171 7 20 i
762 1171 14 20 4
791 1170 15 27 &
821 1171 99 26 uppräk-

178 1205 60 21 nade
253 1204 183 22 hufvudskrifter
455 1206 44 19 och
515 1205 50 21 icke
581 1206 72 20 heller
668 1205 78 21 kunde
762 1206 110 20 hänföras
887 1205 34 21 till

177 1240 207 27 angifningsinlaga
406 1242 60 19 samt
489 1240 59 27 förty
571 1247 54 14 vore
648 1240 158 21 underkastad
826 1240 45 21 den
887 1240 35 21 för

179 1282 91 15 sannan
302 1275 169 22 hufvudskrift>
501 1275 119 22 faststälda
645 1275 169 28 stämpelafgift,
845 1276 76 21 funnit

179 1311 164 27 Tullstyrelsen
359 1311 70 21 hafva
444 1311 84 21 saknat
543 1311 50 21 skäl
609 1313 33 19 att
657 1311 121 21 inkomma
799 1311 53 21 med
868 1311 52 20 ifrä-

178 1346 129 27 gavarande
318 1346 176 27 framställning.
512 1347 8 20 I
537 1346 56 27 följd
608 1346 69 21 häraf
685 1346 61 21 hade
756 1347 165 26 Tullstyrelsen

179 1381 152 27 förständigat
345 1381 233 28 tullmyndigheterna
594 1383 32 20 att
641 1382 66 26 tillse,
725 1381 38 22 det
783 1382 138 21 märkrullor

174 1418 70 28 jemte
267 1418 125 28 åtföljande
412 1418 205 21 konnässementer
639 1418 74 21 blefve
730 1418 124 27 behörigen
870 1418 49 21 kar-

175 1455 84 21 terade.

248 1536 203 24 Bevillningsutskottets
464 1537 108 18 betänkande
584 1536 35 20 N:o
631 1538 18 17 3.
