1075 1753
217 144 24 19 12
516 141 43 22 N:o
576 144 32 19 20.

257 212 32 20 1:o
305 210 69 28 dagen
389 210 33 22 för
437 210 141 27 andelslagets
593 209 100 23 bildande
708 209 40 22 och
758 210 69 26 dagen
837 209 34 21 för
881 209 58 22 stad-

186 250 79 22 garnas
281 244 158 26 stadfästande;

256 280 34 20 2:0
307 279 143 28 andelslagets
466 286 74 20 namn;

257 314 33 20 3:0
305 312 111 23 föremålet
430 313 34 22 för
479 313 142 28 andelslagets
636 313 144 27 verksamhet;

255 348 35 21 4:0
305 348 145 27 andelslagets
465 347 94 27 hemort;

256 383 34 20 5:o
310 388 34 15 om
363 381 39 22 och
416 382 7 21 i
438 381 57 22 hvad
509 382 49 21 mån
573 381 161 28 tillskottsplikt
748 381 34 21 för
798 381 143 27 andelslagets

187 415 141 22 förbindelser
343 415 81 28 åligger
438 416 174 27 medlemmarne;

257 451 34 20 6:0
306 451 68 20 sättet
389 450 33 21 för
436 453 104 19 stämmas
555 450 195 22 sammankallande
766 449 38 22 och
821 449 67 28 öfriga
898 449 43 22 till-

187 483 188 29 kännagifvanden
392 485 22 21 åt
428 485 176 26 medlemmarne;

257 520 34 20 7:0
309 525 91 15 namnen
418 520 29 27 på
462 520 27 21 de
503 519 125 27 sysslomän,
644 525 45 15 som
704 520 79 26 utgöra
798 518 144 28 andelslagets

189 553 96 27 styrelse,
301 553 39 21 och
355 553 63 21 deras
433 554 101 25 hemvist;
550 555 56 19 samt

257 588 34 21 8:0
314 587 85 21 hvilken
422 588 51 22 eller
495 588 72 22 hvilka
589 588 65 21 bland
671 588 162 26 sysslomännen
852 588 37 20 äro
905 587 36 21 be-

188 622 108 27 rättigade
311 622 34 21 att
360 622 76 21 teckna
452 622 143 27 andelslagets
610 621 69 22 firma.

255 656 107 22 Anmälan
382 656 54 21 skall
452 656 85 28 åtföljas
553 656 23 21 af
589 656 40 22 den
644 656 8 21 i
674 657 6 20 2
695 656 12 27 8
723 655 79 23 nämda
818 655 125 28 afhandling

189 691 39 20 och
251 691 36 21 det
301 690 77 27 utslag,
394 691 137 26 hvarigenom
546 690 137 22 stadfästelse
699 691 12 20 å
726 691 116 27 stadgarne
857 690 84 21 medde-

187 724 50 27 lats,
253 725 37 22 det
305 731 77 16 senare
396 725 7 21 i
418 725 149 22 hufvudskrift.

257 759 10 22 I
283 759 64 28 öfrigt
363 765 39 22 ega
417 760 26 21 de
457 760 136 22 föreskrifter
607 766 33 15 om
655 759 135 28 inskrifning,
803 759 72 22 hvilka
885 759 58 27 gälla

189 794 110 27 angående
322 794 128 27 aktiebolag,
469 795 7 20 i
496 794 125 29 tillämpliga
643 794 60 21 delar
722 793 139 28 användning
876 793 13 22 &
903 800 38 15 an-

190 828 89 28 delslag;
290 828 54 22 dock
355 835 50 21 eger
416 828 60 28 afgift
486 829 33 22 för
529 828 120 28 andelslags
659 829 163 27 inregistrering
832 828 46 22 icke
888 834 54 16 rum.

537 894 25 19 10
578 893 18 27 8.

257 926 69 22 Innan
349 926 111 27 andelslag
481 927 8 21 i
507 926 190 28 handelsregistret
719 925 124 28 inskrifvits,
867 926 35 21 må
924 926 18 27 ej

189 961 104 27 egendom
307 961 8 21 i
331 961 142 27 andelslagets
497 968 63 15 namn
575 961 118 22 förvärfvas
709 961 51 22 eller
774 961 34 22 för
824 961 118 22 detsamma

189 995 56 22 talas
267 995 52 22 eller
341 1001 81 16 svaras.
452 996 65 27 Ingår
539 997 70 27 någon
633 995 137 22 derförinnan
792 995 152 22 förbindelse
933 991 15 38 i

190 1029 142 27 andelslagets
355 1036 71 20 namn,
449 1036 63 16 svare
534 1030 42 22 han
599 1030 33 22 för
653 1030 144 22 förbindelsen
821 1031 71 21 såsom
909 1029 34 22 för

189 1069 52 22 egen
265 1063 74 27 skuld;
362 1065 37 20 äro
422 1064 26 21 de
469 1063 58 27 flere,
551 1071 62 15 svare
635 1065 26 21 de
678 1063 34 23 för
731 1064 124 22 densamma
869 1070 32 16 en
911 1063 33 22 för

190 1098 42 21 alla
247 1098 39 21 och
301 1098 43 21 alla
354 1097 34 22 för
403 1105 33 15 en.

540 1129 22 20 11
581 1128 18 27 &.

258 1161 116 27 Andelslag
388 1167 52 16 vare
455 1162 100 27 obetaget
571 1163 32 20 att
618 1163 39 20 när
673 1168 45 15 som
734 1161 56 22 helst
805 1163 80 25 antaga
900 1167 41 22 nya

189 1195 144 27 medlemmar,
349 1195 72 22 hvilka
442 1196 118 27 skriftligen
577 1196 82 22 anmält
677 1197 32 26 sig
724 1196 50 27 vilja
789 1195 45 22 deri
848 1196 94 21 inträda.

190 1229 137 28 Antagandet
349 1230 125 22 ankommer
494 1231 11 21 å
525 1231 142 26 andelslagets
690 1229 96 28 styrelse,
809 1229 72 22 såvidt
903 1230 17 27 ej
937 1230 7 21 i

189 1264 118 27 stadgarna
323 1266 24 19 är
363 1265 135 22 annorlunda
513 1265 141 22 föreskrifvet.

257 1298 134 21 Inträdande
415 1299 90 21 medlem
531 1304 62 15 svare
619 1298 34 21 för
676 1299 42 20 alla
739 1299 148 25 förbindelser,
910 1299 34 20 för

190 1331 71 22 hvilka
276 1331 134 27 andelslaget
424 1332 36 21 vid
475 1332 60 21 tiden
550 1331 33 21 för
598 1332 95 21 inträdet
708 1332 79 21 häftar.

538 1397 25 19 12
579 1395 18 27 8.

257 1429 43 22 Vill
323 1428 90 23 medlem
428 1436 26 14 ur
470 1429 109 29 andelslag
594 1428 54 29 afgå,
664 1431 97 26 uppsäge
776 1430 32 26 sig
823 1429 120 28 skriftligen

190 1464 39 22 hos
245 1464 104 27 styrelsen
365 1464 32 21 till
412 1465 95 21 utträde.
