1067 1734
156 118 32 36 44
344 122 83 23 Ständ.
443 122 38 23 Sv.
498 136 27 2 —
539 122 74 28 Prop.
629 122 42 22 N:o
687 122 38 22 24.

30 190 74 18 jefrielse
112 189 56 19 från
229 193 9 21 "i
256 192 101 22 ärenden
375 193 120 28 angående
512 195 67 26 post-,
598 192 79 22 kanal-
696 193 43 21 och
757 193 154 28 jernvägstra-

32 214 117 32 tämpelskyl-
296 227 63 21 fken.

34 242 96 32 digheten.
360 243 5 5 N

161 262 98 28 Skrifter,
277 260 132 22 inlemnade
427 261 44 28 till,
489 261 44 22 och
551 262 62 27 bevis,
631 260 123 22 utfärdade
773 260 31 22 af:

229 295 168 22 Föreständare
424 296 35 21 för
486 295 208 23 dissenterförsam-

263 330 51 29 ling
341 330 55 21 eller
422 330 52 22 med
501 331 95 21 förande
619 331 24 21 af
662 331 32 21 of-

262 364 97 29 fentligt
367 365 182 29 personregister
558 364 135 23 ombetrodd|
715 364 53 22 med
785 364 121 29 undantag

264 399 55 21 civil
336 398 145 30 myndighet,
724 399 24 22 af
765 398 131 22 inlemnade

229 429 303 36 Kontraktsprosteembete,
726 433 168 29 tjensteansök-

225 463 198 38 Kronolänsman,
761 468 89 29 ningar.

229 502 191 28 Pastorsembete,

228 537 179 28 Postsparbank,

162 572 92 28 Skrifter
271 571 43 22 och
332 572 136 27 handlingar,
492 579 47 14 som
557 571 102 30 ingifvas
677 572 38 21 till
733 571 56 22 eller
806 571 105 22 utfärdas

230 606 22 22 af
270 605 88 22 Finska
376 605 219 30 Passexpeditionen
602 606 55 21 eller
664 606 23 21 af
693 605 218 30 Tullexpeditionen

230 641 8 21 i
256 640 36 22 S:t
309 641 147 28 Petersburg.

161 677 45 21 Allt
222 676 56 21 hvad
304 675 37 21 till
366 675 91 22 landets
484 675 161 30 myndigheter
670 676 93 28 ingifves
786 675 56 22 eller
859 674 52 22 från

230 709 51 22 dem
307 710 99 28 utfärdas
424 710 8 21 i
449 709 78 29 frågor
551 709 98 23 rörande
675 710 85 29 gratial
787 717 27 14 ur
837 709 74 29 krigs-

229 744 194 21 manshuskassan
446 744 55 21 eller
518 745 127 28 pensioner,
663 744 187 29 gratifikationer
868 744 44 21 och

229 778 126 22 understöd
373 779 35 21 för
426 778 72 22 enkor
515 779 43 21 och
577 779 57 22 barn
653 779 58 21 efter
720 778 84 22 aflidne
814 778 97 21 embets-

231 812 42 23 och
297 813 139 28 tjenstemän
459 813 52 22 från
535 814 117 21 allmänna
673 815 68 20 stats-
759 812 43 23 och
819 812 93 22 militie-

230 847 74 22 medel
327 850 60 19 samt
410 848 51 21 från
479 847 45 23 alla
545 848 97 29 publika
660 848 43 22 och
721 847 105 23 enskilda
844 847 68 22 enke-

230 882 43 22 och
300 882 155 29 pupillkassor
473 883 8 21 i
499 883 85 28 landet,
612 882 56 22 eller
694 885 65 19 extra
781 882 73 22 nådår
871 881 41 22 vid

230 917 141 29 presttjenst.

511 986 13 20 6
544 986 20 26 8.

230 1054 146 28 Afhandling
399 1054 97 22 emellan
520 1056 95 20 enskilda
633 1057 60 19 samt
710 1054 140 22 förbindelse
868 1054 44 22 och

162 1096 78 14 annan
266 1088 75 28 skrift,
369 1096 48 14 som
439 1089 24 21 af
481 1088 86 22 sådana
585 1088 111 28 utfärdas,
715 1090 37 20 må
770 1089 94 21 affattas
882 1090 30 28 på

162 1122 140 29 ostämpladt
322 1130 94 21 papper,
437 1131 52 13 men
510 1123 47 28 bör,
581 1123 29 21 då
628 1123 45 21 den
691 1124 83 20 företes
792 1123 40 21 vid
850 1123 62 21 dom-

162 1157 45 21 stol
225 1156 56 22 eller
301 1156 232 30 embetsmyndighet,
554 1158 72 22 förses
647 1158 52 21 med
717 1158 73 21 sådan
807 1158 105 28 stämpel,

162 1199 48 14 som
237 1191 42 22 här
305 1191 74 22 nedan
408 1192 35 22 för
469 1192 79 29 hvarje
567 1192 42 22 fall
626 1192 74 21 finnes
717 1194 81 26 utsatt,
816 1192 97 22 såframt

162 1226 45 22 slik
226 1225 111 30 handling
359 1226 51 22 icke
432 1227 36 21 för
485 1227 58 21 visst
564 1226 105 29 angifvet
687 1227 108 22 ändamål
814 1230 24 18 är
856 1234 56 21 upp-

162 1263 71 25 tagen
254 1262 74 20 såsom
349 1261 134 27 stämpelfri.
521 1261 212 28 Stämpelbeloppet
754 1265 25 18 är
797 1260 116 22 bestämdt

162 1294 36 21 för
224 1293 51 22 hela
303 1294 166 28 afhandlingen
496 1294 56 21 eller
573 1294 105 27 skriften,
696 1297 58 18 utan
773 1294 107 21 afseende
899 1295 14 20 &

162 1327 52 22 dess
232 1327 62 28 vidd,
313 1327 77 22 derest
407 1328 8 21 i
433 1328 94 21 tariffen
544 1328 51 21 icke
614 1328 159 29 uttryckligen
792 1332 72 25 säges,
878 1330 36 20 att

162 1362 98 29 stämpel
277 1362 114 22 beräknas
409 1362 36 22 för
463 1362 79 29 hvarje
561 1363 48 27 ark,
619 1362 83 23 hvaraf
720 1363 98 22 skriften
827 1363 85 28 består,

162 1397 56 22 eller
235 1397 58 22 efter
311 1405 77 14 annan
406 1397 82 29 grund.
