1050 1717
331 106 29 24 U.
376 107 29 23 B.
421 121 27 2 —
463 108 74 28 Prop.
553 108 45 22 N:o
613 108 37 22 27.
843 108 26 20 19

115 174 47 22 före
177 178 37 24 att,
234 183 34 13 om
286 176 41 21 ock
346 176 36 20 det
398 179 47 25 steg
460 184 26 13 en
502 184 76 20 person
593 180 66 24 tager,
674 176 27 21 då
717 176 41 21 han
774 175 95 21 utträder

114 216 26 14 ur
154 212 32 18 ett
201 209 167 29 kyrkosamfund
385 210 40 21 och
441 210 100 28 öfvergår
556 210 31 21 till
602 213 31 18 ett
645 213 70 23 annat,
725 212 82 19 ansetts
817 217 51 13 vara

115 243 23 21 af
153 243 65 21 sådan
235 244 52 27 vigt,
301 246 32 18 att
348 244 117 21 detsamma
481 244 47 21 icke
544 244 71 20 kunde
631 244 78 21 tillåtas
725 244 47 20 med
785 243 83 21 mindre

114 284 106 21 personen
242 278 6 20 i
269 278 60 27 fråga
347 279 77 20 vunnit
439 278 41 21 den
496 278 52 28 grad
564 278 23 20 af
601 278 124 27 utveckling
740 278 40 20 och
796 277 71 28 andlig

115 311 98 27 mognad,
232 319 45 13 som
298 311 41 22 den
356 312 63 20 civila
436 312 207 28 myndighetsåldern
659 312 93 28 tjuguett
766 312 25 20 år
805 318 62 14 anses

114 345 109 27 innebära,
238 353 79 14 samma
333 345 121 29 fordringar
470 346 55 22 dock
541 346 48 21 icke
604 346 66 21 borde
686 346 72 21 ställas
775 345 27 29 på
814 345 54 22 det
854 341 17 37 i

114 379 106 29 offentligt
234 381 89 27 register
336 380 84 21 införda
435 380 81 27 barnet,
528 380 82 22 hvilket
620 380 154 28 önskar;vinna
785 380 83 21 inträde

114 415 31 20 uti
161 414 116 21 bestående
289 414 170 29 kyrkosamfund
472 416 6 19 i
490 415 78 21 landet.
588 415 33 28 Ty
632 415 75 20 medan
719 416 6 19 i
739 415 58 20 förra
808 414 60 21 fallet

115 448 91 21 beslutet
226 448 124 21 förutsätter
365 452 29 17 ett
410 449 144 28 sjelfständigt
570 449 131 21 bedömande
717 449 23 21 af
755 448 111 22 skilnaden

114 483 76 20 mellan
207 482 26 21 de
248 483 57 21 olika
321 483 138 22 samfundens
475 484 106 25 trosläror,
597 483 85 22 kräfves
698 483 96 21 deremot
809 484 6 20 i
831 483 37 21 det

114 524 74 13 senare
204 517 60 21 fallet
279 518 48 20 icke
343 517 47 21 med
407 517 159 28 nödvändighet
582 517 94 28 förmåga
694 518 23 21 af
732 517 66 21 sådan
809 517 59 28 pröf-

114 551 57 28 ning,
191 554 50 18 utan
257 553 24 19 är
295 551 38 21 det
346 552 97 27 tillfylles
459 555 32 18 att
506 553 74 20 barnet
595 552 110 28 uppfattar
719 551 149 28 hufvudgrun-

114 585 66 21 derna
202 586 6 20 i
230 585 37 21 det
288 585 180 28 kyrkosamfunds
491 586 49 27 lära,
560 585 32 22 dit
614 586 36 21 det
672 586 37 21 vill
728 585 83 22 inträda
826 585 41 22 och

114 619 84 22 hvilket
213 620 34 20 väl
262 621 6 19 i
285 620 26 21 de
326 620 61 21 flesta
402 620 37 21 fall
456 620 40 21 blir
511 621 36 20 det
562 620 99 21 samfund
677 620 132 21 föräldrarne
824 620 43 21 till-

113 653 51 22 höra
186 654 51 21 eller
258 654 61 22 hvari
341 654 27 21 de
390 655 47 21 låtit
456 655 112 28 uppfostra
583 655 122 21 detsamma.
734 655 11 21 I
759 654 107 21 anseende

114 689 71 20 härtill
200 689 40 21 och
257 689 28 21 då
299 689 114 22 Utskottet
428 689 60 22 hållit
502 690 46 21 före
564 692 31 19 att
609 697 25 13 en
650 697 76 20 person
739 689 35 21 vid
785 689 81 21 femton

115 723 42 21 års'
170 723 60 21 ålder
253 723 38 21 bör
313 731 39 20 ega
374 723 40 22 den
437 724 97 28 förmåga
550 724 31 21 till
596 724 100 28 pröfning
714 723 41 22 och
770 723 37 21 det
822 731 44 13 om-

114 757 69 26 döme,
198 765 44 14 som
258 759 31 20 uti
305 765 28 14 nu
348 758 164 27 ifrågavarande
522 758 122 21 hänseende
654 757 113 26 erfordras,
777 757 38 22 har
826 757 40 22 Ut-

113 792 80 21 skottet
208 793 7 20 i
237 793 6 20 2
258 800 63 13 mom.
337 793 12 20 6
366 793 12 26 &
393 792 23 21 af
431 792 159 21 nedanstående
605 792 79 28 förslag
699 792 32 21 till
742 792 125 28 registerlag

112 827 99 27 upptagit
226 826 118 28 stadgande
360 826 72 21 derom
450 829 31 18 att
496 827 7 20 i
518 827 106 27 offentligt
635 827 90 26 register
737 825 71 22 införd
820 833 46 21 per-

113 868 45 19 son,
176 868 45 13 som
242 861 42 28 fylt
300 861 82 20 femton
401 861 29 25 år,
444 862 23 19 är
478 860 118 28 berättigad
612 863 31 18 att
657 860 64 21 äfven
737 863 50 18 utan
804 860 63 21 måls-

113 902 59 13 mans
196 895 109 28 samtycke
328 895 51 21 söka
402 894 82 21 inträde
508 895 30 20 uti
558 894 66 28 något
641 895 7 20 i
663 894 73 21 landet
751 894 115 28 behörigen

112 929 103 21 inrättadt
230 929 175 28 kyrkosamfund.

180 963 44 22 För
246 963 65 29 öfrigt
333 963 39 22 har
394 965 34 26 &n
444 964 7 21 i
467 965 57 20 vissa
547 963 58 22 delar
623 963 148 22 underkastats
787 963 79 21 omfor-

113 999 110 27 mulering.

183 1033 45 21 Vid
244 1032 156 28 behandlingen
417 1033 23 21 af
458 1033 170 28 propositionens
644 1034 12 20 8
672 1034 12 26 &
700 1032 38 21 har
752 1033 58 20 inom
825 1032 41 21 Ut-

114 1067 81 21 skottet
217 1067 132 27 framhållits,
372 1067 101 21 hurusom
488 1068 66 27 enligt
572 1067 78 28 Kongl.
667 1067 141 28 kungörelsen
824 1066 41 21 den

113 1102 28 20 24
156 1101 87 21 Januari
260 1103 55 20 1781
330 1101 48 21 »the
389 1101 23 21 af
422 1101 130 22 fremmande
562 1101 124 28 Religioner
696 1101 62 28 öflige
769 1101 97 21 almänne

113 1136 151 21 Processioner
287 1135 40 22 och
350 1135 148 22 Ceremonier»
522 1143 50 14 vore
588 1135 113 28 förbjudna
717 1135 12 21 å
746 1135 118 28 »Publique

112 1170 89 26 Platser,
216 1170 58 27 Torg
289 1170 40 21 och
345 1170 89 26 Gator»,
449 1170 83 21 hvilket
546 1169 78 22 förbud
640 1170 56 21 dock
712 1170 47 21 icke
770 1170 94 20 sträckte

114 1205 32 26 sig
168 1204 32 21 till
223 1205 124 26 »invigning
362 1204 22 21 af
399 1204 70 21 theras
485 1204 93 28 Kyrkor,
593 1203 159 28 Kyrkogårdar,
767 1203 99 21 Klockor

112 1238 52 21 eller
185 1238 68 28 någon
276 1238 23 21 af
313 1238 71 21 theras
400 1238 142 26 Ceremonier,
558 1245 44 14 som
619 1239 55 20 inom
690 1238 70 21 slutna
777 1237 86 28 Kyrko-

112 1273 40 21 och
161 1272 228 28 Kyrkogårds-Portar
398 1273 40 20 kan
448 1273 120 21 förrättas».
581 1272 52 21 Med
640 1273 105 20 afvikelse
752 1272 46 21 från
806 1272 58 20 detta

112 1306 118 28 stadgande
241 1306 117 22 innehåller
369 1307 117 21 emellertid
498 1307 76 21 nämda
583 1307 12 27 $
604 1309 31 18 att
642 1306 77 22 afliden
728 1314 84 21 person,
820 1314 44 13 som

112 1343 24 19 är
150 1341 70 20 införd
232 1342 6 19 i
250 1341 106 27 offentligt
366 1342 95 26 register,
473 1342 55 26 finge
539 1341 112 27 begrafvas
662 1341 12 20 å
685 1340 179 28 kyrkosamfunds

113 1374 199 28 begrafningsplats,
333 1374 55 21 dock
411 1374 47 20 med
482 1374 136 27 iakttagande
638 1374 23 20 af
679 1377 32 17 att
728 1374 26 20 de
773 1381 94 13 ceremo-

112 1409 52 27 nier,
181 1408 72 21 hvilka
267 1408 75 21 dervid
352 1408 70 21 kunde
438 1408 138 26 förekomma,
590 1408 46 21 icke
654 1415 50 14 vore
721 1408 145 28 sanstötliga».

182 1455 129 23 Laguiskottets
323 1454 110 18 betänkande
445 1454 37 18 N:o
495 1455 28 17 12.

878 1035 9 16 7
900 1035 10 22 8
923 1034 39 23 (88
975 1034 35 18 enl.

912 1063 58 23 prop.)
