1075 1759
400 120 25 24 U.
440 123 28 21 B.
487 136 20 2 --
526 122 71 28 Prop.
614 124 40 22 N:o
669 124 34 21 21.

384 414 262 27 Rättelseblad

497 473 32 20 till

208 530 208 22 Ekonomiutskottets
428 530 77 27 förslag
517 530 28 21 till
556 530 194 27 sammanjemkning
759 530 20 21 af
787 529 102 21 Ständens

139 571 116 27 skiljaktiga
279 571 67 21 beslut
367 570 31 22 vid
422 571 147 27 behandlingen
593 570 21 22 af
634 570 113 22 Utskottets
764 570 126 22 betänkande

138 612 35 21 N:o
188 612 14 20 4
219 612 4 20 i
241 611 104 27 anledning
367 612 21 20 af
412 612 55 20 Hans
492 611 111 27 Kejserliga
626 611 108 27 Majestäts
757 610 72 26 nådiga
845 616 44 21 pro-

137 652 89 27 position
242 651 107 27 angående
366 651 109 21 elektriska
491 651 147 27 anläggningar
653 652 32 20 för
697 650 104 22 alstrande
815 651 22 21 af
851 650 38 27 ljus

137 694 40 20 och
193 693 32 21 för
241 692 123 27 äfverföring
380 692 21 21 af
418 692 59 21 kraft.

206 751 46 20 Den
275 750 12 21 &
305 756 48 20 pag.
378 751 13 20 2
414 750 6 20 i
443 748 319 28 sammanjemkningsförslaget
784 748 104 26 ingäende

138 791 57 20 kläm
212 790 39 20 bör
265 789 62 21 hafva
344 790 92 26 följande
451 789 90 27 lydelse:

342 860 33 20 att
393 858 158 29 Ridderskapet
565 858 45 21 och
629 858 71 20 Adeln
723 859 59 19 samt
804 857 85 21 Bonde-

274 900 88 21 ständet
384 899 51 21 ville
458 900 49 20 med
529 898 136 29 frängäende
685 898 28 28 af
728 898 52 21 sina
796 897 94 28 tidigare

275 941 140 21 härutinnan
431 940 85 28 fattade
533 940 69 21 beslut
616 940 118 27 godkänna
749 939 38 27 1$
798 939 12 20 1
823 945 64 14 mom.

275 982 28 27 af
323 982 141 27 lagförslaget
485 982 82 20 sädant
589 981 34 20 det
647 980 61 28 lyder
722 980 10 21 i
747 980 41 21 den
807 979 83 27 nädiga

272 1022 176 28 propositionen,
465 1023 58 19 sami
546 1022 33 20 att
595 1020 67 21 orden
686 1020 53 25 och
754 1021 29 19 ett
799 1019 90 27 tillägg”

274 1062 36 21 uti
325 1062 42 20 den
382 1062 66 26 kläm,
463 1068 48 14 som
526 1060 89 28 föregår
631 1060 152 28 lagförslagets
805 1059 84 25 rubrik,

274 1102 68 21 måtte
353 1102 108 20 uteslutas
472 1101 116 27 äfvensom
599 1102 33 19 att
645 1100 118 21 Utskottets
775 1099 116 21 uttalande

275 1142 36 21 uti
330 1142 145 21 betänkandet
498 1140 135 28 beträffande
653 1141 12 20 7
679 1141 15 27 $
708 1141 10 20 i
733 1141 42 21 den
790 1139 99 21 admini-

274 1182 95 21 strativa
384 1181 163 28 förordningen
561 1181 59 28 finge
635 1180 101 28 förfalla.

289 1439 113 22 Helsingfors,
415 1438 122 17 Frenckellska
549 1437 130 22 boktryckeriet,
693 1436 50 17 1900.
