1048 1739
345 121 29 24 U.
391 123 28 22 B.:—
430 122 120 29 Prep.
568 123 44 27 N:o
626 123 36 28 27.
862 123 12 20 3

399 189 76 28 Öfver
494 194 86 23 finska
598 194 173 29 medborgare,
785 194 89 22 hvilka

328 229 54 21 icke
400 229 107 22 tillhöra
524 229 79 28 något
615 229 10 22 i
637 229 89 22 landet
738 229 136 28 behörigen

328 263 128 22 inrättadt
473 263 212 28 kyrkosamfund,
705 263 68 22 skall
785 262 88 23 offent-

327 297 48 28 ligt
398 297 106 28 register
522 297 71 22 föras
611 297 33 22 af
659 297 126 28 borgerlig
803 303 71 22 myn-

327 331 96 28 dighet,
441 337 55 16 som
515 331 149 22 bestämmes
682 337 88 22 genom
782 330 92 29 nådigt

328 359 182 29 förordnanäe.

398 399 136 29 Offentligt
551 400 105 29 register
674 399 136 23 omfattar:

397 433 23 30 1)
439 434 265 29 civilständsregister,
729 433 76 24 hvari
828 441 45 16 an-

327 469 100 22 tecknas
446 469 110 22 födelser
573 469 47 22 och
638 468 128 27 dödsfall;
786 470 67 21 samt

395 501 26 32 2)
441 503 208 29 personregister,
674 509 54 16 som
750 504 124 28 upptager

327 537 10 22 i
373 537 160 30 tillämpliga
569 538 73 22 delar
675 538 31 22 de
736 537 136 30 uppgifter,

327 571 88 23 hvilka
435 572 62 23 böra
517 572 64 29 ingå
600 572 38 23 uti
656 573 49 22 den
724 571 32 23 af
770 578 105 22 evange-

327 606 189 23 lisk-lutherska
530 607 187 28 presterskapet
730 606 76 22 förda
819 606 55 22 huf-

327 641 108 22 vudbok.

395 675 266 29 Registermyndighet
679 681 60 16 vare
752 675 44 22 ock
808 674 66 29 skyl-

327 709 46 28 dig
407 710 123 28 upprätta
560 709 85 22 andra
676 709 196 28 förteckningar,

327 743 88 23 hvilka
434 743 33 23 af
481 743 100 23 landets
594 743 104 29 styrelse
711 743 88 23 kunna
813 743 61 22 före-

325 777 120 23 skrifvas.

469 859 13 21 2
499 842 28 51 8.

190 915 89 23 Denna
299 915 15 29 $
333 916 46 22 har
399 916 25 22 af
442 917 115 28 samtliga
577 916 74 22 ständ
669 916 126 29 godkänts
814 916 7 21 i
840 915 34 23 öf-

120 950 58 29 rigt,
202 951 68 21 utom
290 952 35 20 att
343 950 195 27 Presteständet,
558 957 92 23 genom
668 951 36 22 att
722 950 56 23 med
797 950 77 22 ofvan

122 984 103 29 angifna
244 984 109 29 ändring
371 985 105 22 omfatta
495 985 48 22 den
562 985 6 22 i
588 985 188 22 reservationen
796 984 24 22 II
839 984 35 23 in-

121 1019 98 29 gående
237 1019 75 26 kläm,
333 1019 103 22 beslutit
455 1021 35 21 att
509 1020 42 29 8:n
570 1020 78 22 borde
661 1019 168 23 underkastas
842 1019 32 22 de

120 1052 245 31 omformuleringar,
385 1053 87 23 hvilka
491 1054 149 29 betingades
659 1055 25 21 af
702 1053 112 22 ständets
833 1053 41 22 be-

120 1087 50 23 slut
194 1088 160 22 beträffande
381 1089 12 21 1
419 1088 23 28 S.
479 1088 57 23 Med
559 1088 118 23 afseende
695 1088 62 22 härä
777 1088 46 22 och
841 1088 33 22 dä

120 1122 32 22 de
180 1122 26 22 af
232 1122 127 23 Utskottet
383 1129 34 16 nu
439 1122 144 30 föreslagna
604 1122 218 30 uteslutningarna
844 1128 30 16 ur

122 1157 12 21 1
156 1157 14 29 8
189 1156 102 30 påkalla
310 1157 138 29 ändringar
466 1158 94 28 jemväl
576 1158 9 22 i
603 1158 15 21 2
639 1158 21 28 $,
678 1157 141 23 hemställer
832 1156 42 23 Ut-

120 1191 93 23 skottet
241 1193 35 21 att
302 1192 143 22 Ständerna
470 1192 58 22 ville
546 1192 40 22 för
604 1192 14 22 2
638 1192 15 28 $
676 1191 136 30 godkänna
831 1191 43 22 föl-

120 1226 76 29 jande
215 1226 106 28 lydelse:

403 1295 68 28 Vilja
493 1295 141 25 föräldrar,
656 1295 89 22 hvilka
767 1294 106 22 tillhöra

326 1329 79 29 nägot
427 1329 95 23 sädant
545 1330 70 21 inom
634 1329 88 23 landet
741 1328 133 23 bestäende

326 1364 211 26 kyrkosamfund,
556 1370 55 14 som
630 1363 40 22 för
688 1362 163 29 upptagande
863 1363 11 21 i

327 1396 198 28 församlingens
542 1396 151 30 gemenskap
707 1396 103 22 fordrar
824 1396 50 22 del-

327 1431 112 29 aktighet
463 1431 32 22 af
515 1430 132 29 döpelsens
671 1430 154 26 sakrament,
851 1430 24 28 ej

190 1480 134 23 Lagutskottets
337 1480 110 18 betänkande
459 1480 38 17 N:o
509 1480 28 18 12.
