1700 1900
660 216 26 26 U.
701 217 25 23 B.
742 230 27 4 —
784 217 71 29 Prop.
870 218 45 22 N:o
928 217 34 23 17.
1160 219 26 21 19

430 284 84 22 bundit
534 285 33 27 sig
588 288 33 19 att
635 285 115 22 efterlefva
765 287 127 25 legoaftalet
907 286 43 21 och
966 286 64 23 inom
1045 289 31 19 ett
1090 287 27 21 är
1131 287 55 21 efter

430 319 116 27 köpslutet
560 321 114 26 uppsäger
689 320 128 21 detsamma
832 321 35 25 (43
883 321 12 27 $
909 321 10 20 1
933 321 86 26 mom).

499 353 69 21 Emot
583 354 61 21 detta
650 348 93 32 förslag
753 355 46 20 kan
810 354 70 21 likväl
891 354 44 22 den
947 354 154 28 anmärkning
1111 356 74 26 göras,

430 389 32 20 att
484 388 83 25 aftalet;
590 388 41 20 der
653 388 159 26 legokontrakt
834 388 19 27 ej
875 388 146 28 uppgjordes,
1044 389 94 21 komme
1153 392 32 18 att

429 421 48 21 lida
498 422 24 20 af
542 421 45 21 den
610 422 120 21 osäkerhet
753 423 43 21 och
819 422 27 22 de
862 422 87 28 brister,
965 430 50 14 som
1031 423 155 21 öfverhufvud

429 455 93 22 vidläda
538 456 37 21 det
591 456 110 27 muntliga
717 457 77 21 aftalet
809 458 43 20 och
868 457 78 21 hvilka
961 457 95 28 tidigare
1067 457 117 28 päpekats.

431 491 109 28 Beloppet
555 491 26 20 af
593 491 178 27 legovederlaget
785 493 66 26 utgör
866 492 47 21 äter
928 499 28 14 en
972 492 25 21 sä
1011 492 112 27 väsentlig
1138 499 47 14 om-

429 525 129 27 ständighet
579 525 7 21 i
608 526 135 27 legoaftalet,
766 529 32 18 att
819 526 128 21 detsamma
969 526 69 27 enligt
1061 527 123 21 Utskottets

428 559 151 21 förmenande
600 560 71 21 borde
692 560 25 21 af
734 561 193 21 kontrahenterna
943 561 78 27 sjelfva
1036 561 148 26 bestämmas,

428 593 48 21 ifall
499 593 19 28 ej
542 594 151 27 uttryckligen
718 595 145 21 annorlunda
888 595 225 26 öfverenskommits;
1140 595 44 21 och

428 634 68 21 synes
512 628 38 21 det
564 628 59 28 förty
638 629 50 21 icke
703 629 110 27 lämpligt,
829 631 32 19 att
876 629 136 27 legogifvare
1021 629 54 21 eller
1085 629 99 21 brukare

428 662 90 27 tvingas
540 665 49 19 mot
610 663 35 21 sin
669 663 54 27 vilja
745 663 123 27 godkänna
890 666 71 18 annat
975 664 162 26 legovederlag,
1153 664 29 20 än

428 697 38 21 det
481 697 97 21 hvarom
594 697 124 27 bevisligen
733 698 96 21 aftalats.

498 732 100 20 Berörda
614 732 145 26 olägenheter
773 732 79 21 kunna
867 732 71 21 likväl
953 732 122 25 undvikas,
1091 739 38 15 om
1140 732 44 21 frä-

428 772 44 20 gan
488 766 85 21 ordnas
590 766 104 26 sälunda,
710 768 32 19 att
757 766 107 28 muntligt
879 766 54 21 aftal
949 767 46 20 kan
1011 768 55 19 utan
1077 766 106 22 afseende

427 800 14 20 ä
456 806 28 15 en
507 800 150 21 tredskandes
680 800 117 22 motständ
814 800 131 22 förvandlas
960 801 33 21 till
1009 800 112 28 skriftligt.
1146 800 38 22 Sä-

428 840 51 15 som
501 834 162 28 förutsättning
685 835 78 21 härför
785 835 42 21 bör
847 836 133 27 uppställas,
1003 837 32 19 att
1047 835 136 27 jordegaren

428 868 70 21 redan
520 868 75 22 tillåtit
615 869 116 21 brukaren
747 871 32 19 att
793 870 29 26 pä
837 870 74 26 grund
926 870 25 20 af
964 870 45 20 den
1024 869 113 27 muntliga
1151 869 33 21 öf-

427 903 225 21 verenskommelsen
675 903 90 27 vidtaga
786 904 53 20 med
854 904 130 21 brukandet
998 904 26 20 af
1033 903 89 27 jorden,
1139 903 44 21 och

428 939 32 19 att
482 936 76 22 denna
581 938 64 20 ännu
664 937 50 21 icke
733 938 30 27 pä
778 938 73 26 grund
867 938 25 21 af
904 938 141 27 försäljning,
1061 938 52 26 byte
1129 938 55 20 eller

426 971 135 27 lagständen
575 974 56 25 pant
642 971 89 28 ombytt
741 978 70 20 egare.
836 972 45 21 Om
889 972 135 27 jordegaren
1034 972 104 21 tredskas
1151 974 33 18 att

428 1008 107 26 upprätta
545 1006 165 27 legokontrakt,
722 1006 42 22 bör
775 1006 114 22 brukaren
900 1006 95 22 beredas
1007 1006 88 22 tillfälle
1106 1008 33 19 att
1148 1012 35 21 ge-

427 1047 56 14 nom
494 1040 116 28 rättegäng
620 1041 62 21 öfver
691 1041 128 27 legoaftalet
828 1041 86 21 erhälla
922 1048 29 14 en
959 1041 96 27 skriftlig
1064 1040 118 28 handling,

427 1075 95 21 hvilken
530 1075 46 20 kan
585 1076 84 20 ersätta
676 1075 185 27 legokontraktet.
877 1076 81 20 Denna
966 1076 110 26 handling
1084 1075 43 21 bör
1135 1076 47 20 der-

428 1110 36 20 för
478 1111 101 26 upptaga
590 1110 45 20 alla
645 1110 28 20 de
683 1109 177 27 bestämningar,
872 1117 49 14 som
929 1110 8 20 i
946 1109 159 27 legokontrakt
1115 1110 68 20 erfor-

428 1144 60 26 dras,
503 1144 43 21 och
559 1144 98 20 likasom
670 1143 40 21 der
721 1144 64 20 skola
797 1144 65 20 dessa
872 1144 172 26 bestämningar
1052 1144 89 26 grunda
1149 1144 34 26 sig

428 1178 29 27 pä
470 1178 232 21 öfverenskommelse
718 1178 193 21 kontrahenterna
925 1178 103 21 emellan.
1045 1178 50 20 Ifall
1103 1178 38 20 det
1149 1178 33 20 sä-

428 1212 61 21 ledes
502 1212 18 27 ej
531 1212 46 20 kan
585 1212 64 21 ledas
657 1212 8 20 i
672 1212 71 26 bevis,
752 1214 32 19 att
792 1212 7 20 i
808 1213 37 20 det
852 1212 112 27 muntliga
972 1212 76 20 aftalet
1056 1212 72 26 ingått
1136 1212 28 20 de
1175 1212 7 20 i

427 1247 14 20 4
451 1247 31 27 (3)
491 1248 13 25 $
516 1247 25 20 af
554 1246 251 28 författningsförslaget
820 1247 101 21 nämnda
934 1246 193 27 omständigheter
1138 1246 43 21 och

428 1281 233 22 öfverenskommelse
668 1281 141 22 beträffande
817 1282 37 20 det
862 1288 50 15 som
921 1281 80 22 brister
1008 1281 19 27 ej
1037 1281 73 21 under
1117 1282 65 20 rätte-

428 1315 100 28 gängens
539 1315 91 28 förlopp
641 1316 46 21 kan
698 1315 85 27 träffas,
792 1316 54 21 eller
853 1323 39 14 om
901 1316 76 21 aftalet
985 1314 62 28 eljest
1055 1315 127 21 innehäller

428 1350 130 27 lagstridiga
573 1350 132 27 legovilkor,
721 1350 72 21 mäste
808 1351 127 20 detsamma
946 1356 54 15 vara
1008 1350 103 21 förfallet.
1129 1350 52 20 Men

428 1391 39 15 om
490 1385 91 27 styrkas
603 1385 53 26 kan,
679 1387 32 18 att
733 1385 97 20 aftalet
829 1380 15 36 i
846 1385 102 20 nämnda
970 1384 105 21 afseende
1090 1386 26 19 är
1131 1384 51 20 full-

428 1419 106 27 ständigt,
556 1421 111 26 upptagas
686 1419 27 21 de
729 1419 95 21 utredda
839 1419 154 27 legovilkoren
1008 1418 8 22 i
1031 1420 85 20 rättens
1131 1425 51 21 pro-

427 1454 73 20 tokoll
523 1454 43 19 och
582 1454 123 19 fastställas
720 1456 32 17 att
767 1454 69 19 lända
851 1454 33 20 till
900 1454 145 19 efterrättelse
1060 1454 6 18 i
1083 1453 99 25 enlighet

428 1486 53 22 med
496 1487 62 20 hvad
574 1493 50 14 som
640 1486 221 22 öfverenskommits.

498 1573 47 23 Lag-
557 1573 32 18 och
601 1572 185 19 Ekonomiutskottets
799 1572 110 18 betänkande
920 1571 38 18 N:o
971 1573 17 17 4.
