1078 1753
182 161 27 19 56
387 159 69 21 Ständ.
472 161 33 21 Sv.
520 172 28 3 —
564 159 59 27 Prop.
640 158 34 22 N:o
691 159 32 22 17.

181 222 35 21 för
238 221 109 29 nedlagdt
362 221 75 22 arbete
452 222 42 21 och
509 222 96 21 kostnad
619 221 38 22 vid
673 221 126 29 legotidens
814 221 45 22 slut
874 221 56 22 eller

180 256 29 21 då
230 256 132 28 legoaftalet
384 255 65 29 eljest
470 255 91 30 upphör
583 258 34 19 att
639 256 59 28 gälla
716 256 72 21 undfå
803 256 126 28 ersättning

180 290 57 22 efter
259 290 60 21 hvad
341 290 75 21 nedan
438 293 72 25 säges.
540 290 65 22 Dock
627 293 25 18 är
666 290 141 28 legogifvare
822 290 105 21 frikallad

179 324 53 22 från
252 324 135 28 utgifvande
409 324 26 22 af
455 324 130 29 ersättning,
609 325 6 21 i
630 324 40 22 fall
685 324 114 22 brukaren
813 324 116 28 begagnat

179 359 36 28 sig
236 359 26 21 af
274 358 77 29 gjordt
365 358 111 22 förbehåll
491 361 33 19 att
539 358 70 22 under
624 358 116 29 legotiden
754 361 104 26 uppsäga
872 359 56 21 kon-

179 393 90 22 traktet.

523 459 26 19 50
565 457 20 28 8.

248 497 101 21 Brukare
372 497 168 22 tillkommande
559 497 125 28 ersättning
699 497 58 21 skall
772 497 133 21 bestämmas
920 497 9 20 i

179 531 141 22 förhållande
342 531 34 20 till
398 531 44 21 den
464 538 82 21 genom
560 531 165 28 förbättringen
741 531 131 28 uppkomna
888 531 40 21 ök-

179 565 57 28 ning
257 565 26 21 af
302 564 147 28 lägenhetens
471 565 76 26 värde,
571 564 58 22 dock
643 564 20 29 ej
680 565 70 28 högre
766 568 29 18 än
809 565 44 21 den
868 565 62 21 kost-

179 599 53 26 nad,
249 606 49 15 som
312 599 59 22 varit
385 599 69 29 nödig
469 599 36 21 för
520 599 97 22 arbetets
632 599 127 21 utförande.
790 599 44 22 Vid
850 600 80 21 beräk-

180 634 84 21 nandet
279 633 26 22 af
318 633 165 29 ersättningens
498 633 82 29 belopp
596 633 40 22 bör
649 633 85 29 jemväl
747 635 65 27 tagas
822 634 8 21 i
839 633 91 23 betrak-

179 668 74 26 tande,
276 668 7 21 i
305 668 61 21 hvad
388 670 51 19 mån
459 668 183 28 legovederlaget
656 668 39 21 vid
711 668 90 21 aftalets
816 668 112 28 ingående

180 703 107 21 bestämts
309 702 51 21 med
382 702 90 28 hänsyn
494 702 34 21 till
547 702 110 21 särskilda
671 702 7 21 i
692 702 184 29 legokontraktet
891 709 37 14 an-

180 736 64 29 gifna
260 736 170 28 förbättringar,
448 737 51 21 dem
514 736 112 22 brukaren
640 736 70 22 borde
724 736 82 26 utföra,
823 737 53 21 eller
891 743 37 15 om

180 771 112 22 brukaren
314 777 82 22 genom
416 771 87 22 direkta
516 771 81 28 bidrag
612 771 25 21 af
649 771 165 28 legogifvaren,
829 771 99 22 nedsätt-

179 806 56 28 ning
250 805 26 21 af
288 805 68 28 legan
371 805 53 21 eller
439 813 74 14 annan
526 805 119 28 jemkning
656 805 25 21 af
689 805 84 22 honom
784 806 71 28 enligt
865 806 61 29 lego-

180 839 79 22 aftalet
281 839 121 29 åliggande
424 839 155 29 skyldigheter
598 840 53 21 eller
666 839 42 22 ock
724 847 82 21 genom
822 840 58 21 ökad
895 840 32 22 af-

179 875 75 21 komst
275 874 77 21 blifvit
374 873 36 22 för
428 873 192 29 förbättringarna
634 874 34 21 till
684 876 72 20 större
772 874 53 22 eller
839 875 89 21 mindre

180 909 36 22 del
231 909 129 29 godtgjord.
382 908 48 21 Har
445 909 112 21 brukaren
567 916 82 21 genom
660 908 44 22 den
714 911 67 26 nytta
791 909 138 29 förbättring

179 944 36 21 för
230 943 83 23 honom
328 943 98 22 medfört
441 943 88 22 erhållit
543 943 44 22 full
601 943 145 28 godtgörelse
760 943 37 22 för
811 943 60 22 hvad
883 944 46 21 han

179 978 53 21 derå
254 978 99 28 nedlagt,
374 984 55 15 vare
446 977 157 29 legogifvaren
617 977 51 22 från
684 978 29 21 all
729 978 199 29 ersättningsskyl-

179 1012 79 29 dighet
272 1012 36 21 fri.

523 1077 25 20 51
565 1075 21 28 8.

247 1115 45 22 För
307 1117 71 19 större
392 1115 143 29 förbättring,
552 1117 73 20 såsom
640 1115 138 29 sjöfällning,
789 1116 138 21 kärruttork-

179 1149 63 28 ning,
264 1149 118 29 nyodling,
404 1149 154 29 täckdikning,
578 1150 281 29 invallningsanläggning
874 1150 54 21 eller

180 1183 268 29 ängsvattningsföretag,
471 1185 25 20 så
517 1184 43 22 ock
583 1191 35 14 om
639 1183 81 29 jorden
742 1184 87 29 påförts
851 1185 76 28 mylla,

179 1218 56 22 sand
250 1218 54 21 eller
318 1217 47 22 lera
379 1218 8 21 i
401 1218 44 21 den
459 1219 91 28 mängd,
566 1220 33 20 att
611 1217 146 29 jordmånens
772 1218 157 22 beskaffenhet

179 1253 130 28 derigenom
323 1251 139 26 förbättrats,
473 1252 63 28 njute
547 1252 95 22 brukare
654 1253 126 28 ersättning
790 1253 78 22 endast
878 1253 50 21 ifall

179 1286 86 21 arbetet
287 1285 83 22 utförts
392 1287 51 20 med
463 1286 147 27 jordegarens
629 1286 110 28 skriftligt
753 1287 103 21 lemnade
871 1294 57 13 sam-

179 1319 73 29 tycke.
278 1319 48 21 Har
341 1319 78 21 dervid
433 1319 110 28 skriftligt
553 1319 56 22 aftal
618 1319 88 22 träffats
715 1319 86 29 jemväl
811 1320 117 28 angående

179 1353 165 28 ersättningens
360 1353 81 28 belopp
457 1353 54 22 eller
521 1353 130 28 grunderna
666 1353 35 22 för
712 1354 50 21 dess
774 1353 152 26 beräknande,

179 1395 53 14 vare
247 1387 38 21 det
300 1387 111 29 gällande.

246 1421 51 29 Lag
312 1428 84 15 samma
410 1429 59 19 vare,
485 1429 36 14 om
536 1422 112 22 brukaren
658 1422 121 22 förbättrat
790 1422 136 29 lägenheten

180 1456 135 29 derigenom,
332 1458 33 20 att
379 1455 51 27 han,
445 1455 91 23 utöfver
550 1456 61 22 hvad
625 1456 84 22 honom
724 1457 72 28 enligt
808 1458 27 20 27
847 1457 43 22 och
900 1459 27 19 29
