1086 1745
200 135 26 19 56
454 133 28 23 U.
499 134 28 22 B.
541 147 27 2 —
583 133 76 29 Prop.
674 134 40 23 N:o
729 134 35 22 17.

269 202 103 21 Förutom
388 202 65 21 ofvan
468 201 89 22 anförda
571 201 111 29 praktiska
696 201 81 28 hänsyn
793 201 52 21 böra
858 200 94 29 följande

199 236 98 29 rätteliga
311 236 132 29 synpunkter
457 238 61 26 tagas
533 237 6 20 i
555 234 145 28 betraktande,
711 235 157 28 nämligen:
833 230 35 39 att
875 235 27 21 de
910 234 43 22 för-

200 271 125 28 bättringar,
341 277 45 14 som
409 270 24 21 af
454 270 103 22 brukaren
577 270 116 27 bekostats,
708 270 64 28 jemte
794 269 97 29 grunden
910 269 44 22 till-

199 305 53 21 falla
267 305 43 22 den
324 312 42 21 nye
381 312 87 21 egaren;
483 307 31 20 att
529 305 69 21 denne
608 303 90 23 erhåller
708 312 26 14 en
745 304 156 22 vidsträcktare
910 306 44 19 rätt

200 341 28 19 än
243 339 42 22 den
300 339 57 22 förre
372 339 136 29 jordegaren;
524 342 54 19 samt
592 342 33 19 att
634 339 94 29 köparen
739 338 37 22 vid
784 338 170 23 bestämmandet

201 373 23 22 af
238 374 67 28 priset
320 373 35 22 för
369 373 129 29 fastigheten
514 373 41 22 kan
570 377 50 25 taga
634 373 82 28 hänsyn
732 373 33 22 till
781 373 41 22 den
833 374 7 21 i
851 373 35 28 Jag
897 372 57 23 stad-

200 407 57 28 gade
265 407 282 29 ersättningsskyldigheten,
553 408 112 21 äfvensom
673 407 76 29 afhysa
757 408 138 28 legotagaren
904 407 51 21 eller

201 441 54 22 icke.
279 441 33 22 På
327 441 62 22 dessa
397 441 46 21 skäl
451 441 39 22 har
497 441 112 22 Utskottet
616 443 70 20 ansett
693 441 145 22 förhållandet
849 441 48 22 böra
906 437 49 37 ord-

200 483 40 14 nas
248 475 97 27 sålunda,
349 478 32 19 att
387 476 105 21 brukaren
500 476 102 21 förklaras
610 475 119 28 berättigad
737 478 32 19 att
776 475 24 21 af
809 475 40 22 den
857 483 40 20 nye
906 483 49 20 ega-

200 517 39 14 ren
252 509 47 22 utfå
309 510 117 28 ersättning
437 510 35 21 för
477 509 74 29 gjorda
559 510 157 28 förbättringar.
739 509 132 28 Härigenom
879 511 77 20 vinnes

202 551 80 14 samma
290 544 109 28 praktiska
407 545 95 26 resultat,
508 551 44 15 som
561 545 66 28 enligt
635 544 26 21 de
668 543 115 22 utländska
791 544 164 30 lagstiftningar,

201 578 76 22 hvilka
292 578 81 29 stadga,
388 581 32 18 att
435 579 90 21 brukare
540 579 46 21 icke
601 580 24 20 är
639 577 85 30 skyldig
738 578 89 29 afflytta,
839 579 64 21 innan
913 578 43 22 han

201 612 34 22 till
250 613 54 21 fullo
319 613 91 28 förnöjts
425 613 35 22 för
474 613 76 22 honom
566 613 127 22 tillbörande
709 613 123 28 ersättning.
862 612 95 22 Utöfver

202 647 119 22 kostnaden
345 647 33 22 för
399 647 75 29 gjorda
496 647 151 30 förbättringar
670 655 63 21 synes
753 647 42 22 den
811 655 40 21 nye
867 655 89 20 egarens

203 682 251 29 ersättningsskyldighet
474 682 65 21 likväl
561 683 48 21 icke
632 681 95 29 skäligen
743 681 72 22 kunna
830 682 126 26 utsträckas,

203 715 102 22 ehuruväl
325 716 95 28 yrkande
443 717 7 20 i
472 716 77 22 sådant
563 717 56 28 syfte
634 717 57 20 inom
706 716 114 21 Utskottet
833 716 123 26 framstälts,

202 753 51 18 utan
275 750 39 21 har
336 750 41 21 den
400 750 86 29 afhysta
508 751 134 28 legotagaren
665 753 32 18 att
715 750 35 21 för
771 750 28 21 all
821 750 56 29 öfrig
890 750 67 22 skada

202 783 57 22 hålla
282 785 33 27 sig
335 784 31 21 till
386 784 152 28 legogifvaren.
566 784 76 29 Någon
658 785 108 27 synnerlig
781 785 67 28 utsigt
863 783 32 23 att
910 785 47 21 utfå

202 818 52 21 slikt
272 817 130 22 skadestånd
417 818 61 21 torde
494 819 117 21 merendels
627 819 47 21 icke
689 819 120 21 förefinnas.
838 819 53 21 Men
906 819 49 21 här-

202 853 89 21 utinnan
314 853 94 21 befinner
426 854 32 27 sig
474 853 103 21 brukaren
593 854 6 20 i
615 861 79 13 samma
710 853 101 27 ställning
826 860 45 14 som
886 853 68 27 öfriga

203 886 133 29 borgenärer,
352 886 83 23 hvilkas
450 887 93 29 anspråk
553 888 67 21 måste
631 888 50 20 vika
691 887 34 21 för
738 888 69 21 bättre
820 889 42 20 rätt
873 887 81 28 egande

202 920 127 30 fordringar.

515 1015 12 19 5
542 1015 29 26 (4)
586 1014 57 21 Kar.

282 1081 36 23 Om
334 1081 155 28 legogifvarens
504 1082 40 23 och
560 1082 117 22 brukarens
692 1082 127 28 rättigheter
834 1083 40 22 och

505 1128 150 28 skyldigheter.

521 1204 27 20 34
563 1204 42 25 (27)
621 1204 18 26 $.

272 1265 52 22 Med
340 1265 105 22 afvikelse
460 1266 48 22 från
519 1274 28 14 nu
557 1266 98 28 gällande
665 1266 141 28 lagstiftning,
816 1274 45 14 som
872 1266 83 22 åhvälf-

203 1306 39 13 ver
256 1299 79 20 landbo
350 1298 147 28 skyldigheten
513 1302 31 17 att
559 1299 103 20 förbättra
673 1299 126 28 lägenheten
809 1299 32 21 till
851 1299 52 21 häfd
915 1300 40 20 och

204 1331 131 29 byggnader,
349 1332 39 21 har
402 1332 7 20 i
426 1333 165 28 propositionen,
601 1331 28 30 på
643 1333 44 20 sätt
700 1333 76 28 jemväl
791 1333 165 28 jordlegokomi-

203 1368 35 20 tén
260 1366 118 29 föreslagit,
391 1367 110 28 upptagits
522 1367 134 28 bestämning
671 1367 79 27 derom,
765 1370 32 19 att
813 1368 103 21 brukaren
932 1370 24 20 är

202 1401 117 28 förpligtad
341 1404 31 18 att
394 1401 108 22 återställa
524 1401 39 22 hus
584 1401 41 22 och
643 1402 140 28 inrättningar
803 1403 7 20 i
833 1402 55 22 »lika
903 1403 53 28 godt

203 1435 82 28 skick»,
300 1443 46 14 som
361 1436 41 21 han
418 1435 48 22 dem
482 1436 115 28 emottagit.
627 1435 95 23 Härmed
737 1437 64 26 afses,
816 1437 66 29 enligt
898 1437 56 22 hvad

274 1482 47 23 Lag-
334 1483 32 17 och
379 1482 182 18 Ekonomiutskottets
574 1482 110 19 betänkande
697 1483 40 18 N:o
749 1484 18 17 4.
