1050 1714
188 127 27 20 14
403 125 29 23 U.
449 127 28 21 B.
494 139 26 2 —
535 126 74 28 Prop.
624 126 44 22 N:o
683 125 37 23 27.

187 193 87 22 farande
296 193 87 28 qvarstå
404 193 56 22 inom
484 193 65 29 sagda
569 193 77 29 kyrkas
667 193 128 28 gemenskap
810 201 60 14 anses
885 193 55 22 stå
928 189 15 38 i

188 230 31 19 ett
234 229 50 20 nära
303 227 132 22 förhållande
449 227 33 21 till
497 228 127 21 densamma.
653 227 53 22 Med
721 227 99 22 afseende
835 227 51 21 härå
899 227 41 21 och

187 261 28 22 då
229 261 79 27 barnet,
319 261 55 22 intill
388 261 48 22 dess
451 261 117 22 detsamma
583 261 49 29 sjelf
645 261 92 22 bestämt
751 261 87 22 hvilken
847 261 45 22 lära
904 261 37 22 det

187 296 37 20 vill
244 295 95 27 omfatta,
355 297 93 20 närmast
462 295 66 22 måste
543 303 60 14 anses
619 296 84 21 komma
717 299 33 18 att
765 296 81 21 ansluta
860 296 32 28 sig
906 295 33 22 till

187 329 38 22 det
238 329 142 22 trossamfund
398 330 49 21 dess
469 329 103 22 föräldrar
586 330 91 26 tillhöra,
693 337 50 14 vore
758 330 36 21 det
809 330 131 28 synnerligen

187 363 116 22 önskvärdt
323 367 33 18 att
372 363 41 22 den
428 364 129 29 myndighet,
572 372 44 14 som
631 364 96 21 handhar
741 365 161 27 registreringen
918 363 26 22 af

188 398 135 25 föräldrarne,
336 398 63 21 äfven
415 398 70 21 kunde
500 399 84 28 åläggas
599 401 33 18 att
645 399 67 20 under
726 398 68 28 någon
808 399 32 20 tid
851 398 89 21 bokföra

188 433 78 21 barnet.
287 432 46 22 Vid
348 432 126 29 afgörandet
488 433 23 21 af
525 433 73 28 frågan
613 433 71 20 derom
695 433 54 21 huru
759 433 68 21 denna
835 432 32 22 tid
874 433 66 21 borde

188 467 133 27 bestämmas,
335 467 39 21 har
387 467 113 22 Utskottet
510 471 84 18 stannat
604 467 36 22 vid
650 467 37 22 det
696 467 75 26 beslut,
779 470 33 19 att
818 467 122 22 densamma

188 502 66 21 skulle
269 503 8 20 i
291 502 57 28 regel
371 502 75 21 räknas
467 503 55 20 ända
540 502 34 21 till
588 503 48 21 dess
651 502 42 22 den
707 503 8 20 i
729 501 108 30 offentligt
852 503 90 28 register

187 536 84 22 införda
288 544 102 21 personen
409 537 90 28 uppnått
514 537 86 28 myndig
614 536 63 22 ålder.
706 536 126 22 Emellertid
846 536 38 22 har
899 536 45 22 Ut-

188 571 83 26 skottet,
294 571 28 28 på
344 573 42 19 sätt
407 571 71 28 längre
502 571 55 22 fram
579 573 7 19 i
608 571 60 21 detta
691 571 133 21 betänkande
845 573 95 19 närmare

188 605 139 23 omförmäles,
350 608 69 18 ansett
442 609 32 18 att
494 607 6 19 i
526 606 109 26 offentligt
660 606 87 26 register
768 605 70 20 införd
866 612 75 21 person

188 638 65 22 borde
279 638 117 29 medgifvas
418 641 43 19 rätt
482 642 32 18 att
536 640 64 21 redan
622 639 36 21 vid
683 639 101 28 uppnådd
806 638 81 22 femton
907 638 34 22 års

188 672 58 22 ålder
260 676 49 18 utan
325 674 113 20 målsmans
454 673 108 29 samtycke
578 673 51 21 söka
643 672 82 22 inträde
738 674 31 20 uti
779 672 63 29 något
851 674 8 20 i
869 672 72 22 landet

189 707 112 29 behörigen
316 708 103 21 inrättadt
433 707 171 29 kyrkosamfund.
627 707 48 22 Och
690 707 118 29 uppenbart
822 709 23 19 är
860 710 37 23 att,
906 715 35 13 om

187 741 29 30 pä
230 742 67 28 grund
311 742 62 21 häraf
388 742 64 22 sådan
469 750 81 21 person,
564 743 63 20 innan
642 742 40 21 han
697 742 91 28 uppnått
802 742 91 28 tjuguett
908 741 36 22 års

188 776 64 26 ålder,
266 776 96 22 inträder
375 777 8 21 i
398 780 64 18 annat
476 776 165 29 kyrkosamfund
651 778 25 19 än
685 776 141 28 statskyrkan,
833 776 37 22 det
878 784 64 14 evan-

188 810 186 28 gelisk-lutherska
395 811 168 29 presterskapets
578 810 122 29 skyldighet
715 814 32 18 att
762 810 89 22 bokföra
872 810 70 22 denna

188 852 75 21 person
278 844 87 22 dermed
380 845 63 21 äfven
460 846 88 28 upphör.
576 845 43 21 Till
634 845 49 21 stöd
697 844 34 22 för
746 852 26 14 en
786 844 64 22 sådan
866 845 77 21 anord-

188 880 51 27 ning
253 879 22 21 af
290 880 294 28 registreringsskyldigheten
598 887 45 14 som
661 879 64 22 ofvan
741 879 85 28 antydts
836 879 44 21 tala
889 880 52 27 jem-

188 913 35 21 väl
250 913 110 28 praktiska
398 914 51 21 skäl.
492 914 34 28 Ty
546 915 21 27 ju
597 914 53 20 flere
679 913 263 29 registermyndigheterna

188 948 42 26 äro,
245 947 60 21 desto
320 947 84 22 svärare
419 948 41 21 blir
474 948 37 22 det
525 949 7 20 i
545 948 74 28 mänga
634 948 38 20 fall
686 951 33 18 att
733 948 23 20 af
771 947 62 22 dessa
845 948 97 28 myndig-

188 981 60 21 heter
269 981 79 22 erhälla
370 982 136 28 fullständiga
528 982 168 29 slägtuppgifter,
712 984 50 19 enär
784 981 90 22 berörda
888 990 54 20 upp-

188 1015 64 28 gifter
262 1015 28 21 dä
300 1016 66 20 måste
374 1016 178 28 sammanbringas
560 1016 47 21 från
615 1016 56 21 olika
678 1016 50 21 håll.
742 1016 31 20 På
781 1016 61 21 dessa
851 1016 92 28 grunder

188 1049 39 22 har
249 1050 112 22 Utskottet
384 1050 86 22 beslutit
484 1050 78 22 föreslå
579 1050 65 22 sådan
659 1050 88 28 ändring
763 1051 22 20 af
801 1052 11 20 1
829 1052 19 26 8,
862 1054 33 18 att
909 1050 34 21 fö-

189 1084 74 21 randet
285 1084 22 22 af
328 1085 88 27 register
438 1084 61 22 öfver
520 1085 79 28 odöpta
617 1085 57 26 barn,
690 1084 83 22 hvilkas
788 1084 104 22 föräldrar
906 1087 38 19 äro

189 1118 136 22 medlemmar
340 1118 23 21 af
380 1119 239 27 evangelisk-lutherska
634 1119 86 28 kyrkan,
736 1118 66 22 mätte
817 1119 70 21 kunna
898 1127 44 13 om-

190 1152 70 22 betros
270 1160 81 14 samma
361 1152 77 29 kyrkas
449 1153 133 29 presterskap
592 1153 55 21 intill
655 1153 48 21 dess
711 1153 74 21 sädant
793 1153 52 21 barn
852 1153 90 29 uppnätt

188 1187 91 27 tjuguett
297 1186 23 21 är
335 1186 50 22 eller
402 1187 135 21 derförinnan
553 1188 65 27 enligt
633 1187 183 28 bestämningarna
830 1188 8 20 i
853 1189 12 19 2
882 1195 61 13 mom.

190 1221 12 20 6
219 1221 12 27 8
246 1220 23 21 af
287 1220 157 22 nedanstående
466 1221 216 29 författningsförslag
704 1222 80 20 inträdt
805 1222 31 20 uti
856 1224 64 19 annat
935 1222 8 20 i

188 1254 73 20 landet
276 1254 113 28 behörigen
405 1256 103 20 inrättadt
522 1255 170 27 kyrkosamfund.

257 1288 44 21 Väl
315 1288 65 21 hafva
395 1288 64 28 nägra
474 1289 23 21 af
513 1288 121 22 Utskottets
650 1289 136 21 medlemmar
801 1289 95 21 häremot
906 1296 38 14 an-

189 1322 75 25 märkt,
286 1322 48 22 icke
359 1322 87 22 allenast
468 1326 32 18 att
523 1323 54 21 1898
591 1322 35 22 ärs
641 1323 124 28 kyrkomöte
780 1326 69 18 ansett
863 1323 37 21 det
915 1323 28 21 all

189 1357 136 28 registrering
346 1357 24 21 af
390 1365 105 21 personer,
520 1357 73 22 hvilka
607 1357 48 22 icke
670 1357 85 22 tillhöra
770 1357 64 25 näyot
848 1359 8 20 i
870 1357 73 22 landet

190 1391 112 29 behörigen
325 1391 102 22 inrättadt
442 1391 171 30 kyrkosamfund,
629 1391 65 22 borde
709 1392 133 22 handhafvas
857 1393 23 21 af
894 1392 49 22 bor-

189 1426 68 29 gerlig
271 1426 129 29 myndighet,
415 1429 49 18 utan
480 1426 40 22 ock
535 1429 37 25 att,
582 1426 27 21 dä
624 1426 52 22 barn
685 1427 33 21 till
731 1427 212 28 evangelisk-luther-

258 1473 133 22 Lagutskottets
404 1473 110 18 betänkande
526 1473 38 18 N:o
576 1473 28 17 12.
