1075 1764
180 168 27 21 12
382 166 74 24 Ständ.
472 168 34 22 Sv.
521 179 27 4 —
564 167 61 27 Prop.
640 167 37 22 N:o
691 166 38 22 20.

179 230 116 29 borgenär
310 229 110 23 förordna
436 237 36 14 om
488 229 175 30 befattningens
679 229 182 22 handhafvande
871 229 64 22 intill

181 264 51 22 dess
248 265 38 21 val
301 264 27 22 af
341 272 33 21 ny
389 264 130 29 syssloman
534 264 69 22 skett.

248 299 87 22 Finnes
351 299 21 30 ej
388 307 77 14 annan
481 299 135 30 syssloman,
627 306 55 15 vare
693 299 45 22 den
749 299 118 29 afgångne
878 299 56 22 eller

181 334 138 29 delegarene
341 335 9 20 i
368 335 44 21 den
428 334 85 22 aflidne
527 334 188 29 sysslomannens
731 334 29 21 bo
776 333 107 30 skyldige
898 336 37 19 att

180 369 99 22 utverka
293 368 85 23 sådant
392 369 161 22 förordnande.

525 433 29 22 24
569 435 19 25 8.

249 473 94 28 Nedgår
366 473 88 22 antalet
469 474 149 21 medlemmar
633 473 8 21 i
656 473 121 28 andelslag
792 473 37 22 till
844 473 90 21 mindre

181 511 30 18 än
230 507 53 28 fem,
301 507 43 22 och
360 508 83 21 varder
458 508 20 28 ej
495 508 89 21 antalet
599 508 62 21 inom
677 515 41 14 sex
732 508 112 21 månader
859 507 76 22 deref-

180 544 37 19 ter
238 542 37 21 till
297 542 48 21 fem
368 542 56 21 eller
445 542 55 22 flere
519 543 60 28 ånyo
594 542 166 29 uppbringadt,
776 542 95 29 vidtage
887 544 47 27 sty-

180 576 75 22 relsen
274 577 170 29 ofördröjligen
462 577 83 29 åtgärd
560 585 37 14 om
612 577 157 29 andelslagets
784 577 150 29 upplösande.

180 611 140 22 Underlåtes
344 611 44 28 det,
412 619 66 15 svare
501 613 34 27 de,
551 619 48 15 som
614 612 52 21 med
681 612 99 28 vetskap
796 619 36 14 om
848 611 87 22 förhäl-

180 646 81 22 landet
283 646 55 29 ingå
361 646 141 22 förbindelse
524 647 9 21 i
555 646 155 28 andelslagets
732 654 77 20 namn,
833 647 37 21 för
890 646 44 22 den

182 680 143 23 förbindelse
341 688 28 14 en
385 681 37 21 för
437 682 46 21 alla
498 682 42 21 och
557 682 46 21 alla
618 681 38 21 för
671 689 34 13 en.

529 745 28 21 25
572 746 19 26 8.

250 784 88 26 Beslut,
359 784 150 29 hvarigenom
525 784 169 22 ansvarsfrihet
710 784 82 22 blifvit
807 785 129 27 syssloman

183 818 108 28 beviljad,
311 826 54 14 vare
380 821 58 19 utan
453 819 89 22 verkan
556 822 49 19 mot
620 819 156 29 andelslagets
791 819 144 29 borgenärer,

183 860 37 14 om
235 852 52 23 dess
303 853 113 29 egendom
432 854 103 22 afträdes
550 854 37 22 till
602 854 103 22 konkurs
720 854 63 22 inom
799 856 34 18 ett
848 854 25 20 är
887 853 50 21 der-

183 888 61 21 efter
266 888 43 21 och
332 888 65 22 talan
419 889 13 20 &
454 888 59 22 hans
535 888 146 30 redogörelse
703 888 111 23 anställes
834 884 58 38 inom
907 895 30 15 en

183 922 84 22 mänad
283 922 53 22 frän
350 923 211 29 inställelsedagen.

527 987 28 22 26
570 989 19 26 &.

253 1026 65 22 Skall
340 1028 120 28 andelslag
476 1028 73 29 enligt
564 1028 39 28 lag
617 1028 57 21 eller
689 1028 148 28 bestämning
853 1028 9 20 i
877 1028 61 21 stad-

184 1069 71 21 garne
277 1062 115 28 upplösas,
416 1062 56 22 eller
495 1067 25 17 är
542 1062 156 29 andelslagets
713 1062 144 29 upplösning
872 1062 66 28 eljest

185 1096 27 21 af
225 1096 177 23 medlemmarne
418 1096 112 29 besluten,
546 1097 71 22 varde
633 1097 157 28 ärsstämning
804 1098 13 20 å
827 1096 111 29 borgenä-

184 1138 67 14 rerne
273 1130 54 22 sökt
349 1131 43 21 och
415 1132 31 21 all
461 1132 56 28 gäld
531 1132 96 28 gulden;
643 1131 43 22 och
702 1138 42 21 ege
759 1131 179 21 medlemmarne

185 1165 72 21 sedan
274 1165 27 21 af
314 1166 146 21 äterstäende
476 1166 172 28 behällningen,
665 1166 24 21 sä
705 1165 67 29 längt
787 1165 45 22 den
847 1165 90 27 förslär,

185 1200 88 21 enhvar
288 1200 52 21 utfä
355 1200 61 22 hvad
431 1200 14 22 å
459 1200 104 22 insatsen
578 1200 93 28 erlagts.

253 1234 87 22 Finnes
356 1234 135 22 derutöfver
506 1235 137 25 öfverskott,
659 1235 71 21 varde
746 1234 65 22 detta
822 1234 117 22 fördeladt

185 1268 60 22 efter
267 1268 151 23 hutvudtalet
440 1269 56 22 eller
518 1270 8 21 i
549 1270 124 28 stadgarne
689 1269 156 22 föreskrifven
861 1276 78 14 annan

185 1304 82 26 grund,
291 1304 77 20 sävidt
390 1304 21 27 ej
434 1305 51 19 dess
509 1304 152 21 användande
684 1304 37 20 till
744 1306 72 18 annat
831 1303 108 20 ändamål

186 1336 74 28 enligt
275 1336 117 22 förbehäll
406 1338 8 19 i
430 1337 124 28 stadgarne
571 1337 26 21 af
611 1336 145 29 andelslaget
772 1336 114 22 beslutits.

533 1400 28 21 27
576 1401 19 26 8.

255 1440 113 24 Afträdes
390 1440 131 29 andelslags
544 1440 112 29 egendom
679 1440 38 21 till
739 1440 110 28 konkurs,
873 1446 67 15 anses

187 1475 144 29 andelslaget
346 1475 100 29 upplöst.
