1075 1748
210 150 25 20 12
506 150 39 20 N:o
561 150 33 20 23.

248 217 43 22 Vill
306 223 63 21 egare
385 217 22 21 af
421 217 54 27 djur,
491 223 46 15 som
552 217 109 27 insjuknat
674 217 7 20 i
692 217 119 21 smittosam
827 216 104 27 sjukdom,

180 251 48 28 sjelf
249 251 91 22 tillkalla
363 251 128 28 djurläkare,
507 251 54 22 skall
583 251 42 21 han
640 251 65 21 likväl
720 251 58 20 inom
792 249 139 22 föreskrifven

180 286 32 21 tid
227 292 34 15 om
276 285 170 28 sjukdomsfallet
461 286 128 21 underrätta
605 285 118 22 nämndens
739 285 135 21 ordförande.

330 349 6 3 N
533 331 11 28 $
561 332 18 21 8.

248 371 46 21 Har
319 371 84 21 utbrott
428 371 22 21 af
468 371 205 28 husdjurssjukdom,
690 377 46 15 som
751 371 7 21 i
777 371 10 26 $
809 372 8 19 1
835 371 69 26 punkt
922 372 8 19 1

180 408 130 24 omnämnes,
334 405 22 21 af
379 405 172 27 länedjurläkare
574 405 126 26 bekräftats,
724 405 53 21 skall
800 405 132 26 ladugården

180 440 51 21 eller
254 439 102 26 området,
381 439 38 21 der
443 440 126 27 sjukdomen
594 441 85 26 yppats,
702 439 107 21 förklaras
833 439 22 21 af
876 439 58 26 sjuk-

180 475 76 21 domen
278 474 106 21 smittadt.
415 473 71 22 Sådan
509 474 118 27 förklaring
643 473 97 22 utfärdas
757 473 22 22 af
794 473 139 23 Guvernören

180 515 76 21 genom
279 508 78 21 allmän
381 509 134 26 kungörelse,
539 515 48 15 men
610 509 49 26 kan,
672 508 37 21 der
725 508 107 27 synnerlig
855 508 78 27 skynd-

180 543 82 22 samhet
293 544 23 20 är
344 542 23 21 af
394 543 76 26 nöden,
500 543 29 27 på
557 543 157 26 framställning
740 542 22 21 af
789 542 143 27 djurläkaren,

177 577 79 28 jemväl
282 577 22 22 af
324 577 205 28 kronobetjeningen
546 578 12 21 å
574 579 61 20 orten
658 577 88 27 afgifvas
769 583 76 21 genom
861 577 72 21 skritft-

179 613 39 26 ligt
240 612 66 27 intyg,
330 618 46 15 som
398 612 115 27 bevisligen
538 613 40 20 bör
601 612 127 27 djuregaren
755 611 115 26 tillställas,
895 611 39 22 och

180 647 124 21 ankommer
326 647 66 20 sedan
415 647 27 26 på
467 647 138 21 Guvernören
629 648 39 22 att,
692 647 55 20 efter
769 645 107 28 pröfning,
896 652 37 15 an-

180 681 74 26 tingen
273 680 87 22 utfärda
376 681 128 26 kungörelse
519 681 111 27 angående
646 680 220 27 smittoförklaringen
882 680 52 21 eller

180 715 123 22 densamma
314 715 110 21 återkalla.
441 715 140 27 Kungörelse,
590 722 76 21 genom
674 715 85 22 hvilken
770 715 105 27 ladugård
883 715 51 22 eller

180 749 87 21 område
288 749 106 21 förklaras
418 750 104 26 smittadt,
546 750 54 21 skall
616 750 67 27 jemte
698 750 86 27 uppgift
800 756 33 15 om
848 749 85 28 platsen

180 783 50 22 eller
254 783 41 21 den
319 783 50 22 eller
389 784 25 21 de
433 784 126 21 kommuner
575 784 50 21 eller
642 784 58 21 delar
716 783 23 22 af
753 784 53 25 dem,
823 783 38 22 der
876 784 57 27 sjuk-

180 819 75 20 domen
272 820 24 19 är
306 819 87 26 gängse,
403 819 108 21 innehålla
521 825 125 21 noggranna
656 818 135 22 föreskrifter
801 818 133 22 beträffande

180 853 26 22 de
228 853 201 27 försigtighetsmått
450 853 39 22 och
504 853 68 28 öfriga
588 853 107 28 åtgärder,
711 853 72 22 hvilka
797 853 48 21 med
861 853 72 21 anled-

180 888 51 27 ning
246 887 23 22 af
282 888 124 27 sjukdomen
423 888 53 21 böra
486 888 108 28 vidtagas;
611 888 39 21 och
660 888 54 21 skall
725 888 143 27 kungörelsen
879 894 54 21 upp-

179 922 57 22 läsas
251 923 7 21 i
273 923 110 27 kyrkorna
398 923 39 21 och
448 923 71 22 anslås
531 924 12 20 å
553 923 154 27 gästgifverier,
720 923 164 21 kommunalhus
895 923 39 21 och

180 957 68 21 andra
262 957 102 27 lämpliga
379 958 81 26 platser
470 958 57 21 inom
543 958 25 21 så
582 960 46 20 stor
644 958 33 21 del
693 957 21 22 af
728 958 65 26 länet,
803 963 45 15 som
859 958 75 26 nödigt

179 991 92 27 pröfvas,
288 993 55 19 samt
360 991 59 22 äfven
432 992 80 21 införas
527 992 7 21 i
550 994 73 20 ortens
639 992 51 21 eller
700 992 69 21 länets
781 994 54 19 mest
845 992 89 26 spridda

180 1026 115 26 tidningar.

248 1060 70 21 Sedan
340 1059 129 23 föreskrifna
485 1060 256 26 desinfektionsåtgärder
755 1060 116 21 verkstälts
895 1060 39 20 och

180 1094 125 27 sjukdomen
321 1100 63 15 anses
399 1094 64 21 hafva
477 1094 95 27 upphört
588 1094 54 22 skall
657 1094 106 27 ladugård
779 1094 50 21 eller
839 1094 94 26 område,

180 1128 38 21 der
236 1128 125 27 sjukdomen
380 1129 56 20 varit
451 1130 85 26 gängse,
552 1128 106 22 förklaras
674 1128 48 22 från
738 1129 125 27 sjukdomen
879 1128 54 21 fritt.

180 1161 71 22 Sådan
262 1162 117 27 förklaring
389 1162 40 21 bör
445 1162 88 28 afgifvas
550 1162 22 22 af
586 1162 113 22 Guvernör
715 1162 54 22 efter
785 1162 85 22 samråd
886 1162 48 22 med

178 1196 218 28 Medicinalstyrelsen
413 1198 56 20 samt
484 1196 157 28 offentliggöras
657 1198 28 26 på
700 1199 45 19 sätt
761 1197 61 21 ofvan
838 1199 65 25 sagts.

533 1249 11 28 s
561 1250 19 20 9.

247 1287 101 26 Husdjur,
365 1293 46 15 som
427 1289 23 19 är
466 1288 51 21 eller
533 1289 127 20 misstänkes
676 1295 53 14 vara
746 1289 99 26 angripet
861 1289 22 19 af
896 1289 38 20 nå-

178 1326 42 20 gon
243 1320 64 21 bland
323 1321 25 20 de
364 1321 7 20 i
387 1321 11 25 8
417 1323 7 18 1
443 1321 69 26 punkt
530 1323 8 18 1
557 1321 128 21 omnämnda
703 1322 160 26 sjukdomarna,
879 1321 54 22 skall

179 1361 76 20 genom
278 1361 89 20 egarens
387 1355 84 27 försorg
491 1357 76 25 genast
583 1355 71 28 skiljas
670 1355 49 22 från
735 1355 67 22 friska
819 1355 54 28 djur,
889 1361 45 16 som

180 1391 36 19 äro
232 1389 33 21 för
280 1389 126 28 sjukdomen
422 1389 131 28 mottagliga,
570 1392 56 19 samt
642 1390 7 21 i
660 1390 103 21 särskildt
774 1390 40 21 hus
825 1390 50 21 eller
886 1397 48 15 rum

180 1424 50 22 eller
246 1425 12 20 å
273 1425 34 21 väl
326 1424 109 27 inhägnad
450 1425 57 27 plats
523 1425 87 22 afskildt
626 1425 78 26 hållas;
723 1425 39 22 och
777 1425 40 22 bör
832 1425 102 28 derjemte

180 1466 56 21 noga
251 1459 131 26 öfvervakas,
394 1461 33 20 att
443 1460 36 21 det
489 1460 62 28 sjuka
563 1460 50 21 eller
623 1459 34 22 för
668 1460 126 28 sjukdomen
805 1461 129 21 misstänkta

182 1494 70 28 djuret
274 1495 46 21 icke
343 1494 33 21 får
398 1495 95 21 tillträde
513 1495 33 21 till
560 1495 173 26 vattningsställe
749 1495 51 21 eller
815 1495 118 27 betesplats
