1081 1723
363 118 27 22 U.
405 119 25 21 B.
446 132 27 2 —
488 119 72 27 Prop.
578 119 42 22 N:o
636 119 37 21 22.
878 120 12 20 5

142 189 145 29 stadganden
311 190 150 28 vidkommer,
480 192 24 20 så
522 190 128 22 innehåller
667 191 60 21 intet
746 190 23 21 af
787 190 51 22 dem
857 191 34 21 fö-

141 224 94 21 reskrift
262 232 36 14 om
321 227 34 19 ett
372 225 46 21 fast
437 225 70 29 årligt
523 224 223 28 underhållsbidrag,
765 227 57 19 utan
840 225 50 21 dels

141 258 82 22 endast
241 261 34 18 ett
293 259 57 21 efter
367 259 110 28 pröfning
495 259 115 27 utgående
622 259 126 21 understöd
761 260 8 20 i
782 258 43 22 den
836 260 54 20 mån

140 292 75 22 medel
233 293 35 21 för
287 293 131 21 ändamålet
436 294 130 26 förefinnas,
585 293 48 21 dels
647 294 49 20 åter
709 293 103 27 tillfällig
825 293 64 28 hjälp

140 327 36 21 för
197 334 28 14 en
246 328 63 27 gång
330 326 55 22 eller
406 327 52 21 kort
479 327 40 21 tid.
554 327 12 21 I
587 327 28 21 de
637 327 120 21 ömmande
775 327 47 27 fall,
842 334 47 14 som

140 361 91 21 inträda
257 362 40 20 vid
319 361 96 29 plötslig
437 362 196 28 arbetsoförmåga
657 361 55 21 eller
738 362 150 28 försörjarens

140 396 113 27 frånfälle,
273 396 85 21 saknar
376 395 97 22 sålunda
491 397 135 27 sjömannen
644 396 36 21 för
698 396 35 28 sig
746 395 42 22 och
801 396 27 20 de
839 397 50 20 sina

140 430 44 22 den
204 430 222 22 industriarbetaren
444 430 65 29 gifna
527 430 130 29 tryggande
675 430 118 22 vissheten
805 438 36 14 om
854 433 34 19 ett

139 465 73 21 under
231 465 46 22 alla
295 465 197 28 omständigheter
511 466 77 21 säkert
599 465 221 29 underhållsbidrag.
839 465 49 22 Har

139 500 45 21 han
212 500 50 21 icke
289 500 62 21 varit
371 500 9 21 i
401 500 92 21 tillfälle
516 503 34 18 att
571 508 83 21 genom
673 500 141 29 sparsamhet
832 500 57 21 eller

140 542 76 14 annan
235 535 82 28 åtgärd
336 535 136 22 säkerställa
490 535 41 28 sig,
545 539 25 17 är
583 535 46 21 han
637 534 40 22 vid
686 535 102 21 timande
798 534 90 30 olycks-

138 569 42 22 fall
198 569 113 22 hänvisad
329 569 38 22 till
385 570 44 21 den
448 570 105 21 enskilda
570 570 184 29 hjälpsamheten
772 569 55 22 eller
846 569 42 22 all-

138 608 84 17 männa
240 604 163 29 fattigvården.

208 638 87 22 Genom
314 646 31 14 nu
357 639 158 28 föreliggande
528 639 126 28 lagförslag
667 638 58 21 afses
739 641 35 18 att
784 638 102 28 aflägsna

138 673 141 22 sistberörda
299 673 124 28 ojämnhet,
445 673 42 22 och
505 673 126 28 uppställes
650 673 96 21 sålunda
764 673 122 28 grundsat-

138 715 46 20 sen,
214 711 33 18 att
274 707 171 29 skeppsredare,
473 708 7 20 i
507 707 74 22 likhet
602 707 51 21 med
672 707 60 22 hvad
751 707 8 21 i
777 707 66 28 lagen
864 707 22 21 af

138 742 45 21 den
203 743 13 20 5
236 742 119 21 december
376 742 63 21 1895
459 742 34 21 för
511 742 182 28 arbetsgifvaren
711 743 29 27 på
758 741 128 22 industrins

138 776 92 21 område
249 777 100 28 stadgas,
371 777 42 21 bör
432 777 94 28 åläggas
545 776 133 29 skyldighet
696 776 37 21 till
751 779 34 18 ett
803 783 84 21 genom

139 810 152 29 obligatorisk
317 811 131 29 försäkring
475 811 139 22 säkerstäldt
640 810 140 22 skadestånd
801 811 24 21 åt
843 811 44 28 sjö-

138 853 60 21 man,
218 854 47 13 som
285 847 8 21 i
311 847 101 29 tjänsten
431 846 96 29 ådrager
545 846 35 28 sig
599 845 158 29 kroppsskada
775 845 51 22 med
837 853 50 14 var-

138 881 66 28 aktig
232 881 94 29 påföljd,
355 882 116 20 äfvensom
489 881 37 21 till
548 881 59 21 enka
629 880 43 21 och
690 880 57 22 barn
766 880 58 21 efter
842 880 44 28 sjö-

137 923 60 19 man,
217 923 48 13 som
283 916 8 20 i
309 916 102 28 tjänsten
429 916 64 28 ljutit
511 915 81 21 döden.
628 915 110 21 Däremot
755 914 131 22 utsträckas

137 950 50 20 icke
214 950 27 20 de
264 950 7 20 i
295 950 99 21 nämnda
421 950 38 28 lag
480 949 113 29 ingående
621 949 203 28 bestämningarna
849 956 37 14 om

137 984 125 21 understöd
285 984 36 21 till
345 984 111 27 arbetare,
475 992 46 14 som
540 984 8 21 i
566 983 57 29 följd
635 984 33 20 »af
685 983 123 28 olycksfall
826 984 7 20 i
852 990 33 14 ar-

136 1018 64 21 betet
218 1018 91 28 ådragit
328 1019 35 27 sig
382 1018 71 22 skada
472 1018 147 22 medförande
638 1018 80 21 endast
731 1018 154 28 öfvergående

137 1053 201 28 arbetsoförmåga,
351 1053 86 29 jämväl
456 1054 35 20 till
510 1054 95 27 sjömän,
624 1055 53 18 utan
707 1052 69 21 hafva
794 1052 8 21 i
820 1052 65 21 detta

136 1087 106 22 afseende
261 1088 167 21 ofvananförda
447 1088 141 21 föreskrifter
606 1088 8 20 i
633 1086 103 29 sjölagen
755 1089 87 19 ansetts
855 1087 29 27 på

136 1124 34 19 ett
188 1122 57 21 efter
269 1122 118 29 sjöfolkets
406 1126 96 25 säregna
522 1121 236 23 arbetsförhållanden
777 1120 108 22 tillfreds-

136 1157 113 21 ställande
269 1160 46 18 sätt
333 1157 84 21 bereda
429 1158 133 28 sjömannen
575 1156 83 28 nödigt
667 1156 217 27 underhållsbidrag

136 1191 42 21 och
197 1192 61 28 förty
277 1192 56 21 böra
351 1192 150 21 oförändrade
522 1191 132 21 bibehållas.

205 1226 144 21 Sistberörda
377 1226 87 21 olikhet
490 1226 85 21 rubbar
597 1226 7 20 i
627 1225 82 27 själfva
730 1224 80 21 verket
832 1224 52 22 icke

135 1259 45 21 den
199 1260 33 21 för
250 1261 69 27 lagen
337 1260 23 22 af
378 1260 43 21 den
442 1261 13 20 5
475 1260 119 21 december
615 1260 63 20 1895
692 1258 191 29 grundläggande

134 1294 121 29 principen
273 1303 37 13 om
329 1295 192 27 arbetsgifvarens
540 1293 292 29 skadeståndsskyldighet.
855 1293 27 28 Ej

135 1328 73 22 häller
226 1329 114 28 undergår
359 1332 70 18 sättet
447 1332 34 18 att
498 1329 100 28 fullgöra
611 1328 75 21 denna
698 1329 76 27 någon
786 1327 98 28 ändring

135 1362 23 21 af
184 1363 122 27 principiel
333 1365 74 19 natur.
443 1363 11 20 1
481 1362 100 21 nämnda
610 1362 39 27 lag
675 1366 65 23 göres
767 1362 117 26 nämligen

134 1396 97 21 emellan
250 1397 13 20 å
281 1404 43 14 ena
343 1396 66 21 sidan
420 1396 127 28 olycksfall,
560 1403 47 13 som
617 1395 103 21 medföra
730 1394 154 29 öfvergående

135 1431 202 29 arbetsoförmåga,
357 1431 41 22 och
418 1432 13 20 å
449 1430 45 22 den
512 1430 71 22 andra
601 1430 92 28 sådana,
712 1438 48 13 som
774 1429 61 22 vålla
845 1429 38 21 be-

204 1481 46 22 Lag-
264 1481 32 17 och
309 1480 182 18 Ekonomiutskotteis
504 1480 110 18 betänkande
628 1482 35 15 N:o
678 1480 16 17 6.
