1053 1748
241 137 25 21 10

451 136 26 22 U.
493 137 27 21 B.
535 149 28 3 —
578 137 70 27 Prop.
665 125 39 33 N:o
719 137 34 21 29.

415 200 32 25 Är
456 206 115 26 magistrat
579 205 48 20 med
637 205 198 27 stadsfullmäktige
844 204 53 21 eller
905 204 53 21 råd-

347 238 133 21 husstämma
495 239 8 20 i
519 239 87 20 ärendet
622 245 54 18 ense,
689 238 64 28 blifve
765 239 74 20 dervid
850 238 108 21 beroende.

348 272 16 25 I
377 276 67 17 annat
460 273 42 27 fall
517 273 144 27 öfverlemnar
672 273 141 28 magistraten
825 272 88 21 ärendet
925 272 35 21 till

352 307 143 25 Guvernören,
511 315 42 13 som
571 315 48 20 eger
634 307 46 21 deri
696 307 93 25 besluta;
805 307 52 21 dock
873 307 35 20 må
920 313 39 14 an-

348 341 51 21 talet
422 341 226 28 försäljningsställen
668 342 20 27 ej
707 341 126 21 bestämmas
852 341 63 28 högre
931 343 29 18 än

349 376 81 28 (utes!.)
447 377 197 27 stadsfullmäktige
660 376 54 21 eller
727 375 176 22 rådhusstämma
920 382 40 14 an-

348 412 39 19 sett
403 411 107 28 lämpligt.

420 451 49 20 Vid
502 451 207 21 bestämmandet
742 451 31 28 af
804 451 77 20 dessa
911 450 49 27 för-

348 485 301 28 säljningsrättigheter
679 485 72 21 skall
781 486 26 19 åt
837 485 123 26 innehaf-

346 526 61 13 vare
426 520 27 25 af
473 519 119 28 bryggeri
609 520 6 19 i
626 520 60 20 stad
696 519 131 21 beräknas
839 519 122 21 särskild

350 553 129 27 rättighet
505 556 37 17 att
569 555 12 19 å
601 557 83 17 annat
708 554 81 20 ställe
814 554 66 20 inom
908 555 52 18 sta-

351 588 46 20 den
424 589 31 18 än
481 587 42 21 vid
553 588 147 28 bryggeriet
723 588 45 21 till
794 587 166 28 afhemtning

348 622 119 27 försälja
491 621 183 29 maltdrycker
700 622 29 27 af
753 629 60 20 egen
837 621 122 21 tillverk-

347 656 68 27 ning.

418 690 102 28 Skriftlig
536 691 121 28 ansökning
674 697 32 14 om
718 691 71 20 sådan
800 690 159 28 försäljnings-

347 725 108 28 rättighet,
479 732 44 14 som
547 726 7 19 i
578 726 69 21 denna
667 725 15 28 $
702 727 95 23 nämnes,
811 725 68 27 jemte
899 725 61 28 intyg

348 767 32 14 om
403 759 120 22 sökandens
545 760 60 27 frejd
627 759 38 22 och
688 760 89 28 uppgift
796 760 13 20 å
829 760 78 23 stället,
923 760 37 20 der

348 794 127 27 rättigheten
499 797 25 18 är
545 795 78 27 afsedd
642 797 32 18 att
693 795 92 27 utöfvas,
801 795 108 20 inlemnas
926 794 34 21 till

348 829 147 27 magistraten,
516 836 44 13 som
577 836 46 20 eger
639 829 94 20 inhemta
749 828 211 28 stadsfullmäktiges

349 863 51 20 eller
426 863 185 21 rädhusstämmas
634 866 56 18 samt
709 863 190 28 poliskammares,
923 863 38 21 der

348 898 70 20 sädan
444 898 76 27 finnes,
543 898 101 28 yttrande
670 898 59 27 öfver
751 898 148 28 ansökningen
922 897 39 22 och

348 932 130 25 densamma,
505 933 54 27 efter
578 932 114 28 pröfning,
716 932 79 28 bifalla
818 932 52 21 eller
894 932 65 28 afslä.

349 966 94 28 Bifalles
467 967 153 28 ansökningen,
643 966 88 28 utfärde
749 967 141 27 magistraten
911 966 50 22 der-

349 1000 59 28 öfver
426 1001 169 21 tillständsbevis
613 1002 47 20 med
679 1002 124 20 utsättande
822 1002 27 27 af
866 1002 39 20 den
922 1001 38 25 tid,

349 1035 122 21 hvarunder
493 1036 38 20 och
551 1036 38 21 den
611 1036 64 23 trakt,
694 1036 57 20 inom
767 1035 84 21 hvilken
867 1035 93 28 försälj-

349 1070 79 28 ningen
454 1070 36 21 mä
513 1071 91 27 utöfvas,
629 1070 108 28 äfvensom
761 1070 25 21 de
808 1070 74 28 öfriga
905 1070 56 28 före-

349 1104 95 27 skrifter,
460 1111 44 14 som
515 1105 35 20 till
560 1106 42 27 god
614 1105 103 27 ordnings
726 1104 151 28 befrämjande
885 1104 75 22 kunna

349 1138 72 26 finnas
435 1138 36 27 för
486 1139 111 21 särskilda
613 1139 43 27 fall
672 1146 53 13 vara
741 1139 28 27 af
782 1139 75 21 nöden.

419 1178 66 21 Göres
504 1179 121 27 ansökning
644 1180 24 26 af
686 1179 69 27 bolag,
775 1178 38 21 bör
830 1179 74 21 tillika
920 1178 40 22 den

345 1219 86 20 person,
448 1219 45 14 som
510 1213 81 21 komme
607 1215 30 19 att
653 1213 96 21 rörelsen
764 1213 87 28 förestä,
867 1215 93 19 nämnas

348 1247 39 20 och
402 1247 78 21 dennes
493 1247 56 28 goda
566 1248 61 27 frejd
642 1247 113 28 behörigen
771 1247 92 28 styrkas.

420 1287 57 20 Utan
499 1289 151 24 magistratens
674 1288 100 20 tillständ
796 1287 35 20 mä
850 1287 46 20 icke
916 1287 44 27 för-

348 1321 174 26 säljningsställe
543 1321 75 27 flyttas
641 1321 51 20 eller
715 1327 76 14 annan
809 1320 151 26 föreständare

349 1356 98 25 antagas.

417 1395 39 20 Dä
472 1396 93 20 ärende
584 1395 134 28 angäende
733 1395 169 28 försäljning
914 1396 46 21 till

348 1429 164 28 afhemtning
539 1430 32 27 af
593 1430 180 27 maltdrycker
795 1430 164 29 handlägges

279 1487 181 18 Ekonomiutskottets
473 1488 110 17 betänkande
594 1487 37 18 N:o
647 1488 15 17 7.
