1092 1745
252 133 24 18 14
545 130 38 21 N:o
602 131 30 20 17.

220 201 53 24 göra
289 199 57 20 inom
362 200 33 19 tre
406 198 104 21 månader
520 197 52 22 efter
584 198 36 21 det
630 197 126 21 kontraktet
767 197 132 26 upprättats,
910 202 61 15 svare

219 232 34 21 för
269 233 40 20 den
326 232 74 26 skada,
416 238 45 15 som
477 233 6 20 i
499 232 51 27 följd
566 232 61 21 deraf
636 231 93 21 drabbar
740 237 77 20 annan,
828 230 84 21 hvilken
924 231 48 20 sak-

220 268 38 20 nat
273 267 121 21 kännedom
410 273 33 15 om
458 266 123 27 legoaftalet
596 267 7 20 i
618 266 65 27 fråga.
707 266 95 27 Förnyas
812 265 159 27 legokontrakt,

219 308 50 15 vare
285 301 35 27 lag
335 307 86 16 samma.

288 336 46 21 Har
349 336 144 27 legogifvaren
508 336 46 21 icke
568 336 49 21 låtit
628 335 138 27 inregistrera
776 335 152 27 legokontrakt
939 341 33 14 om

220 372 49 25 torp
285 370 39 21 och
340 370 98 27 öfvergår
453 370 133 27 lägenheten,
602 370 75 21 medan
693 369 127 22 kontraktet
834 371 23 19 är
867 369 105 27 gällande,

220 405 32 21 till
263 411 28 21 ny
307 411 70 21 egare,
393 411 51 15 vare
458 406 79 26 jämväl
553 405 42 21 han
611 405 82 27 skyldig
708 406 33 20 att
755 404 58 21 inom
829 407 32 18 tre
871 404 102 20 månader

221 439 53 21 efter
290 439 36 21 det
342 439 42 20 han
401 438 159 22 omhänderfått
575 439 127 22 kontraktet
717 438 120 27 ombesörja
850 438 123 27 inregistre-

220 473 82 26 ringen,
319 473 35 20 vid
370 472 97 28 äfventyr
483 479 45 15 som
544 473 7 20 i
569 475 8 19 1
595 479 55 15 mom
667 475 23 18 är
705 472 69 27 sagdt.

292 507 103 26 Muntligt
411 507 101 27 legoaftal
527 507 33 21 må
577 508 16 27 ej
610 507 154 27 inregistreras.

569 561 24 20 31
612 559 17 28 &.

289 599 168 28 Inregistrering
480 600 22 21 af
522 600 100 27 legoaftal
644 599 125 22 verkställes
792 599 23 22 af
832 599 141 22 häradsskrif-

221 640 63 15 varen
308 634 32 21 uti
363 634 33 21 för
411 635 78 20 sådant
505 635 98 20 ändamål
618 635 96 20 inrättad
732 634 140 27 förteckning,
888 634 85 21 hvilken

220 669 90 20 likasom
334 668 70 21 dertill
426 669 96 20 hörande
544 668 80 28 bilagor
651 671 24 18 är
697 668 94 27 offentlig
814 668 38 21 och
874 668 100 27 tillgäng-

220 703 29 26 lig
270 702 33 21 för
327 703 84 26 enhvar,
433 709 45 15 som
492 702 68 22 finnes
575 703 63 21 hafva
653 703 121 26 rättmätigt
790 702 47 21 skäl
853 704 32 19 att
901 702 72 21 derom

220 739 51 25 taga
285 737 127 21 kännedom.

289 771 83 27 Utdrag
396 778 24 14 ur
442 771 160 28 förteckningen
626 771 39 21 och
687 771 32 21 till
739 771 124 21 densamma
878 771 95 21 hörande

222 806 124 27 handlingar
361 806 108 21 meddelas
485 808 44 19 mot
544 806 102 27 stadgade
662 805 92 27 afgifter.

568 859 26 21 32
610 859 19 27 8.

289 899 40 20 Vid
353 899 98 20 anmälan
475 905 34 14 om
533 898 159 28 inregistrering
711 898 54 21 skall
780 898 193 27 legokontraktet
962 894 14 36 i

221 933 142 22 hufvudskrift
376 933 67 27 jämte
459 940 25 14 en
500 933 84 22 afskrift
600 933 62 21 deraf
674 933 102 21 inlemnas
787 933 33 21 till
831 933 143 21 häradsskrif-

221 974 70 19 varen,
307 967 85 22 hvilken
413 967 36 22 det
465 968 81 27 åligger
562 970 31 19 att
610 969 76 26 genast
701 973 34 16 om
750 967 189 28 inregistreringen
955 968 18 26 ej

220 1002 83 22 mindre
318 1004 53 25 göra
386 1003 128 26 anteckning
530 1003 31 21 uti
586 1003 38 21 den
640 1002 8 21 i
664 1003 25 20 31
706 1002 11 27 8
732 1002 94 21 nämnda
840 1002 134 27 förteckning

221 1038 27 20 än
271 1036 76 22 teckna
370 1037 58 21 bevis
444 1037 28 26 på
493 1036 171 23 hufvudskriften
680 1037 23 21 af
716 1037 130 26 kontraktet,
862 1043 44 15 som
923 1037 51 22 derå

221 1071 32 21 till
270 1071 145 27 legogifvaren
431 1071 125 22 återställes.

568 1125 27 20 33
611 1123 18 28 &.

289 1151 18 27 Å
324 1157 91 22 Senaten
431 1157 123 22 ankommer
569 1161 33 18 att
617 1157 96 22 meddela
728 1160 99 19 närmare
841 1158 132 21 föreskrifter

221 1197 33 15 om
273 1191 98 21 förandet
387 1191 23 21 af
425 1191 25 22 de
463 1192 6 21 i
483 1193 25 19 31
528 1192 39 21 och
583 1193 26 20 32
620 1193 23 26 88
656 1192 140 21 omförmälda
806 1192 167 27 förteckningar.

549 1267 12 20 5
577 1267 73 21 KAP.

221 1314 34 21 Om
278 1315 148 25 legogifvarens
449 1315 38 21 och
511 1316 111 20 brukarens
642 1316 120 26 rättigheter
777 1316 37 21 och
831 1316 141 28 skyldigheter.

567 1367 28 20 34
610 1367 18 27 8.

289 1400 97 22 Brukare
410 1407 50 15 vare
480 1401 84 27 skyldig
583 1403 33 20 att
630 1401 34 22 väl
679 1401 65 22 häfda
756 1401 76 28 jorden
847 1403 24 21 sä
887 1403 39 21 ock
942 1405 31 19 att

221 1435 153 22 vidmakthålla
396 1435 33 22 för
451 1437 81 26 torpets
551 1435 55 22 bruk
620 1436 78 27 nödiga
714 1437 122 27 byggnader
852 1437 38 22 och
906 1437 67 28 öfriga

222 1471 137 26 nrättoingar
376 1470 6 21 i
399 1471 44 21 lika
457 1470 53 28 godt
526 1470 59 23 skick
601 1477 46 15 som
663 1471 41 22 han
721 1471 47 22 dem
783 1472 118 27 emottagit.
