1075 1789
50 218 91 17 Befrielse
148 216 42 19 från

55 247 130 23 stämpelskyl:

73 278 95 22 digheten:

196 154 29 21 42
424 155 21 22 U.
463 155 23 22 B.
502 167 29 3 —
547 155 61 28 Prop.
625 155 36 22 N:o
676 155 37 24 24.

267 218 103 22 befrielse
394 219 48 21 icke
465 219 35 21 för
516 217 63 29 köpe-
600 217 52 24 eller
669 220 55 21 salu-
740 222 58 19 samt
813 220 69 27 bytes-
898 220 41 21 och

267 254 115 27 gäfvobref
398 254 12 22 &
426 255 44 21 fast
493 255 112 26 egendom,
628 256 19 26 ej
671 255 69 22 heller
758 255 35 22 för
808 255 109 28 protokoll
933 256 6 21 i

267 288 98 29 lagfarts-
381 290 41 21 och
438 290 235 27 inteckningsärenden
689 291 42 21 och
748 291 34 21 för
797 291 112 24 fastebref.

196 325 118 22 Finlands
330 325 237 30 Hypoteksförening,

195 357 265 39 Förmyndarenämnd,
763 369 7 20 i
787 373 85 17 samma
888 371 30 18 ut-

196 393 247 36 Helsovärdsnämnd,
746 405 126 26 sträckning
892 411 48 15 som

197 433 121 23 Inhemskt
332 433 227 30 Brandstodsbolag,
574 435 110 27 grundadt
698 435 29 27 pä/
770 441 146 27 Fattigvärds-

267 470 119 27 ömsesidig
402 471 145 26 ansvarighet,
795 477 97 27 styrelse.

197 506 273 29 Ingvarteringsnämnd,

196 541 128 28 Kommun,
340 542 34 21 för
390 542 128 22 infordrade
534 542 127 22 utlåtanden
677 542 42 22 och
734 542 7 21 i
759 542 136 22 besvärsmäl
911 543 30 21 af-

267 578 59 26 gifna
341 578 153 26 förklaringar,
511 578 33 21 för
559 578 181 26 hufvudskrifter,
756 578 85 27 bilagor
854 578 41 22 och
907 585 34 15 ex-

267 614 136 27 peditioner
398 609 13 37 i
413 613 43 21 mäl
468 614 50 21 och
532 614 125 26 ärenden,
669 620 48 14 som
726 614 36 21 vid
771 614 120 21 domstolar
899 614 42 22 och

267 649 140 21 embetsverk
423 648 237 28 förekommarörande
669 649 146 27 fattigvärden
826 650 47 21 och
888 650 53 22 sko-

267 685 49 26 lor,
334 687 57 19 samt
402 684 33 22 för
454 685 223 27 ansökningsskrifter
693 686 41 20 och
750 686 151 27 expeditioner
909 687 32 20 rö-

267 720 69 22 rande
352 720 78 27 beslut,
444 727 48 15 som
503 720 206 28 författningsenligt
720 721 62 22 skola
795 722 146 21 underställas

268 756 127 27 offentlig
410 757 163 27 myndighets
590 757 105 27 pröfning.

197 792 108 28 Kronan,
321 793 7 20 i
345 792 38 21 allt
398 792 58 22 hvad
473 793 93 21 rörande
583 794 50 20 dess
649 794 43 20 rätt
707 793 37 21 vid
760 793 128 27 domstolar,
899 800 42 15 em-

268 828 103 22 betsverk
388 828 41 22 och
446 828 151 28 myndigheter
613 829 115 22 afhandlas
745 832 57 19 samt
818 829 57 22 ifrän
892 830 49 21 dem

268 864 106 22 utfärdas.

197 900 93 30 Kyrka,
306 901 7 21 i
330 907 85 15 samma
431 901 150 28 utsträckning
597 908 48 15 som
661 901 235 28 Fattigvärdsstyrelse.

197 934 104 32 Kyrklig
312 935 154 30 församling,
486 938 3 20 i
506 944 85 15 samma
605 937 150 27 utsträckning
766 944 47 14 som
825 937 115 22 Kommun.

197 971 180 29 Lappmarkens
392 971 79 23 härad
485 975 56 19 samt
549 972 140 29 Kuolajärvi
697 973 42 22 och
747 972 124 23 Kuusamo
878 972 64 24 sock-

268 1014 58 16 nars
342 1007 163 30 innebyggare,
522 1009 33 21 för
571 1009 43 22 alla
629 1009 137 28 handlingar,
791 1016 47 15 som
855 1011 87 26 upprät-

267 1046 34 20 tas
318 1044 23 22 af
357 1044 52 22 eller
425 1044 57 27 angä
493 1045 56 26 dem,
561 1045 50 21 med
623 1045 111 27 undantag
745 1045 23 21 af
778 1045 163 22 förordnanden

252 1075 3 2 *
269 1083 57 19 samt
341 1080 127 22 fullmakter
484 1080 13 22 &
512 1081 66 26 tjenst
593 1081 53 22 eller
662 1080 120 28 värdighet.

197 1113 205 32 Lifränteanstalt,
419 1122 48 15 som
483 1116 49 22 icke
547 1116 60 22 afser
629 1116 132 27 affärsvinst,
784 1118 3 20 i
804 1123 85 15 samma
912 1119 31 19 ut-

269 1152 126 27 sträckning
410 1158 48 15 som
475 1152 234 28 Fattigvärdsstyrelse.

198 1186 117 23 Medellös
326 1194 96 21 person,
438 1188 66 21 hvars
521 1188 113 27 fattigdom
645 1190 25 19 är
680 1188 60 22 känd
756 1189 52 21 eller
824 1189 119 27 behörigen

269 1223 96 27 intygad.

199 1258 122 22 Pensions:
337 1258 43 22 och
396 1256 259 30 understödsanstalter,

201 1293 120 30 Samfund
344 1294 34 21 för
402 1294 151 27 befrämjande
575 1295 23 21 af
615 1295 114 26 litteratur,

269 1330 129 25 vetenskap,
416 1330 57 20 skön
489 1330 71 24 konst,
574 1330 156 20 landthushäll-

269 1364 58 25 ning,
345 1363 175 27 bibelspridning
538 1361 53 24 eller
611 1366 67 19 annat
694 1365 36 20 all-

269 1399 131 27 männyttigt
424 1398 103 22 ändamål
543 1401 58 20 samt
623 1400 107 27 yrkesför-

269 1435 97 26 eningar,
388 1441 47 15 som
454 1435 7 21 i
478 1435 101 27 gällande
599 1436 131 27 näringsför-

268 1470 94 28 fattning
378 1472 38 20 äro
432 1470 119 28 påbjudna,

768 1314 7 20 i
791 1320 85 14 samma
892 1315 30 19 ut-

750 1348 126 26 sträckning
895 1354 48 14 som

775 1382 145 28 Fattigvårds-

799 1419 98 28 styrelse.

269 1524 206 24 Bevillningsutskottets
488 1525 111 19 betändande
611 1526 37 18 N:o
661 1526 16 18 3.
