1075 1759
233 138 12 20 8
462 136 26 22 U.
504 137 26 21 B.
547 149 24 3 —
588 136 72 27 Prop.
677 136 41 22 N:o
733 136 35 22 21.

204 212 38 14 ner
271 205 113 21 Utskottet
407 205 35 21 det
464 210 51 16 vara
540 204 131 26 välbetänkt,
696 206 32 19 att
754 204 146 27 skyldigheten
925 205 32 20 att

204 239 89 21 utverka
319 238 77 22 sådant
418 238 96 22 tillstånd
529 240 62 25 göres
607 238 105 21 beroende
728 238 22 21 af
764 238 193 27 spänningshöjden

204 274 39 20 hos
259 274 39 20 den
316 272 116 22 elektriska
447 274 122 25 strömmen,
589 272 39 22 och
648 274 38 24 att,
707 272 48 21 med
774 272 100 22 afseende
892 272 65 27 derpå

204 309 32 20 att
248 306 183 23 elektrotekniken
443 309 24 19 är
479 307 61 21 stadd
553 307 6 21 i
572 307 85 21 fortsatt
670 306 128 27 utveckling,
810 306 147 26 förändringar

205 342 23 21 af
242 341 205 27 spänningshöjdens
462 343 64 24 gräns
541 340 56 28 finge
612 341 23 21 af
649 340 93 22 Senaten
757 341 103 27 vidtagas.
875 340 82 22 Beträf-

205 376 64 21 fande
285 376 68 27 öfriga
368 376 159 26 bestämningar
541 376 32 21 uti
589 376 104 26 förslaget
707 375 33 21 till
755 375 63 27 nådig
833 375 124 27 förordning

204 411 7 21 i
235 412 72 20 ämnet
329 410 39 21 har
394 410 111 22 Utskottet
526 410 18 28 ej
567 410 69 21 funnit
659 410 45 21 skäl
726 410 33 21 till
781 416 69 15 annan
873 410 83 20 erinran

204 447 26 19 än
246 446 32 20 att
293 444 40 22 den
347 445 8 21 i
371 445 11 21 7
399 444 11 28 8
426 444 104 27 ingående
545 444 160 28 bestämningen
722 446 82 20 ansetts
820 444 57 27 böra,
893 444 27 27 på
936 444 23 21 af

206 480 111 21 Utskottet
332 479 90 28 tidigare
437 479 89 21 anförda
541 479 54 25 skäl,
611 479 46 21 från
673 478 103 28 förslaget
791 479 32 21 till
833 478 124 28 förordning

205 514 118 22 öfverföras
339 514 32 21 till
387 514 144 26 lagförslaget.

273 582 36 22 Uti
325 583 99 21 ärendets
439 582 128 28 behandling
583 582 56 22 inom
655 582 112 22 Utskottet
782 582 64 21 hafva
856 582 99 26 deltagit:

205 616 148 22 Ordföranden
375 617 25 21 A.
422 617 27 21 H.
473 616 115 26 Snellman,
611 616 144 22 ledamöterne
778 616 58 22 Alex.
857 616 98 27 Aminoff,

204 651 29 21 M.
258 657 18 14 v.
296 650 124 27 Haartman,
436 651 25 21 V.
477 657 19 15 v.
512 651 91 27 Wright,
619 651 16 21 I.
652 650 28 21 M.
697 650 106 28 Tallgren,
818 651 26 21 K.
861 650 24 22 O.
900 650 56 22 Fon-

204 685 45 27 tell,
271 684 24 22 L.
319 685 25 21 A.
367 685 167 26 Wennerström,
547 686 21 21 J.
583 685 17 21 I.
616 684 136 28 Gummerus,
768 685 23 21 F.
807 685 25 21 V.
848 685 109 26 Eriksson,

204 719 27 21 K.
255 719 26 21 H.
304 719 106 27 Renlund,
425 720 24 20 F.
466 720 125 25 Stenström,
606 719 27 21 U.
648 719 93 27 Bremer,
756 720 26 20 K.
799 720 32 20 W.
847 719 109 26 Koskelin,

205 754 25 20 F.
246 753 33 21 W.
301 753 129 27 Lagerstedt
454 754 38 21 och
515 754 24 21 A.
562 754 75 28 Perho
651 756 54 18 samt
724 754 141 26 suppleanten
884 754 19 20 J.
923 754 34 20 W.

206 787 103 27 Samberg
327 788 39 21 och
385 788 66 21 delvis
466 788 163 27 suppleanterne
645 788 16 22 I.
677 788 25 21 R.
717 788 111 28 Forsman,
844 788 26 21 O.
885 788 72 21 Nissin

205 822 39 21 och
259 821 29 22 M.
303 822 69 22 Rossi.

276 873 138 28 Helsingfors,
431 873 40 22 den
488 874 26 22 23
529 873 58 23 Mars
605 874 60 22 1900.

352 1483 112 23 Helsingfors,
478 1482 119 20 Frenckellska
610 1484 129 23 boktryckeriet,
754 1485 50 19 1900.
