1081 1748
347 142 72 23 Ständ.
435 142 34 22 Sv.
485 156 26 3 —
528 142 59 29 Prop.
605 143 34 23 N:o
655 144 28 21 17.
878 146 12 18 9

139 212 37 14 om
191 205 121 29 omyndigs
328 205 59 22 fasta
402 206 111 28 egendom
527 206 36 22 för
578 206 79 28 längre
672 206 33 21 tid
717 209 28 19 än
756 209 32 19 ett
799 208 24 20 år
833 206 58 29 efter

138 239 237 28 myndighetsålderns
397 240 94 22 inträde,
515 240 54 22 eller
588 240 37 22 för
639 248 48 14 mer
702 243 29 19 än
746 240 46 22 fem
808 243 29 22 år,
854 248 36 14 om

139 273 178 28 omyndigheten
340 274 101 28 grundar
463 274 34 28 sig
515 277 13 19 å
547 277 84 19 rättens
647 275 80 21 beslut.
759 275 48 21 Och
823 274 67 22 äfven

139 314 81 14 annars
236 307 74 29 gifvas
325 308 47 25 fall,
388 308 29 21 då
429 308 52 29 jord
495 309 130 29 lämpligast
635 308 76 22 kunde
721 309 105 29 upplåtas
837 308 53 22 eller

139 340 129 30 öfvertagas
284 345 61 19 emot
366 342 51 29 lega
432 342 36 22 för
483 343 89 22 kortare
587 343 33 21 tid
636 346 29 18 än
680 342 30 23 tio
727 345 30 24 år,
773 346 15 18 t.
805 351 32 13 ex.
854 350 37 14 om

136 376 137 28 jordegaren
288 376 41 22 har
344 377 123 28 arfvingar,
482 378 77 22 hvilka
572 377 70 22 redan
653 377 58 23 efter
720 380 72 26 några
802 379 25 19 år
837 384 54 15 vore

138 410 8 20 i
160 410 90 22 tillfälle
265 413 33 19 att
313 411 118 29 öfvertaga
446 412 138 28 legojorden.

208 445 100 22 Sålunda
323 446 76 21 kunde
415 448 32 19 ett
462 449 71 26 tvång
549 449 32 19 att
596 446 54 28 ingå
664 446 109 29 legoaftal
783 448 29 26 på
822 446 68 21 minst

138 479 31 21 tio
193 482 23 19 år
239 480 84 22 afhålla
343 480 120 29 jordegare
486 481 51 21 från
559 480 62 27 aftal,
644 488 47 14 som
707 488 81 14 annars
803 481 88 21 kunnat

138 514 90 22 komma
250 515 35 21 till
308 515 72 21 stånd.
410 516 48 21 Der
470 515 137 29 jordegaren
622 517 47 20 åter
684 516 8 21 i
707 516 71 28 högre
793 515 56 29 grad
865 518 24 19 är

138 548 113 22 beroende
262 549 26 22 af
295 549 124 23 brukarens
431 550 142 26 arbetskraft,
582 550 78 22 kunna
670 550 27 22 de
707 552 30 26 på
747 558 78 14 senare
833 550 58 22 tider

138 583 136 23 förändrade
293 584 146 22 ekonomiska
453 584 178 27 förhållandena,
648 585 45 28 god
709 584 182 28 arbetsförtjenst

138 620 30 27 på
183 618 71 21 andra
268 619 114 26 områden,
399 619 174 28 befolkningens
585 619 132 28 tilltagande
728 619 109 28 rörlighet
848 619 43 22 och

139 653 59 22 ökad
221 653 55 21 brist
298 655 30 26 på
346 653 101 22 arbetare
463 653 36 22 för
511 653 135 29 jordbruket
665 653 73 22 förmå
754 653 137 29 jordegaren

139 690 33 19 att
193 688 8 20 i
224 688 38 21 sitt
285 689 52 27 eget
355 689 94 21 intresse
464 688 137 22 tillförsäkra
616 689 36 28 sig
666 688 71 28 nödig
752 687 137 22 arbetskraft

138 722 84 21 medels
234 722 108 28 legoaftal
352 725 29 26 på
391 723 80 28 längre
481 723 39 20 tid.
543 723 75 22 Också
627 723 82 21 fortfar
722 723 122 21 brukarens
852 722 37 21 be-

138 757 153 28 sittningsrätt
299 757 7 20 i
315 757 122 21 allmänhet
447 757 54 22 vida
511 757 84 29 längre,
607 760 29 18 än
647 757 43 21 den
701 756 189 23 öfverenskomna

138 791 115 28 legotiden
275 798 68 21 synes
365 792 80 21 utvisa.
476 791 34 29 Ty
526 791 72 22 ehuru
613 791 142 28 lagbestämd
769 790 120 23 minimitid

139 825 147 22 härförinnan
308 827 98 25 saknats,
429 826 76 26 hafva,
528 827 69 21 äfven
619 826 39 21 der
680 825 109 29 legoaftal
804 826 85 28 ingåtts

140 861 80 21 endast
234 860 36 22 för
285 863 72 27 några
373 863 24 19 år
412 861 54 21 eller
480 863 30 27 på
525 861 115 23 obestämd
655 861 40 26 tid,
705 863 52 27 torp
768 861 42 21 och
822 860 69 22 andra

138 896 95 28 utlegda
254 896 133 28 lägenheter
408 896 50 21 icke
481 896 71 22 sällan
566 896 123 22 bebrukats
705 895 26 22 af
743 896 146 28 legotagaren

140 930 43 22 och
198 930 56 22 hans
270 930 194 22 efterkommande
479 932 71 21 under
562 938 28 14 en
601 931 54 28 lång
665 930 57 29 följd
733 930 26 22 af
767 933 30 19 år.
813 930 78 28 Några

140 965 142 28 stadganden
303 966 8 21 i
333 965 150 22 förevarande
506 965 124 29 lagförslag
646 968 38 18 äro
700 966 107 27 slutligen
823 964 68 22 äfven

140 1000 88 28 egnade
250 1002 33 20 att
306 1003 55 26 göra
381 1008 28 13 en
425 1000 147 28 obligatorisk
587 1000 118 22 minimitid
722 1000 111 28 umbärlig
848 998 43 23 och

140 1037 33 19 att
192 1034 69 22 äfven
276 1034 132 22 derförutan
423 1035 102 21 medföra
539 1036 79 27 längre
633 1034 116 28 legotider.
780 1033 111 23 Särskildt

140 1070 28 20 de
179 1069 175 28 bestämningar,
365 1076 83 21 genom
458 1069 78 22 hvilka
546 1069 113 22 brukaren
669 1069 149 21 tillförsäkras
827 1068 64 28 godt-

140 1104 88 28 görelse
251 1104 35 22 för
308 1103 97 22 kostnad
429 1104 42 21 och
493 1104 82 26 arbete,
597 1110 47 15 som
660 1103 19 29 ej
697 1110 82 22 genom
794 1105 97 19 motsva-

140 1138 69 22 rande
232 1138 100 22 afkomst
353 1138 82 22 hunnit
456 1138 72 22 blifva
549 1138 53 22 fullt
621 1140 88 24 ersatta,
725 1138 64 22 torde
811 1139 80 26 utgöra

140 1174 33 20 ett
187 1173 115 22 verksamt
312 1172 74 22 medel
400 1175 47 19 mot
462 1175 46 19 täta
523 1172 108 29 ombyten
647 1172 25 22 af
685 1172 102 22 brukare.

208 1208 12 21 I
238 1206 148 23 betraktande
401 1207 26 22 af
440 1207 39 22 det
494 1207 69 22 ofvan
579 1206 95 22 anförda
689 1214 53 14 anse
757 1206 133 28 Ständerna,

140 1243 34 20 att
189 1242 43 21 den
248 1242 35 21 för
298 1244 51 26 torp
365 1241 94 22 afsedda
473 1241 162 29 obligatoriska
649 1242 82 20 minsta
743 1240 115 29 legotiden
869 1240 25 22 af

140 1276 32 22 tio
188 1278 24 19 år
226 1276 41 21 bör
281 1276 52 21 från
348 1276 148 28 lagförslaget
510 1278 61 26 utgå.

209 1310 108 22 Deremot
332 1317 67 21 synes
415 1310 50 21 skäl
479 1310 50 21 icke
544 1310 112 28 föreligga
671 1310 34 21 till
718 1310 140 28 frångående
869 1309 26 21 af

140 1345 44 21 den
208 1344 154 29 begränsning
384 1344 26 22 af
430 1344 63 22 tiden
514 1344 37 22 för
572 1344 47 22 viss
641 1344 44 22 tids
707 1344 52 28 lega
774 1344 35 21 till
824 1344 69 28 högst

140 1378 78 21 femtio
242 1380 30 23 år,
295 1385 49 13 som
366 1378 101 21 infördes
490 1385 83 20 genom
587 1378 164 27 förordningen
767 1377 25 20 af
805 1379 44 19 den
866 1379 26 18 13

140 1412 56 22 Juni
219 1413 55 19 1800
290 1411 42 22 och
348 1411 99 21 derefter
461 1413 122 26 upprepats
599 1411 8 21 i
621 1411 44 21 alla
680 1411 148 28 stadganden,
844 1417 48 15 som

140 1445 118 30 angående
273 1445 116 28 legotiden
403 1444 118 23 utfärdats.
