1075 1761
166 173 28 18 20
367 170 71 22 Ständ.
455 170 34 22 Sv.
505 183 28 4 —
548 170 61 27 Prop.
626 170 34 21 N:o
676 170 36 21 23.

166 233 81 21 tänkta
269 232 51 28 djur
342 232 51 22 icke
415 232 71 21 borde
508 232 94 26 märkas,
626 232 82 25 kunde,
728 232 35 21 för
779 234 33 19 att
827 231 90 28 skydda

166 267 197 27 kreatursköpare,
378 266 8 21 i
401 268 27 19 25
444 267 13 28 &
473 266 83 21 införas
580 274 28 14 en
622 266 145 28 bestämning
782 266 84 25 derom,
883 267 34 19 att

167 301 58 28 djur,
255 308 49 15 som
328 300 136 22 misstänkes
494 300 44 21 lida
563 300 23 21 af
611 300 140 26 tuberkulos,
777 300 80 21 endast
882 299 35 20 får

167 335 73 28 säljas,
266 335 78 22 såvida
367 335 100 28 köparen
492 335 225 28 uppmärksamgöres
740 336 29 27 på
791 334 64 21 detta
873 333 44 22 för-

166 369 111 22 hållande.

234 404 32 21 Af
287 403 51 22 icke
360 403 65 29 ringa
447 403 119 29 betydelse
586 403 62 22 såväl
662 403 8 21 i
685 403 144 21 ekonomiskt
847 410 47 14 som
909 403 7 21 i

166 439 134 28 hygieniskt
324 438 107 21 afseende
457 445 61 18 vore,
544 441 34 18 att
603 438 147 21 tuberkulösa
773 437 51 28 djur
843 437 74 22 såvidt

166 473 90 28 möjligt
271 473 77 22 blefve
363 473 102 28 slagtade
475 473 9 20 i
495 473 119 28 offentliga
624 473 109 28 slagthus.
764 473 70 20 Detta
845 472 72 21 skulle

167 508 59 21 dock
240 508 8 21 i
262 508 48 27 hög
324 507 58 28 grad
396 507 120 26 försvåras,
537 515 38 15 om.
588 507 77 22 endast
676 506 181 28 länedjurläkare
865 514 53 14 men

166 543 50 21 icke
239 542 70 21 andra
331 541 136 28 djurläkare,
490 544 15 18 t.
529 549 33 14 ex.
587 541 39 22 vid
640 541 153 22 köttkontroll
808 541 109 25 anstälde,

166 577 63 27 finge
253 576 132 25 bestämma,
408 575 79 22 hvilka
509 576 61 21 delar
596 576 23 20 af
644 578 33 18 ett
699 575 144 21 tuberkulöst
867 575 51 28 djur

165 611 23 21 få
218 610 114 22 användas
359 609 34 22 till
419 610 60 21 föda.
519 610 99 21 Oaktadt
647 610 7 20 i
684 610 124 21 allmänhet
832 609 86 29 förslag

166 646 50 21 icke
238 644 125 22 framstälts
386 644 83 26 derom,
486 646 29 26 på
530 644 77 22 hvilka
630 644 82 21 ställen
727 644 23 21 af
765 644 154 28 kungörelsen

166 680 66 22 ordet
256 679 207 28 ,länedjurläkare*
490 679 122 29 lämpligen
636 679 77 21 kunde
738 679 93 28 utbytas
857 681 61 19 emot

168 714 162 29 »djurläkare”,
346 714 70 22 hafva
431 713 128 22 Ständerna
575 714 58 21 dock
648 714 8 20 i
671 714 64 20 detta
749 714 40 21 fall
806 716 27 26 pä
843 714 73 28 grund

166 750 24 21 af
204 749 81 21 sakens
301 748 92 21 relativt
409 751 60 18 stora
489 748 118 29 betydelse
623 750 57 19 trott
696 748 35 28 sig
745 748 56 21 böra
816 748 102 29 uttryck-

167 784 61 28 ligen
243 783 92 22 förorda
350 790 29 14 en
394 783 70 21 sädan
480 783 166 28 omstilisering.

234 819 12 20 I
268 820 26 19 26
318 818 13 29 $
354 817 77 22 kunde
455 819 54 20 utan
532 817 122 29 olägenhet
672 817 85 21 införas
773 825 29 13 en
817 817 101 28 tilläggs-

167 852 145 28 bestämning
328 852 84 25 derom,
427 854 34 19 att
477 852 87 21 kalfvar
582 852 23 21 af
620 851 147 22 tuberkulösa
785 851 134 22 nötkreatur

165 886 85 30 jemväl
279 886 77 22 kunna
386 886 112 28 uppfödas
531 886 51 22 med
612 885 71 28 mjölk
712 886 51 20 från
791 885 128 29 bevisligen

167 922 71 21 friska
253 920 57 29 djur.

236 954 150 29 Stadgandet,
409 956 34 20 att
466 954 29 22 all
517 954 71 28 mjölk
610 954 51 21 frän
680 962 29 14 en
723 954 118 28 ladugärd,
857 954 62 22 inom

166 991 94 22 hvilken
276 989 128 29 djurläkare
427 989 109 21 förklarat
559 988 133 22 tuberkulos
715 989 146 26 förekomma,
877 990 42 20 bör

167 1026 71 21 kokas
264 1024 53 22 eller
342 1026 136 26 uppvärmas
494 1023 35 21 till
543 1024 53 21 mist
612 1024 36 20 85"
669 1024 64 25 Cels.,
750 1024 71 20 skulle
845 1024 74 21 säker-

167 1060 63 28 ligen
245 1058 71 22 blifva
330 1058 68 21 altför
413 1058 147 28 betungande
579 1058 35 21 för
630 1058 173 28 kreatursegare
819 1058 41 21 och
875 1058 44 21 lätt

167 1094 52 22 leda
241 1093 35 21 till
297 1092 79 22 försök
399 1094 33 19 att
452 1092 82 28 kringå
548 1092 73 28 lagen.
652 1092 103 22 Emedan
770 1092 67 28 giltig
852 1093 67 21 orsak

167 1128 37 22 till
218 1130 34 19 ett
267 1129 25 19 så
307 1128 89 26 strängt
411 1126 126 28 stadgande
552 1126 50 22 icke
617 1126 130 28 föreligger,
763 1126 8 22 i
787 1127 38 21 det
841 1129 34 19 att
891 1127 28 21 de

167 1162 71 21 friska
253 1161 93 28 djurens
362 1160 70 28 mjölk
454 1160 50 21 icke
526 1160 45 21 kan
585 1168 55 13 vara
655 1160 179 25 smittoförande,
850 1161 69 21 hafva

168 1196 129 22 Ständerna
312 1197 81 23 ansett,
410 1196 33 19 att
458 1194 172 28 ifrågavarande
641 1194 145 29 bestämning
801 1195 7 20 i
830 1197 5 18 1
852 1202 65 13 mom.

168 1231 23 22 af
206 1233 26 18 27
249 1231 13 28 8
285 1229 71 22 borde
372 1229 59 28 gälla
446 1228 71 29 mjölk
536 1229 81 21 endast
632 1229 50 20 från
698 1228 57 29 djur,
772 1229 110 28 angripna
897 1229 23 21 af

168 1266 54 21 eller
247 1263 135 23 misstänkta
406 1263 35 21 för
466 1263 140 22 tuberkulos.
636 1263 36 21 Då
697 1263 66 22 dessa
788 1263 52 28 djur
864 1264 55 21 böra

167 1300 71 21 hållas
254 1299 97 20 afskilda
366 1298 50 19 från
432 1298 73 27 öfriga
521 1297 51 27 djur
586 1297 9 20 i
609 1297 148 27 ladugården,
773 1305 68 20 synes
853 1298 66 20 efter-

168 1333 106 22 lefnaden
296 1331 23 22 af
341 1333 34 19 ett
399 1331 81 20 sådant
495 1331 127 27 stadgande
637 1330 50 21 icke
703 1338 54 14 vara
772 1331 148 28 synnerligen

168 1369 52 20 svår
235 1368 34 20 att
284 1365 144 22 kontrollera.

237 1401 45 21 Det
296 1400 9 21 i
327 1402 5 19 2
348 1407 66 14 mom.
431 1399 22 21 af
467 1399 139 29 nyssnämda
620 1399 106 28 paragraf
736 1399 113 29 ingående
860 1400 59 21 stad-

168 1436 75 30 gande
268 1437 40 23 att,
330 1434 8 21 i
361 1434 108 21 händelse
491 1434 35 21 till
548 1434 78 28 mejeri
648 1433 113 23 levereras
780 1434 71 28 mjölk
869 1434 51 22 från

168 1469 117 30 ladugård,
301 1469 61 21 inom
378 1469 67 21 hvars
461 1468 131 29 besättning
614 1468 181 28 länedjurläkare
811 1469 108 21 förklarat
