1075 1761
203 146 24 19 16
501 143 43 20 N:o
561 145 32 19 22.

242 212 155 21 Direktionen
419 211 38 21 till
479 211 91 21 biträde
593 210 110 21 anställes
722 217 28 14 en
766 209 153 22 ombudsman

171 246 165 21 Direktionens
360 247 49 20 säte
432 245 43 21 och
498 245 127 21 anstaltens
649 246 91 20 nemort
759 248 26 17 är
799 239 52 26 Åbo
867 243 60 22 stad.

521 321 26 19 24
564 320 18 26 8.

243 364 154 22 Direktionen
419 364 75 28 väljer
516 364 72 22 bland
606 364 51 22 sina
671 364 151 21 medlemmar
837 363 90 28 årligen

172 398 146 22 ordförande.
349 396 35 24 Är
406 398 156 22 ordföranden
584 398 101 21 hindrad
707 400 36 19 att
765 398 86 21 bivista
869 404 59 14 sam-

172 434 128 28 manträde,
316 435 63 20 utses
394 433 107 29 tillfällig
517 433 146 22 ordförande.

244 469 155 21 Direktionen
415 467 183 22 sammanträder
612 468 30 28 på
657 467 97 22 kallelse
769 467 26 21 af
808 466 120 23 ordföran-

174 502 50 21 den.
254 503 47 21 Vid
316 502 170 22 sammanträde
504 503 41 21 bör
559 502 117 29 protokoll
691 502 70 21 föras.

244 537 154 21 Direktionen
421 540 25 18 är
467 537 122 27 beslutför,
612 536 30 21 då
664 537 40 20 två
723 536 150 21 medlemmar
888 539 40 18 äro

173 571 116 21 tillstädes
305 571 43 21 och
365 579 37 13 om
417 571 102 21 beslutet
535 578 59 14 ense.

523 646 25 20 25
564 646 20 25 8.

245 689 154 22 Direktionen
414 690 99 28 åligger:

246 726 34 19 att
303 724 61 21 efter
381 724 68 22 bästa
463 724 107 22 förstånd
584 724 62 22 vaka
662 724 67 21 öfver
744 724 129 21 anstaltens
889 730 39 14 an-

174 758 166 29 gelägenheter
362 760 60 19 samt
440 758 81 22 dervid
540 758 69 22 ställa
624 758 36 28 sig
675 758 37 21 till
728 758 157 22 efterrättelse
901 758 28 20 de

174 792 152 28 föreskrifter,
354 799 49 15 som
428 793 9 20 i
463 792 108 22 afseende
595 794 13 20 å
631 792 129 22 anstaltens
783 792 146 28 förvaltning

174 827 79 21 kunna
268 827 72 21 varda
356 826 26 22 af
395 829 98 19 stämma
508 827 130 27 beslutade;

246 863 35 19 att
296 861 88 22 afsluta
399 862 143 27 försäkring;

246 897 35 19 att
307 895 96 22 utfärda
428 896 218 21 skadeständsbevis
669 895 43 22 och
735 895 134 22 utanordna
891 895 38 22 till

174 930 122 28 betalning
311 930 112 21 förfallna
438 930 152 27 skadestånd;

246 966 36 20 att
304 964 90 29 årligen
413 964 60 22 efter
490 964 162 22 inhemtandet
668 963 26 22 af
707 963 87 30 nödiga
809 963 120 30 uppgifter

174 999 117 21 fastställa
302 999 81 28 hvarje
394 999 117 28 delegares
522 999 44 22 och
576 999 128 21 anstaltens
715 998 53 22 hela
779 999 150 28 ansvarighet

174 1034 38 21 för
228 1034 38 21 det
282 1034 117 21 afslutade
416 1034 50 21 året
482 1034 43 22 och
540 1034 102 21 beräkna
657 1034 70 21 häraf
740 1034 127 28 betingade
882 1034 47 21 till-

175 1068 185 28 skottspremier;

247 1104 35 20 att
303 1106 105 25 uppgöra
428 1102 88 30 förslag
532 1103 38 21 till
585 1102 214 28 förskottspremier
813 1102 38 21 för
866 1104 63 20 näst-

175 1136 139 22 kommande
330 1138 35 26 år;

248 1173 34 18 att
297 1170 102 21 förvalta
415 1171 128 21 anstaltens
558 1170 75 22 medel
649 1171 43 21 och
706 1174 57 24 göra
779 1171 51 21 dess
845 1170 85 22 fonder

175 1205 176 27 räntebärande,
370 1205 99 21 hvarvid
484 1205 160 28 betryggande
659 1204 110 22 säkerhet
784 1205 60 20 skall
860 1205 69 20 efter-

176 1239 111 27 sträfvas;

247 1275 35 19 att
304 1273 38 21 till
365 1275 98 19 stämma
479 1273 166 22 sammankalla
660 1273 138 28 delegarene
816 1274 60 20 samt
891 1273 38 21 till

176 1307 115 21 ordinarie
302 1308 136 19 årsstämma
446 1307 92 27 afgifva
545 1307 125 20 berättelse
678 1314 37 13 om
724 1307 129 20 anstaltens
861 1307 68 20 verk-

175 1340 90 22 samhet
279 1340 74 21 under
367 1340 194 28 nästföregående
575 1341 25 20 år
610 1340 44 21 och
664 1341 9 20 i
683 1340 74 28 öfrigt
767 1340 123 21 förbereda
900 1340 29 21 de

175 1375 85 28 frågor,
276 1382 49 14 som
340 1374 41 21 vid
396 1376 98 20 stämma
508 1374 154 28 förekomma;

246 1411 36 20 att
290 1411 87 26 antaga
385 1409 43 22 och
438 1409 118 29 entlediga
567 1409 153 22 ombudsman
731 1411 60 20 samt
801 1409 133 22 bestämma.

176 1445 86 22 dennes
278 1445 113 27 aflöning;
