<?xml version="1.0" encoding="UTF-8"?>
<alto xmlns="http://www.loc.gov/standards/alto/ns-v3#" xmlns:xlink="http://www.w3.org/1999/xlink" xmlns:xsi="http://www.w3.org/2001/XMLSchema-instance" xsi:schemaLocation="http://www.loc.gov/standards/alto/ns-v3# http://www.loc.gov/alto/v3/alto-3-0.xsd">
	<Description>
		<MeasurementUnit>pixel</MeasurementUnit>
		<sourceImageInformation>
			<fileName>/tmp/tess_uf9n6ex__input.PNG</fileName>
		</sourceImageInformation>
		<OCRProcessing ID="OCR_0">
			<ocrProcessingStep>
				<processingSoftware>
					<softwareName>tesseract 5.3.4</softwareName>
				</processingSoftware>
			</ocrProcessingStep>
		</OCRProcessing>
	</Description>
	<Layout>
		<Page WIDTH="1078" HEIGHT="1761" PHYSICAL_IMG_NR="0" ID="page_0">
			<PrintSpace HPOS="0" VPOS="0" WIDTH="1078" HEIGHT="1761">
				<ComposedBlock ID="cblock_0" HPOS="183" VPOS="164" WIDTH="537" HEIGHT="28">
					<TextBlock ID="block_0" HPOS="183" VPOS="164" WIDTH="537" HEIGHT="28">
						<TextLine ID="line_0" HPOS="183" VPOS="164" WIDTH="537" HEIGHT="28">
							<String ID="string_0" HPOS="183" VPOS="166" WIDTH="27" HEIGHT="20" WC="0.96" CONTENT="52"/><SP WIDTH="171" VPOS="166" HPOS="210"/>
							<String ID="string_1" HPOS="381" VPOS="165" WIDTH="69" HEIGHT="22" WC="0.92" CONTENT="Ständ."/><SP WIDTH="16" VPOS="165" HPOS="450"/>
							<String ID="string_2" HPOS="466" VPOS="165" WIDTH="32" HEIGHT="22" WC="0.93" CONTENT="Sv."/><SP WIDTH="18" VPOS="165" HPOS="498"/>
							<String ID="string_3" HPOS="516" VPOS="178" WIDTH="25" HEIGHT="3" WC="0.91" CONTENT="—"/><SP WIDTH="17" VPOS="178" HPOS="541"/>
							<String ID="string_4" HPOS="558" VPOS="165" WIDTH="59" HEIGHT="27" WC="0.94" CONTENT="Prop."/><SP WIDTH="17" VPOS="165" HPOS="617"/>
							<String ID="string_5" HPOS="634" VPOS="164" WIDTH="36" HEIGHT="22" WC="0.96" CONTENT="N:o"/><SP WIDTH="18" VPOS="164" HPOS="670"/>
							<String ID="string_6" HPOS="688" VPOS="164" WIDTH="32" HEIGHT="22" WC="0.96" CONTENT="17."/>
						</TextLine>
					</TextBlock>
				</ComposedBlock>
				<ComposedBlock ID="cblock_1" HPOS="183" VPOS="227" WIDTH="752" HEIGHT="237">
					<TextBlock ID="block_1" HPOS="183" VPOS="227" WIDTH="752" HEIGHT="237">
						<TextLine ID="line_1" HPOS="250" VPOS="227" WIDTH="681" HEIGHT="28">
							<String ID="string_7" HPOS="250" VPOS="228" WIDTH="46" HEIGHT="21" WC="0.96" CONTENT="Vill"/><SP WIDTH="15" VPOS="228" HPOS="296"/>
							<String ID="string_8" HPOS="311" VPOS="228" WIDTH="112" HEIGHT="21" WC="0.96" CONTENT="brukaren"/><SP WIDTH="15" VPOS="228" HPOS="423"/>
							<String ID="string_9" HPOS="438" VPOS="227" WIDTH="70" HEIGHT="22" WC="0.96" CONTENT="hellre"/><SP WIDTH="15" VPOS="227" HPOS="508"/>
							<String ID="string_10" HPOS="523" VPOS="227" WIDTH="51" HEIGHT="22" WC="0.91" CONTENT="från"/><SP WIDTH="15" VPOS="227" HPOS="574"/>
							<String ID="string_11" HPOS="589" VPOS="227" WIDTH="67" HEIGHT="28" WC="0.91" CONTENT="legan"/><SP WIDTH="15" VPOS="227" HPOS="656"/>
							<String ID="string_12" HPOS="671" VPOS="227" WIDTH="58" HEIGHT="21" WC="0.92" CONTENT="afstå"/><SP WIDTH="15" VPOS="227" HPOS="729"/>
							<String ID="string_13" HPOS="744" VPOS="227" WIDTH="43" HEIGHT="22" WC="0.96" CONTENT="och"/><SP WIDTH="10" VPOS="227" HPOS="787"/>
							<String ID="string_14" HPOS="797" VPOS="227" WIDTH="72" HEIGHT="21" WC="0.93" CONTENT="finnes"/><SP WIDTH="11" VPOS="227" HPOS="869"/>
							<String ID="string_15" HPOS="880" VPOS="233" WIDTH="51" HEIGHT="22" WC="0.91" CONTENT="ego-"/>
						</TextLine>
						<TextLine ID="line_2" HPOS="183" VPOS="261" WIDTH="749" HEIGHT="30">
							<String ID="string_16" HPOS="183" VPOS="263" WIDTH="159" HEIGHT="28" WC="0.95" CONTENT="minskningen"/><SP WIDTH="22" VPOS="263" HPOS="342"/>
							<String ID="string_17" HPOS="364" VPOS="263" WIDTH="53" HEIGHT="21" WC="0.95" CONTENT="eller"/><SP WIDTH="22" VPOS="263" HPOS="417"/>
							<String ID="string_18" HPOS="439" VPOS="262" WIDTH="85" HEIGHT="21" WC="0.96" CONTENT="skadan"/><SP WIDTH="22" VPOS="262" HPOS="524"/>
							<String ID="string_19" HPOS="546" VPOS="269" WIDTH="54" HEIGHT="15" WC="0.96" CONTENT="vara"/><SP WIDTH="21" VPOS="269" HPOS="600"/>
							<String ID="string_20" HPOS="621" VPOS="261" WIDTH="25" HEIGHT="22" WC="0.96" CONTENT="af"/><SP WIDTH="21" VPOS="261" HPOS="646"/>
							<String ID="string_21" HPOS="667" VPOS="261" WIDTH="44" HEIGHT="22" WC="0.96" CONTENT="den"/><SP WIDTH="21" VPOS="261" HPOS="711"/>
							<String ID="string_22" HPOS="732" VPOS="261" WIDTH="145" HEIGHT="29" WC="0.95" CONTENT="betydenhet,"/><SP WIDTH="22" VPOS="261" HPOS="877"/>
							<String ID="string_23" HPOS="899" VPOS="263" WIDTH="33" HEIGHT="19" WC="0.96" CONTENT="att"/>
						</TextLine>
						<TextLine ID="line_3" HPOS="184" VPOS="295" WIDTH="750" HEIGHT="30">
							<String ID="string_24" HPOS="184" VPOS="297" WIDTH="104" HEIGHT="28" WC="0.93" CONTENT="skäligen"/><SP WIDTH="21" VPOS="297" HPOS="288"/>
							<String ID="string_25" HPOS="309" VPOS="298" WIDTH="93" HEIGHT="27" WC="0.91" CONTENT="antagas"/><SP WIDTH="23" VPOS="298" HPOS="402"/>
							<String ID="string_26" HPOS="425" VPOS="296" WIDTH="51" HEIGHT="25" WC="0.94" CONTENT="kan,"/><SP WIDTH="24" VPOS="296" HPOS="476"/>
							<String ID="string_27" HPOS="500" VPOS="296" WIDTH="37" HEIGHT="22" WC="0.96" CONTENT="det"/><SP WIDTH="23" VPOS="296" HPOS="537"/>
							<String ID="string_28" HPOS="560" VPOS="296" WIDTH="45" HEIGHT="22" WC="0.96" CONTENT="han"/><SP WIDTH="18" VPOS="296" HPOS="605"/>
							<String ID="string_29" HPOS="623" VPOS="296" WIDTH="49" HEIGHT="22" WC="0.96" CONTENT="icke"/><SP WIDTH="16" VPOS="296" HPOS="672"/>
							<String ID="string_30" HPOS="688" VPOS="296" WIDTH="72" HEIGHT="21" WC="0.96" CONTENT="skulle"/><SP WIDTH="15" VPOS="296" HPOS="760"/>
							<String ID="string_31" HPOS="775" VPOS="295" WIDTH="70" HEIGHT="22" WC="0.96" CONTENT="hafva"/><SP WIDTH="14" VPOS="295" HPOS="845"/>
							<String ID="string_32" HPOS="859" VPOS="296" WIDTH="75" HEIGHT="27" WC="0.95" CONTENT="ingått"/>
						</TextLine>
						<TextLine ID="line_4" HPOS="184" VPOS="330" WIDTH="749" HEIGHT="30">
							<String ID="string_33" HPOS="184" VPOS="331" WIDTH="138" HEIGHT="29" WC="0.90" CONTENT="legoaftalet,"/><SP WIDTH="23" VPOS="331" HPOS="322"/>
							<String ID="string_34" HPOS="345" VPOS="338" WIDTH="37" HEIGHT="14" WC="0.96" CONTENT="om"/><SP WIDTH="15" VPOS="338" HPOS="382"/>
							<String ID="string_35" HPOS="397" VPOS="330" WIDTH="151" HEIGHT="22" WC="0.93" CONTENT="förhållandet"/><SP WIDTH="16" VPOS="330" HPOS="548"/>
							<String ID="string_36" HPOS="564" VPOS="330" WIDTH="144" HEIGHT="22" WC="0.90" CONTENT="derförinnan"/><SP WIDTH="15" VPOS="330" HPOS="708"/>
							<String ID="string_37" HPOS="723" VPOS="330" WIDTH="92" HEIGHT="26" WC="0.92" CONTENT="inträdt,"/><SP WIDTH="16" VPOS="330" HPOS="815"/>
							<String ID="string_38" HPOS="831" VPOS="338" WIDTH="42" HEIGHT="20" WC="0.92" CONTENT="ege"/><SP WIDTH="15" VPOS="338" HPOS="873"/>
							<String ID="string_39" HPOS="888" VPOS="332" WIDTH="45" HEIGHT="19" WC="0.96" CONTENT="rätt"/>
						</TextLine>
						<TextLine ID="line_5" HPOS="187" VPOS="364" WIDTH="748" HEIGHT="30">
							<String ID="string_40" HPOS="187" VPOS="369" WIDTH="33" HEIGHT="19" WC="0.93" CONTENT="att"/><SP WIDTH="21" VPOS="369" HPOS="220"/>
							<String ID="string_41" HPOS="241" VPOS="366" WIDTH="68" HEIGHT="28" WC="0.92" CONTENT="legan"/><SP WIDTH="20" VPOS="366" HPOS="309"/>
							<String ID="string_42" HPOS="329" VPOS="368" WIDTH="103" HEIGHT="26" WC="0.92" CONTENT="uppsäga"/><SP WIDTH="15" VPOS="368" HPOS="432"/>
							<String ID="string_43" HPOS="447" VPOS="364" WIDTH="43" HEIGHT="22" WC="0.97" CONTENT="och"/><SP WIDTH="15" VPOS="364" HPOS="490"/>
							<String ID="string_44" HPOS="505" VPOS="367" WIDTH="32" HEIGHT="19" WC="0.93" CONTENT="att"/><SP WIDTH="15" VPOS="367" HPOS="537"/>
							<String ID="string_45" HPOS="552" VPOS="365" WIDTH="90" HEIGHT="28" WC="0.92" CONTENT="afflytta"/><SP WIDTH="14" VPOS="365" HPOS="642"/>
							<String ID="string_46" HPOS="656" VPOS="367" WIDTH="65" HEIGHT="19" WC="0.93" CONTENT="nästa"/><SP WIDTH="15" VPOS="367" HPOS="721"/>
							<String ID="string_47" HPOS="736" VPOS="364" WIDTH="87" HEIGHT="29" WC="0.91" CONTENT="fardag,"/><SP WIDTH="16" VPOS="364" HPOS="823"/>
							<String ID="string_48" HPOS="839" VPOS="372" WIDTH="36" HEIGHT="14" WC="0.96" CONTENT="om"/><SP WIDTH="15" VPOS="372" HPOS="875"/>
							<String ID="string_49" HPOS="890" VPOS="365" WIDTH="45" HEIGHT="21" WC="0.96" CONTENT="han"/>
						</TextLine>
						<TextLine ID="line_6" HPOS="186" VPOS="398" WIDTH="748" HEIGHT="30">
							<String ID="string_50" HPOS="186" VPOS="401" WIDTH="39" HEIGHT="21" WC="0.96" CONTENT="vid"/><SP WIDTH="22" VPOS="401" HPOS="225"/>
							<String ID="string_51" HPOS="247" VPOS="400" WIDTH="174" HEIGHT="28" WC="0.93" CONTENT="uppsägningen"/><SP WIDTH="18" VPOS="400" HPOS="421"/>
							<String ID="string_52" HPOS="439" VPOS="399" WIDTH="190" HEIGHT="29" WC="0.92" CONTENT="tillkännagifver,"/><SP WIDTH="16" VPOS="399" HPOS="629"/>
							<String ID="string_53" HPOS="645" VPOS="402" WIDTH="33" HEIGHT="18" WC="0.96" CONTENT="att"/><SP WIDTH="14" VPOS="402" HPOS="678"/>
							<String ID="string_54" HPOS="692" VPOS="398" WIDTH="45" HEIGHT="22" WC="0.96" CONTENT="han"/><SP WIDTH="15" VPOS="398" HPOS="737"/>
							<String ID="string_55" HPOS="752" VPOS="399" WIDTH="52" HEIGHT="29" WC="0.93" CONTENT="laga"/><SP WIDTH="14" VPOS="399" HPOS="804"/>
							<String ID="string_56" HPOS="818" VPOS="398" WIDTH="81" HEIGHT="30" WC="0.91" CONTENT="fardag"/><SP WIDTH="15" VPOS="398" HPOS="899"/>
							<String ID="string_57" HPOS="914" VPOS="398" WIDTH="20" HEIGHT="29" WC="0.95" CONTENT="ej"/>
						</TextLine>
						<TextLine ID="line_7" HPOS="186" VPOS="434" WIDTH="125" HEIGHT="30">
							<String ID="string_58" HPOS="186" VPOS="435" WIDTH="64" HEIGHT="29" WC="0.95" CONTENT="njuta"/><SP WIDTH="15" VPOS="435" HPOS="250"/>
							<String ID="string_59" HPOS="265" VPOS="434" WIDTH="46" HEIGHT="22" WC="0.95" CONTENT="vill."/>
						</TextLine>
					</TextBlock>
				</ComposedBlock>
				<ComposedBlock ID="cblock_2" HPOS="187" VPOS="528" WIDTH="754" HEIGHT="386">
					<TextBlock ID="block_2" HPOS="530" VPOS="528" WIDTH="62" HEIGHT="28">
						<TextLine ID="line_8" HPOS="530" VPOS="528" WIDTH="62" HEIGHT="28">
							<String ID="string_60" HPOS="530" VPOS="529" WIDTH="26" HEIGHT="19" WC="0.89" CONTENT="38"/><SP WIDTH="16" VPOS="529" HPOS="556"/>
							<String ID="string_61" HPOS="572" VPOS="528" WIDTH="20" HEIGHT="28" WC="0.65" CONTENT="8."/>
						</TextLine>
					</TextBlock>
					<TextBlock ID="block_3" HPOS="187" VPOS="573" WIDTH="754" HEIGHT="341">
						<TextLine ID="line_9" HPOS="254" VPOS="573" WIDTH="683" HEIGHT="29">
							<String ID="string_62" HPOS="254" VPOS="573" WIDTH="76" HEIGHT="22" WC="0.90" CONTENT="Hafva"/><SP WIDTH="17" VPOS="573" HPOS="330"/>
							<String ID="string_63" HPOS="347" VPOS="573" WIDTH="39" HEIGHT="21" WC="0.96" CONTENT="vid"/><SP WIDTH="15" VPOS="573" HPOS="386"/>
							<String ID="string_64" HPOS="401" VPOS="573" WIDTH="68" HEIGHT="22" WC="0.96" CONTENT="skifte"/><SP WIDTH="15" VPOS="573" HPOS="469"/>
							<String ID="string_65" HPOS="484" VPOS="574" WIDTH="54" HEIGHT="22" WC="0.93" CONTENT="eller"/><SP WIDTH="15" VPOS="574" HPOS="538"/>
							<String ID="string_66" HPOS="553" VPOS="575" WIDTH="86" HEIGHT="27" WC="0.91" CONTENT="rågång"/><SP WIDTH="14" VPOS="575" HPOS="639"/>
							<String ID="string_67" HPOS="653" VPOS="574" WIDTH="80" HEIGHT="27" WC="0.91" CONTENT="utlegd"/><SP WIDTH="15" VPOS="574" HPOS="733"/>
							<String ID="string_68" HPOS="748" VPOS="573" WIDTH="118" HEIGHT="28" WC="0.92" CONTENT="lägenhets"/><SP WIDTH="15" VPOS="573" HPOS="866"/>
							<String ID="string_69" HPOS="881" VPOS="581" WIDTH="56" HEIGHT="20" WC="0.91" CONTENT="egor"/>
						</TextLine>
						<TextLine ID="line_10" HPOS="187" VPOS="607" WIDTH="751" HEIGHT="30">
							<String ID="string_70" HPOS="187" VPOS="609" WIDTH="101" HEIGHT="28" WC="0.92" CONTENT="frångått"/><SP WIDTH="25" VPOS="609" HPOS="288"/>
							<String ID="string_71" HPOS="313" VPOS="615" WIDTH="82" HEIGHT="21" WC="0.91" CONTENT="egaren"/><SP WIDTH="23" VPOS="615" HPOS="395"/>
							<String ID="string_72" HPOS="418" VPOS="608" WIDTH="53" HEIGHT="21" WC="0.93" CONTENT="eller"/><SP WIDTH="23" VPOS="608" HPOS="471"/>
							<String ID="string_73" HPOS="494" VPOS="608" WIDTH="70" HEIGHT="22" WC="0.90" CONTENT="varda"/><SP WIDTH="22" VPOS="608" HPOS="564"/>
							<String ID="string_74" HPOS="586" VPOS="615" WIDTH="84" HEIGHT="21" WC="0.88" CONTENT="egorna"/><SP WIDTH="22" VPOS="615" HPOS="670"/>
							<String ID="string_75" HPOS="692" VPOS="609" WIDTH="25" HEIGHT="20" WC="0.95" CONTENT="så"/><SP WIDTH="23" VPOS="609" HPOS="717"/>
							<String ID="string_76" HPOS="740" VPOS="607" WIDTH="141" HEIGHT="27" WC="0.95" CONTENT="förändrade,"/><SP WIDTH="24" VPOS="607" HPOS="881"/>
							<String ID="string_77" HPOS="905" VPOS="610" WIDTH="33" HEIGHT="19" WC="0.96" CONTENT="att"/>
						</TextLine>
						<TextLine ID="line_11" HPOS="187" VPOS="643" WIDTH="751" HEIGHT="28">
							<String ID="string_78" HPOS="187" VPOS="643" WIDTH="123" HEIGHT="22" WC="0.92" CONTENT="brukarens"/><SP WIDTH="23" VPOS="643" HPOS="310"/>
							<String ID="string_79" HPOS="333" VPOS="645" WIDTH="66" HEIGHT="26" WC="0.96" CONTENT="nytta"/><SP WIDTH="22" VPOS="645" HPOS="399"/>
							<String ID="string_80" HPOS="421" VPOS="643" WIDTH="25" HEIGHT="21" WC="0.96" CONTENT="af"/><SP WIDTH="22" VPOS="643" HPOS="446"/>
							<String ID="string_81" HPOS="468" VPOS="643" WIDTH="50" HEIGHT="22" WC="0.96" CONTENT="dem"/><SP WIDTH="22" VPOS="643" HPOS="518"/>
							<String ID="string_82" HPOS="540" VPOS="643" WIDTH="7" HEIGHT="21" WC="0.96" CONTENT="i"/><SP WIDTH="22" VPOS="643" HPOS="547"/>
							<String ID="string_83" HPOS="569" VPOS="643" WIDTH="113" HEIGHT="28" WC="0.96" CONTENT="väsentlig"/><SP WIDTH="14" VPOS="643" HPOS="682"/>
							<String ID="string_84" HPOS="696" VPOS="645" WIDTH="53" HEIGHT="19" WC="0.96" CONTENT="mån"/><SP WIDTH="14" VPOS="645" HPOS="749"/>
							<String ID="string_85" HPOS="763" VPOS="643" WIDTH="105" HEIGHT="26" WC="0.96" CONTENT="minskas,"/><SP WIDTH="16" VPOS="643" HPOS="868"/>
							<String ID="string_86" HPOS="884" VPOS="650" WIDTH="54" HEIGHT="15" WC="0.94" CONTENT="vare"/>
						</TextLine>
						<TextLine ID="line_12" HPOS="187" VPOS="677" WIDTH="751" HEIGHT="29">
							<String ID="string_87" HPOS="187" VPOS="678" WIDTH="37" HEIGHT="28" WC="0.95" CONTENT="lag"/><SP WIDTH="22" VPOS="678" HPOS="224"/>
							<String ID="string_88" HPOS="246" VPOS="685" WIDTH="48" HEIGHT="14" WC="0.96" CONTENT="som"/><SP WIDTH="22" VPOS="685" HPOS="294"/>
							<String ID="string_89" HPOS="316" VPOS="678" WIDTH="7" HEIGHT="21" WC="0.89" CONTENT="i"/><SP WIDTH="16" VPOS="678" HPOS="323"/>
							<String ID="string_90" HPOS="339" VPOS="679" WIDTH="26" HEIGHT="20" WC="0.89" CONTENT="37"/><SP WIDTH="16" VPOS="679" HPOS="365"/>
							<String ID="string_91" HPOS="381" VPOS="677" WIDTH="14" HEIGHT="29" WC="0.92" CONTENT="&amp;"/><SP WIDTH="16" VPOS="677" HPOS="395"/>
							<String ID="string_92" HPOS="411" VPOS="681" WIDTH="73" HEIGHT="24" WC="0.96" CONTENT="säges."/><SP WIDTH="31" VPOS="681" HPOS="484"/>
							<String ID="string_93" HPOS="515" VPOS="678" WIDTH="48" HEIGHT="21" WC="0.92" CONTENT="Har"/><SP WIDTH="13" VPOS="678" HPOS="563"/>
							<String ID="string_94" HPOS="576" VPOS="677" WIDTH="135" HEIGHT="29" WC="0.92" CONTENT="jordegaren"/><SP WIDTH="17" VPOS="677" HPOS="711"/>
							<String ID="string_95" HPOS="728" VPOS="677" WIDTH="69" HEIGHT="22" WC="0.96" CONTENT="betalt"/><SP WIDTH="15" VPOS="677" HPOS="797"/>
							<String ID="string_96" HPOS="812" VPOS="678" WIDTH="126" HEIGHT="27" WC="0.96" CONTENT="ersättning"/>
						</TextLine>
						<TextLine ID="line_13" HPOS="187" VPOS="711" WIDTH="752" HEIGHT="29">
							<String ID="string_97" HPOS="187" VPOS="712" WIDTH="36" HEIGHT="21" WC="0.93" CONTENT="för"/><SP WIDTH="14" VPOS="712" HPOS="223"/>
							<String ID="string_98" HPOS="237" VPOS="711" WIDTH="131" HEIGHT="23" WC="0.92" CONTENT="verkstälda"/><SP WIDTH="15" VPOS="711" HPOS="368"/>
							<String ID="string_99" HPOS="383" VPOS="711" WIDTH="103" HEIGHT="29" WC="0.96" CONTENT="odlingar"/><SP WIDTH="16" VPOS="711" HPOS="486"/>
							<String ID="string_100" HPOS="502" VPOS="712" WIDTH="54" HEIGHT="21" WC="0.96" CONTENT="eller"/><SP WIDTH="14" VPOS="712" HPOS="556"/>
							<String ID="string_101" HPOS="570" VPOS="711" WIDTH="35" HEIGHT="22" WC="0.96" CONTENT="för"/><SP WIDTH="16" VPOS="711" HPOS="605"/>
							<String ID="string_102" HPOS="621" VPOS="711" WIDTH="73" HEIGHT="22" WC="0.93" CONTENT="bättre"/><SP WIDTH="14" VPOS="711" HPOS="694"/>
							<String ID="string_103" HPOS="708" VPOS="711" WIDTH="56" HEIGHT="22" WC="0.92" CONTENT="häfd"/><SP WIDTH="16" VPOS="711" HPOS="764"/>
							<String ID="string_104" HPOS="780" VPOS="713" WIDTH="12" HEIGHT="20" WC="0.78" CONTENT="å"/><SP WIDTH="10" VPOS="713" HPOS="792"/>
							<String ID="string_105" HPOS="802" VPOS="711" WIDTH="137" HEIGHT="29" WC="0.95" CONTENT="lägenheten"/>
						</TextLine>
						<TextLine ID="line_14" HPOS="188" VPOS="745" WIDTH="751" HEIGHT="30">
							<String ID="string_106" HPOS="188" VPOS="746" WIDTH="120" HEIGHT="21" WC="0.91" CONTENT="tillskiftad"/><SP WIDTH="19" VPOS="746" HPOS="308"/>
							<String ID="string_107" HPOS="327" VPOS="746" WIDTH="59" HEIGHT="29" WC="0.95" CONTENT="jord,"/><SP WIDTH="23" VPOS="746" HPOS="386"/>
							<String ID="string_108" HPOS="409" VPOS="753" WIDTH="48" HEIGHT="14" WC="0.96" CONTENT="som"/><SP WIDTH="20" VPOS="753" HPOS="457"/>
							<String ID="string_109" HPOS="477" VPOS="746" WIDTH="97" HEIGHT="22" WC="0.96" CONTENT="brukare"/><SP WIDTH="16" VPOS="746" HPOS="574"/>
							<String ID="string_110" HPOS="590" VPOS="746" WIDTH="88" HEIGHT="21" WC="0.95" CONTENT="erhållit"/><SP WIDTH="14" VPOS="746" HPOS="678"/>
							<String ID="string_111" HPOS="692" VPOS="746" WIDTH="7" HEIGHT="21" WC="0.96" CONTENT="i"/><SP WIDTH="15" VPOS="746" HPOS="699"/>
							<String ID="string_112" HPOS="714" VPOS="746" WIDTH="75" HEIGHT="22" WC="0.96" CONTENT="stället"/><SP WIDTH="15" VPOS="746" HPOS="789"/>
							<String ID="string_113" HPOS="804" VPOS="745" WIDTH="36" HEIGHT="22" WC="0.96" CONTENT="för"/><SP WIDTH="14" VPOS="745" HPOS="840"/>
							<String ID="string_114" HPOS="854" VPOS="746" WIDTH="85" HEIGHT="22" WC="0.96" CONTENT="honom"/>
						</TextLine>
						<TextLine ID="line_15" HPOS="188" VPOS="780" WIDTH="753" HEIGHT="29">
							<String ID="string_115" HPOS="188" VPOS="781" WIDTH="144" HEIGHT="28" WC="0.91" CONTENT="frångångna"/><SP WIDTH="15" VPOS="781" HPOS="332"/>
							<String ID="string_116" HPOS="347" VPOS="787" WIDTH="60" HEIGHT="22" WC="0.91" CONTENT="egor,"/><SP WIDTH="16" VPOS="787" HPOS="407"/>
							<String ID="string_117" HPOS="423" VPOS="780" WIDTH="43" HEIGHT="22" WC="0.96" CONTENT="och"/><SP WIDTH="14" VPOS="780" HPOS="466"/>
							<String ID="string_118" HPOS="480" VPOS="781" WIDTH="42" HEIGHT="21" WC="0.93" CONTENT="har"/><SP WIDTH="15" VPOS="781" HPOS="522"/>
							<String ID="string_119" HPOS="537" VPOS="781" WIDTH="123" HEIGHT="22" WC="0.92" CONTENT="brukarens"/><SP WIDTH="16" VPOS="781" HPOS="660"/>
							<String ID="string_120" HPOS="676" VPOS="781" WIDTH="99" HEIGHT="22" WC="0.92" CONTENT="afkomst"/><SP WIDTH="13" VPOS="781" HPOS="775"/>
							<String ID="string_121" HPOS="788" VPOS="781" WIDTH="7" HEIGHT="21" WC="0.96" CONTENT="i"/><SP WIDTH="11" VPOS="781" HPOS="795"/>
							<String ID="string_122" HPOS="806" VPOS="780" WIDTH="58" HEIGHT="29" WC="0.96" CONTENT="följd"/><SP WIDTH="10" VPOS="780" HPOS="864"/>
							<String ID="string_123" HPOS="874" VPOS="781" WIDTH="67" HEIGHT="21" WC="0.96" CONTENT="deraf"/>
						</TextLine>
						<TextLine ID="line_16" HPOS="189" VPOS="813" WIDTH="752" HEIGHT="32">
							<String ID="string_124" HPOS="189" VPOS="815" WIDTH="141" HEIGHT="29" WC="0.96" CONTENT="väsentligen"/><SP WIDTH="22" VPOS="815" HPOS="330"/>
							<String ID="string_125" HPOS="352" VPOS="815" WIDTH="71" HEIGHT="26" WC="0.96" CONTENT="ökats,"/><SP WIDTH="22" VPOS="815" HPOS="423"/>
							<String ID="string_126" HPOS="445" VPOS="823" WIDTH="53" HEIGHT="14" WC="0.93" CONTENT="vare"/><SP WIDTH="19" VPOS="823" HPOS="498"/>
							<String ID="string_127" HPOS="517" VPOS="815" WIDTH="156" HEIGHT="30" WC="0.91" CONTENT="legogifvaren"/><SP WIDTH="15" VPOS="815" HPOS="673"/>
							<String ID="string_128" HPOS="688" VPOS="815" WIDTH="129" HEIGHT="30" WC="0.96" CONTENT="berättigad"/><SP WIDTH="15" VPOS="815" HPOS="817"/>
							<String ID="string_129" HPOS="832" VPOS="817" WIDTH="32" HEIGHT="20" WC="0.93" CONTENT="att"/><SP WIDTH="15" VPOS="817" HPOS="864"/>
							<String ID="string_130" HPOS="879" VPOS="813" WIDTH="62" HEIGHT="31" WC="0.93" CONTENT="lego-"/>
						</TextLine>
						<TextLine ID="line_17" HPOS="189" VPOS="850" WIDTH="751" HEIGHT="29">
							<String ID="string_131" HPOS="189" VPOS="850" WIDTH="78" HEIGHT="21" WC="0.88" CONTENT="aftalet"/><SP WIDTH="22" VPOS="850" HPOS="267"/>
							<String ID="string_132" HPOS="289" VPOS="853" WIDTH="108" HEIGHT="26" WC="0.92" CONTENT="uppsäga,"/><SP WIDTH="24" VPOS="853" HPOS="397"/>
							<String ID="string_133" HPOS="421" VPOS="850" WIDTH="39" HEIGHT="21" WC="0.96" CONTENT="der"/><SP WIDTH="22" VPOS="850" HPOS="460"/>
							<String ID="string_134" HPOS="482" VPOS="850" WIDTH="113" HEIGHT="22" WC="0.95" CONTENT="brukaren"/><SP WIDTH="22" VPOS="850" HPOS="595"/>
							<String ID="string_135" HPOS="617" VPOS="850" WIDTH="19" HEIGHT="28" WC="0.96" CONTENT="ej"/><SP WIDTH="23" VPOS="850" HPOS="636"/>
							<String ID="string_136" HPOS="659" VPOS="850" WIDTH="41" HEIGHT="22" WC="0.95" CONTENT="vill"/><SP WIDTH="22" VPOS="850" HPOS="700"/>
							<String ID="string_137" HPOS="722" VPOS="850" WIDTH="106" HEIGHT="22" WC="0.96" CONTENT="förbinda"/><SP WIDTH="22" VPOS="850" HPOS="828"/>
							<String ID="string_138" HPOS="850" VPOS="851" WIDTH="35" HEIGHT="28" WC="0.92" CONTENT="sig"/><SP WIDTH="20" VPOS="851" HPOS="885"/>
							<String ID="string_139" HPOS="905" VPOS="850" WIDTH="35" HEIGHT="21" WC="0.92" CONTENT="till"/>
						</TextLine>
						<TextLine ID="line_18" HPOS="189" VPOS="884" WIDTH="749" HEIGHT="30">
							<String ID="string_140" HPOS="189" VPOS="884" WIDTH="73" HEIGHT="28" WC="0.96" CONTENT="skälig"/><SP WIDTH="13" VPOS="884" HPOS="262"/>
							<String ID="string_141" HPOS="275" VPOS="884" WIDTH="132" HEIGHT="29" WC="0.95" CONTENT="förhöjning"/><SP WIDTH="10" VPOS="884" HPOS="407"/>
							<String ID="string_142" HPOS="417" VPOS="884" WIDTH="26" HEIGHT="21" WC="0.93" CONTENT="af"/><SP WIDTH="7" VPOS="884" HPOS="443"/>
							<String ID="string_143" HPOS="450" VPOS="884" WIDTH="68" HEIGHT="28" WC="0.92" CONTENT="legan"/><SP WIDTH="10" VPOS="884" HPOS="518"/>
							<String ID="string_144" HPOS="528" VPOS="885" WIDTH="73" HEIGHT="21" WC="0.95" CONTENT="under"/><SP WIDTH="10" VPOS="885" HPOS="601"/>
							<String ID="string_145" HPOS="611" VPOS="884" WIDTH="44" HEIGHT="22" WC="0.96" CONTENT="den"/><SP WIDTH="10" VPOS="884" HPOS="655"/>
							<String ID="string_146" HPOS="665" VPOS="885" WIDTH="141" HEIGHT="21" WC="0.92" CONTENT="återstående"/><SP WIDTH="11" VPOS="885" HPOS="806"/>
							<String ID="string_147" HPOS="817" VPOS="885" WIDTH="121" HEIGHT="29" WC="0.91" CONTENT="legotiden."/>
						</TextLine>
					</TextBlock>
				</ComposedBlock>
				<ComposedBlock ID="cblock_3" HPOS="190" VPOS="977" WIDTH="751" HEIGHT="279">
					<TextBlock ID="block_4" HPOS="536" VPOS="977" WIDTH="63" HEIGHT="29">
						<TextLine ID="line_19" HPOS="536" VPOS="977" WIDTH="63" HEIGHT="29">
							<String ID="string_148" HPOS="536" VPOS="978" WIDTH="26" HEIGHT="20" WC="0.94" CONTENT="39"/><SP WIDTH="16" VPOS="978" HPOS="562"/>
							<String ID="string_149" HPOS="578" VPOS="977" WIDTH="21" HEIGHT="29" WC="0.94" CONTENT="8."/>
						</TextLine>
					</TextBlock>
					<TextBlock ID="block_5" HPOS="190" VPOS="1021" WIDTH="751" HEIGHT="235">
						<TextLine ID="line_20" HPOS="257" VPOS="1021" WIDTH="684" HEIGHT="30">
							<String ID="string_150" HPOS="257" VPOS="1021" WIDTH="87" HEIGHT="22" WC="0.92" CONTENT="Varder"/><SP WIDTH="22" VPOS="1021" HPOS="344"/>
							<String ID="string_151" HPOS="366" VPOS="1022" WIDTH="35" HEIGHT="21" WC="0.96" CONTENT="till"/><SP WIDTH="21" VPOS="1022" HPOS="401"/>
							<String ID="string_152" HPOS="422" VPOS="1021" WIDTH="58" HEIGHT="29" WC="0.96" CONTENT="följd"/><SP WIDTH="23" VPOS="1021" HPOS="480"/>
							<String ID="string_153" HPOS="503" VPOS="1022" WIDTH="25" HEIGHT="22" WC="0.96" CONTENT="af"/><SP WIDTH="20" VPOS="1022" HPOS="528"/>
							<String ID="string_154" HPOS="548" VPOS="1022" WIDTH="69" HEIGHT="22" WC="0.96" CONTENT="skifte"/><SP WIDTH="22" VPOS="1022" HPOS="617"/>
							<String ID="string_155" HPOS="639" VPOS="1022" WIDTH="53" HEIGHT="22" WC="0.93" CONTENT="eller"/><SP WIDTH="22" VPOS="1022" HPOS="692"/>
							<String ID="string_156" HPOS="714" VPOS="1024" WIDTH="88" HEIGHT="27" WC="0.91" CONTENT="rågång"/><SP WIDTH="21" VPOS="1024" HPOS="802"/>
							<String ID="string_157" HPOS="823" VPOS="1023" WIDTH="37" HEIGHT="21" WC="0.93" CONTENT="för"/><SP WIDTH="19" VPOS="1023" HPOS="860"/>
							<String ID="string_158" HPOS="879" VPOS="1022" WIDTH="62" HEIGHT="29" WC="0.91" CONTENT="jord-"/>
						</TextLine>
						<TextLine ID="line_21" HPOS="190" VPOS="1056" WIDTH="751" HEIGHT="29">
							<String ID="string_159" HPOS="190" VPOS="1063" WIDTH="83" HEIGHT="21" WC="0.92" CONTENT="egaren"/><SP WIDTH="21" VPOS="1063" HPOS="273"/>
							<String ID="string_160" HPOS="294" VPOS="1056" WIDTH="140" HEIGHT="28" WC="0.95" CONTENT="nödvändigt"/><SP WIDTH="22" VPOS="1056" HPOS="434"/>
							<String ID="string_161" HPOS="456" VPOS="1058" WIDTH="33" HEIGHT="19" WC="0.96" CONTENT="att"/><SP WIDTH="22" VPOS="1058" HPOS="489"/>
							<String ID="string_162" HPOS="511" VPOS="1056" WIDTH="36" HEIGHT="22" WC="0.93" CONTENT="för"/><SP WIDTH="21" VPOS="1056" HPOS="547"/>
							<String ID="string_163" HPOS="568" VPOS="1056" WIDTH="148" HEIGHT="22" WC="0.91" CONTENT="bedrifvande"/><SP WIDTH="21" VPOS="1056" HPOS="716"/>
							<String ID="string_164" HPOS="737" VPOS="1056" WIDTH="25" HEIGHT="22" WC="0.96" CONTENT="af"/><SP WIDTH="16" VPOS="1056" HPOS="762"/>
							<String ID="string_165" HPOS="778" VPOS="1057" WIDTH="39" HEIGHT="21" WC="0.96" CONTENT="sitt"/><SP WIDTH="12" VPOS="1057" HPOS="817"/>
							<String ID="string_166" HPOS="829" VPOS="1057" WIDTH="112" HEIGHT="28" WC="0.96" CONTENT="jordbruk"/>
						</TextLine>
						<TextLine ID="line_22" HPOS="190" VPOS="1090" WIDTH="751" HEIGHT="31">
							<String ID="string_167" HPOS="190" VPOS="1093" WIDTH="53" HEIGHT="26" WC="0.96" CONTENT="taga"/><SP WIDTH="21" VPOS="1093" HPOS="243"/>
							<String ID="string_168" HPOS="264" VPOS="1090" WIDTH="85" HEIGHT="22" WC="0.96" CONTENT="honom"/><SP WIDTH="16" VPOS="1090" HPOS="349"/>
							<String ID="string_169" HPOS="365" VPOS="1090" WIDTH="107" HEIGHT="29" WC="0.96" CONTENT="tillhörig,"/><SP WIDTH="16" VPOS="1090" HPOS="472"/>
							<String ID="string_170" HPOS="488" VPOS="1092" WIDTH="23" HEIGHT="20" WC="0.96" CONTENT="åt"/><SP WIDTH="16" VPOS="1092" HPOS="511"/>
							<String ID="string_171" HPOS="527" VPOS="1098" WIDTH="75" HEIGHT="15" WC="0.93" CONTENT="annan"/><SP WIDTH="15" VPOS="1098" HPOS="602"/>
							<String ID="string_172" HPOS="617" VPOS="1094" WIDTH="13" HEIGHT="19" WC="0.91" CONTENT="å"/><SP WIDTH="15" VPOS="1094" HPOS="630"/>
							<String ID="string_173" HPOS="645" VPOS="1092" WIDTH="51" HEIGHT="28" WC="0.96" CONTENT="lega"/><SP WIDTH="14" VPOS="1092" HPOS="696"/>
							<String ID="string_174" HPOS="710" VPOS="1091" WIDTH="110" HEIGHT="29" WC="0.96" CONTENT="upplåten"/><SP WIDTH="14" VPOS="1091" HPOS="820"/>
							<String ID="string_175" HPOS="834" VPOS="1092" WIDTH="107" HEIGHT="29" WC="0.96" CONTENT="lägenhet"/>
						</TextLine>
						<TextLine ID="line_23" HPOS="190" VPOS="1125" WIDTH="750" HEIGHT="30">
							<String ID="string_176" HPOS="190" VPOS="1125" WIDTH="71" HEIGHT="22" WC="0.95" CONTENT="under"/><SP WIDTH="23" VPOS="1125" HPOS="261"/>
							<String ID="string_177" HPOS="284" VPOS="1127" WIDTH="51" HEIGHT="26" WC="0.95" CONTENT="eget"/><SP WIDTH="22" VPOS="1127" HPOS="335"/>
							<String ID="string_178" HPOS="357" VPOS="1125" WIDTH="65" HEIGHT="26" WC="0.96" CONTENT="bruk,"/><SP WIDTH="22" VPOS="1125" HPOS="422"/>
							<String ID="string_179" HPOS="444" VPOS="1133" WIDTH="54" HEIGHT="14" WC="0.96" CONTENT="vare"/><SP WIDTH="17" VPOS="1133" HPOS="498"/>
							<String ID="string_180" HPOS="515" VPOS="1125" WIDTH="128" HEIGHT="29" WC="0.95" CONTENT="berättigad"/><SP WIDTH="15" VPOS="1125" HPOS="643"/>
							<String ID="string_181" HPOS="658" VPOS="1129" WIDTH="32" HEIGHT="18" WC="0.96" CONTENT="att"/><SP WIDTH="15" VPOS="1129" HPOS="690"/>
							<String ID="string_182" HPOS="705" VPOS="1125" WIDTH="77" HEIGHT="22" WC="0.93" CONTENT="fordra"/><SP WIDTH="16" VPOS="1125" HPOS="782"/>
							<String ID="string_183" HPOS="798" VPOS="1126" WIDTH="142" HEIGHT="29" WC="0.90" CONTENT="legoaftalets"/>
						</TextLine>
						<TextLine ID="line_24" HPOS="191" VPOS="1159" WIDTH="749" HEIGHT="29">
							<String ID="string_184" HPOS="191" VPOS="1159" WIDTH="118" HEIGHT="22" WC="0.90" CONTENT="häfvande."/><SP WIDTH="31" VPOS="1159" HPOS="309"/>
							<String ID="string_185" HPOS="340" VPOS="1159" WIDTH="84" HEIGHT="21" WC="0.92" CONTENT="Finnas"/><SP WIDTH="23" VPOS="1159" HPOS="424"/>
							<String ID="string_186" HPOS="447" VPOS="1160" WIDTH="77" HEIGHT="21" WC="0.96" CONTENT="skälen"/><SP WIDTH="18" VPOS="1160" HPOS="524"/>
							<String ID="string_187" HPOS="542" VPOS="1160" WIDTH="36" HEIGHT="22" WC="0.96" CONTENT="för"/><SP WIDTH="14" VPOS="1160" HPOS="578"/>
							<String ID="string_188" HPOS="592" VPOS="1161" WIDTH="113" HEIGHT="27" WC="0.96" CONTENT="yrkandet"/><SP WIDTH="15" VPOS="1161" HPOS="705"/>
							<String ID="string_189" HPOS="720" VPOS="1160" WIDTH="86" HEIGHT="28" WC="0.96" CONTENT="giltiga,"/><SP WIDTH="15" VPOS="1160" HPOS="806"/>
							<String ID="string_190" HPOS="821" VPOS="1168" WIDTH="53" HEIGHT="14" WC="0.93" CONTENT="vare"/><SP WIDTH="15" VPOS="1168" HPOS="874"/>
							<String ID="string_191" HPOS="889" VPOS="1161" WIDTH="51" HEIGHT="21" WC="0.93" CONTENT="bru-"/>
						</TextLine>
						<TextLine ID="line_25" HPOS="191" VPOS="1193" WIDTH="750" HEIGHT="31">
							<String ID="string_192" HPOS="191" VPOS="1194" WIDTH="69" HEIGHT="21" WC="0.92" CONTENT="karen"/><SP WIDTH="22" VPOS="1194" HPOS="260"/>
							<String ID="string_193" HPOS="282" VPOS="1193" WIDTH="93" HEIGHT="29" WC="0.96" CONTENT="skyldig"/><SP WIDTH="22" VPOS="1193" HPOS="375"/>
							<String ID="string_194" HPOS="397" VPOS="1196" WIDTH="32" HEIGHT="18" WC="0.96" CONTENT="att"/><SP WIDTH="22" VPOS="1196" HPOS="429"/>
							<String ID="string_195" HPOS="451" VPOS="1194" WIDTH="136" HEIGHT="28" WC="0.92" CONTENT="lägenheten"/><SP WIDTH="22" VPOS="1194" HPOS="587"/>
							<String ID="string_196" HPOS="609" VPOS="1194" WIDTH="97" HEIGHT="26" WC="0.92" CONTENT="afträda;"/><SP WIDTH="23" VPOS="1194" HPOS="706"/>
							<String ID="string_197" HPOS="729" VPOS="1194" WIDTH="63" HEIGHT="28" WC="0.91" CONTENT="njute"/><SP WIDTH="22" VPOS="1194" HPOS="792"/>
							<String ID="string_198" HPOS="814" VPOS="1194" WIDTH="58" HEIGHT="22" WC="0.96" CONTENT="dock"/><SP WIDTH="17" VPOS="1194" HPOS="872"/>
							<String ID="string_199" HPOS="889" VPOS="1195" WIDTH="52" HEIGHT="29" WC="0.96" CONTENT="laga"/>
						</TextLine>
						<TextLine ID="line_26" HPOS="191" VPOS="1228" WIDTH="87" HEIGHT="28">
							<String ID="string_200" HPOS="191" VPOS="1228" WIDTH="87" HEIGHT="28" WC="0.90" CONTENT="fardag."/>
						</TextLine>
					</TextBlock>
				</ComposedBlock>
				<ComposedBlock ID="cblock_4" HPOS="191" VPOS="1292" WIDTH="752" HEIGHT="210">
					<TextBlock ID="block_6" HPOS="534" VPOS="1292" WIDTH="64" HEIGHT="27">
						<TextLine ID="line_27" HPOS="534" VPOS="1292" WIDTH="64" HEIGHT="27">
							<String ID="string_201" HPOS="534" VPOS="1293" WIDTH="28" HEIGHT="19" WC="0.95" CONTENT="40"/><SP WIDTH="15" VPOS="1293" HPOS="562"/>
							<String ID="string_202" HPOS="577" VPOS="1292" WIDTH="21" HEIGHT="27" WC="0.94" CONTENT="8."/>
						</TextLine>
					</TextBlock>
					<TextBlock ID="block_7" HPOS="191" VPOS="1335" WIDTH="752" HEIGHT="167">
						<TextLine ID="line_28" HPOS="258" VPOS="1335" WIDTH="684" HEIGHT="30">
							<String ID="string_203" HPOS="258" VPOS="1335" WIDTH="107" HEIGHT="29" WC="0.89" CONTENT="Anspråk"/><SP WIDTH="15" VPOS="1335" HPOS="365"/>
							<String ID="string_204" HPOS="380" VPOS="1336" WIDTH="29" HEIGHT="27" WC="0.93" CONTENT="på"/><SP WIDTH="16" VPOS="1336" HPOS="409"/>
							<String ID="string_205" HPOS="425" VPOS="1335" WIDTH="131" HEIGHT="29" WC="0.91" CONTENT="afkortning"/><SP WIDTH="17" VPOS="1335" HPOS="556"/>
							<String ID="string_206" HPOS="573" VPOS="1336" WIDTH="53" HEIGHT="20" WC="0.96" CONTENT="eller"/><SP WIDTH="15" VPOS="1336" HPOS="626"/>
							<String ID="string_207" HPOS="641" VPOS="1336" WIDTH="132" HEIGHT="29" WC="0.96" CONTENT="förhöjning"/><SP WIDTH="15" VPOS="1336" HPOS="773"/>
							<String ID="string_208" HPOS="788" VPOS="1336" WIDTH="26" HEIGHT="21" WC="0.96" CONTENT="af"/><SP WIDTH="12" VPOS="1336" HPOS="814"/>
							<String ID="string_209" HPOS="826" VPOS="1336" WIDTH="51" HEIGHT="28" WC="0.96" CONTENT="lega"/><SP WIDTH="11" VPOS="1336" HPOS="877"/>
							<String ID="string_210" HPOS="888" VPOS="1337" WIDTH="54" HEIGHT="21" WC="0.96" CONTENT="eller"/>
						</TextLine>
						<TextLine ID="line_29" HPOS="191" VPOS="1368" WIDTH="751" HEIGHT="32">
							<String ID="string_211" HPOS="191" VPOS="1368" WIDTH="114" HEIGHT="22" WC="0.92" CONTENT="häfvande"/><SP WIDTH="16" VPOS="1368" HPOS="305"/>
							<String ID="string_212" HPOS="321" VPOS="1368" WIDTH="26" HEIGHT="22" WC="0.92" CONTENT="af"/><SP WIDTH="13" VPOS="1368" HPOS="347"/>
							<String ID="string_213" HPOS="360" VPOS="1368" WIDTH="108" HEIGHT="29" WC="0.92" CONTENT="legoaftal"/><SP WIDTH="16" VPOS="1368" HPOS="468"/>
							<String ID="string_214" HPOS="484" VPOS="1370" WIDTH="57" HEIGHT="22" WC="0.96" CONTENT="skall"/><SP WIDTH="15" VPOS="1370" HPOS="541"/>
							<String ID="string_215" HPOS="556" VPOS="1369" WIDTH="135" HEIGHT="23" WC="0.96" CONTENT="framställas"/><SP WIDTH="13" VPOS="1369" HPOS="691"/>
							<String ID="string_216" HPOS="704" VPOS="1371" WIDTH="54" HEIGHT="21" WC="0.93" CONTENT="eller"/><SP WIDTH="10" VPOS="1371" HPOS="758"/>
							<String ID="string_217" HPOS="768" VPOS="1370" WIDTH="108" HEIGHT="29" WC="0.92" CONTENT="legoaftal"/><SP WIDTH="10" VPOS="1370" HPOS="876"/>
							<String ID="string_218" HPOS="886" VPOS="1378" WIDTH="56" HEIGHT="22" WC="0.93" CONTENT="upp-"/>
						</TextLine>
						<TextLine ID="line_30" HPOS="192" VPOS="1402" WIDTH="750" HEIGHT="32">
							<String ID="string_219" HPOS="192" VPOS="1406" WIDTH="71" HEIGHT="26" WC="0.96" CONTENT="sägas,"/><SP WIDTH="15" VPOS="1406" HPOS="263"/>
							<String ID="string_220" HPOS="278" VPOS="1404" WIDTH="8" HEIGHT="20" WC="0.96" CONTENT="i"/><SP WIDTH="15" VPOS="1404" HPOS="286"/>
							<String ID="string_221" HPOS="301" VPOS="1404" WIDTH="28" HEIGHT="21" WC="0.96" CONTENT="de"/><SP WIDTH="15" VPOS="1404" HPOS="329"/>
							<String ID="string_222" HPOS="344" VPOS="1402" WIDTH="47" HEIGHT="28" WC="0.96" CONTENT="fall,"/><SP WIDTH="16" VPOS="1402" HPOS="391"/>
							<String ID="string_223" HPOS="407" VPOS="1411" WIDTH="48" HEIGHT="14" WC="0.96" CONTENT="som"/><SP WIDTH="15" VPOS="1411" HPOS="455"/>
							<String ID="string_224" HPOS="470" VPOS="1404" WIDTH="7" HEIGHT="21" WC="0.96" CONTENT="i"/><SP WIDTH="16" VPOS="1404" HPOS="477"/>
							<String ID="string_225" HPOS="493" VPOS="1406" WIDTH="26" HEIGHT="19" WC="0.96" CONTENT="37"/><SP WIDTH="16" VPOS="1406" HPOS="519"/>
							<String ID="string_226" HPOS="535" VPOS="1405" WIDTH="14" HEIGHT="29" WC="0.92" CONTENT="8"/><SP WIDTH="16" VPOS="1405" HPOS="549"/>
							<String ID="string_227" HPOS="565" VPOS="1407" WIDTH="100" HEIGHT="23" WC="0.95" CONTENT="nämnas,"/><SP WIDTH="15" VPOS="1407" HPOS="665"/>
							<String ID="string_228" HPOS="680" VPOS="1405" WIDTH="61" HEIGHT="22" WC="0.95" CONTENT="inom"/><SP WIDTH="15" VPOS="1405" HPOS="741"/>
							<String ID="string_229" HPOS="756" VPOS="1408" WIDTH="32" HEIGHT="19" WC="0.96" CONTENT="ett"/><SP WIDTH="16" VPOS="1408" HPOS="788"/>
							<String ID="string_230" HPOS="804" VPOS="1407" WIDTH="31" HEIGHT="25" WC="0.93" CONTENT="år,"/><SP WIDTH="11" VPOS="1407" HPOS="835"/>
							<String ID="string_231" HPOS="846" VPOS="1406" WIDTH="96" HEIGHT="22" WC="0.91" CONTENT="räknadt"/>
						</TextLine>
						<TextLine ID="line_31" HPOS="191" VPOS="1438" WIDTH="752" HEIGHT="30">
							<String ID="string_232" HPOS="191" VPOS="1438" WIDTH="52" HEIGHT="22" WC="0.96" CONTENT="från"/><SP WIDTH="22" VPOS="1438" HPOS="243"/>
							<String ID="string_233" HPOS="265" VPOS="1438" WIDTH="44" HEIGHT="22" WC="0.96" CONTENT="den"/><SP WIDTH="22" VPOS="1438" HPOS="309"/>
							<String ID="string_234" HPOS="331" VPOS="1438" WIDTH="33" HEIGHT="22" WC="0.96" CONTENT="tid"/><SP WIDTH="23" VPOS="1438" HPOS="364"/>
							<String ID="string_235" HPOS="387" VPOS="1438" WIDTH="38" HEIGHT="22" WC="0.92" CONTENT="det"/><SP WIDTH="22" VPOS="1438" HPOS="425"/>
							<String ID="string_236" HPOS="447" VPOS="1439" WIDTH="93" HEIGHT="29" WC="0.91" CONTENT="utlegda"/><SP WIDTH="22" VPOS="1439" HPOS="540"/>
							<String ID="string_237" HPOS="562" VPOS="1439" WIDTH="104" HEIGHT="29" WC="0.92" CONTENT="frångick"/><SP WIDTH="22" VPOS="1439" HPOS="666"/>
							<String ID="string_238" HPOS="688" VPOS="1448" WIDTH="84" HEIGHT="20" WC="0.92" CONTENT="egaren"/><SP WIDTH="15" VPOS="1448" HPOS="772"/>
							<String ID="string_239" HPOS="787" VPOS="1440" WIDTH="54" HEIGHT="22" WC="0.96" CONTENT="eller"/><SP WIDTH="15" VPOS="1440" HPOS="841"/>
							<String ID="string_240" HPOS="856" VPOS="1440" WIDTH="87" HEIGHT="22" WC="0.96" CONTENT="skadan"/>
						</TextLine>
						<TextLine ID="line_32" HPOS="192" VPOS="1473" WIDTH="751" HEIGHT="29">
							<String ID="string_241" HPOS="192" VPOS="1473" WIDTH="89" HEIGHT="26" WC="0.91" CONTENT="timade,"/><SP WIDTH="20" VPOS="1473" HPOS="281"/>
							<String ID="string_242" HPOS="301" VPOS="1473" WIDTH="43" HEIGHT="21" WC="0.96" CONTENT="och"/><SP WIDTH="15" VPOS="1473" HPOS="344"/>
							<String ID="string_243" HPOS="359" VPOS="1473" WIDTH="33" HEIGHT="21" WC="0.96" CONTENT="uti"/><SP WIDTH="15" VPOS="1473" HPOS="392"/>
							<String ID="string_244" HPOS="407" VPOS="1473" WIDTH="27" HEIGHT="21" WC="0.96" CONTENT="de"/><SP WIDTH="15" VPOS="1473" HPOS="434"/>
							<String ID="string_245" HPOS="449" VPOS="1473" WIDTH="8" HEIGHT="20" WC="0.96" CONTENT="i"/><SP WIDTH="15" VPOS="1473" HPOS="457"/>
							<String ID="string_246" HPOS="472" VPOS="1475" WIDTH="26" HEIGHT="19" WC="0.96" CONTENT="38"/><SP WIDTH="17" VPOS="1475" HPOS="498"/>
							<String ID="string_247" HPOS="515" VPOS="1473" WIDTH="42" HEIGHT="22" WC="0.96" CONTENT="och"/><SP WIDTH="15" VPOS="1473" HPOS="557"/>
							<String ID="string_248" HPOS="572" VPOS="1475" WIDTH="27" HEIGHT="20" WC="0.96" CONTENT="39"/><SP WIDTH="16" VPOS="1475" HPOS="599"/>
							<String ID="string_249" HPOS="615" VPOS="1473" WIDTH="28" HEIGHT="29" WC="0.78" CONTENT="$$"/><SP WIDTH="16" VPOS="1473" HPOS="643"/>
							<String ID="string_250" HPOS="659" VPOS="1474" WIDTH="149" HEIGHT="22" WC="0.92" CONTENT="omförmälda"/><SP WIDTH="16" VPOS="1474" HPOS="808"/>
							<String ID="string_251" HPOS="824" VPOS="1474" WIDTH="119" HEIGHT="23" WC="0.96" CONTENT="händelser"/>
						</TextLine>
					</TextBlock>
				</ComposedBlock>
			</PrintSpace>
		</Page>
	</Layout>
</alto>
