1078 1756
198 172 27 19 50
396 170 69 22 Ständ.
480 171 33 21 Sv.
530 182 26 4 —
572 170 59 26 Prop.
648 169 37 22 N:o
702 169 33 23 17.

265 232 48 22 Har
327 232 80 22 sådant
422 232 111 22 förbehåll
547 232 78 29 gjorts,
641 231 64 22 ställe
720 232 36 28 sig
765 232 97 21 brukare
872 231 72 22 likväl

196 266 35 22 till
253 266 150 22 efterrättelse
424 266 287 28 skogshushållningsplan,
732 274 48 14 som
794 266 73 22 under
882 266 64 28 lego-

197 302 63 21 tiden
281 304 14 19 &
316 301 136 29 lägenheten
474 301 91 22 införes.
595 300 87 23 Varder
704 300 124 23 brukarens
851 303 45 19 rätt
911 302 34 20 att

197 336 104 29 begagna
322 336 87 28 skogen
430 336 8 20 i
460 336 44 21 den
526 335 142 29 omfattning,
687 342 48 16 som
754 335 132 29 legoaftalet
900 336 43 21 till-

197 370 114 22 försäkrar
332 370 89 26 honom,
444 370 131 28 härigenom
597 370 125 28 inskränkt,
745 377 55 15 vare
814 370 67 28 legan
897 370 49 22 der-

198 404 57 23 efter
267 405 99 28 jemkad.

266 439 72 28 Säljer
360 439 55 21 eller
436 439 132 22 annorledes
594 439 95 28 afyttrar
713 439 97 22 brukare
836 438 108 29 olofligen

196 473 138 29 skogsalster:
359 473 53 21 eller
436 473 80 28 dylikt,
542 473 53 22 eller
619 473 89 28 svedjar
730 473 54 22 eller
803 473 78 28 kyttar
896 473 45 22 han

197 511 54 19 utan
266 507 35 22 lof
313 509 14 20 å
341 507 147 28 lägenhetens
504 507 69 26 mark,
590 507 53 22 eller
658 507 152 22 öfverskrider
826 507 65 28 eljest
905 515 38 21 ge-

197 550 53 15 nom
274 543 99 21 äverkan
398 542 34 22 sin
453 542 166 29 nyttjanderätt
640 542 35 21 till
694 542 88 29 jorden,
806 541 59 29 gälle
883 542 62 22 hvad

198 577 137 28 Strafflagen
350 577 77 22 derom
441 577 98 28 stadgar.

538 649 27 19 32
581 647 20 29 8.

264 687 103 22 Brukare
387 687 64 28 njute
474 687 19 28 ej
518 687 43 21 den
576 689 45 20 rätt
635 687 35 21 till
682 687 51 28 jagt
749 687 53 22 eller
816 687 63 26 fiske,
896 695 48 14 som

196 721 135 30 lägenheten
353 721 82 28 tillhör,
458 721 40 22 der
520 721 70 22 sädan
608 721 88 22 förmän
719 721 19 29 ej
761 721 77 23 blifvit
860 722 84 22 honom

195 757 8 20 i
216 756 184 29 legokontraktet
414 756 140 28 medgifven.

538 827 28 20 33
581 826 21 29 8.

263 865 62 23 Utan
346 865 167 29 legogifvarens
528 865 115 30 samtycke
658 867 36 20 mä
709 865 98 23 brukare
822 867 50 22 icke
887 875 58 20 upp-

195 901 46 21 låta
255 900 136 29 lägenheten
406 900 53 21 eller
473 902 77 27 någon
565 901 37 21 del
616 900 66 21 deraf
694 901 34 21 till
744 909 81 18 annan,
841 901 20 29 ej
874 901 71 22 heller

194 935 82 22 inrätta
290 937 53 27 nytt
358 937 50 26 torp
428 935 53 21 eller
495 935 113 29 nedlägga
622 934 62 23 förut
699 935 123 22 bestäende
832 936 54 22 eller
897 936 48 22 för-

195 969 69 23 ändra
278 970 104 22 vilkoren
396 968 36 23 för
448 969 80 29 dylikt.

536 1041 27 19 34
578 1039 20 29 8.

261 1078 102 22 Brukare
388 1085 64 15 svare
476 1078 36 22 för
537 1079 43 21 den
602 1079 51 21 frän
675 1079 139 38 lägenheten
827 1081 117 37 utgäende

195 1112 60 22 skatt
269 1112 44 22 och
327 1112 30 21 all
372 1119 74 15 annan
460 1114 78 27 tunga,
554 1120 47 14 som
611 1113 157 29 legogifvaren
776 1113 19 29 ej
809 1116 13 19 å
832 1114 35 28 sig
878 1115 64 27 tagit.

195 1142 58 26 Ökas
276 1146 72 22 under
369 1146 115 28 legotiden
505 1147 146 28 lägenhetens
673 1148 118 28 utskylder
812 1155 83 21 genom
909 1156 35 21 ny

193 1181 67 26 skatt,
275 1188 65 14 svare
355 1180 157 28 legogifvaren
526 1180 36 22 för
572 1181 156 29 tillökningen,
742 1189 38 15 om
788 1185 105 25 parterne
903 1183 39 21 be-

193 1215 111 22 träffande
319 1214 50 22 dess
384 1215 126 28 utgörande
525 1215 20 29 ej
562 1215 130 23 annorledes
708 1216 101 28 äsämjas.

537 1297 27 18 35
580 1295 19 27 &.

260 1333 48 21 Har
323 1332 96 22 brukare
433 1333 65 21 räkat
512 1335 29 27 pä
551 1333 80 22 sädant
641 1334 115 26 obeständ,
768 1337 34 19 att
812 1336 128 28 uppenbart

192 1370 24 19 är
232 1367 39 21 det
288 1367 46 21 han
352 1367 19 29 ej
395 1367 45 22 kan
462 1367 98 29 fullgöra
582 1368 160 28 legovilkoren,
759 1369 54 22 eller
828 1370 39 22 har
883 1370 57 22 hans

192 1402 110 28 egendom
324 1402 108 28 upplätits
455 1402 34 21 till
511 1402 106 27 konkurs,
636 1403 42 21 och
693 1403 125 23 innehäller
832 1404 107 29 legokon-

191 1436 84 22 traktet
297 1436 49 21 icke
363 1436 143 29 bestämning
521 1444 37 14 om
572 1439 33 19 att
619 1438 127 28 legorätten
760 1438 36 22 får
811 1441 54 20 utan
879 1439 60 29 jord-

192 1478 93 21 egarens
300 1470 64 22 bifall
379 1471 34 21 till
429 1478 74 14 annan
518 1471 127 27 öfverlätas,
660 1480 54 14 vare
724 1472 163 30 legogifvaren,
899 1474 39 22 der
