1081 1739
376 124 29 23 U.
421 126 27 21 B.
464 138 27 3 —
507 125 73 28 Prop.
596 126 42 22 N:o
654 126 35 22 17.
858 126 39 20 119

145 194 97 25 utförda,
265 194 70 21 blifva
357 194 28 20 de
401 194 80 28 dyrare
497 196 29 19 än
547 201 36 14 om
602 195 45 20 han
664 195 42 25 legt
721 201 78 14 annan
814 201 83 21 person

145 229 32 19 att
191 228 122 21 verkställa
328 228 125 21 desamma.

213 262 90 20 Jemväl
318 262 43 20 bör
375 262 134 21 framhållas
525 265 38 23 att,
579 270 38 13 om
633 264 37 19 det
686 262 35 21 för
730 262 168 26 ersättningens

145 296 173 20 bestämmande
333 296 19 27 ej
368 296 74 21 finnes
458 297 75 25 någon
549 302 77 15 annan
642 298 68 24 gräns
726 298 29 18 än
771 296 37 20 det
823 296 74 20 ökade

145 330 69 20 värde
237 330 133 26 lägenheten
393 330 82 21 vunnit
493 336 82 20 genom
591 330 127 21 brukarens
733 330 83 25 arbete,
832 330 64 26 lagen

146 363 19 27 ej
181 370 67 20 synes
270 364 95 27 erbjuda
386 364 75 27 någon
485 364 86 26 garanti
593 367 48 18 mot
656 366 32 19 att
702 364 115 21 brukaren
834 364 65 20 tiller-

146 398 88 21 kännes
256 398 88 27 oskälig
366 398 61 22 vinst
439 399 29 27 på
481 398 148 28 jordegarens
645 398 133 21 bekostnad.
810 398 34 27 Ty
859 404 38 14 om

145 432 39 21 det
205 432 70 21 redan
298 434 26 19 är
346 432 61 22 svårt
429 435 32 19 att
483 433 110 21 fastställa
609 440 28 14 en
653 432 116 27 lägenhets
785 432 69 22 värde
869 432 29 28 på

146 467 61 21 olika
230 466 57 22 tider
306 466 44 22 blir
367 467 38 21 det
419 468 30 20 än
465 468 91 20 svårare
572 470 32 18 att
619 468 128 20 bestämma
763 468 60 20 huru
838 473 61 21 myc-

146 501 38 21 ket
208 501 78 21 värdet
311 501 73 21 under
408 502 125 26 legotidens
555 502 90 27 förlopp
668 502 65 20 ökats
755 501 33 21 till
811 501 55 27 följd
877 501 25 20 af

146 535 128 21 brukarens
296 535 241 27 förbättringsarbeten
560 536 43 20 och
626 536 6 20 i
649 535 92 21 hvilken
757 536 55 20 mån
828 535 72 27 öfriga

146 570 26 20 af
184 569 127 21 brukarens
329 570 104 26 åtgärder
448 570 138 26 fullkomligt
602 569 127 22 oberoende
745 569 105 26 faktorer,
866 569 34 21 så-

147 610 50 14 som
210 603 144 28 jordvärdets
369 604 118 21 allmänna
503 604 103 26 stegring,
617 603 139 21 förbättrade
769 603 131 21 kommuni-

147 638 110 24 kationer,
272 639 71 20 tätare
358 638 131 26 bosättning
504 638 7 20 i
528 638 145 26 lägenhetens
689 638 81 20 närhet
782 645 30 13 m.
822 644 36 19 m.,
869 637 31 21 bi-

147 672 73 27 dragit
232 672 33 21 till
282 672 191 27 värdeökningen.

217 706 31 21 På
264 707 67 21 ofvan
349 707 96 21 anförda
460 707 50 21 skäl
526 713 55 15 anse
596 707 32 21 vi:

218 743 31 19 att
264 742 98 21 brukare
378 741 38 21 vid
433 742 123 26 legotidens
573 741 45 22 slut
633 741 174 21 tillkommande
823 742 77 20 ersätt-

148 776 56 27 ning
226 776 70 21 borde
319 776 122 21 fastställas
463 777 7 20 i
485 776 164 27 hufvudsaklig
665 775 235 22 öfverensstämmelse

149 811 52 20 med
217 811 60 20 hvad
293 811 27 26 88
335 811 26 20 57
373 811 43 20 och
428 811 27 20 58
467 811 7 20 i
487 811 44 20 den
542 810 83 27 nådiga
635 810 173 27 propositionen
819 811 81 20 härom

148 845 123 23 innehålla,
294 845 60 20 dock
375 847 32 18 att
430 846 13 25 $
466 846 26 20 58
508 846 21 25 (&
544 846 35 25 51)
596 845 190 26 kompletterades
801 844 52 21 med
870 846 31 19 ut-

148 879 105 27 tryckligt
276 879 125 26 stadgande
421 879 79 21 derom
516 882 31 18 att
563 879 37 21 vid
616 878 156 21 beräknandet
788 879 25 20 af
826 879 76 20 ersätt-

149 913 96 27 ningens
260 913 84 28 belopp
360 913 7 20 i
382 913 149 21 betraktande
547 913 58 21 skall
620 915 64 24 tagas
697 913 86 27 jemväl
799 919 37 14 om
850 912 52 21 bru-

150 949 69 20 karen
243 948 25 21 af
288 948 150 26 legogifvaren
465 948 88 21 erhållit
577 947 74 21 direkt
667 947 79 26 bidrag
760 947 33 20 till
811 947 91 21 förbätt-

150 982 149 27 ringsarbete;
315 985 59 18 samt

219 1019 31 18 att
272 1016 152 27 legogifvaren
447 1016 70 21 borde
540 1017 102 20 frikallas
668 1016 48 21 från
733 1016 131 27 utgifvande
880 1016 25 20 af

151 1050 78 27 hvarje
250 1050 124 27 ersättning
396 1050 7 21 i
423 1050 28 21 de
466 1051 46 26 fall,
528 1051 30 20 dä
573 1050 115 21 brukaren
704 1050 112 27 begagnat
832 1050 34 27 sig
880 1050 26 21 af

151 1085 51 25 (enl.
218 1085 13 26 8
246 1085 21 26 6)
283 1085 73 27 gjordt
371 1084 111 21 förbehåll
499 1087 31 18 att
546 1084 73 21 under
629 1084 111 26 legotiden
752 1085 103 26 uppsäga
865 1084 38 21 sitt

150 1119 114 21 kontrakt.

220 1153 49 20 Och
285 1153 23 20 fä
323 1153 141 20 fördenskull
482 1152 20 21 vi
519 1153 116 20 vördsamt
651 1153 81 20 föreslä

424 1206 31 18 att
477 1204 30 27 $$
521 1205 30 20 50
565 1203 40 21 och
619 1204 28 20 51
663 1204 65 20 måtte
744 1204 34 20 till
799 1203 97 22 Utskotte

356 1238 167 21 återremitteras
544 1238 39 26 för
605 1237 179 28 omformulering
808 1238 8 20 i
836 1238 67 28 ofvan

357 1272 76 28 antydt
448 1272 64 28 syfte.

222 1319 140 26 Helsingfors
377 1318 44 22 den
437 1320 13 19 9
467 1318 44 28 Maj
529 1319 59 20 1900.

180 1380 64 23 Adolf
256 1380 97 23 Aminoff.
423 1381 22 21 T.
459 1381 16 21 J.
491 1381 104 22 Boisman.
665 1382 15 20 J.
696 1382 22 20 R.
734 1381 113 27 Wuolijoki.

220 1474 48 21 Lay-
281 1475 32 15 och
325 1472 188 18 FEkonomiutskotiets
525 1472 111 18 betänkande
650 1472 35 17 N:o
698 1473 16 16 4.
