1700 1920
652 242 79 24 Ständ.
742 243 34 23 Sv.
793 254 26 6 —
836 243 60 28 Prop.
912 238 34 38 N:o
958 238 40 38 20.
1186 244 14 21 9

791 307 27 22 14
826 309 26 25 8.

514 346 90 21 Aflider
626 347 105 27 medlem,
741 342 10 37 -
755 355 54 14 vare
832 347 57 22 hans
913 347 213 22 rättsinnehafvaro
1148 347 51 21 icke

448 380 149 28 berättigade,
611 381 78 21 såvidt
698 381 21 28 ej
729 381 9 21 i
748 381 125 29 stadgarne
884 385 25 18 är
920 381 146 22 annorlunda
1077 381 121 28 bestämdt,

446 415 36 24 att
496 414 8 21 i
520 414 43 21 den
580 415 96 23 aflidnes
692 415 67 22 ställe
774 415 93 23 inträda
881 416 9 20 i
905 415 150 29 andelslaget,
1066 417 58 20 utan
1133 415 67 29 njute

446 448 83 22 endast
544 449 73 22 sådan
631 452 54 24 rätt,
702 457 48 14 som
766 457 36 14 om
818 450 44 21 den
878 449 85 26 aflidne
978 449 59 23 hade
1052 453 101 26 uppsagt
1163 449 37 30 sig

447 483 43 21 och
512 483 76 26 skolat
606 484 55 28 afgå.
677 484 13 22 å
704 484 190 22 förstinfallande
910 485 46 28 dag
971 484 36 22 för
1022 484 178 29 räkenskapsaf-

447 518 111 28 slutning.
661 527 76 7 ände
797 533 2 3 :

791 577 27 22 15
833 578 20 26 &.

515 614 34 24 Är
568 617 109 22 medlems
693 618 68 21 andel
775 618 8 21 i
799 618 59 29 följd
873 618 26 21 af
913 618 134 29 utmätning
1062 618 55 21 eller
1133 617 68 29 eljest

447 650 37 22 till
507 659 78 14 annan
607 652 137 28 öfverläten,
768 652 42 23 och
833 655 95 26 antages
948 652 74 22 denne
1037 652 51 22 icke
1103 652 42 22 vid
1160 660 40 14 an-

447 686 77 23 mälan
540 687 82 22 säsome
634 682 99 39 medlem,
753 688 55 23 eller
823 688 42 21 vill
881 688 46 22 han
942 688 20 28 ej
978 687 93 22 inträda
1086 687 8 21 i
1109 687 91 22 andels-

447 721 69 28 laget,
532 721 65 30 njute
613 722 74 25 likväl
702 722 45 23 den
761 725 48 19 rätt
823 723 37 21 till
869 723 150 28 uppsägning
1032 723 42 21 och
1083 722 117 21 insatsens

446 755 118 29 utfäende,
581 764 48 14 som
643 757 47 22 den
705 757 62 22 förre
782 757 74 29 enligt
872 758 26 21 12
914 759 13 25 &
942 757 65 28 egde.

515 791 153 29 Uppsägning
681 791 60 22 eller
755 792 110 28 godkänd
879 792 213 23 inträdesanmälan
1108 792 27 21 af
1146 791 52 28 den,

447 825 37 22 till
506 825 97 23 hvilken
625 826 110 22 medlems
751 827 69 22 andel
835 826 136 27 öfverlätits,
988 826 61 29 gälle
1065 826 43 25 ock
1123 827 76 21 såsom

448 861 149 29 uppsägning
620 861 37 22 för
670 861 54 24 den
746 862 133 27 sistnämde;
903 861 60 23 dock
985 869 55 14 vare
1056 861 75 22 denne
1147 861 51 21 obe-

447 897 66 26 taget
531 898 34 19 att
580 896 52 21 med
648 897 123 22 enahanda
785 897 87 22 verkan
888 896 56 29 sjelf
957 896 137 28 skriftligen
1108 896 92 21 anmäla

449 937 37 14 om
502 929 172 23 öfverlåtelsen.

798 996 26 20 16
840 997 18 25 $,

506 1016 62 41 Hår
583 1034 99 25 medlem
695 1042 85 22 genom
795 1036 54 28 laga
864 1035 62 22 kraft
943 1034 88 30 egande
1047 1035 53 21 dom
1116 1034 86 22 förkla-

449 1071 48 20 rats
521 1069 109 29 förlustig
645 1070 183 29 medborgerligt
843 1070 140 27 förtroende,
999 1077 42 21 ege
1057 1069 146 28 andelslagot

450 1106 48 20 rätt
520 1106 36 19 att
577 1105 113 21 utesluta.
702 1104 91 28 honom,
817 1105 60 22 ändå
899 1106 35 20 att
949 1104 72 22 sådan
1035 1104 168 28 uteslutnings-

450 1139 76 29 grund
540 1139 52 22 icke
607 1143 26 18 är
648 1140 8 21 i
671 1140 125 27 stadgarne
811 1142 125 26 upptagen.

519 1174 125 22 Utesluten
660 1174 99 24 medlem.
775 1181 42 21 ege
832 1174 82 21 endast
929 1180 87 15 samma
1030 1175 54 25 rätt,
1101 1180 49 15 som
1164 1180 39 21 ge-

450 1215 54 14 nom
520 1208 100 23 dödsfall.
636 1209 117 27 afgängen
769 1208 110 22 medlems
894 1208 219 21 tättsinnehafvare.

797 1272 26 21 17
839 1273 19 25 8.

520 1312 80 22 Under
621 1311 132 29 andelslägs:
775 1312 98 21 bestånd
891 1312 37 20 mä
944 1310 27 28 ej,
987 1312 64 20 utom
1066 1311 9 21 i
1090 1288 48 54 fall,
1155 1317 49 15 som

451 1346 109 25 1.12—16
575 1348 27 25 $$
617 1348 74 26 sagts,
703 1346 27 22 af
743 1346 52 21 dess
810 1345 127 29 tillgängar
953 1345 37 21 till
1003 1344 103 23 medlem:
1113 1344 91 21 utdelas

452 1383 72 23 annat
546 1384 30 18 än
599 1380 38 22 till
658 1380 122 28 betalning
802 1380 112 24 förfallen
935 1378 139 29 vinstandel,
1095 1378 21 29 ej
1132 1378 73 22 heller

452 1415 110 22 medlems
585 1415 55 28 gäld
662 1414 38 31 tilli
722 1415 144 27 andelslaget
889 1414 88 40 avittas
993 1410 48 36 mot
1056 1396 96 45 arlapds
1167 1413 38 21 be-

452 1449 108 29 loppet
545 1445 15 38 å
575 1449 58 22 hans
648 1437 80 45 insats.

504 1500 2 3 +
520 1484 52 23 Har
586 1484 110 20 medlems:
712 1483 94 27 erlagda
821 1483 72 20 insats
908 1482 8 20 i
932 1481 59 28 följd
1007 1482 26 20 af
1047 1481 85 20 förlust
1147 1481 9 20 i
1166 1487 40 14 an-

453 1512 124 34 delslagets
601 1517 86 21 rörelse
708 1516 121 28 minskats,
845 1516 37 21 må
897 1516 21 27 ej
935 1515 133 22 vinstandel
1083 1514 122 27 utbetalas,

452 1554 74 20 innan
540 1552 104 22 insatsen
663 1551 95 31 uppnått
774 1551 42 22 sitt
831 1551 64 21 förra
909 1550 92 28 belopp.
