1075 1745
494 139 39 21 N:o
550 139 33 21 23.
867 138 13 21 5

266 225 48 20 med
329 225 167 28 trefjerdedelar
511 225 29 26 af
552 224 251 28 uppskattningsvärdet:

224 275 33 22 för
280 276 54 27 djur,
358 282 46 15 som
427 278 24 19 är
475 275 98 28 angripet
592 275 23 21 af
631 275 150 27 boskapspest,
797 274 112 22 elakartad

156 309 117 28 lungsjuka
288 310 52 21 eller
355 311 95 26 svinpest
466 311 51 21 eller
533 311 39 20 ock
586 310 56 21 varit
656 310 7 20 i
678 309 101 27 beröring
793 309 48 21 med
854 308 54 28 djur,

158 345 99 26 angripet
273 344 23 22 af
309 345 68 22 sådan
393 345 105 28 sjukdom;
515 346 55 20 samt

224 379 33 22 för
280 380 128 21 nötkreatur
423 380 38 21 och
477 380 52 27 svin,
552 385 45 15 som
621 381 37 20 äro
674 378 105 28 angripna
795 378 23 21 af
831 377 77 22 allmän

156 414 167 27 tuberkelsjuka.

330 489 48 20 med
393 488 76 27 halfva
486 488 250 28 uppskattningsvärdet:

224 539 32 22 för
271 540 56 26 häst,
344 540 101 22 behäftad
459 541 49 20 med
522 542 46 20 rots
584 540 50 21 eller
649 539 127 28 springorm.

224 575 127 26 Ersättning
367 575 33 21 för
415 575 96 22 aflifvadt
527 575 47 28 djur
589 575 94 21 minskas
699 574 64 21 dock:

224 615 34 15 om
282 609 70 28 djuret
375 609 34 22 vid
432 609 146 22 obduktionen
600 609 108 21 befunnits
731 607 48 22 fritt
797 608 47 21 frän
868 607 40 22 den

155 643 127 28 ifrägasatta
312 644 132 27 sjukdomen,
469 650 47 15 men
546 644 95 21 deremot
667 643 99 27 angripet
791 643 23 21 af
837 648 70 16 annan

156 679 104 26 åkomma,
284 684 46 15 som
352 679 132 26 väsentligen
507 679 111 21 nedsätter
641 678 47 21 dess
707 677 72 26 värde,
795 677 48 22 med
858 677 50 22 skil-

155 713 70 21 naden
248 713 90 21 emellan
354 713 26 21 de
395 713 86 26 värden,
498 713 71 27 djuret
583 713 7 20 i
606 712 62 21 friskt
684 712 38 21 och
737 712 58 27 sjukt
811 711 97 22 tillständ

155 747 79 26 asatts;
250 749 56 19 samt

223 787 33 15 om
281 782 71 27 djuret
367 781 6 22 i
389 782 48 21 dess
460 781 71 22 helhet
554 781 50 22 eller
622 781 33 22 till
669 781 58 21 vissa
743 781 59 21 delar
817 781 42 21 kan
875 780 33 21 till

156 817 61 26 nyttä
240 815 113 28 begagnas,
377 816 47 21 med
448 817 37 20 det
507 815 85 28 belopp,
612 815 85 22 hvartill
716 815 37 21 det
769 815 138 22 användbara

154 851 147 26 uppskattats.

506 907 11 28 8
535 909 18 19 7.

222 947 112 28 Rättighet
350 948 32 21 till
397 947 123 23 erhällande
536 948 22 21 af
572 949 120 26 ersättning
707 947 120 23 förverkas:

222 989 34 14 om
272 982 48 26 den,
337 989 46 15 som
396 982 91 27 husdjur
502 989 56 21 eger,
575 982 113 22 uraktlätit
704 984 33 19 att
752 983 64 21 ställa
831 983 32 26 sig
875 983 32 20 till

154 1016 145 22 efterrättelse
313 1017 99 26 gällande
426 1016 134 22 föreskrifter
575 1023 34 15 om
624 1017 157 21 smittosamma
796 1017 111 27 husdjurs-

152 1051 135 27 sjukdomars
302 1051 137 26 hämmande;

222 1092 33 15 om
279 1091 77 21 egaren
380 1087 35 20 vid
437 1086 65 27 inköp
519 1086 22 21 af
556 1085 69 28 djuret
640 1085 115 28 bevisligen
771 1085 86 27 afvetat,
874 1086 33 20 att

155 1120 119 21 detsamma
289 1121 57 20 varit
361 1120 112 22 behäftadt
489 1121 48 20 med
553 1121 119 21 smittosam
688 1120 107 27 sjukdom;
812 1121 56 21 samt

222 1161 34 15 om
271 1155 55 26 häst,
338 1161 46 16 som
399 1155 47 22 frän
462 1157 67 20 annat
543 1155 50 22 land
608 1154 84 27 införts,
708 1155 105 27 angripits
829 1154 23 22 af
860 1157 46 20 rots

152 1189 52 22 eller
223 1190 127 27 springorm,
366 1190 66 21 innan
448 1191 32 20 ett
495 1190 24 21 är
534 1189 97 27 förflutit,
648 1189 54 22 efter
717 1189 36 22 det
768 1189 101 22 införseln
886 1189 23 22 af

154 1223 72 28 djuret
248 1224 64 26 skett,
329 1224 39 21 och
390 1225 46 21 icke
458 1225 88 21 utredas
561 1225 42 21 kan
619 1226 33 19 att
667 1224 126 28 sjukdomen
811 1225 95 26 ädragits

152 1259 57 20 inom
224 1258 80 22 landet.

505 1317 11 26 8
533 1317 19 20 8.

221 1355 62 22 Hvad
301 1356 39 21 här
360 1356 62 22 ofvan
438 1357 99 26 stadgats
552 1357 133 22 beträffande
701 1363 63 21 egare
780 1357 23 22 af
815 1357 91 27 husdjur

152 1389 61 27 gälle,
230 1389 37 21 der
283 1395 78 21 egaren
378 1390 17 26 ej
412 1391 24 19 är
451 1390 111 26 tillstädes,
580 1391 39 20 den
635 1390 54 21 hans
704 1390 63 22 ställe
778 1389 126 22 företräder.
