1064 1759
173 156 12 19 8
376 154 70 23 Ständ.
462 155 34 21 Sv.
513 167 24 3 —
554 153 61 28 Prop.
632 154 35 21 N:o
682 154 38 21 25.

447 218 31 20 att
500 218 14 26 $
536 216 45 22 134
604 216 8 20 i
630 216 82 28 nådiga
726 215 159 28 förordningen
901 215 28 27 af

378 250 42 22 den
442 251 28 21 11
492 250 50 28 Maj
564 250 66 27 1866,
650 249 112 29 angående
777 249 149 28 organisation

379 286 29 27 af
420 285 201 27 folkskoleväsendet
636 285 8 20 i
654 284 207 27 Storfurstendömet
870 284 55 21 Fin-

380 319 60 26 land,
459 319 97 28 jemförd
580 319 47 21 med
651 317 83 29 nådiga
756 318 170 28 kungörelserna

379 354 28 27 af
428 353 43 22 den
492 354 28 20 19
541 353 65 22 Mars
627 353 61 22 1886
710 353 36 22 och
761 353 42 22 den
818 353 29 21 13
862 352 65 22 Mars

378 388 65 27 1895,
462 387 66 28 blefve
542 387 90 23 ändrad
645 387 9 22 i
669 387 65 28 ofvan
751 387 96 28 angifvet
862 386 63 29 syfte.

241 456 35 22 Då
298 456 9 22 i
328 456 59 29 följd
408 456 65 21 häraf
492 456 36 21 för
542 463 32 14 nu
588 455 174 28 ifrågavarande
777 455 147 28 budgetpost,

172 494 64 19 utom
259 491 39 22 det
320 491 8 21 i
351 491 45 22 den
416 491 84 28 nådiga
523 490 172 29 propositionen
712 492 118 27 upptagna
848 489 78 28 anslag

172 525 23 22 af
222 527 92 24 850,000
339 525 71 26 mark,
435 525 91 22 komme
548 528 34 19 att
605 524 113 22 erfordras
741 527 34 18 ett
798 523 82 30 belopp
904 523 22 22 af

173 562 92 24 700,000
279 560 65 22 mark
359 560 72 21 under
446 559 188 22 nästkommande
649 559 162 28 finansperiod,
822 559 24 21 få
856 559 69 21 Stän-

173 595 70 21 derna
258 597 29 19 än
301 594 79 23 vidare
396 594 93 26 anmäla,

448 665 32 20 att
501 664 125 22 Ständerna
648 664 36 27 för
705 663 56 22 åren
778 663 149 22 1901—1904

378 698 96 27 anslagit
503 699 27 20 ett
556 698 70 27 belopp
651 698 29 27 af
700 697 79 23 inalles
803 697 125 26 1,550,000

380 733 62 20 mark
466 732 32 21 till
522 732 202 28 löneförhöjningar
746 731 23 22 ät
793 732 73 21 lärare
890 731 36 22 och

380 766 128 22 lärarinnor
523 767 35 21 vid
572 766 146 28 folkskolorna
730 766 32 28 pä
777 766 80 22 landet.

241 836 12 20 I
275 835 163 28 sammanhang
460 835 94 22 härmed
578 835 69 22 hafva
670 835 128 22 Ständerna
822 835 45 21 fäst
892 835 35 21 sin

173 869 201 28 uppmärksamhet
396 869 40 22 vid
458 871 34 20 att
514 870 40 21 det
575 869 35 22 för
633 877 29 14 en
684 872 48 19 stor
748 869 37 22 del
800 869 23 22 af
837 869 89 22 landets

172 903 134 22 kommuner
328 903 88 22 funnits
438 911 56 14 vara
516 903 104 29 omöjligt
642 905 34 20 att
698 903 24 22 in
737 906 82 19 natura
834 903 92 29 erlägga

173 938 44 21 alla
232 938 28 21 de
274 938 9 21 i
297 945 56 22 nyss
368 938 82 21 nämda
465 938 83 29 nådiga
562 938 136 28 förordning
713 938 45 22 den
774 940 25 19 11
811 938 45 29 Maj
869 939 55 20 1866

173 973 13 28 &
211 975 39 18 117
266 973 93 28 angifna
374 972 128 29 prestanda,
518 972 91 22 hvadan
625 972 115 21 desamma
756 972 73 22 delvis
845 975 82 18 ersatts

172 1007 53 21 med
247 1007 133 28 penningar.
410 1006 55 21 Med
487 1007 107 21 afseende
617 1008 13 20 å
652 1007 45 21 den
718 1007 208 28 lärarepersonalen

172 1041 223 28 författningsenligt
410 1040 171 23 tillkommande
596 1041 137 28 åkerjorden
748 1043 59 20 samt
820 1041 108 22 särskildt

173 1075 86 22 dennas
273 1075 121 28 betydelse
408 1075 36 21 för
458 1075 220 28 lärarepersonalens
695 1075 105 22 ekonomi
816 1076 43 21 och
872 1075 55 28 möj-

172 1109 103 29 ligheten
285 1111 34 20 att
330 1109 102 22 anordna
443 1109 165 29 undervisning
617 1109 9 22 i
636 1110 214 27 trädgårdsskötsel,
858 1109 69 22 hafva

173 1144 129 22 Ständerna
325 1143 127 22 emellertid
473 1144 77 21 funnit
572 1144 107 28 önskligt,
696 1146 32 19 att
749 1144 110 28 uppodlad
875 1145 53 27 jord

173 1178 33 22 till
227 1177 71 23 sådan
322 1178 58 25 vidd,
402 1185 44 15 som
469 1179 8 20 i
499 1179 14 27 &
528 1179 43 21 117
588 1179 28 28 af
627 1179 102 28 gällande
743 1179 184 28 folkskoleförord-

173 1213 55 28 ning
249 1213 95 28 stadgas,
364 1211 72 23 såvidt
450 1213 82 28 möjligt
548 1213 61 22 borde
624 1213 28 27 af
664 1213 101 22 kommun
781 1213 50 22 eller
846 1219 79 16 annan

174 1246 173 28 upprätthållare
367 1247 29 27 af
408 1246 104 29 folkskola
524 1247 32 27 på
570 1247 75 22 landet
659 1247 102 27 upplåtas
777 1247 33 22 till
826 1247 39 22 den
882 1254 45 15 som

173 1281 74 21 skolan
271 1279 101 29 förestår.
403 1280 82 21 Tillika
507 1288 69 21 synes
599 1281 48 22 skäl
669 1289 55 13 vara
746 1283 34 19 att
797 1281 8 21 i
825 1281 101 28 enlighet

172 1314 53 21 med
247 1315 34 19 ett
304 1314 22 21 af
349 1309 184 32 Öfverstyrelsen
557 1314 36 21 för
613 1313 161 22 skolväsendet
796 1314 131 21 framstäldt

172 1347 86 28 förslag
279 1347 131 26 bestämma,
434 1349 34 18 att
492 1347 39 22 det
544 1347 8 21 i
567 1348 150 21 förevarande
732 1348 40 21 fall
787 1348 86 22 utfästa
888 1349 38 22 ko-

172 1382 83 25 fodret,
278 1382 89 21 hvilket
386 1381 69 22 borde
471 1384 56 26 utgå
542 1382 52 21 med
608 1382 70 22 minst
693 1384 63 25 2,000
772 1383 32 28 kg
819 1390 36 15 om
871 1385 55 24 året,

173 1417 118 22 äfvensom
312 1415 112 23 mulbetet
447 1416 71 22 borde
542 1418 83 21 åsättas
648 1419 34 20 ett
696 1417 135 30 minimipris
847 1417 23 22 af
884 1420 42 19 200

172 1452 71 26 mark,
265 1451 89 22 hvilket
375 1451 90 29 belopp,
489 1451 41 21 der
552 1452 80 22 endast
655 1459 29 14 en
705 1452 48 22 half
773 1453 81 21 hektar
873 1453 54 21 eller
