1061 1745
361 135 27 22 U.
402 135 25 22 B.
444 148 26 3 —
486 135 70 28 Prop.
572 135 42 23 N:o
629 135 36 22 28.
867 136 25 20 13

143 201 103 22 utbetala
261 202 36 21 för
311 202 89 22 inlösen
416 202 26 23 af
455 203 143 22 återstående
613 205 206 26 augmentsräntor.
846 202 46 21 En-

143 235 45 29 ligt
203 235 61 22 hvad
278 237 121 22 Utskottet
414 237 115 21 inhämtat
540 237 92 21 komma
642 236 65 22 dessa
717 239 84 22 räntor,
813 236 80 22 hvilka

142 270 67 21 skola
224 270 26 21 af
262 270 90 22 kronan
366 271 86 22 inlösas
468 273 35 19 att
518 271 59 28 stiga

143 333 9 21 i
167 332 104 29 Nylands
286 333 39 22 län
341 333 35 22 till
392 333 169 29 sammanlagdt
596 350 4 4 .
638 334 47 22 601:
702 335 27 20 62
744 333 141 22 skatterubel

143 384 13 8 »
166 360 51 29 Åbo
233 367 42 22 och
286 367 154 30 Björneborgs
451 368 38 21 län
500 368 36 21 till
545 375 56 14 sam-

211 401 121 30 manlagdt
351 418 3 4 .
386 419 5 3 .
421 418 5 4 .
492 418 110 6 000.
640 403 48 21 552:
703 403 25 20 21
812 419 11 8 »”

144 451 12 9 »
168 436 141 21 Tavastehus
329 436 39 21 län
384 436 36 21 till
436 436 168 28 sammanlagdt
640 437 48 21 227:
706 449 24 2 —
812 452 11 9 -

143 488 12 8 »
167 470 34 22 S:t
216 470 98 22 Michels
343 487 10 10 »,
397 487 11 8 »
514 487 10 8 %
654 471 34 21 26:
703 471 28 21 50
811 487 11 8 s

365 510 55 21 eller
432 511 24 21 in
469 517 87 14 summa
569 510 35 21 till
618 511 69 25 1,407:
702 511 27 20 33
745 510 147 22 skatterubel.

212 578 81 29 Enligt
311 579 39 20 det
365 578 165 22 ofvanstäende
546 578 41 21 har
602 578 88 21 kronan
706 578 88 21 säledes
809 581 35 19 att
857 579 37 21 för

143 612 90 22 inlösen
256 612 27 22 af
301 612 177 29 ifrågavarande
496 614 200 27 augmentsräntor
710 612 73 21 under
798 613 25 21 är
839 614 54 21 1904

145 647 54 21 bära
221 654 29 14 en
271 647 74 28 utgift
366 647 25 21 af
406 647 61 21 Fmk
482 648 96 25 140,733:
594 660 34 13 —,
642 646 95 22 hvilken
752 646 141 23 fränräknad

145 682 100 21 kronans
259 681 103 22 inkomst
375 681 9 21 i
399 681 118 22 rusthälls-
528 681 43 22 och
581 683 200 26 augmentsräntor
791 681 36 22 för
837 682 56 27 året,

142 718 50 19 stor
214 715 60 22 Fmk
297 716 97 26 800,000:
410 728 27 3 —
452 723 41 21 ger
511 715 39 22 det
565 715 8 22 i
587 715 173 29 propositionen
774 718 120 27 upptagna

144 749 109 29 beloppet
275 749 26 22 af
320 749 60 22 Fmk
399 751 97 25 660,000:
513 763 31 8 —
574 749 120 22 Utskottet
707 749 74 22 finner
795 750 99 21 visserli-

144 791 46 22 gen
206 786 35 19 att
255 783 142 22 törstnämda
412 784 60 21 Fmk
490 785 94 26 140,733:
595 797 27 3 —
636 784 109 29 riktigast
767 784 52 22 bort
837 792 57 21 upp-

144 818 62 22 föras
229 819 74 21 såsom
327 826 27 14 en
378 818 181 22 militiefondens
579 818 144 22 förestående
745 821 64 19 extra
823 819 71 28 utgift

145 853 73 21 under
239 854 26 20 år
282 855 60 25 1904,
364 853 43 22 och
428 853 103 21 däremot
545 853 59 21 Fmk
619 854 96 25 800,000:
732 866 25 3 —
780 857 113 25 upptagas

143 887 77 22 såsom
242 887 40 21 det
303 887 86 22 fonden
407 895 86 14 samma
508 888 25 20 år
549 886 173 22 tillkommande
738 887 82 29 belopp
836 891 58 19 rust-

144 921 70 23 hålls-
230 922 43 21 och
288 924 205 26 augmentsräntor.
523 922 36 21 Då
573 922 127 21 emellertid
716 922 44 21 den
775 923 30 27 på
819 922 75 29 grund

145 956 28 22 af
184 956 131 29 Kejserliga
330 956 165 29 förordningen
511 956 26 22 af
549 956 44 22 den
608 958 12 20 3
637 956 44 28 maj
700 957 60 25 1899,
776 957 118 28 angående

146 991 195 28 omorganisation
364 990 26 22 af
405 992 150 20 statsverkets
569 991 78 21 kassa-
658 990 42 22 och
715 991 180 29 räkenskapsvä-

145 1026 77 26 sende,
238 1026 52 21 med
305 1026 117 28 ingången
438 1026 26 21 af
476 1028 67 19 nästa
557 1026 25 21 år
597 1025 136 22 inträdande
753 1026 141 22 omställnin-

144 1067 48 21 gen
207 1060 26 21 af
245 1063 88 18 statens
348 1060 124 28 bokföring
484 1060 151 22 tvifvelsutan
646 1060 56 21 skall
715 1060 119 22 föranleda
845 1062 49 20 där-

146 1094 43 27 till,
211 1096 34 20 att
267 1102 32 14 nu
321 1094 176 28 ifrågavarande
518 1094 217 28 räkenskapsposter
749 1095 8 20 i
773 1096 73 20 sinom
861 1096 34 20 tid

145 1128 114 22 hvardera
278 1128 36 22 för
335 1129 35 28 sig
390 1128 72 22 blifva
477 1129 30 28 på
522 1128 154 29 vederbörligt
691 1129 66 21 ställe
773 1129 121 21 framdeles

147 1163 157 27 observerade,
319 1164 74 20 finner
407 1163 121 22 Utskottet
542 1163 36 29 sig
588 1164 24 20 så
623 1164 92 27 mycket
726 1163 89 21 mindre
825 1164 70 21 hafva

148 1198 125 28 anledning
295 1200 35 19 att
349 1198 8 21 i
379 1205 31 14 nu
433 1198 147 21 omförmäldt
598 1197 107 22 afseende
719 1198 85 21 föreslå
818 1198 77 28 någon

146 1232 100 28 ändring
267 1233 35 20 uti
317 1232 189 28 uppställningen
528 1232 8 22 i
557 1232 44 22 den
616 1232 86 28 nådiga
716 1233 178 27 propositionen,

146 1273 49 15 som
212 1266 126 28 budgetens
353 1266 162 22 nettoresultat
529 1266 68 22 häraf
609 1266 51 22 icke
675 1266 120 28 påvärkas.

215 1300 122 22 Utskottet
351 1300 35 22 får
402 1301 65 26 altså,
483 1301 7 21 i
506 1301 104 28 enlighet
624 1300 52 21 med
684 1300 29 21 de
727 1301 8 20 i
751 1301 44 21 den
811 1302 85 27 nådiga

147 1335 173 29 propositionen
335 1334 188 23 förekommande
538 1335 263 28 inkomstberäkningar,
812 1335 84 22 föreslå

149 1372 30 18 att
202 1370 169 25 militiefondens
392 1370 116 19 inkomster
529 1371 69 19 under
616 1371 52 18 åren
684 1371 143 19 1901—1904
842 1377 54 20 upp-

148 1402 83 21 skattas
246 1403 34 20 till
297 1403 127 26 8,834,000
437 1403 69 20 mark.

217 1483 143 19 Statsutskottets
373 1484 109 18 betänkande
495 1484 36 17 N:o
544 1485 17 17 3.
