1700 1909
787 218 42 21 N:o
849 220 32 19 22.
1170 220 12 19 9

664 486 83 33 Förslag
769 486 33 26 till
826 487 120 32 reglemente
964 485 31 27 för
1015 485 197 34 olycksfallsförsäk-

596 532 159 32 ringsanstalten
773 531 32 26 för
823 532 78 33 sjömän
919 531 7 26 i
944 531 87 26 Finland,

791 599 56 22 Kap
863 600 17 20 I

544 663 117 21 Anstaltens
677 662 93 22 ändamål
786 663 37 21 och
840 663 31 21 art
888 663 54 21 samt
958 663 48 20 dess
1022 663 101 26 delegare.

813 728 9 18 1
841 727 19 25 8.

533 765 382 28 Olycksfallsförsäkringsanstalten
926 765 42 27 för
987 765 84 27 sjömän
1085 765 8 20 i
1108 765 105 26 Finland,

458 807 51 14 som
526 803 25 17 är
569 799 108 28 grundad
695 799 30 28 pä
741 799 148 28 delegarenes
904 799 138 27 ömsesidiga
1058 798 156 28 ansvarighet,

460 832 42 22 har
524 833 38 21 till
586 833 108 21 ändamål
717 835 35 19 att
775 833 105 21 meddela
895 833 72 21 sådan
982 833 139 27 försäkring,
1142 832 73 21 som
1199 828 19 37 i

460 867 70 28 lagen
552 867 27 21 af
600 867 46 21 den
922 867 120 28 angäende
1065 866 150 28 ansvarighet

460 901 37 22 för
519 901 166 28 kroppsskada,
708 909 49 14 som
780 901 100 22 drabbar
903 901 88 28 sjöman
1006 901 9 20 i
1030 901 108 28 tjensten,
1155 900 61 21 före-

461 935 107 22 skrifves.

813 966 47 25 28.

528 1005 12 20 I
558 1008 8 18 1
585 1006 12 26 8
613 1005 87 20 nämnd
715 1005 132 28 försäkring
862 1004 77 29 gifves
954 1004 26 21 af
994 1003 117 22 anstalten
1126 1003 90 22 kollek-

460 1039 47 21 tivt
522 1039 36 21 för
574 1039 28 21 de
618 1039 38 20 till
671 1038 166 29 besättningen
853 1039 13 21 å
880 1039 72 20 finskt
962 1039 80 27 fartyg
1052 1037 103 22 hörande
1165 1045 51 20 per-

460 1080 74 21 soner,
552 1073 37 22 för
604 1073 82 21 hvilka
702 1073 97 21 redaren
815 1073 74 28 enligt
906 1076 6 17 1
932 1074 13 25 &
961 1072 26 21 af
1001 1072 72 28 sagda
1083 1072 39 28 lag
1133 1075 26 18 är
1169 1071 46 22 för-

462 1107 201 28 säkringspliktig.

815 1137 47 25 38

530 1175 114 28 Delegare
659 1175 8 20 i
683 1175 118 21 anstalten
823 1179 25 16 är
871 1175 92 27 enhvar,
987 1181 49 14 som
1051 1175 30 27 på
1099 1174 77 28 grund
1191 1173 26 21 af

461 1209 100 22 berörda
576 1209 39 29 lag
631 1209 50 22 deri
697 1209 42 21 har
755 1209 142 28 försäkring;
914 1209 43 22 och
968 1213 25 17 är
1004 1209 105 28 delegare
1121 1208 95 28 skyldig

460 1246 36 19 att
511 1244 9 21 i
536 1244 128 21 anstaltens
687 1251 170 20 gemensamma
880 1243 99 28 utgifter
1001 1243 94 28 deltaga
1118 1243 43 21 och
1180 1243 36 20 för

461 1279 53 21 dess
537 1278 156 22 förbindelser
715 1285 98 14 ansvara
828 1278 8 21 i
851 1277 148 22 förhållande
1021 1277 38 21 till
1075 1277 40 21 det
1130 1277 25 21 af
1170 1277 46 21 för-

461 1313 127 28 säkringen
611 1313 128 21 omfattade
763 1312 127 29 företagets
913 1314 42 24 art,
975 1312 74 28 enligt
1064 1311 45 21 den
1125 1311 37 22 för
1178 1319 38 13 an-

462 1348 87 21 stalten
564 1347 125 22 faststälda
704 1347 205 28 betalningstariff.

815 1413 12 18 4
843 1412 20 25 8.

531 1451 90 21 Aflider
636 1451 113 27 delegare,
766 1451 95 26 öfvergå
878 1451 27 20 de
921 1450 53 20 med
984 1450 163 27 försäkringen
1157 1449 61 20 före-

462 1485 60 21 nade
538 1485 140 27 rättigheter
693 1484 43 21 och
752 1483 161 28 skyldigheter
928 1483 38 20 till
981 1483 45 20 den
1041 1482 98 21 aflidnes
1149 1483 69 19 rätts-

463 1518 158 22 innehafvare.
