1075 1781
168 157 14 21 6
365 155 27 23 U.
408 155 26 22 B.
452 169 27 3 —
496 155 106 29 Proport
617 155 45 23 N:o
678 155 37 22 24.

168 223 7 21 i
197 222 96 21 främsta
314 223 100 20 rummet
430 221 102 22 kronans
548 222 44 21 och
608 221 132 21 tullverkets
758 221 106 21 säkerhet
880 221 31 20 af-

169 259 84 20 seende
278 257 238 28 anmälningsskrifter
539 258 51 21 icke
605 257 131 26 förefinnes,
752 257 61 21 helst
836 257 76 20 denna

168 293 147 28 beskattning
339 293 93 22 komme
449 295 32 19 att
497 294 100 27 betunga
609 299 28 15 en
653 293 93 27 rörelse,
762 292 94 22 hvilken
872 299 39 14 an-

170 337 53 14 nars
239 331 86 20 ansetts
341 329 58 22 böra
415 329 51 21 från
482 329 38 21 det
536 329 128 21 allmännas
681 329 49 20 sida
744 328 168 27 understödjas,

167 366 43 21 har
234 365 115 22 Utskottet
372 365 74 22 under
469 365 75 22 denna
568 365 80 21 rubrik
673 364 70 22 infört
766 364 146 27 bestämning

168 401 80 22 derom
272 403 32 20 att
330 401 133 27 märkrulla,
480 408 50 15 som
551 401 34 21 till
604 401 130 21 tullanstait
749 401 121 26 inlemnas,
886 401 26 20 är

167 437 27 22 fri
210 437 51 22 frän
277 437 169 28 stämpelafgift.

237 492 54 21 Med
307 491 107 21 afseende
430 491 14 21 å
460 491 44 21 den
521 491 133 28 förändring
671 491 114 22 Utskottet
796 490 115 27 föreslagit

167 528 74 21 under
256 528 111 21 rubriken
385 528 116 27 >Bilagor»
519 529 43 21 har
572 528 76 27 någon
657 528 100 21 särskild
765 526 146 28 bestämning

168 564 80 21 derom
265 566 32 20 att
317 564 187 26 konnässement,
521 571 51 15 som
589 564 88 28 åtföljer
692 564 134 26 märkrulla,
842 564 26 21 är
883 563 28 21 fri

166 600 51 22 från
234 600 163 28 stämpelafgift
412 600 52 22 icke
479 600 79 22 behöft
573 600 94 22 införas.

237 655 24 21 B.
279 655 96 27 Bilagor.
397 655 76 27 Enligt
489 655 61 21 hvad
567 655 114 21 Utskottet
696 654 85 27 erfarit,
796 655 71 21 hafva
883 654 28 22 de

168 690 105 28 gällande
297 690 171 22 föreskrifterna
484 691 73 21 under
573 691 76 21 denna
665 690 81 22 rubrik
762 690 7 21 i
786 690 126 22 allmänhet

166 726 85 22 tolkats
267 726 105 28 sålunda,
389 729 33 19 att
437 727 76 27 bilaga
529 729 86 19 ansetts
627 727 57 21 böra
695 727 70 27 draga
778 727 28 21 de
818 727 93 27 angifna

167 762 120 28 afgifterna
311 763 81 21 endast
415 763 30 21 då
471 763 136 21 densamma
623 763 89 27 åtföljer
728 764 114 26 stämplad
858 762 51 22 huf-

166 798 121 22 vudskrift.
319 799 134 21 Emellertid
477 799 84 21 saknas
585 799 50 21 icke
659 799 72 21 heller
756 800 103 26 exempel
880 799 30 28 på

166 841 28 14 en
211 834 72 22 sådan
299 834 147 28 tillämpning
462 835 24 21 af
499 834 174 28 ifrågavarande
687 834 179 28 bestämningar,
878 836 32 20 att

164 870 77 27 bilaga
256 870 51 21 icke
323 870 94 22 befriats
430 870 52 22 från
494 870 161 28 stämpelafgift
666 870 75 21 fastän
752 870 157 22 hufvudskrif-

164 908 40 19 ten
219 906 59 21 varit
293 906 36 27 fri,
345 909 63 23 utan,
420 906 29 21 då
466 906 135 22 densamma
612 906 94 28 utgjorts
723 906 25 21 af
761 906 149 28 borgesskrift

166 942 55 21 eller
243 942 114 27 fullmakt,
378 942 161 22 underkastats
560 942 169 29 stämpelafgift.
761 944 81 20 Denna
858 943 51 21 sist-

165 978 103 21 nämnda
287 978 147 28 tillämpning
455 979 96 21 erhåller
570 979 52 21 stöd
638 979 69 26 deraf,
725 981 32 19 att
772 979 88 26 bilagor
875 979 34 21 till

165 1014 208 27 angifningsinlaga
394 1015 108 21 särskildt
517 1015 132 21 betecknats
667 1015 77 20 såsom
760 1015 147 27 stämpelfria,

164 1049 75 21 ehuru
255 1050 250 27 angifningsinlagorna
521 1050 78 28 sjelfva
615 1053 40 18 äro
671 1050 50 27 fria,
738 1053 60 18 samt
814 1053 32 18 att
856 1051 52 20 bor-

165 1085 106 27 gesskrift
280 1085 44 21 och
335 1085 107 22 fullmakt
450 1086 132 21 betecknats
591 1087 78 21 såsom
677 1087 150 26 ovilkorligen
839 1088 69 19 stäm-

165 1121 103 28 pelafgift
291 1121 177 27 underkastade,
489 1122 84 21 medan
592 1128 90 15 »annan
697 1121 88 28 bilaga»
804 1122 104 21 endast
894 1117 17 36 i

165 1156 39 21 det
226 1157 46 25 fall,
297 1159 33 19 att
353 1157 45 21 den
421 1157 51 21 icke
496 1158 87 27 åtföljer
601 1157 127 28 stämpelfri
744 1158 163 26 hufvudskrift,

165 1192 88 28 påförts
269 1192 70 27 afgift.
367 1193 35 21 Då
418 1193 125 21 emellertid
559 1193 69 27 enligt
644 1193 126 22 Utskottets
786 1194 69 20 tanke
868 1193 39 21 nå-

164 1225 38 29 got
219 1227 49 22 skäl
284 1227 51 22 icke
351 1228 123 21 förefinnes
483 1228 35 21 för
533 1231 31 18 ett
579 1229 62 20 olika
649 1229 131 21 förfarande
792 1229 53 21 med
855 1229 52 21 bor-

164 1263 107 27 gesskrift
287 1263 44 22 och
347 1263 107 22 fullmakt
471 1267 60 18 samt
546 1264 72 21 andra
634 1265 94 26 bilagor,
740 1265 43 20 har
794 1265 113 20 Utskottet

163 1299 70 21 infört
249 1299 126 28 stadgande
392 1299 79 22 derom
488 1302 32 19 att
535 1300 82 27 bilaga,
634 1307 50 14 som
701 1300 89 27 åtföljer
800 1301 106 27 stämpel-

163 1334 29 20 fri
216 1334 164 26 hufvudskrift,
404 1336 26 19 är
453 1334 35 26 fri,
512 1341 53 14 men
581 1335 110 26 deremot,
707 1335 79 21 såsom
800 1335 36 21 till
851 1335 56 27 följd

162 1369 68 21 däraf
250 1369 50 21 icke
322 1369 78 21 vidare
420 1369 121 28 behöfliga,
558 1370 103 21 uteslutit
676 1371 176 28 bestämningen
868 1377 39 15 om

162 1405 167 28 stämpelfrihet
349 1405 36 22 för
400 1405 89 28 bilagor
504 1406 33 21 till
553 1406 207 29 angifningsinlaga
776 1409 60 19 samt
852 1407 56 22 efter

164 1448 91 15 »annan
271 1442 88 28 bilaga»
378 1442 71 21 orden
468 1449 63 14 »som
547 1442 50 22 icke
613 1443 89 28 åtföljer
717 1444 127 28 stämpelfri
855 1444 51 21 huf-

160 1478 135 21 vudskrift.»

232 1525 206 24 Bevillningsutskottets
450 1526 109 19 betänkande
571 1527 36 19 N:o
619 1529 18 17 3.
