1700 1917
694 247 72 23 Ständ.
782 249 34 21 Sv.
833 260 26 4 —
876 248 59 27 Prop.
953 248 36 22 N:o
1006 248 32 22 17.
1176 249 27 19 63

453 310 97 26 lösören,
569 310 74 22 sävidt
659 310 28 21 de
702 312 13 20 &
730 310 75 22 stället
819 310 80 26 finnas,
915 312 24 19 sä
954 310 43 22 ock
1011 311 8 20 i
1034 310 113 22 brukaren
1162 310 42 22 till-

452 344 68 29 hörig
542 344 109 29 byggnad
675 344 58 22 derä.
764 345 49 27 Lag
829 352 84 14 samma
927 352 54 14 vare
996 352 37 14 om
1047 344 157 29 legogifvaren

452 378 36 22 för
510 378 54 22 flere
587 378 54 22 eller
659 378 60 22 färre
737 380 24 20 är
776 378 170 22 tillkommande
961 379 126 27 ersättning
1101 379 37 21 för
1152 378 52 22 hus-

452 414 54 28 röta
517 412 54 22 eller
586 412 108 27 vanhäfd,
710 413 53 21 eller
778 413 36 22 för
829 413 101 22 vanvärd
946 413 53 21 eller
1014 413 156 29 förskingring
1180 412 26 22 af

451 447 99 26 kreatur,
566 448 97 28 redskap
679 447 53 22 eller
747 450 75 23 annat,
836 454 48 15 som
894 447 114 22 brukaren
1018 448 71 28 enligt
1099 448 34 20 uti
1142 447 61 29 lego-

451 481 132 22 kontraktet
597 482 94 29 intagen
706 482 54 21 eller
775 482 106 22 särskildt
895 481 122 30 uppgjord,
1031 482 117 22 bevittnad
1159 482 44 22 för-

451 516 109 28 teckning
579 516 26 21 af
618 516 157 29 legogifvaren
791 517 118 28 emottagit
923 517 36 21 för
974 516 147 28 lägenhetens
1136 517 65 22 bruk.

519 614 36 22 De
570 614 148 29 stadganden,
734 621 48 15 som
798 615 44 21 den
855 614 26 22 af
889 614 127 22 Ständerna
1027 616 99 27 antagna
1135 614 67 29 lagen

450 656 38 14 om
510 649 52 28 lega
583 648 26 22 af
627 648 52 29 jord
701 650 30 28 pä
753 649 83 22 landet:
852 649 132 26 innehäller,
999 651 38 19 äro
1053 649 146 22 tvifvelsutan

450 683 87 29 egnade
552 685 33 20 att
600 683 36 22 för
651 683 160 29 legotagarene
825 683 102 22 medföra
941 683 50 22 icke
1001 683 24 22 få
1034 683 115 22 förmåner
1159 683 43 22 och

449 725 30 14 en
494 718 142 29 väsentligen
651 717 126 23 förbättrad
793 718 114 28 ställning.
932 718 79 29 Lagen
1022 725 48 14 som
1081 718 70 22 sådan
1160 718 42 22 har

450 753 125 22 emellertid
600 755 84 19 ansetts
702 752 50 22 icke
767 753 78 22 kunna
859 753 135 21 åtminstone
1009 752 36 22 för
1059 753 142 22 närvarande

449 787 127 22 utsträckas
587 787 34 22 till
632 787 89 26 sådana,
732 787 8 22 i
749 789 22 19 71
783 789 45 26 (64)
839 787 13 30 $
863 787 26 22 af
896 787 149 28 lagförslaget
1055 787 147 22 omförmälda

449 822 138 28 lägenheter,
610 821 79 22 hvilka
710 822 50 21 icke
783 822 25 21 af
829 822 102 22 enskilda
945 822 51 22 med
1011 821 42 22 full
1069 822 132 28 eganderätt

448 855 142 24 innehafvas.
620 856 54 21 Men
697 859 54 19 enär
773 856 100 29 önskligt
895 863 60 18 vore,
972 858 33 19 att
1017 855 86 29 jemväl
1117 857 85 27 legota-

450 897 54 22 gare
526 892 13 19 å
561 891 85 21 sådana
667 890 138 29 lägenheter,
825 891 74 22 såvidt
913 890 52 21 med
981 890 64 22 dessa
1059 890 142 29 lägenheters

450 927 96 26 säregna
567 927 67 20 natur
656 925 108 28 förenligt
787 928 30 23 är,
835 925 89 22 komme
942 925 7 20 i
965 925 132 28 åtnjutande
1113 925 25 21 af
1151 931 50 15 ena-

449 959 75 22 handa
538 959 121 26 förmåner,
675 959 24 22 få
714 959 127 22 Ständerna
855 959 164 28 underdånigst
1034 959 95 26 anhålla,

724 1025 32 20 att
769 1023 70 22 Eders
852 1023 126 28 Kejserliga
990 1023 105 28 Majestät
1105 1023 78 22 täcktes
1193 1023 9 21 i

655 1057 70 22 nåder
740 1057 45 22 låta
799 1058 89 28 vidtaga
903 1057 102 28 åtgärder
1019 1059 9 20 i
1042 1057 82 22 sådant
1138 1058 63 27 syfte,

657 1093 32 20 att
710 1092 8 21 i
740 1092 63 28 lagen
822 1099 32 14 om
870 1092 46 28 lega
932 1091 28 28 af
968 1091 53 28 jord
1031 1092 33 27 på
1079 1091 74 22 landet
1167 1092 34 22 in-

653 1125 84 30 gående
752 1126 137 28 stadganden
905 1125 64 22 måtte
983 1125 9 22 i
1001 1125 129 29 tillämpliga
1140 1126 61 21 delar

655 1160 122 21 utsträckas
789 1160 81 28 jemväl
885 1160 33 21 till
933 1160 47 27 lega
993 1160 27 27 af
1027 1159 173 28 kronohemman,

655 1195 160 28 kungsgårdar,
838 1195 89 28 militie-,
943 1194 130 22 civilstatens
1089 1194 35 21 och
1140 1194 61 22 eckle-

655 1229 160 22 siastikstatens
837 1229 100 22 boställen
959 1229 110 27 äfvensom
1091 1229 28 27 af
1139 1229 61 21 dessa

655 1264 121 29 lägenheter
791 1263 167 28 underlydande
973 1265 52 26 torp,
1041 1265 57 20 samt
1113 1265 37 25 att,
1162 1263 38 21 der

655 1298 136 22 Ständernas
814 1298 129 22 medverkan
965 1297 34 22 till
1015 1298 68 28 sagda
1099 1297 102 28 åtgärder

651 1332 108 28 påkallas,
782 1333 69 27 nådig
871 1332 133 27 proposition
1023 1332 8 21 i
1046 1333 72 21 ämnel
1133 1331 67 22 skulle

655 1367 32 22 till
702 1367 127 22 Ständerna
843 1366 85 27 aflåtas.

517 1431 109 22 Finlands
642 1430 97 22 Ständer
754 1429 129 23 framhärda
898 1431 41 21 etc.

516 1492 151 29 Helsingfors,
683 1492 43 21 den
743 1493 27 19 29
785 1491 45 29 Maj
848 1493 61 20 1900.
