1075 1736
170 118 13 21 6
353 117 84 23 Ständ.
455 117 38 23 Sv.
510 130 27 3 —
553 117 72 28 Prop.
642 117 44 22 N:o
701 117 38 22 22.

239 187 171 22 Skadeståndet
430 187 114 22 beräknas
565 187 9 21 i
592 186 67 22 dessa
676 186 42 22 fall
735 186 53 22 från
806 186 45 21 den
870 185 52 29 dag,

171 221 30 22 då
223 221 104 29 fartyget
349 221 78 21 förlist
451 220 56 22 eller
530 220 37 22 till
591 220 95 22 hvilken
703 228 55 14 man
776 222 78 20 senast
871 220 52 22 haft

170 255 107 30 kunskap
295 263 38 15 om
351 254 134 23 detsamma.

520 358 12 21 4
554 359 20 26 8.

241 423 70 26 Öfver
328 426 131 29 tillgången
477 426 40 22 vid
534 425 124 29 olycksfall
676 425 66 28 skall,
756 426 26 21 så
799 425 51 22 vidt
868 426 55 29 möj-

171 460 45 30 ligt
234 464 31 24 är,
278 461 9 21 i
304 459 209 30 skeppsdagboken
530 460 87 22 införas
629 459 130 28 berättelse,
772 459 96 22 hvilken
881 459 42 22 bör

171 494 180 28 underskrifvas,
370 494 102 22 förutom
490 495 22 21 af
529 493 180 28 befälhafvaren,
728 494 85 28 jemväl
830 493 24 22 af
872 493 51 22 dem

171 529 73 22 bland
265 528 161 22 underbefälet
449 528 43 22 och
514 528 143 29 manskapet,
680 535 48 15 som
750 528 62 22 varit
832 527 91 23 vittnen

172 563 37 22 till
227 562 215 30 olyckshändelsen.

241 597 78 22 Sådan
337 598 109 21 anmälan
464 604 37 15 om
519 596 128 30 olycksfall,
661 604 48 14 som
727 596 9 22 i
751 596 29 22 19
794 597 14 26 $
820 596 24 22 af
856 597 69 28 lagen

172 632 46 22 den
242 632 14 22 5
283 631 127 23 December
435 632 63 22 1895
526 632 155 27 föreskrifves,
705 630 61 23 skall
788 634 69 26 göras
883 630 42 22 hos

172 666 174 22 vederbörande
370 666 138 29 myndighet
531 666 8 22 i
563 666 45 22 den
631 666 70 22 hamn
725 666 9 21 i
757 665 109 29 Finland,
884 665 42 22 der

173 700 147 30 olycksfallet
337 700 113 28 inträffat,
469 700 56 22 eller
541 700 97 23 hvilken
650 700 103 29 fartyget
765 700 59 22 efter
835 700 91 29 olycks-

172 735 67 22 fallet
259 735 59 21 först
338 735 102 29 anlöper,
460 735 43 22 och
521 735 60 22 skall
599 734 80 22 dervid
697 734 46 22 den
760 734 9 22 i
786 734 139 29 föregående

172 776 67 15 mom.
257 768 85 24 nämda
360 769 124 22 berättelse
501 770 9 21 i
527 770 86 28 utdrag
629 776 28 15 ur
673 768 206 30 skeppsdagboken
889 768 38 23 till

174 811 85 14 samma
277 804 137 29 myndighet
432 804 157 22 öfverlemnas.

178 857 3 3 +
241 837 103 31 Anlöper
370 838 104 28 fartyget
499 838 52 22 icke
574 838 63 22 inom
661 838 80 21 trettio
768 838 73 29 dagar
867 838 58 22 efter

173 871 147 30 olycksfallet
336 872 62 22 finsk
415 872 76 28 hamn,
510 873 60 22 skall
587 873 8 21 i
613 871 78 22 stället
708 872 38 22 för
763 872 72 23 sådan
848 876 77 19 anmä-

172 907 40 22 lan
233 906 45 23 den
296 907 9 22 i
325 907 11 22 1
358 915 67 14 mom.
444 907 150 22 omförmälda
610 907 125 22 berättelse
754 907 64 22 öfver
836 907 89 29 olycks-

172 941 67 22 fallet
264 941 124 22 tillsändas
412 941 44 22 den
482 942 8 22 i
515 943 13 20 2
553 943 14 26 &
590 941 85 22 nämda
692 941 233 30 försäkringsanstalt

173 976 52 21 från
242 975 73 23 första
332 976 77 28 hamn,
428 975 102 24 derifrån
548 976 83 22 sådant
649 976 46 21 kan
713 976 48 21 ske.

525 1079 13 21 5
558 1080 19 25 8.

243 1147 49 22 Har
309 1147 124 28 olycksfall
452 1147 62 21 skett
531 1147 8 21 i
556 1147 117 22 farvatten
691 1147 57 21 eller
763 1147 3 21 i
779 1147 69 21 hamn
861 1150 64 20 utom

174 1181 81 23 landet
277 1181 56 22 eller
353 1180 75 22 under
448 1188 51 15 resa
520 1181 37 21 till
574 1180 72 23 sådan
664 1180 77 29 hamn,
760 1181 66 22 skola
844 1181 28 22 de
890 1182 35 22 uti

175 1216 32 21 20
233 1217 13 25 &
272 1215 11 22 1
303 1222 67 15 mom.
389 1215 44 22 och
458 1216 31 21 24
512 1216 14 26 8
543 1215 9 22 i
575 1215 69 28 lagen
662 1215 23 22 af
703 1215 45 22 den
767 1216 13 21 5
799 1215 127 23 December

177 1250 64 22 1895
265 1249 113 29 stadgade
401 1249 61 22 tider
484 1250 36 21 för
543 1249 108 22 anmälan
675 1257 37 14 om
732 1249 195 23 skadeståndsan-

174 1283 70 29 språk
261 1283 42 21 hos
320 1283 233 28 försäkringsanstalt
570 1283 43 21 och
631 1284 37 20 för
684 1283 125 22 utförande
827 1285 23 20 af
862 1285 65 21 talan

175 1324 37 14 om
234 1315 141 23 skadestånd
398 1316 40 22 vid
462 1316 97 21 domstol
582 1317 86 21 räknas
690 1317 53 21 från
761 1316 46 22 den
824 1317 54 29 dag,
897 1317 30 22 då

174 1351 104 29 fartyget
295 1350 58 21 efter
371 1350 147 29 olycksfallet
532 1351 58 21 först
608 1350 81 29 anlöpt
706 1350 61 22 finsk
783 1350 70 23 hamn
865 1351 62 28 eller,

174 1393 37 15 om
229 1385 89 22 skadad
335 1385 97 30 sjöman,
452 1392 48 15 som
518 1385 154 29 qvarlemnats
691 1386 13 21 å
717 1388 36 19 ort
764 1388 65 20 utom
840 1386 86 29 landet,

175 1427 79 15 senare
278 1419 38 22 till
339 1419 81 23 landet
446 1419 144 29 återvänder,
608 1420 52 22 från
684 1419 46 23 den
754 1419 46 31 dag
821 1420 47 23 han
892 1421 36 22 hit
