1198 1750
184 167 27 19 20
387 162 72 22 Ständ.
476 161 35 22 Sv.
527 174 26 3 —
569 161 61 27 Prop.
647 160 34 22 N:o
699 160 32 22 17.

184 227 42 21 till-
249 225 42 22 och
313 225 144 27 afträdessyn
479 223 82 25 kunde,
585 223 29 21 då
636 223 108 28 sakegare
764 222 80 21 sådant
860 222 77 25 önska,

185 259 132 23 verkställas
339 258 115 27 samtidigt
476 257 43 22 och
541 257 26 22 af
587 264 85 14 samma
694 259 115 26 synemän.
840 256 99 22 Oaktadt

187 294 94 23 berörda
295 300 68 22 syner
379 291 93 23 sålunda
487 291 76 22 blefve
579 291 172 26 sammanförda,
762 298 54 14 vore
830 290 27 22 de
868 290 71 23 likväl

186 328 118 29 rättsligen
320 329 32 20 att
368 333 63 15 anses
447 326 36 21 för
497 328 84 20 tvenne
597 325 72 22 skilda
684 325 169 28 förrättningar,
869 327 13 20 å
897 333 43 14 ena

187 363 64 22 sidan
271 361 144 29 afträdessyn
429 360 95 22 emellan
538 360 158 29 legogifvaren
711 359 42 22 och
768 359 45 22 den
827 359 112 29 afgående

188 398 110 22 brukaren
325 396 42 22 och
393 398 12 19 å
428 395 45 22 den
494 395 69 22 andra
586 395 154 28 tillträdessyn
762 395 95 21 emellan
879 395 60 28 lego-

188 432 104 29 gitvaren
307 431 43 22 och
365 429 146 26 tillträdaren,
527 429 93 23 hvarför
635 429 68 22 äfven
718 437 29 14 en
762 429 95 22 särskild
869 429 70 22 hand-

187 467 49 28 ling
260 466 65 21 öfver
350 465 111 22 hvardera
485 463 168 29 förrättningen
681 463 68 22 borde
775 465 124 28 upprättas.
929 464 12 21 I

188 500 139 23 förstnämda
345 499 106 22 afseende
466 499 73 21 skulle
551 498 86 29 jemväl
650 501 106 26 parterne
771 499 170 21 tillkommande

189 535 150 28 ersättningar
350 533 134 22 bestämmas
495 533 43 21 och
548 533 97 28 ändring
655 533 8 20 i
673 533 181 28 synenämndens
865 533 76 29 utslag

188 570 67 28 finge,
276 568 90 30 jemlikt
389 567 134 29 stadgandet
540 568 8 21 i
566 569 26 20 26
611 568 45 28 (24)
678 567 6 29 $
701 569 13 20 2
729 575 73 19 mom.,
818 568 67 22 sökas
900 568 41 22 hos

189 604 102 22 domstol.
322 602 44 23 Vid
389 602 184 28 tillträdessynen
594 609 54 15 vore
668 603 38 21 det
724 603 80 21 endast
821 602 66 29 fräga
905 610 37 14 om

188 638 127 23 utrönande
333 637 26 22 af
374 637 147 28 lägenhetens
540 637 70 27 skick,
628 637 96 22 hvarvid
740 637 43 21 den
798 637 51 21 med
864 640 80 19 nämn-

189 673 55 22 dens
261 671 118 23 utlätande
393 671 122 28 missnöjde
529 671 68 28 finge,
610 671 91 29 jemlikt
724 673 4 19 1
744 679 66 14 mom.
827 671 26 22 af
865 671 77 22 äbero-

188 707 59 30 pade
261 706 113 30 paragraf,
389 706 138 21 underställa
543 706 124 22 detsamma
681 706 109 29 pröfning
800 706 26 22 af
833 706 109 22 förstärkt

189 741 147 31 synenämnd.
353 741 188 28 Synenämndens
550 740 124 29 värdering
684 741 54 22 eller
748 743 69 20 annat
826 741 117 22 utlåtande

191 775 139 23 beträffande
352 775 147 29 lägenhetens
522 775 65 22 skick
609 775 73 22 skulle
700 775 86 22 säledes
804 776 91 21 komma
910 777 33 20 att

190 810 92 29 pröfvas
309 809 56 22 bäde
387 809 26 22 af
433 809 97 22 domstol
552 809 43 22 och
618 809 26 22 af
663 809 109 22 förstärkt
794 810 148 28 synenämnd,

189 844 78 22 hvilka
281 844 112 22 hvardera
407 844 76 21 kunde
498 847 81 19 stanna
593 844 8 21 i
616 844 61 22 olika
692 845 51 21 slut.

257 879 12 21 I
287 879 112 22 anseende
413 878 76 22 härtill
505 879 42 22 och
562 879 29 21 dä
606 879 116 28 svårighet
737 879 115 22 dessutom
868 879 76 22 kunde

189 920 63 22 yppa
275 913 36 28 sig
337 913 39 21 vid
402 913 160 28 fördelningen
588 913 26 21 af
634 913 215 28 synekostnaderna,
875 913 69 22 hafva

190 947 127 22 Ständerna
334 947 77 22 funnit
425 947 132 29 lämpligare
573 949 33 20 att
620 948 46 21 låta
682 949 26 20 28
724 948 14 29 &
753 947 48 22 helt
816 948 42 22 och
873 948 70 22 hållet

190 984 55 26 utgå
266 989 27 14 ur
310 981 154 29 lagförslaget.
494 977 77 27 Äfven
589 981 132 23 derförutan
736 983 45 22 kan
797 983 38 21 det
850 983 94 22 afsedda

190 1016 116 21 resultatet
321 1017 65 20 ernäs
401 1023 83 21 genom
498 1016 95 29 frivillig
608 1016 235 27 öfverenskommelse,
855 1017 28 22 dä
894 1017 49 22 sak-

190 1058 67 21 egare
279 1050 114 29 sjelffallet
416 1054 24 18 är
463 1051 105 28 obetaget
590 1053 33 19 att
646 1051 70 21 anlita
734 1058 84 15 samme
833 1055 110 24 synemän

190 1085 63 21 såväl
275 1085 36 21 för
333 1085 32 21 af-
381 1092 48 14 som
444 1085 184 28 tillträdessynen
643 1085 42 21 och
700 1085 45 21 låta
761 1085 64 22 dessa
840 1085 104 29 försiggä

189 1120 30 27 pä
234 1126 84 14 samma
333 1120 68 27 gäng.

520 1258 14 19 4
548 1257 61 28 Kap.

341 1317 40 24 Om
394 1317 177 29 inregistrering
587 1318 24 23 af
625 1318 170 29 legokonirakt.

497 1382 86 20 30—33
597 1381 37 29 88.

257 1426 69 21 Detta
348 1426 86 29 kapitel
455 1427 40 21 har
510 1427 26 21 af
549 1427 127 22 Ständerna
691 1435 26 14 ur
732 1428 148 29 lagförslaget
895 1431 48 20 ute-

189 1461 80 22 slutits.
