1700 1917
655 251 72 23 Ständ.
743 251 34 23 Sv.
794 265 26 3 —
837 252 60 28 Prop.
914 251 34 23 N:o
963 252 37 22 23.
1196 253 12 19 5

454 314 92 20 mallein
566 314 176 28 diagnostiseras
758 315 70 21 redan
842 315 8 21 i
867 315 50 21 dess
933 315 54 21 allra
998 314 107 29 tidigaste
1117 314 90 25 stadier,

454 348 41 20 har
510 348 168 28 bekämpandet
693 348 23 21 af
731 349 74 21 denna
820 349 105 27 sjukdom
939 351 30 25 på
983 356 80 14 senare
1078 348 60 22 tider
1154 348 54 21 stält

455 382 35 28 sig
514 382 139 28 ojemförligt
675 383 92 28 mycket
789 383 80 21 lättare
893 386 28 18 än
939 383 69 25 förut,
1027 385 26 26 ty
1069 390 83 20 genom
1167 384 40 24 att,

456 416 28 21 då
506 420 48 17 rots
577 416 136 22 misstänkes
735 417 117 28 föreligga,
871 419 88 19 snarast
974 416 89 29 möjligt
1079 417 130 21 undersöka

455 450 105 28 samtliga
575 451 77 21 hästar
667 451 8 21 i
691 451 39 21 det
745 451 137 21 besmittade
901 451 75 21 stallet
991 452 53 20 med
1058 451 92 21 mallein
1166 450 42 22 och

456 485 70 28 derpå
541 485 78 20 aflifva
635 485 44 21 alla
694 485 28 21 de
737 485 84 25 hästar,
837 493 49 13 som
901 485 40 21 vid
952 485 74 21 denna
1036 485 172 27 undersökning

455 521 109 26 reagerat,
589 519 77 21 kunna
687 519 141 28 förefintliga
850 519 147 21 smitthärdar
1012 520 53 20 med
1079 519 83 21 lätthet
1178 519 30 21 af-

454 554 97 27 lägsnas.
582 554 71 21 Detta
675 554 176 27 förfaringssätt,
874 561 48 14 som
945 557 24 17 är
993 553 52 22 fullt
1067 553 142 28 berättigadt

456 588 43 21 och
524 588 194 28 ändamälsenligt,
746 589 95 20 emedan
865 591 47 18 rots
936 591 23 18 är
981 590 85 26 ytterst
1082 588 127 21 smittosam

456 622 43 21 och
530 622 117 21 dessutom
672 622 72 28 enligt
769 629 31 14 nu
825 622 104 28 gällande
956 622 84 27 äsigter
1065 622 93 28 obotlig,
1184 625 24 18 är

456 655 127 23 emellertid
607 656 36 21 för
669 657 43 21 den
731 656 103 21 enskilde
849 657 137 27 hästegaren
1001 657 48 20 ofta
1063 656 93 28 mycket
1172 656 36 21 be-

456 691 124 28 tungande.
612 691 89 21 Genom:
716 693 33 19 ett
766 691 80 21 sådant
861 691 131 21 förfarande
1008 691 45 21 kan
1064 691 74 20 denne
1148 693 61 18 näm-

456 725 62 28 ligen
540 725 107 22 beröfvas
669 725 83 25 hästar,
775 725 78 22 hvilka
875 724 136 29 visserligen
1030 728 38 18 äro
1086 725 123 21 behäftade

456 759 54 22 med
534 762 53 23 rots,
613 767 53 14 men
687 759 78 21 hvilka
789 759 38 22 det
850 759 93 22 oaktadt
962 761 29 26 pä
1007 759 75 28 grund
1097 759 23 21 af
1135 759 75 21 denna

456 793 119 28 sjukdoms
590 794 8 20 i
613 793 79 28 regeln
707 793 140 28 längsamma
861 794 90 27 förlopp
967 793 128 28 säkerligen
1110 797 61 17 ännu
1182 801 28 12 en

456 828 54 28 läng
525 828 40 25 tid,
581 831 99 25 mängen
695 830 61 26 gäng
771 828 35 21 till
822 829 43 20 och
879 828 52 21 med
947 828 54 21 flere
1013 829 30 24 är,
1059 828 72 21 skulle
1142 827 68 21 hafva

456 862 60 21 varit
532 862 53 22 fullt
600 862 177 28 arbetsdugliga.
807 863 46 20 För
868 865 34 19 att
917 862 78 28 undgä
1009 862 84 21 sädana
1102 862 108 21 förluster

456 897 78 21 kunde
550 905 29 13 en
593 897 173 28 kreatursegare
781 897 43 21 lätt
839 897 98 21 förledas
953 896 36 21 till
1003 899 34 18 att
1048 897 91 21 försöka
1150 895 61 28 dölja

457 931 148 28 sjukdomens
628 931 131 26 förekomst,
783 931 150 28 hvarigenom
955 931 50 21 icke
1027 931 66 28 ringa
1112 931 49 21 fara
1175 930 35 21 för

458 965 157 29 omgifningen
630 966 119 29 uppstode.
773 966 34 21 På
821 966 74 28 grund
911 965 70 26 häraf,
993 966 42 21 och
1051 965 29 22 dä
1095 965 39 21 det
1145 967 65 26 synts

458 1000 90 29 obilligt
571 1003 34 18 att
630 1000 138 28 hästegaren
792 1000 36 21 för
853 1000 58 28 djur,
934 999 79 22 hvilka
1035 1003 38 18 äro
1098 1000 80 21 endast
1203 999 8 20 i

458 1035 92 28 mycket
565 1035 66 28 ringa
646 1035 57 28 grad
723 1035 112 28 angripna
849 1035 23 21 af
887 1037 54 23 rots,
959 1034 73 21 skulle
1048 1036 96 19 ersättas
1159 1033 53 22 med

457 1069 61 22 blott
532 1069 78 22 halfva
625 1069 87 26 värdet,
729 1069 41 21 har
786 1069 157 28 ersättningen
957 1069 8 21 i
981 1069 84 21 sädana
1074 1069 40 20 fall
1125 1070 86 19 ansetts

458 1104 56 21 böra
535 1106 57 25 utgå
613 1103 53 22 med
689 1103 172 28 trefjerdedelar
877 1103 23 22 af
914 1104 92 20 hästens
1024 1102 188 29 uppskattnings-

458 1138 76 22 värde.
565 1138 36 21 Då
619 1140 48 19 åter
689 1137 36 22 för
742 1138 83 25 hästar,
842 1139 41 20 hos
898 1137 78 22 hvilka
991 1137 135 28 sjukdomen
1142 1137 70 21 redan

458 1172 141 22 framskridit
621 1174 25 19 så
663 1172 71 28 långt,
751 1174 34 19 att
801 1172 124 28 diagnosen
939 1172 46 21 kan
1000 1172 77 21 ställas
1092 1173 29 27 på
1136 1171 76 28 grund

459 1207 23 21 af
496 1209 62 26 yttre
577 1206 242 28 sjukdomssymptom,
843 1206 127 28 ersättning
987 1205 160 22 motsvarande
1164 1205 48 28 dju-

458 1243 47 19 rets
528 1241 77 21 halfva
627 1241 70 21 värde
720 1243 72 19 måste
815 1248 64 14 anses
902 1240 53 22 fullt
973 1239 128 29 tillräcklig,
1118 1239 95 22 emedan

459 1276 67 21 dessa
540 1276 89 21 hästars
645 1275 178 28 arbetsförmåga
846 1275 70 21 redan
932 1278 24 18 är
970 1274 8 21 i
993 1275 86 28 ganska
1094 1274 47 28 hög
1156 1274 58 28 grad

458 1311 100 24 nedsatt,
580 1309 70 22 hafva
672 1309 129 22 Ständerna
815 1309 8 21 i
838 1309 63 28 fråga
917 1317 36 13 om
969 1309 145 28 godtgörelse
1130 1309 35 20 för
1181 1310 32 19 sä-

460 1345 58 20 dana
541 1343 51 28 djur
615 1343 118 22 bibehällit
752 1343 176 28 bestämningen
943 1342 8 21 i
968 1343 44 20 den
1033 1342 85 28 nädiga
1132 1349 80 21 propo-

460 1378 104 21 sitionen.

528 1412 102 21 Emedan
657 1411 44 21 den
725 1411 36 21 för
783 1411 108 21 aflifvade
915 1411 52 27 djur
981 1411 174 27 kreatursegaro
1170 1410 43 20 till-

462 1446 139 21 kommande
627 1445 156 28 ersättningen
809 1446 71 21 skulle
909 1444 154 28 otillbörligen
1087 1444 127 25 reduceras,

460 1488 37 12 om
512 1480 129 20 kostnaden
663 1479 36 20 för
713 1479 151 27 värderingen
881 1479 115 20 drabbade
1013 1478 142 27 djuregaren,
1172 1478 42 20 och

462 1514 29 20 dä
507 1513 39 21 det
562 1515 65 25 synts
643 1512 99 26 rättvist,
762 1514 34 18 att
811 1512 82 21 sädant
908 1512 80 27 afdrag
1002 1511 50 21 frän
1068 1511 147 27 ersättnings-

462 1554 104 15 summan
582 1546 51 22 icke
649 1546 70 22 borde
734 1545 169 29 ifrägakomma,
919 1545 41 22 har
974 1545 9 21 i
999 1553 28 13 en
1042 1544 97 23 särskild
1153 1552 63 22 para-
