<?xml version="1.0" encoding="UTF-8"?>
<alto xmlns="http://www.loc.gov/standards/alto/ns-v3#" xmlns:xlink="http://www.w3.org/1999/xlink" xmlns:xsi="http://www.w3.org/2001/XMLSchema-instance" xsi:schemaLocation="http://www.loc.gov/standards/alto/ns-v3# http://www.loc.gov/alto/v3/alto-3-0.xsd">
	<Description>
		<MeasurementUnit>pixel</MeasurementUnit>
		<sourceImageInformation>
			<fileName>/tmp/tess_d90bvdwe_input.PNG</fileName>
		</sourceImageInformation>
		<OCRProcessing ID="OCR_0">
			<ocrProcessingStep>
				<processingSoftware>
					<softwareName>tesseract 5.3.4</softwareName>
				</processingSoftware>
			</ocrProcessingStep>
		</OCRProcessing>
	</Description>
	<Layout>
		<Page WIDTH="1073" HEIGHT="1756" PHYSICAL_IMG_NR="0" ID="page_0">
			<PrintSpace HPOS="0" VPOS="0" WIDTH="1073" HEIGHT="1756">
				<ComposedBlock ID="cblock_0" HPOS="333" VPOS="146" WIDTH="573" HEIGHT="101">
					<TextBlock ID="block_0" HPOS="333" VPOS="146" WIDTH="573" HEIGHT="101">
						<TextLine ID="line_0" HPOS="333" VPOS="146" WIDTH="573" HEIGHT="30">
							<String ID="string_0" HPOS="333" VPOS="146" WIDTH="84" HEIGHT="23" WC="0.90" CONTENT="Ständ."/><SP WIDTH="17" VPOS="146" HPOS="417"/>
							<String ID="string_1" HPOS="434" VPOS="147" WIDTH="38" HEIGHT="23" WC="0.93" CONTENT="Sv."/><SP WIDTH="16" VPOS="147" HPOS="472"/>
							<String ID="string_2" HPOS="488" VPOS="159" WIDTH="28" HEIGHT="4" WC="0.93" CONTENT="—"/><SP WIDTH="14" VPOS="159" HPOS="516"/>
							<String ID="string_3" HPOS="530" VPOS="147" WIDTH="73" HEIGHT="29" WC="0.94" CONTENT="Prop."/><SP WIDTH="18" VPOS="147" HPOS="603"/>
							<String ID="string_4" HPOS="621" VPOS="148" WIDTH="43" HEIGHT="23" WC="0.95" CONTENT="N:o"/><SP WIDTH="16" VPOS="148" HPOS="664"/>
							<String ID="string_5" HPOS="680" VPOS="148" WIDTH="39" HEIGHT="22" WC="0.96" CONTENT="26."/><SP WIDTH="174" VPOS="148" HPOS="719"/>
							<String ID="string_6" HPOS="893" VPOS="149" WIDTH="13" HEIGHT="20" WC="0.96" CONTENT="3"/>
						</TextLine>
						<TextLine ID="line_1" HPOS="485" VPOS="219" WIDTH="99" HEIGHT="28">
							<String ID="string_7" HPOS="485" VPOS="219" WIDTH="27" HEIGHT="21" WC="0.93" CONTENT="10"/><SP WIDTH="16" VPOS="219" HPOS="512"/>
							<String ID="string_8" HPOS="528" VPOS="220" WIDTH="56" HEIGHT="27" WC="0.96" CONTENT="Kap."/>
						</TextLine>
					</TextBlock>
				</ComposedBlock>
				<ComposedBlock ID="cblock_1" HPOS="505" VPOS="282" WIDTH="53" HEIGHT="26">
					<TextBlock ID="block_1" HPOS="505" VPOS="282" WIDTH="53" HEIGHT="26">
						<TextLine ID="line_2" HPOS="505" VPOS="282" WIDTH="53" HEIGHT="26">
							<String ID="string_9" HPOS="505" VPOS="282" WIDTH="12" HEIGHT="20" WC="0.76" CONTENT="1"/><SP WIDTH="18" VPOS="282" HPOS="517"/>
							<String ID="string_10" HPOS="535" VPOS="267" WIDTH="23" HEIGHT="46" WC="0.76" CONTENT="8."/>
						</TextLine>
					</TextBlock>
				</ComposedBlock>
				<ComposedBlock ID="cblock_2" HPOS="150" VPOS="342" WIDTH="759" HEIGHT="994">
					<TextBlock ID="block_2" HPOS="150" VPOS="342" WIDTH="758" HEIGHT="718">
						<TextLine ID="line_3" HPOS="220" VPOS="342" WIDTH="684" HEIGHT="31">
							<String ID="string_11" HPOS="220" VPOS="342" WIDTH="49" HEIGHT="22" WC="0.96" CONTENT="Vill"/><SP WIDTH="20" VPOS="342" HPOS="269"/>
							<String ID="string_12" HPOS="289" VPOS="350" WIDTH="54" HEIGHT="14" WC="0.96" CONTENT="man"/><SP WIDTH="18" VPOS="350" HPOS="343"/>
							<String ID="string_13" HPOS="361" VPOS="342" WIDTH="37" HEIGHT="22" WC="0.96" CONTENT="till"/><SP WIDTH="18" VPOS="342" HPOS="398"/>
							<String ID="string_14" HPOS="416" VPOS="351" WIDTH="78" HEIGHT="14" WC="0.93" CONTENT="annan"/><SP WIDTH="18" VPOS="351" HPOS="494"/>
							<String ID="string_15" HPOS="512" VPOS="343" WIDTH="62" HEIGHT="28" WC="0.93" CONTENT="kära,"/><SP WIDTH="19" VPOS="343" HPOS="574"/>
							<String ID="string_16" HPOS="593" VPOS="343" WIDTH="76" HEIGHT="22" WC="0.92" CONTENT="ehvad"/><SP WIDTH="18" VPOS="343" HPOS="669"/>
							<String ID="string_17" HPOS="687" VPOS="343" WIDTH="39" HEIGHT="22" WC="0.96" CONTENT="det"/><SP WIDTH="18" VPOS="343" HPOS="726"/>
							<String ID="string_18" HPOS="744" VPOS="348" WIDTH="25" HEIGHT="17" WC="0.96" CONTENT="är"/><SP WIDTH="18" VPOS="348" HPOS="769"/>
							<String ID="string_19" HPOS="787" VPOS="343" WIDTH="36" HEIGHT="22" WC="0.93" CONTENT="för"/><SP WIDTH="17" VPOS="343" HPOS="823"/>
							<String ID="string_20" HPOS="840" VPOS="343" WIDTH="64" HEIGHT="30" WC="0.92" CONTENT="gäld,"/>
						</TextLine>
						<TextLine ID="line_4" HPOS="152" VPOS="377" WIDTH="752" HEIGHT="29">
							<String ID="string_21" HPOS="152" VPOS="377" WIDTH="56" HEIGHT="22" WC="0.96" CONTENT="eller"/><SP WIDTH="17" VPOS="377" HPOS="208"/>
							<String ID="string_22" HPOS="225" VPOS="377" WIDTH="8" HEIGHT="21" WC="0.96" CONTENT="i"/><SP WIDTH="19" VPOS="377" HPOS="233"/>
							<String ID="string_23" HPOS="252" VPOS="379" WIDTH="73" HEIGHT="20" WC="0.93" CONTENT="annat"/><SP WIDTH="18" VPOS="379" HPOS="325"/>
							<String ID="string_24" HPOS="343" VPOS="377" WIDTH="122" HEIGHT="28" WC="0.96" CONTENT="tvistemål,"/><SP WIDTH="19" VPOS="377" HPOS="465"/>
							<String ID="string_25" HPOS="484" VPOS="385" WIDTH="48" HEIGHT="14" WC="0.96" CONTENT="som"/><SP WIDTH="18" VPOS="385" HPOS="532"/>
							<String ID="string_26" HPOS="550" VPOS="377" WIDTH="51" HEIGHT="22" WC="0.96" CONTENT="dess"/><SP WIDTH="19" VPOS="377" HPOS="601"/>
							<String ID="string_27" HPOS="620" VPOS="385" WIDTH="84" HEIGHT="21" WC="0.93" CONTENT="person"/><SP WIDTH="16" VPOS="385" HPOS="704"/>
							<String ID="string_28" HPOS="720" VPOS="381" WIDTH="70" HEIGHT="24" WC="0.92" CONTENT="rörer,"/><SP WIDTH="19" VPOS="381" HPOS="790"/>
							<String ID="string_29" HPOS="809" VPOS="378" WIDTH="46" HEIGHT="22" WC="0.96" CONTENT="låte"/><SP WIDTH="19" VPOS="378" HPOS="855"/>
							<String ID="string_30" HPOS="874" VPOS="378" WIDTH="30" HEIGHT="21" WC="0.96" CONTENT="dä"/>
						</TextLine>
						<TextLine ID="line_5" HPOS="151" VPOS="411" WIDTH="753" HEIGHT="28">
							<String ID="string_31" HPOS="151" VPOS="414" WIDTH="97" HEIGHT="19" WC="0.90" CONTENT="stämma"/><SP WIDTH="18" VPOS="414" HPOS="248"/>
							<String ID="string_32" HPOS="266" VPOS="411" WIDTH="85" HEIGHT="22" WC="0.96" CONTENT="honom"/><SP WIDTH="17" VPOS="411" HPOS="351"/>
							<String ID="string_33" HPOS="368" VPOS="411" WIDTH="38" HEIGHT="22" WC="0.90" CONTENT="till"/><SP WIDTH="18" VPOS="411" HPOS="406"/>
							<String ID="string_34" HPOS="424" VPOS="411" WIDTH="46" HEIGHT="22" WC="0.96" CONTENT="den"/><SP WIDTH="17" VPOS="411" HPOS="470"/>
							<String ID="string_35" HPOS="487" VPOS="414" WIDTH="54" HEIGHT="25" WC="0.93" CONTENT="rätt,"/><SP WIDTH="20" VPOS="414" HPOS="541"/>
							<String ID="string_36" HPOS="561" VPOS="412" WIDTH="115" HEIGHT="21" WC="0.92" CONTENT="derunder"/><SP WIDTH="17" VPOS="412" HPOS="676"/>
							<String ID="string_37" HPOS="693" VPOS="412" WIDTH="48" HEIGHT="22" WC="0.96" CONTENT="han"/><SP WIDTH="18" VPOS="412" HPOS="741"/>
							<String ID="string_38" HPOS="759" VPOS="413" WIDTH="41" HEIGHT="21" WC="0.93" CONTENT="sitt"/><SP WIDTH="18" VPOS="413" HPOS="800"/>
							<String ID="string_39" HPOS="818" VPOS="413" WIDTH="30" HEIGHT="21" WC="0.93" CONTENT="bo"/><SP WIDTH="13" VPOS="413" HPOS="848"/>
							<String ID="string_40" HPOS="861" VPOS="412" WIDTH="43" HEIGHT="23" WC="0.96" CONTENT="och"/>
						</TextLine>
						<TextLine ID="line_6" HPOS="150" VPOS="445" WIDTH="754" HEIGHT="31">
							<String ID="string_41" HPOS="150" VPOS="445" WIDTH="101" HEIGHT="22" WC="0.88" CONTENT="hemvist"/><SP WIDTH="25" VPOS="445" HPOS="251"/>
							<String ID="string_42" HPOS="276" VPOS="446" WIDTH="91" HEIGHT="27" WC="0.91" CONTENT="hafver;"/><SP WIDTH="27" VPOS="446" HPOS="367"/>
							<String ID="string_43" HPOS="394" VPOS="445" WIDTH="43" HEIGHT="22" WC="0.91" CONTENT="och"/><SP WIDTH="27" VPOS="445" HPOS="437"/>
							<String ID="string_44" HPOS="464" VPOS="454" WIDTH="54" HEIGHT="14" WC="0.91" CONTENT="vare"/><SP WIDTH="29" VPOS="454" HPOS="518"/>
							<String ID="string_45" HPOS="547" VPOS="446" WIDTH="46" HEIGHT="22" WC="0.96" CONTENT="den"/><SP WIDTH="26" VPOS="446" HPOS="593"/>
							<String ID="string_46" HPOS="619" VPOS="449" WIDTH="48" HEIGHT="19" WC="0.96" CONTENT="rätt"/><SP WIDTH="26" VPOS="449" HPOS="667"/>
							<String ID="string_47" HPOS="693" VPOS="447" WIDTH="37" HEIGHT="21" WC="0.96" CONTENT="för"/><SP WIDTH="17" VPOS="447" HPOS="730"/>
							<String ID="string_48" HPOS="747" VPOS="447" WIDTH="85" HEIGHT="22" WC="0.93" CONTENT="honom"/><SP WIDTH="18" VPOS="447" HPOS="832"/>
							<String ID="string_49" HPOS="850" VPOS="447" WIDTH="54" HEIGHT="29" WC="0.91" CONTENT="laga"/>
						</TextLine>
						<TextLine ID="line_7" HPOS="152" VPOS="480" WIDTH="751" HEIGHT="28">
							<String ID="string_50" HPOS="152" VPOS="480" WIDTH="105" HEIGHT="28" WC="0.92" CONTENT="domstol,"/><SP WIDTH="11" VPOS="480" HPOS="257"/>
							<String ID="string_51" HPOS="268" VPOS="480" WIDTH="90" HEIGHT="22" WC="0.92" CONTENT="ändock"/><SP WIDTH="7" VPOS="480" HPOS="358"/>
							<String ID="string_52" HPOS="365" VPOS="482" WIDTH="35" HEIGHT="20" WC="0.96" CONTENT="att"/><SP WIDTH="9" VPOS="482" HPOS="400"/>
							<String ID="string_53" HPOS="409" VPOS="481" WIDTH="47" HEIGHT="21" WC="0.96" CONTENT="han"/><SP WIDTH="10" VPOS="481" HPOS="456"/>
							<String ID="string_54" HPOS="466" VPOS="485" WIDTH="24" HEIGHT="18" WC="0.91" CONTENT="är"/><SP WIDTH="19" VPOS="485" HPOS="490"/>
							<String ID="string_55" HPOS="509" VPOS="481" WIDTH="13" HEIGHT="22" WC="0.91" CONTENT="&amp;"/><SP WIDTH="18" VPOS="481" HPOS="522"/>
							<String ID="string_56" HPOS="540" VPOS="489" WIDTH="78" HEIGHT="14" WC="0.96" CONTENT="annan"/><SP WIDTH="18" VPOS="489" HPOS="618"/>
							<String ID="string_57" HPOS="636" VPOS="483" WIDTH="37" HEIGHT="20" WC="0.93" CONTENT="ort"/><SP WIDTH="20" VPOS="483" HPOS="673"/>
							<String ID="string_58" HPOS="693" VPOS="482" WIDTH="210" HEIGHT="22" WC="0.91" CONTENT="mantalsskrifven."/>
						</TextLine>
						<TextLine ID="line_8" HPOS="150" VPOS="515" WIDTH="754" HEIGHT="29">
							<String ID="string_59" HPOS="150" VPOS="515" WIDTH="91" HEIGHT="22" WC="0.91" CONTENT="Hustru"/><SP WIDTH="26" VPOS="515" HPOS="241"/>
							<String ID="string_60" HPOS="267" VPOS="515" WIDTH="43" HEIGHT="22" WC="0.95" CONTENT="och"/><SP WIDTH="18" VPOS="515" HPOS="310"/>
							<String ID="string_61" HPOS="328" VPOS="515" WIDTH="65" HEIGHT="28" WC="0.96" CONTENT="barn,"/><SP WIDTH="18" VPOS="515" HPOS="393"/>
							<String ID="string_62" HPOS="411" VPOS="515" WIDTH="84" HEIGHT="22" WC="0.96" CONTENT="medan"/><SP WIDTH="19" VPOS="515" HPOS="495"/>
							<String ID="string_63" HPOS="514" VPOS="515" WIDTH="28" HEIGHT="22" WC="0.96" CONTENT="de"/><SP WIDTH="18" VPOS="515" HPOS="542"/>
							<String ID="string_64" HPOS="560" VPOS="515" WIDTH="91" HEIGHT="22" WC="0.96" CONTENT="hemma"/><SP WIDTH="16" VPOS="515" HPOS="651"/>
							<String ID="string_65" HPOS="667" VPOS="520" WIDTH="44" HEIGHT="18" WC="0.92" CONTENT="när"/><SP WIDTH="17" VPOS="520" HPOS="711"/>
							<String ID="string_66" HPOS="728" VPOS="516" WIDTH="114" HEIGHT="22" WC="0.92" CONTENT="föräldrar"/><SP WIDTH="16" VPOS="516" HPOS="842"/>
							<String ID="string_67" HPOS="858" VPOS="520" WIDTH="46" HEIGHT="24" WC="0.92" CONTENT="äro,"/>
						</TextLine>
						<TextLine ID="line_9" HPOS="150" VPOS="549" WIDTH="755" HEIGHT="30">
							<String ID="string_68" HPOS="150" VPOS="549" WIDTH="58" HEIGHT="30" WC="0.92" CONTENT="lyda"/><SP WIDTH="17" VPOS="549" HPOS="208"/>
							<String ID="string_69" HPOS="225" VPOS="549" WIDTH="73" HEIGHT="22" WC="0.96" CONTENT="under"/><SP WIDTH="18" VPOS="549" HPOS="298"/>
							<String ID="string_70" HPOS="316" VPOS="549" WIDTH="44" HEIGHT="22" WC="0.96" CONTENT="den"/><SP WIDTH="18" VPOS="549" HPOS="360"/>
							<String ID="string_71" HPOS="378" VPOS="552" WIDTH="53" HEIGHT="25" WC="0.96" CONTENT="rätt,"/><SP WIDTH="19" VPOS="552" HPOS="431"/>
							<String ID="string_72" HPOS="450" VPOS="557" WIDTH="49" HEIGHT="15" WC="0.96" CONTENT="som"/><SP WIDTH="18" VPOS="557" HPOS="499"/>
							<String ID="string_73" HPOS="517" VPOS="558" WIDTH="54" HEIGHT="14" WC="0.96" CONTENT="man"/><SP WIDTH="18" VPOS="558" HPOS="571"/>
							<String ID="string_74" HPOS="589" VPOS="549" WIDTH="43" HEIGHT="23" WC="0.93" CONTENT="och"/><SP WIDTH="17" VPOS="549" HPOS="632"/>
							<String ID="string_75" HPOS="649" VPOS="550" WIDTH="78" HEIGHT="27" WC="0.92" CONTENT="fader;"/><SP WIDTH="20" VPOS="550" HPOS="727"/>
							<String ID="string_76" HPOS="747" VPOS="551" WIDTH="43" HEIGHT="21" WC="0.93" CONTENT="och"/><SP WIDTH="18" VPOS="551" HPOS="790"/>
							<String ID="string_77" HPOS="808" VPOS="551" WIDTH="97" HEIGHT="28" WC="0.91" CONTENT="tjenste-"/>
						</TextLine>
						<TextLine ID="line_10" HPOS="151" VPOS="584" WIDTH="754" HEIGHT="29">
							<String ID="string_78" HPOS="151" VPOS="584" WIDTH="63" HEIGHT="29" WC="0.92" CONTENT="hjon,"/><SP WIDTH="25" VPOS="584" HPOS="214"/>
							<String ID="string_79" HPOS="239" VPOS="584" WIDTH="41" HEIGHT="21" WC="0.96" CONTENT="der"/><SP WIDTH="23" VPOS="584" HPOS="280"/>
							<String ID="string_80" HPOS="303" VPOS="584" WIDTH="28" HEIGHT="22" WC="0.96" CONTENT="de"/><SP WIDTH="22" VPOS="584" HPOS="331"/>
							<String ID="string_81" HPOS="353" VPOS="584" WIDTH="35" HEIGHT="22" WC="0.93" CONTENT="sin"/><SP WIDTH="19" VPOS="584" HPOS="388"/>
							<String ID="string_82" HPOS="407" VPOS="585" WIDTH="73" HEIGHT="28" WC="0.91" CONTENT="tjenst"/><SP WIDTH="17" VPOS="585" HPOS="480"/>
							<String ID="string_83" HPOS="497" VPOS="585" WIDTH="76" HEIGHT="22" WC="0.91" CONTENT="hafva."/><SP WIDTH="36" VPOS="585" HPOS="573"/>
							<String ID="string_84" HPOS="609" VPOS="585" WIDTH="58" HEIGHT="27" WC="0.96" CONTENT="Den,"/><SP WIDTH="20" VPOS="585" HPOS="667"/>
							<String ID="string_85" HPOS="687" VPOS="593" WIDTH="49" HEIGHT="14" WC="0.93" CONTENT="som"/><SP WIDTH="17" VPOS="593" HPOS="736"/>
							<String ID="string_86" HPOS="753" VPOS="585" WIDTH="52" HEIGHT="22" WC="0.93" CONTENT="icke"/><SP WIDTH="18" VPOS="585" HPOS="805"/>
							<String ID="string_87" HPOS="823" VPOS="585" WIDTH="82" HEIGHT="22" WC="0.90" CONTENT="hafver"/>
						</TextLine>
						<TextLine ID="line_11" HPOS="152" VPOS="619" WIDTH="752" HEIGHT="29">
							<String ID="string_88" HPOS="152" VPOS="619" WIDTH="88" HEIGHT="29" WC="0.92" CONTENT="stadigt"/><SP WIDTH="17" VPOS="619" HPOS="240"/>
							<String ID="string_89" HPOS="257" VPOS="619" WIDTH="101" HEIGHT="22" WC="0.92" CONTENT="hemvist"/><SP WIDTH="17" VPOS="619" HPOS="358"/>
							<String ID="string_90" HPOS="375" VPOS="619" WIDTH="63" HEIGHT="22" WC="0.93" CONTENT="inom"/><SP WIDTH="18" VPOS="619" HPOS="438"/>
							<String ID="string_91" HPOS="456" VPOS="619" WIDTH="81" HEIGHT="28" WC="0.93" CONTENT="Ryska"/><SP WIDTH="18" VPOS="619" HPOS="537"/>
							<String ID="string_92" HPOS="555" VPOS="619" WIDTH="71" HEIGHT="22" WC="0.92" CONTENT="Riket"/><SP WIDTH="18" VPOS="619" HPOS="626"/>
							<String ID="string_93" HPOS="644" VPOS="619" WIDTH="56" HEIGHT="22" WC="0.96" CONTENT="eller"/><SP WIDTH="18" VPOS="619" HPOS="700"/>
							<String ID="string_94" HPOS="718" VPOS="623" WIDTH="25" HEIGHT="18" WC="0.96" CONTENT="är"/><SP WIDTH="17" VPOS="623" HPOS="743"/>
							<String ID="string_95" HPOS="760" VPOS="619" WIDTH="144" HEIGHT="23" WC="0.95" CONTENT="främmande"/>
						</TextLine>
						<TextLine ID="line_12" HPOS="152" VPOS="653" WIDTH="751" HEIGHT="29">
							<String ID="string_96" HPOS="152" VPOS="655" WIDTH="58" HEIGHT="20" WC="0.93" CONTENT="stats"/><SP WIDTH="18" VPOS="655" HPOS="210"/>
							<String ID="string_97" HPOS="228" VPOS="653" WIDTH="130" HEIGHT="28" WC="0.92" CONTENT="undersäte,"/><SP WIDTH="19" VPOS="653" HPOS="358"/>
							<String ID="string_98" HPOS="377" VPOS="654" WIDTH="67" HEIGHT="21" WC="0.92" CONTENT="sökes"/><SP WIDTH="18" VPOS="654" HPOS="444"/>
							<String ID="string_99" HPOS="462" VPOS="653" WIDTH="40" HEIGHT="22" WC="0.96" CONTENT="der"/><SP WIDTH="17" VPOS="653" HPOS="502"/>
							<String ID="string_100" HPOS="519" VPOS="654" WIDTH="47" HEIGHT="21" WC="0.93" CONTENT="han"/><SP WIDTH="18" VPOS="654" HPOS="566"/>
							<String ID="string_101" HPOS="584" VPOS="653" WIDTH="74" HEIGHT="23" WC="0.92" CONTENT="finnes"/><SP WIDTH="19" VPOS="653" HPOS="658"/>
							<String ID="string_102" HPOS="677" VPOS="654" WIDTH="56" HEIGHT="21" WC="0.96" CONTENT="eller"/><SP WIDTH="18" VPOS="654" HPOS="733"/>
							<String ID="string_103" HPOS="751" VPOS="654" WIDTH="58" HEIGHT="28" WC="0.96" CONTENT="gods"/><SP WIDTH="18" VPOS="654" HPOS="809"/>
							<String ID="string_104" HPOS="827" VPOS="655" WIDTH="9" HEIGHT="20" WC="0.91" CONTENT="i"/><SP WIDTH="18" VPOS="655" HPOS="836"/>
							<String ID="string_105" HPOS="854" VPOS="655" WIDTH="49" HEIGHT="22" WC="0.91" CONTENT="lan-"/>
						</TextLine>
						<TextLine ID="line_13" HPOS="152" VPOS="688" WIDTH="753" HEIGHT="29">
							<String ID="string_106" HPOS="152" VPOS="688" WIDTH="40" HEIGHT="22" WC="0.91" CONTENT="det"/><SP WIDTH="26" VPOS="688" HPOS="192"/>
							<String ID="string_107" HPOS="218" VPOS="696" WIDTH="60" HEIGHT="21" WC="0.87" CONTENT="eger."/><SP WIDTH="35" VPOS="696" HPOS="278"/>
							<String ID="string_108" HPOS="313" VPOS="688" WIDTH="78" HEIGHT="22" WC="0.95" CONTENT="Vistas"/><SP WIDTH="27" VPOS="688" HPOS="391"/>
							<String ID="string_109" HPOS="418" VPOS="688" WIDTH="61" HEIGHT="22" WC="0.96" CONTENT="finsk"/><SP WIDTH="23" VPOS="688" HPOS="479"/>
							<String ID="string_110" HPOS="502" VPOS="696" WIDTH="55" HEIGHT="15" WC="0.93" CONTENT="man"/><SP WIDTH="17" VPOS="696" HPOS="557"/>
							<String ID="string_111" HPOS="574" VPOS="689" WIDTH="95" HEIGHT="27" WC="0.92" CONTENT="utrikes,"/><SP WIDTH="19" VPOS="689" HPOS="669"/>
							<String ID="string_112" HPOS="688" VPOS="690" WIDTH="37" HEIGHT="20" WC="0.96" CONTENT="mä"/><SP WIDTH="18" VPOS="690" HPOS="725"/>
							<String ID="string_113" HPOS="743" VPOS="688" WIDTH="47" HEIGHT="22" WC="0.93" CONTENT="han"/><SP WIDTH="19" VPOS="688" HPOS="790"/>
							<String ID="string_114" HPOS="809" VPOS="689" WIDTH="44" HEIGHT="22" WC="0.91" CONTENT="ock"/><SP WIDTH="17" VPOS="689" HPOS="853"/>
							<String ID="string_115" HPOS="870" VPOS="693" WIDTH="35" HEIGHT="18" WC="0.92" CONTENT="sö-"/>
						</TextLine>
						<TextLine ID="line_14" HPOS="152" VPOS="723" WIDTH="752" HEIGHT="29">
							<String ID="string_116" HPOS="152" VPOS="723" WIDTH="48" HEIGHT="27" WC="0.95" CONTENT="kas,"/><SP WIDTH="28" VPOS="723" HPOS="200"/>
							<String ID="string_117" HPOS="228" VPOS="723" WIDTH="41" HEIGHT="21" WC="0.95" CONTENT="der"/><SP WIDTH="26" VPOS="723" HPOS="269"/>
							<String ID="string_118" HPOS="295" VPOS="723" WIDTH="47" HEIGHT="21" WC="0.96" CONTENT="han"/><SP WIDTH="27" VPOS="723" HPOS="342"/>
							<String ID="string_119" HPOS="369" VPOS="723" WIDTH="63" HEIGHT="21" WC="0.96" CONTENT="inom"/><SP WIDTH="26" VPOS="723" HPOS="432"/>
							<String ID="string_120" HPOS="458" VPOS="723" WIDTH="81" HEIGHT="21" WC="0.96" CONTENT="landet"/><SP WIDTH="23" VPOS="723" HPOS="539"/>
							<String ID="string_121" HPOS="562" VPOS="725" WIDTH="78" HEIGHT="19" WC="0.96" CONTENT="senast"/><SP WIDTH="17" VPOS="725" HPOS="640"/>
							<String ID="string_122" HPOS="657" VPOS="730" WIDTH="42" HEIGHT="14" WC="0.93" CONTENT="var"/><SP WIDTH="17" VPOS="730" HPOS="699"/>
							<String ID="string_123" HPOS="716" VPOS="723" WIDTH="94" HEIGHT="22" WC="0.91" CONTENT="boende."/><SP WIDTH="36" VPOS="723" HPOS="810"/>
							<String ID="string_124" HPOS="846" VPOS="724" WIDTH="58" HEIGHT="28" WC="0.96" CONTENT="Den,"/>
						</TextLine>
						<TextLine ID="line_15" HPOS="153" VPOS="756" WIDTH="752" HEIGHT="30">
							<String ID="string_125" HPOS="153" VPOS="764" WIDTH="49" HEIGHT="15" WC="0.95" CONTENT="som"/><SP WIDTH="20" VPOS="764" HPOS="202"/>
							<String ID="string_126" HPOS="222" VPOS="757" WIDTH="42" HEIGHT="22" WC="0.95" CONTENT="har"/><SP WIDTH="21" VPOS="757" HPOS="264"/>
							<String ID="string_127" HPOS="285" VPOS="758" WIDTH="42" HEIGHT="21" WC="0.93" CONTENT="sitt"/><SP WIDTH="17" VPOS="758" HPOS="327"/>
							<String ID="string_128" HPOS="344" VPOS="757" WIDTH="30" HEIGHT="21" WC="0.93" CONTENT="bo"/><SP WIDTH="18" VPOS="757" HPOS="374"/>
							<String ID="string_129" HPOS="392" VPOS="757" WIDTH="44" HEIGHT="22" WC="0.93" CONTENT="och"/><SP WIDTH="18" VPOS="757" HPOS="436"/>
							<String ID="string_130" HPOS="454" VPOS="756" WIDTH="100" HEIGHT="24" WC="0.92" CONTENT="hemvist"/><SP WIDTH="17" VPOS="756" HPOS="554"/>
							<String ID="string_131" HPOS="571" VPOS="758" WIDTH="9" HEIGHT="20" WC="0.93" CONTENT="i"/><SP WIDTH="17" VPOS="758" HPOS="580"/>
							<String ID="string_132" HPOS="597" VPOS="757" WIDTH="183" HEIGHT="29" WC="0.92" CONTENT="Kejsaredömet,"/><SP WIDTH="19" VPOS="757" HPOS="780"/>
							<String ID="string_133" HPOS="799" VPOS="766" WIDTH="52" HEIGHT="14" WC="0.96" CONTENT="men"/><SP WIDTH="18" VPOS="766" HPOS="851"/>
							<String ID="string_134" HPOS="869" VPOS="758" WIDTH="36" HEIGHT="22" WC="0.96" CONTENT="för"/>
						</TextLine>
						<TextLine ID="line_16" HPOS="152" VPOS="791" WIDTH="753" HEIGHT="29">
							<String ID="string_135" HPOS="152" VPOS="792" WIDTH="104" HEIGHT="22" WC="0.92" CONTENT="tillfället"/><SP WIDTH="26" VPOS="792" HPOS="256"/>
							<String ID="string_136" HPOS="282" VPOS="791" WIDTH="136" HEIGHT="29" WC="0.96" CONTENT="uppehåller"/><SP WIDTH="26" VPOS="791" HPOS="418"/>
							<String ID="string_137" HPOS="444" VPOS="792" WIDTH="37" HEIGHT="28" WC="0.96" CONTENT="sig"/><SP WIDTH="22" VPOS="792" HPOS="481"/>
							<String ID="string_138" HPOS="503" VPOS="792" WIDTH="9" HEIGHT="22" WC="0.96" CONTENT="i"/><SP WIDTH="20" VPOS="792" HPOS="512"/>
							<String ID="string_139" HPOS="532" VPOS="792" WIDTH="110" HEIGHT="28" WC="0.95" CONTENT="Finland,"/><SP WIDTH="18" VPOS="792" HPOS="642"/>
							<String ID="string_140" HPOS="660" VPOS="793" WIDTH="37" HEIGHT="20" WC="0.96" CONTENT="mä"/><SP WIDTH="18" VPOS="793" HPOS="697"/>
							<String ID="string_141" HPOS="715" VPOS="792" WIDTH="41" HEIGHT="22" WC="0.96" CONTENT="vid"/><SP WIDTH="18" VPOS="792" HPOS="756"/>
							<String ID="string_142" HPOS="774" VPOS="792" WIDTH="100" HEIGHT="22" WC="0.93" CONTENT="domstol"/><SP WIDTH="18" VPOS="792" HPOS="874"/>
							<String ID="string_143" HPOS="892" VPOS="794" WIDTH="13" HEIGHT="20" WC="0.84" CONTENT="&amp;"/>
						</TextLine>
						<TextLine ID="line_17" HPOS="152" VPOS="826" WIDTH="754" HEIGHT="29">
							<String ID="string_144" HPOS="152" VPOS="826" WIDTH="189" HEIGHT="29" WC="0.85" CONTENT="uppehällsorten"/><SP WIDTH="27" VPOS="826" HPOS="341"/>
							<String ID="string_145" HPOS="368" VPOS="826" WIDTH="68" HEIGHT="22" WC="0.96" CONTENT="sökas"/><SP WIDTH="27" VPOS="826" HPOS="436"/>
							<String ID="string_146" HPOS="463" VPOS="826" WIDTH="35" HEIGHT="22" WC="0.93" CONTENT="för"/><SP WIDTH="22" VPOS="826" HPOS="498"/>
							<String ID="string_147" HPOS="520" VPOS="826" WIDTH="147" HEIGHT="28" WC="0.95" CONTENT="förbindelse,"/><SP WIDTH="26" VPOS="826" HPOS="667"/>
							<String ID="string_148" HPOS="693" VPOS="834" WIDTH="48" HEIGHT="14" WC="0.96" CONTENT="som"/><SP WIDTH="19" VPOS="834" HPOS="741"/>
							<String ID="string_149" HPOS="760" VPOS="826" WIDTH="60" HEIGHT="22" WC="0.96" CONTENT="skall"/><SP WIDTH="18" VPOS="826" HPOS="820"/>
							<String ID="string_150" HPOS="838" VPOS="828" WIDTH="42" HEIGHT="20" WC="0.96" CONTENT="här"/><SP WIDTH="18" VPOS="828" HPOS="880"/>
							<String ID="string_151" HPOS="898" VPOS="828" WIDTH="8" HEIGHT="20" WC="0.96" CONTENT="i"/>
						</TextLine>
						<TextLine ID="line_18" HPOS="152" VPOS="860" WIDTH="754" HEIGHT="29">
							<String ID="string_152" HPOS="152" VPOS="860" WIDTH="81" HEIGHT="23" WC="0.93" CONTENT="landet"/><SP WIDTH="17" VPOS="860" HPOS="233"/>
							<String ID="string_153" HPOS="250" VPOS="860" WIDTH="118" HEIGHT="29" WC="0.92" CONTENT="fullgöras,"/><SP WIDTH="19" VPOS="860" HPOS="368"/>
							<String ID="string_154" HPOS="387" VPOS="861" WIDTH="25" HEIGHT="21" WC="0.93" CONTENT="sä"/><SP WIDTH="18" VPOS="861" HPOS="412"/>
							<String ID="string_155" HPOS="430" VPOS="860" WIDTH="44" HEIGHT="22" WC="0.91" CONTENT="ock"/><SP WIDTH="18" VPOS="860" HPOS="474"/>
							<String ID="string_156" HPOS="492" VPOS="861" WIDTH="8" HEIGHT="21" WC="0.96" CONTENT="i"/><SP WIDTH="19" VPOS="861" HPOS="500"/>
							<String ID="string_157" HPOS="519" VPOS="860" WIDTH="72" HEIGHT="22" WC="0.96" CONTENT="andra"/><SP WIDTH="16" VPOS="860" HPOS="591"/>
							<String ID="string_158" HPOS="607" VPOS="861" WIDTH="48" HEIGHT="27" WC="0.96" CONTENT="fall,"/><SP WIDTH="12" VPOS="861" HPOS="655"/>
							<String ID="string_159" HPOS="667" VPOS="860" WIDTH="40" HEIGHT="22" WC="0.96" CONTENT="der"/><SP WIDTH="12" VPOS="860" HPOS="707"/>
							<String ID="string_160" HPOS="719" VPOS="861" WIDTH="48" HEIGHT="21" WC="0.93" CONTENT="han"/><SP WIDTH="13" VPOS="861" HPOS="767"/>
							<String ID="string_161" HPOS="780" VPOS="861" WIDTH="126" HEIGHT="21" WC="0.93" CONTENT="tillstädes-"/>
						</TextLine>
						<TextLine ID="line_19" HPOS="152" VPOS="894" WIDTH="755" HEIGHT="30">
							<String ID="string_162" HPOS="152" VPOS="896" WIDTH="104" HEIGHT="21" WC="0.96" CONTENT="kommer"/><SP WIDTH="26" VPOS="896" HPOS="256"/>
							<String ID="string_163" HPOS="282" VPOS="894" WIDTH="43" HEIGHT="22" WC="0.93" CONTENT="och"/><SP WIDTH="26" VPOS="894" HPOS="325"/>
							<String ID="string_164" HPOS="351" VPOS="895" WIDTH="58" HEIGHT="27" WC="0.96" CONTENT="icke,"/><SP WIDTH="27" VPOS="895" HPOS="409"/>
							<String ID="string_165" HPOS="436" VPOS="895" WIDTH="74" HEIGHT="21" WC="0.96" CONTENT="innan"/><SP WIDTH="26" VPOS="895" HPOS="510"/>
							<String ID="string_166" HPOS="536" VPOS="896" WIDTH="48" HEIGHT="20" WC="0.93" CONTENT="han"/><SP WIDTH="24" VPOS="896" HPOS="584"/>
							<String ID="string_167" HPOS="608" VPOS="895" WIDTH="89" HEIGHT="29" WC="0.89" CONTENT="begynt"/><SP WIDTH="20" VPOS="895" HPOS="697"/>
							<String ID="string_168" HPOS="717" VPOS="896" WIDTH="8" HEIGHT="20" WC="0.93" CONTENT="i"/><SP WIDTH="18" VPOS="896" HPOS="725"/>
							<String ID="string_169" HPOS="743" VPOS="895" WIDTH="164" HEIGHT="22" WC="0.82" CONTENT="hufvudsaken"/>
						</TextLine>
						<TextLine ID="line_20" HPOS="153" VPOS="929" WIDTH="753" HEIGHT="29">
							<String ID="string_170" HPOS="153" VPOS="936" WIDTH="74" HEIGHT="20" WC="0.92" CONTENT="svara,"/><SP WIDTH="26" VPOS="936" HPOS="227"/>
							<String ID="string_171" HPOS="253" VPOS="929" WIDTH="115" HEIGHT="21" WC="0.92" CONTENT="invänder"/><SP WIDTH="26" VPOS="929" HPOS="368"/>
							<String ID="string_172" HPOS="394" VPOS="931" WIDTH="36" HEIGHT="19" WC="0.96" CONTENT="att"/><SP WIDTH="26" VPOS="931" HPOS="430"/>
							<String ID="string_173" HPOS="456" VPOS="929" WIDTH="72" HEIGHT="22" WC="0.93" CONTENT="saken"/><SP WIDTH="24" VPOS="929" HPOS="528"/>
							<String ID="string_174" HPOS="552" VPOS="930" WIDTH="20" HEIGHT="28" WC="0.93" CONTENT="ej"/><SP WIDTH="23" VPOS="930" HPOS="572"/>
							<String ID="string_175" HPOS="595" VPOS="929" WIDTH="38" HEIGHT="21" WC="0.96" CONTENT="til!"/><SP WIDTH="18" VPOS="929" HPOS="633"/>
							<String ID="string_176" HPOS="651" VPOS="929" WIDTH="44" HEIGHT="21" WC="0.96" CONTENT="den"/><SP WIDTH="18" VPOS="929" HPOS="695"/>
							<String ID="string_177" HPOS="713" VPOS="929" WIDTH="100" HEIGHT="22" WC="0.86" CONTENT="domstol"/><SP WIDTH="19" VPOS="929" HPOS="813"/>
							<String ID="string_178" HPOS="832" VPOS="929" WIDTH="74" HEIGHT="22" WC="0.91" CONTENT="hörer."/>
						</TextLine>
						<TextLine ID="line_21" HPOS="153" VPOS="963" WIDTH="755" HEIGHT="29">
							<String ID="string_179" HPOS="153" VPOS="964" WIDTH="51" HEIGHT="22" WC="0.95" CONTENT="Har"/><SP WIDTH="23" VPOS="964" HPOS="204"/>
							<String ID="string_180" HPOS="227" VPOS="971" WIDTH="90" HEIGHT="21" WC="0.95" CONTENT="person,"/><SP WIDTH="19" VPOS="971" HPOS="317"/>
							<String ID="string_181" HPOS="336" VPOS="971" WIDTH="49" HEIGHT="14" WC="0.93" CONTENT="som"/><SP WIDTH="17" VPOS="971" HPOS="385"/>
							<String ID="string_182" HPOS="402" VPOS="964" WIDTH="21" HEIGHT="27" WC="0.92" CONTENT="ej"/><SP WIDTH="19" VPOS="964" HPOS="423"/>
							<String ID="string_183" HPOS="442" VPOS="967" WIDTH="26" HEIGHT="18" WC="0.93" CONTENT="är"/><SP WIDTH="17" VPOS="967" HPOS="468"/>
							<String ID="string_184" HPOS="485" VPOS="964" WIDTH="78" HEIGHT="21" WC="0.91" CONTENT="bosatt"/><SP WIDTH="17" VPOS="964" HPOS="563"/>
							<String ID="string_185" HPOS="580" VPOS="963" WIDTH="43" HEIGHT="21" WC="0.96" CONTENT="här"/><SP WIDTH="17" VPOS="963" HPOS="623"/>
							<String ID="string_186" HPOS="640" VPOS="964" WIDTH="9" HEIGHT="20" WC="0.96" CONTENT="i"/><SP WIDTH="17" VPOS="964" HPOS="649"/>
							<String ID="string_187" HPOS="666" VPOS="964" WIDTH="87" HEIGHT="27" WC="0.96" CONTENT="landet,"/><SP WIDTH="19" VPOS="964" HPOS="753"/>
							<String ID="string_188" HPOS="772" VPOS="971" WIDTH="84" HEIGHT="21" WC="0.93" CONTENT="genom"/><SP WIDTH="19" VPOS="971" HPOS="856"/>
							<String ID="string_189" HPOS="875" VPOS="964" WIDTH="33" HEIGHT="21" WC="0.93" CONTENT="af-"/>
						</TextLine>
						<TextLine ID="line_22" HPOS="153" VPOS="997" WIDTH="754" HEIGHT="30">
							<String ID="string_190" HPOS="153" VPOS="998" WIDTH="35" HEIGHT="22" WC="0.93" CONTENT="tal"/><SP WIDTH="25" VPOS="998" HPOS="188"/>
							<String ID="string_191" HPOS="213" VPOS="998" WIDTH="121" HEIGHT="22" WC="0.91" CONTENT="förbundit"/><SP WIDTH="26" VPOS="998" HPOS="334"/>
							<String ID="string_192" HPOS="360" VPOS="998" WIDTH="36" HEIGHT="27" WC="0.96" CONTENT="sig"/><SP WIDTH="28" VPOS="998" HPOS="396"/>
							<String ID="string_193" HPOS="424" VPOS="1000" WIDTH="35" HEIGHT="19" WC="0.92" CONTENT="att"/><SP WIDTH="23" VPOS="1000" HPOS="459"/>
							<String ID="string_194" HPOS="482" VPOS="1006" WIDTH="67" HEIGHT="14" WC="0.92" CONTENT="svara"/><SP WIDTH="26" VPOS="1006" HPOS="549"/>
							<String ID="string_195" HPOS="575" VPOS="997" WIDTH="40" HEIGHT="22" WC="0.96" CONTENT="vid"/><SP WIDTH="24" VPOS="997" HPOS="615"/>
							<String ID="string_196" HPOS="639" VPOS="998" WIDTH="60" HEIGHT="22" WC="0.96" CONTENT="finsk"/><SP WIDTH="22" VPOS="998" HPOS="699"/>
							<String ID="string_197" HPOS="721" VPOS="998" WIDTH="106" HEIGHT="27" WC="0.93" CONTENT="domstol,"/><SP WIDTH="19" VPOS="998" HPOS="827"/>
							<String ID="string_198" HPOS="846" VPOS="998" WIDTH="61" HEIGHT="29" WC="0.93" CONTENT="gälle"/>
						</TextLine>
						<TextLine ID="line_23" HPOS="153" VPOS="1032" WIDTH="291" HEIGHT="28">
							<String ID="string_199" HPOS="153" VPOS="1032" WIDTH="63" HEIGHT="22" WC="0.96" CONTENT="hvad"/><SP WIDTH="18" VPOS="1032" HPOS="216"/>
							<String ID="string_200" HPOS="234" VPOS="1033" WIDTH="9" HEIGHT="20" WC="0.96" CONTENT="i"/><SP WIDTH="20" VPOS="1033" HPOS="243"/>
							<String ID="string_201" HPOS="263" VPOS="1034" WIDTH="28" HEIGHT="20" WC="0.92" CONTENT="11"/><SP WIDTH="21" VPOS="1034" HPOS="291"/>
							<String ID="string_202" HPOS="312" VPOS="1033" WIDTH="13" HEIGHT="26" WC="0.85" CONTENT="$"/><SP WIDTH="19" VPOS="1033" HPOS="325"/>
							<String ID="string_203" HPOS="344" VPOS="1032" WIDTH="100" HEIGHT="28" WC="0.96" CONTENT="stadgas."/>
						</TextLine>
					</TextBlock>
					<TextBlock ID="block_3" HPOS="153" VPOS="1066" WIDTH="755" HEIGHT="161">
						<TextLine ID="line_24" HPOS="222" VPOS="1066" WIDTH="685" HEIGHT="30">
							<String ID="string_204" HPOS="222" VPOS="1067" WIDTH="72" HEIGHT="22" WC="0.90" CONTENT="Idkar"/><SP WIDTH="26" VPOS="1067" HPOS="294"/>
							<String ID="string_205" HPOS="320" VPOS="1067" WIDTH="77" HEIGHT="28" WC="0.93" CONTENT="någon"/><SP WIDTH="27" VPOS="1067" HPOS="397"/>
							<String ID="string_206" HPOS="424" VPOS="1068" WIDTH="14" HEIGHT="20" WC="0.91" CONTENT="å"/><SP WIDTH="28" VPOS="1068" HPOS="438"/>
							<String ID="string_207" HPOS="466" VPOS="1069" WIDTH="41" HEIGHT="25" WC="0.96" CONTENT="ort,"/><SP WIDTH="24" VPOS="1069" HPOS="507"/>
							<String ID="string_208" HPOS="531" VPOS="1066" WIDTH="40" HEIGHT="22" WC="0.96" CONTENT="der"/><SP WIDTH="18" VPOS="1066" HPOS="571"/>
							<String ID="string_209" HPOS="589" VPOS="1066" WIDTH="47" HEIGHT="22" WC="0.96" CONTENT="han"/><SP WIDTH="18" VPOS="1066" HPOS="636"/>
							<String ID="string_210" HPOS="654" VPOS="1067" WIDTH="21" HEIGHT="29" WC="0.95" CONTENT="ej"/><SP WIDTH="19" VPOS="1067" HPOS="675"/>
							<String ID="string_211" HPOS="694" VPOS="1066" WIDTH="43" HEIGHT="22" WC="0.96" CONTENT="har"/><SP WIDTH="18" VPOS="1066" HPOS="737"/>
							<String ID="string_212" HPOS="755" VPOS="1067" WIDTH="43" HEIGHT="21" WC="0.96" CONTENT="sitt"/><SP WIDTH="18" VPOS="1067" HPOS="798"/>
							<String ID="string_213" HPOS="816" VPOS="1066" WIDTH="29" HEIGHT="22" WC="0.97" CONTENT="bo"/><SP WIDTH="19" VPOS="1066" HPOS="845"/>
							<String ID="string_214" HPOS="864" VPOS="1066" WIDTH="43" HEIGHT="22" WC="0.97" CONTENT="och"/>
						</TextLine>
						<TextLine ID="line_25" HPOS="153" VPOS="1100" WIDTH="754" HEIGHT="30">
							<String ID="string_215" HPOS="153" VPOS="1102" WIDTH="107" HEIGHT="28" WC="0.96" CONTENT="hemvist,"/><SP WIDTH="26" VPOS="1102" HPOS="260"/>
							<String ID="string_216" HPOS="286" VPOS="1100" WIDTH="118" HEIGHT="30" WC="0.93" CONTENT="jordbruk,"/><SP WIDTH="26" VPOS="1100" HPOS="404"/>
							<String ID="string_217" HPOS="430" VPOS="1101" WIDTH="155" HEIGHT="27" WC="0.91" CONTENT="fabriksdrift,"/><SP WIDTH="18" VPOS="1101" HPOS="585"/>
							<String ID="string_218" HPOS="603" VPOS="1100" WIDTH="86" HEIGHT="22" WC="0.96" CONTENT="handel"/><SP WIDTH="17" VPOS="1100" HPOS="689"/>
							<String ID="string_219" HPOS="706" VPOS="1102" WIDTH="9" HEIGHT="20" WC="0.96" CONTENT="i"/><SP WIDTH="18" VPOS="1102" HPOS="715"/>
							<String ID="string_220" HPOS="733" VPOS="1100" WIDTH="111" HEIGHT="22" WC="0.93" CONTENT="särskildt"/><SP WIDTH="17" VPOS="1100" HPOS="844"/>
							<String ID="string_221" HPOS="861" VPOS="1102" WIDTH="46" HEIGHT="20" WC="0.93" CONTENT="för-"/>
						</TextLine>
						<TextLine ID="line_26" HPOS="154" VPOS="1134" WIDTH="753" HEIGHT="31">
							<String ID="string_222" HPOS="154" VPOS="1136" WIDTH="166" HEIGHT="29" WC="0.91" CONTENT="säljningsrum"/><SP WIDTH="18" VPOS="1136" HPOS="320"/>
							<String ID="string_223" HPOS="338" VPOS="1136" WIDTH="56" HEIGHT="21" WC="0.94" CONTENT="eller"/><SP WIDTH="19" VPOS="1136" HPOS="394"/>
							<String ID="string_224" HPOS="413" VPOS="1143" WIDTH="74" HEIGHT="14" WC="0.95" CONTENT="annan"/><SP WIDTH="21" VPOS="1143" HPOS="487"/>
							<String ID="string_225" HPOS="508" VPOS="1135" WIDTH="73" HEIGHT="22" WC="0.96" CONTENT="sådan"/><SP WIDTH="18" VPOS="1135" HPOS="581"/>
							<String ID="string_226" HPOS="599" VPOS="1136" WIDTH="91" HEIGHT="28" WC="0.96" CONTENT="rörelse,"/><SP WIDTH="19" VPOS="1136" HPOS="690"/>
							<String ID="string_227" HPOS="709" VPOS="1136" WIDTH="38" HEIGHT="21" WC="0.96" CONTENT="må"/><SP WIDTH="12" VPOS="1136" HPOS="747"/>
							<String ID="string_228" HPOS="759" VPOS="1135" WIDTH="46" HEIGHT="21" WC="0.96" CONTENT="han"/><SP WIDTH="11" VPOS="1135" HPOS="805"/>
							<String ID="string_229" HPOS="816" VPOS="1134" WIDTH="36" HEIGHT="22" WC="0.93" CONTENT="för"/><SP WIDTH="9" VPOS="1134" HPOS="852"/>
							<String ID="string_230" HPOS="861" VPOS="1136" WIDTH="46" HEIGHT="21" WC="0.92" CONTENT="för-"/>
						</TextLine>
						<TextLine ID="line_27" HPOS="154" VPOS="1169" WIDTH="754" HEIGHT="29">
							<String ID="string_231" HPOS="154" VPOS="1170" WIDTH="111" HEIGHT="28" WC="0.91" CONTENT="bindelse,"/><SP WIDTH="19" VPOS="1170" HPOS="265"/>
							<String ID="string_232" HPOS="284" VPOS="1178" WIDTH="49" HEIGHT="14" WC="0.96" CONTENT="som"/><SP WIDTH="18" VPOS="1178" HPOS="333"/>
							<String ID="string_233" HPOS="351" VPOS="1169" WIDTH="142" HEIGHT="23" WC="0.96" CONTENT="omedelbart"/><SP WIDTH="17" VPOS="1169" HPOS="493"/>
							<String ID="string_234" HPOS="510" VPOS="1170" WIDTH="37" HEIGHT="21" WC="0.96" CONTENT="för"/><SP WIDTH="18" VPOS="1170" HPOS="547"/>
							<String ID="string_235" HPOS="565" VPOS="1170" WIDTH="44" HEIGHT="21" WC="0.96" CONTENT="den"/><SP WIDTH="13" VPOS="1170" HPOS="609"/>
							<String ID="string_236" HPOS="622" VPOS="1170" WIDTH="85" HEIGHT="22" WC="0.96" CONTENT="rörelse"/><SP WIDTH="13" VPOS="1170" HPOS="707"/>
							<String ID="string_237" HPOS="720" VPOS="1170" WIDTH="96" HEIGHT="28" WC="0.96" CONTENT="ingåtts,"/><SP WIDTH="12" VPOS="1170" HPOS="816"/>
							<String ID="string_238" HPOS="828" VPOS="1170" WIDTH="80" HEIGHT="21" WC="0.96" CONTENT="kunna"/>
						</TextLine>
						<TextLine ID="line_28" HPOS="155" VPOS="1204" WIDTH="385" HEIGHT="23">
							<String ID="string_239" HPOS="155" VPOS="1205" WIDTH="68" HEIGHT="22" WC="0.96" CONTENT="sökas"/><SP WIDTH="19" VPOS="1205" HPOS="223"/>
							<String ID="string_240" HPOS="242" VPOS="1204" WIDTH="40" HEIGHT="22" WC="0.97" CONTENT="der"/><SP WIDTH="17" VPOS="1204" HPOS="282"/>
							<String ID="string_241" HPOS="299" VPOS="1204" WIDTH="101" HEIGHT="22" WC="0.93" CONTENT="rörelsen"/><SP WIDTH="18" VPOS="1204" HPOS="400"/>
							<String ID="string_242" HPOS="418" VPOS="1204" WIDTH="122" HEIGHT="22" WC="0.92" CONTENT="bedrifves."/>
						</TextLine>
					</TextBlock>
					<TextBlock ID="block_4" HPOS="156" VPOS="1238" WIDTH="753" HEIGHT="98">
						<TextLine ID="line_29" HPOS="224" VPOS="1238" WIDTH="685" HEIGHT="29">
							<String ID="string_243" HPOS="224" VPOS="1239" WIDTH="38" HEIGHT="21" WC="0.96" CONTENT="Nu"/><SP WIDTH="25" VPOS="1239" HPOS="262"/>
							<String ID="string_244" HPOS="287" VPOS="1239" WIDTH="43" HEIGHT="21" WC="0.96" CONTENT="vill"/><SP WIDTH="27" VPOS="1239" HPOS="330"/>
							<String ID="string_245" HPOS="357" VPOS="1239" WIDTH="43" HEIGHT="21" WC="0.96" CONTENT="den"/><SP WIDTH="28" VPOS="1239" HPOS="400"/>
							<String ID="string_246" HPOS="428" VPOS="1239" WIDTH="88" HEIGHT="21" WC="0.96" CONTENT="stämde"/><SP WIDTH="27" VPOS="1239" HPOS="516"/>
							<String ID="string_247" HPOS="543" VPOS="1239" WIDTH="57" HEIGHT="21" WC="0.96" CONTENT="kära"/><SP WIDTH="23" VPOS="1239" HPOS="600"/>
							<String ID="string_248" HPOS="623" VPOS="1239" WIDTH="37" HEIGHT="21" WC="0.95" CONTENT="till"/><SP WIDTH="18" VPOS="1239" HPOS="660"/>
							<String ID="string_249" HPOS="678" VPOS="1238" WIDTH="84" HEIGHT="22" WC="0.96" CONTENT="honom"/><SP WIDTH="17" VPOS="1238" HPOS="762"/>
							<String ID="string_250" HPOS="779" VPOS="1238" WIDTH="61" HEIGHT="29" WC="0.96" CONTENT="igen,"/><SP WIDTH="20" VPOS="1238" HPOS="840"/>
							<String ID="string_251" HPOS="860" VPOS="1246" WIDTH="49" HEIGHT="14" WC="0.96" CONTENT="som"/>
						</TextLine>
						<TextLine ID="line_30" HPOS="156" VPOS="1272" WIDTH="753" HEIGHT="30">
							<String ID="string_252" HPOS="156" VPOS="1277" WIDTH="97" HEIGHT="18" WC="0.78" CONTENT="slämma"/><SP WIDTH="26" VPOS="1277" HPOS="253"/>
							<String ID="string_253" HPOS="279" VPOS="1274" WIDTH="60" HEIGHT="27" WC="0.94" CONTENT="låtit,"/><SP WIDTH="26" VPOS="1274" HPOS="339"/>
							<String ID="string_254" HPOS="365" VPOS="1281" WIDTH="55" HEIGHT="14" WC="0.95" CONTENT="vare"/><SP WIDTH="27" VPOS="1281" HPOS="420"/>
							<String ID="string_255" HPOS="447" VPOS="1272" WIDTH="47" HEIGHT="23" WC="0.96" CONTENT="han"/><SP WIDTH="27" VPOS="1272" HPOS="494"/>
							<String ID="string_256" HPOS="521" VPOS="1273" WIDTH="45" HEIGHT="22" WC="0.95" CONTENT="ock"/><SP WIDTH="20" VPOS="1273" HPOS="566"/>
							<String ID="string_257" HPOS="586" VPOS="1273" WIDTH="94" HEIGHT="29" WC="0.96" CONTENT="skyldig"/><SP WIDTH="17" VPOS="1273" HPOS="680"/>
							<String ID="string_258" HPOS="697" VPOS="1272" WIDTH="41" HEIGHT="23" WC="0.96" CONTENT="vid"/><SP WIDTH="19" VPOS="1272" HPOS="738"/>
							<String ID="string_259" HPOS="757" VPOS="1281" WIDTH="86" HEIGHT="14" WC="0.96" CONTENT="samma"/><SP WIDTH="17" VPOS="1281" HPOS="843"/>
							<String ID="string_260" HPOS="860" VPOS="1275" WIDTH="49" HEIGHT="20" WC="0.96" CONTENT="rätt"/>
						</TextLine>
						<TextLine ID="line_31" HPOS="156" VPOS="1307" WIDTH="700" HEIGHT="29">
							<String ID="string_261" HPOS="156" VPOS="1316" WIDTH="74" HEIGHT="20" WC="0.96" CONTENT="svara,"/><SP WIDTH="19" VPOS="1316" HPOS="230"/>
							<String ID="string_262" HPOS="249" VPOS="1308" WIDTH="40" HEIGHT="21" WC="0.96" CONTENT="der"/><SP WIDTH="17" VPOS="1308" HPOS="289"/>
							<String ID="string_263" HPOS="306" VPOS="1307" WIDTH="77" HEIGHT="23" WC="0.96" CONTENT="målen"/><SP WIDTH="17" VPOS="1307" HPOS="383"/>
							<String ID="string_264" HPOS="400" VPOS="1307" WIDTH="53" HEIGHT="22" WC="0.96" CONTENT="med"/><SP WIDTH="18" VPOS="1307" HPOS="453"/>
							<String ID="string_265" HPOS="471" VPOS="1307" WIDTH="132" HEIGHT="23" WC="0.96" CONTENT="hvarandra"/><SP WIDTH="17" VPOS="1307" HPOS="603"/>
							<String ID="string_266" HPOS="620" VPOS="1307" WIDTH="141" HEIGHT="29" WC="0.95" CONTENT="gemenskap"/><SP WIDTH="18" VPOS="1307" HPOS="761"/>
							<String ID="string_267" HPOS="779" VPOS="1307" WIDTH="77" HEIGHT="22" WC="0.96" CONTENT="hafva."/>
						</TextLine>
					</TextBlock>
				</ComposedBlock>
				<ComposedBlock ID="cblock_3" HPOS="502" VPOS="1366" WIDTH="70" HEIGHT="25">
					<TextBlock ID="block_5" HPOS="502" VPOS="1366" WIDTH="70" HEIGHT="25">
						<TextLine ID="line_32" HPOS="502" VPOS="1366" WIDTH="70" HEIGHT="25">
							<String ID="string_268" HPOS="502" VPOS="1367" WIDTH="28" HEIGHT="20" WC="0.95" CONTENT="11"/><SP WIDTH="21" VPOS="1367" HPOS="530"/>
							<String ID="string_269" HPOS="551" VPOS="1366" WIDTH="21" HEIGHT="25" WC="0.87" CONTENT="&amp;"/>
						</TextLine>
					</TextBlock>
				</ComposedBlock>
				<ComposedBlock ID="cblock_4" HPOS="156" VPOS="1415" WIDTH="755" HEIGHT="63">
					<TextBlock ID="block_6" HPOS="156" VPOS="1415" WIDTH="755" HEIGHT="63">
						<TextLine ID="line_33" HPOS="225" VPOS="1415" WIDTH="685" HEIGHT="29">
							<String ID="string_270" HPOS="225" VPOS="1417" WIDTH="91" HEIGHT="21" WC="0.92" CONTENT="Förena"/><SP WIDTH="19" VPOS="1417" HPOS="316"/>
							<String ID="string_271" HPOS="335" VPOS="1417" WIDTH="35" HEIGHT="27" WC="0.93" CONTENT="sig"/><SP WIDTH="17" VPOS="1417" HPOS="370"/>
							<String ID="string_272" HPOS="387" VPOS="1419" WIDTH="108" HEIGHT="25" WC="0.92" CONTENT="parterne"/><SP WIDTH="19" VPOS="1419" HPOS="495"/>
							<String ID="string_273" HPOS="514" VPOS="1417" WIDTH="8" HEIGHT="20" WC="0.97" CONTENT="i"/><SP WIDTH="18" VPOS="1417" HPOS="522"/>
							<String ID="string_274" HPOS="540" VPOS="1415" WIDTH="123" HEIGHT="27" WC="0.96" CONTENT="tvistemål,"/><SP WIDTH="19" VPOS="1415" HPOS="663"/>
							<String ID="string_275" HPOS="682" VPOS="1423" WIDTH="49" HEIGHT="14" WC="0.97" CONTENT="som"/><SP WIDTH="18" VPOS="1423" HPOS="731"/>
							<String ID="string_276" HPOS="749" VPOS="1415" WIDTH="42" HEIGHT="21" WC="0.96" CONTENT="hör"/><SP WIDTH="18" VPOS="1415" HPOS="791"/>
							<String ID="string_277" HPOS="809" VPOS="1415" WIDTH="39" HEIGHT="21" WC="0.93" CONTENT="till"/><SP WIDTH="20" VPOS="1415" HPOS="848"/>
							<String ID="string_278" HPOS="868" VPOS="1415" WIDTH="42" HEIGHT="21" WC="0.90" CONTENT="all-"/>
						</TextLine>
						<TextLine ID="line_34" HPOS="156" VPOS="1449" WIDTH="755" HEIGHT="29">
							<String ID="string_279" HPOS="156" VPOS="1455" WIDTH="55" HEIGHT="18" WC="0.90" CONTENT="män"/><SP WIDTH="25" VPOS="1455" HPOS="211"/>
							<String ID="string_280" HPOS="236" VPOS="1451" WIDTH="128" HEIGHT="27" WC="0.90" CONTENT="underrätt,"/><SP WIDTH="27" VPOS="1451" HPOS="364"/>
							<String ID="string_281" HPOS="391" VPOS="1457" WIDTH="37" HEIGHT="16" WC="0.96" CONTENT="om"/><SP WIDTH="27" VPOS="1457" HPOS="428"/>
							<String ID="string_282" HPOS="455" VPOS="1457" WIDTH="77" HEIGHT="15" WC="0.95" CONTENT="annan"/><SP WIDTH="27" VPOS="1457" HPOS="532"/>
							<String ID="string_283" HPOS="559" VPOS="1449" WIDTH="72" HEIGHT="22" WC="0.96" CONTENT="sådan"/><SP WIDTH="27" VPOS="1449" HPOS="631"/>
							<String ID="string_284" HPOS="658" VPOS="1449" WIDTH="100" HEIGHT="22" WC="0.96" CONTENT="domstol"/><SP WIDTH="27" VPOS="1449" HPOS="758"/>
							<String ID="string_285" HPOS="785" VPOS="1452" WIDTH="31" HEIGHT="18" WC="0.96" CONTENT="än"/><SP WIDTH="16" VPOS="1452" HPOS="816"/>
							<String ID="string_286" HPOS="832" VPOS="1455" WIDTH="32" HEIGHT="16" WC="0.96" CONTENT="nu"/><SP WIDTH="21" VPOS="1455" HPOS="864"/>
							<String ID="string_287" HPOS="885" VPOS="1452" WIDTH="26" HEIGHT="18" WC="0.96" CONTENT="är"/>
						</TextLine>
					</TextBlock>
				</ComposedBlock>
			</PrintSpace>
		</Page>
	</Layout>
</alto>
