1075 1761
111 223 11 28 8
137 207 21 52 4.

207 156 27 21 24
399 155 28 22 U.
442 155 29 21 B-
487 167 25 4 —
528 155 72 28 Prop.
615 155 41 22 N:o
672 155 34 22 23.

245 223 44 21 För
304 224 32 19 att
350 222 36 21 för
401 222 133 28 djuregaren
550 222 125 21 underlätta
690 222 162 23 efterlefnaden
868 223 24 22 af
902 224 28 21 de

177 257 24 21 af
225 256 128 27 djurläkare
376 256 137 21 föreskrifna
536 256 134 28 åtgärderna
686 256 33 21 till
734 257 157 28 bekämpande
906 257 24 22 af

176 291 105 21 utbruten
297 290 126 22 smittosam
442 290 104 27 sjukdom
561 297 53 14 vore
630 291 37 20 det
682 291 107 27 önskligt,
805 293 32 19 att
845 291 84 27 djurlä-

176 324 69 22 karen
261 324 63 22 alltid
340 323 74 23 skulle
430 324 72 21 lemna
517 324 128 28 skriftligen
659 324 108 22 affattade
783 325 146 28 anvisningar

175 358 86 27 härom,
287 358 43 22 och
352 358 71 22 borde
444 358 35 21 för
501 359 42 21 den
569 358 61 22 skull
655 365 26 15 ur
702 365 67 15 mom.
798 360 10 20 1
832 359 23 21 af
878 359 15 29 &
915 361 15 21 4

176 394 69 21 orden
261 393 22 28 ,,i
298 393 113 28 vigtigare
426 392 56 23 fall"
497 392 114 23 uteslutas.

243 428 11 21 I
273 435 86 14 samma
379 435 65 14 mom.
462 427 41 22 har
523 427 113 23 Utskottet
654 429 73 20 ansett
745 428 85 29 nödigt,
846 431 33 19 att
897 431 31 20 ett

175 462 80 28 tillägg
269 462 101 22 infördes
385 463 77 21 derom
477 464 32 19 att
525 462 126 27 djurläkare
666 462 71 27 alltid,
757 462 30 22 då
804 463 124 22 obduktion

175 496 75 22 blifvit
264 496 116 22 verkstäld
395 496 40 21 vid
449 497 104 21 befaradt
567 497 83 22 utbrott
666 497 23 21 af
707 497 3 20 i
726 496 14 29 $
759 499 9 20 1
785 498 73 27 punkt
873 499 11 20 1
905 498 24 21 af

174 531 160 28 förordningen
356 532 84 20 nämnd
464 531 111 27 sjukdom,
598 538 53 15 vore
674 531 93 29 skyldig
789 532 35 21 till
839 532 88 22 Guver-

175 567 67 20 nören
259 565 42 22 och
317 565 231 28 Medicinalstyrelsen
571 566 95 21 insända
681 566 144 28 fullständigt
840 567 88 21 obduk-

175 599 178 27 tionsprotokoll.
384 599 86 22 Endast
491 599 30 28 på
543 600 61 21 detta
626 601 44 20 sätt
691 599 45 22 blir
759 600 37 22 det
814 600 114 29 nämligen

174 633 35 22 för
223 634 169 22 vederbörande
408 634 157 28 myndigheter
580 634 87 28 möjligt
681 636 32 20 att
729 634 86 29 afgöra,
833 642 36 14 om
884 636 43 20 den

174 669 24 21 af
218 668 145 28 djurläkaren
387 668 73 22 stälda
484 669 122 28 diagnosen
630 670 24 20 är
676 669 69 28 riktig
769 669 54 22 eller
845 670 26 27 ej,
886 670 41 22 nä-

174 704 39 27 got
228 710 49 14 som
292 703 7 21 i
315 703 148 21 betraktande
479 704 24 20 af
517 704 144 28 strängheten
677 704 24 21 af
715 704 113 22 särskilda
844 705 38 21 vid
893 707 34 19 ut-

174 738 79 21 bruten
276 737 126 22 smittosam
425 738 105 27 sjukdom
544 738 83 28 nödiga
642 738 105 28 ätgärder
761 738 35 22 för
811 738 116 23 kreaturs-

174 779 80 21 egaren
270 779 54 15 vore
340 772 24 21 af
378 772 172 29 utomordentlig
564 772 122 29 betydelse.

242 807 99 21 Emedan
357 807 8 21 i
380 807 83 28 mänga
485 807 42 21 fall
548 815 27 14 en
597 807 52 21 fullt
667 808 66 21 säker
748 808 96 28 diagnos
859 808 67 22 äfven

173 841 55 21 efter
246 841 117 21 verkstäld
382 842 123 20 obduktion
525 842 78 21 endast
619 842 45 21 kan
680 842 78 22 ställas
773 849 81 21 genom
869 850 57 21 nog-

172 881 86 22 granna
280 875 184 28 mikroskopiska
480 876 42 21 och
537 876 172 28 experimentela
725 877 201 29 undersökningar,

172 909 34 21 till
228 909 90 22 hvilkas
334 910 117 21 utförande
467 917 27 14 en
510 910 169 28 praktiserande
694 911 112 21 veterinär
821 912 105 28 vanligen

171 944 42 21 har
227 944 103 21 hvarken
346 944 33 22 tid
395 944 54 22 eller
464 944 96 27 tillfälle,
576 945 43 21 och
634 944 30 22 dä
679 946 114 21 dessutom
809 946 45 21 alla
864 948 62 20 vete-

171 978 86 22 rinärer
279 978 51 22 icke
353 978 77 22 kunna
451 979 131 21 förutsättas
601 986 43 21 ega
660 979 122 29 tillräcklig
798 980 127 22 kännedom

172 1019 36 15 om
224 1012 76 22 härför
316 1013 147 28 erforderliga
478 1014 287 28 undersökningsmetoder,
781 1014 42 22 har
833 1015 93 22 Utskot-

171 1048 31 20 tet
217 1048 72 20 ansett
304 1047 107 28 önskligt,
427 1050 32 19 att
474 1048 7 21 i
497 1048 15 29 S
525 1050 13 20 4
553 1048 100 22 infördes
669 1050 30 20 ett
707 1048 81 29 tillägg
797 1049 84 27 derom,
895 1051 32 20 att

172 1081 129 27 djurläkare
316 1081 39 22 vid
367 1082 103 21 befaradt
484 1082 84 22 utbrott
583 1082 23 22 af
621 1082 8 22 i
644 1082 15 30 8
677 1084 9 20 1
698 1083 71 28 punkt
781 1085 10 20 1
805 1084 24 21 af
838 1084 87 21 förord-

171 1115 83 29 ningen
276 1116 85 21 nämnd
386 1116 103 27 sjukdom
514 1116 63 22 alltid
598 1117 70 21 borde
685 1117 6 21 i
707 1117 160 29 tvifvelaktiga
883 1118 41 22 fall

171 1149 34 21 till
227 1149 234 28 Medicinalstyrelsen
487 1150 94 22 insända
606 1151 102 28 lämpligt
733 1152 192 28 undersöknings-

166 1179 113 37 material.
776 1203 2 4 N

239 1217 110 29 Slutligen
372 1218 41 21 har
429 1218 115 22 Utskottet
558 1219 7 20 i
582 1219 164 28 sammanhang
761 1220 50 21 med
827 1221 97 20 bestäm-

170 1251 109 28 ningarne
294 1251 8 22 i
318 1251 14 30 &
348 1253 14 20 4
377 1253 72 20 ansett
472 1252 36 29 sig
529 1253 55 21 böra
605 1253 128 26 framhälla,
756 1253 107 22 hurusom
887 1255 38 20 det

169 1291 54 15 vore
246 1285 58 26 skäl,
323 1288 33 19 att
370 1286 29 27 pä
414 1286 109 28 lämpliga
538 1287 79 21 ställen
633 1287 8 20 i
656 1287 151 28 kungörelsen
823 1288 100 21 infördes

169 1319 168 28 bestämningar
352 1326 43 21 om,
410 1321 57 20 huru
483 1320 47 21 ofta
545 1320 129 27 djurläkare
689 1322 25 19 är
729 1321 94 28 skyldig
837 1323 32 20 att
884 1322 40 21 be-

169 1353 56 21 söka
240 1353 112 29 lägenhet,
368 1360 48 14 som
431 1352 121 24 förklarats
568 1354 91 22 smittad
674 1355 23 21 af
712 1355 74 29 någon
802 1356 24 22 af
841 1357 28 21 de
885 1356 7 21 i
908 1355 15 30 &

171 1389 7 19 1
196 1387 72 28 punkt
284 1389 10 20 1
311 1388 24 21 af
352 1388 161 28 förordningen
529 1390 97 20 nämnda
642 1389 166 28 sjukdomarne.
838 1391 33 22 En
887 1391 37 21 sä-

168 1422 45 22 dan
235 1422 144 29 bestämning
397 1424 26 20 är
437 1424 8 20 i
458 1423 67 29 fråga
540 1431 36 14 om
592 1424 52 21 flere
659 1424 41 22 här
716 1426 98 21 nämnda
832 1426 92 28 sjukdo-

168 1463 48 15 mar
231 1457 23 21 af
269 1459 46 20 stor
329 1457 124 28 betydelse,
469 1458 93 21 emedan
577 1460 31 19 ett
623 1459 96 27 omräde,
736 1466 47 15 som
801 1460 121 22 förklarats

236 1503 184 18 Ekonomiutskottets
433 1504 109 18 betänkande
554 1504 35 18 N:o
602 1505 12 17 5
