1700 1923
669 247 72 23 Ständ.
757 248 35 23 Sv.
808 262 28 2 —
851 248 61 28 Prop.
927 249 36 21 N:o
978 248 37 23 20.
1202 250 13 21 7

465 312 61 21 dana
542 311 113 22 särskilda
671 312 180 29 bestämningar,
867 319 48 15 som
930 312 53 22 med
997 309 109 25 afseende
1121 313 14 21 å
1145 312 70 22 rörel-

466 353 54 14 sens
542 346 57 21 vidd
622 346 43 21 och
680 346 161 22 beskaffenhet
855 346 95 29 pröfvas
965 347 94 28 nödiga;
1075 346 43 22 och
1133 346 61 22 skall
1207 347 9 21 i

465 380 85 21 sådant
574 380 85 22 ärende
681 380 102 28 utslaget
804 380 155 23 underställas
980 380 235 29 Ekonomiedeparte-

464 416 98 20 mentets
580 415 7 21 i
601 415 102 21 Senaten
717 414 118 30 pröfning.

532 449 47 21 För
601 450 83 28 utslag,
707 456 49 15 som
776 450 8 21 i
799 457 32 14 nu
846 449 80 23 nämdt
941 450 84 21 ärende
1042 450 123 27 meddelas,
1181 457 34 15 er-

461 484 81 28 lägges
557 484 51 21 icke
623 484 71 22 lösen.

814 549 49 27 98.

532 587 119 23 Anmälan
673 588 27 22 af
716 588 120 30 andelslag
849 589 38 22 till
902 588 144 29 inskrifning
1060 589 8 21 i
1083 589 131 22 handelsre-

462 622 84 29 gistret
561 623 61 21 skall
637 631 55 14 vara
706 623 175 22 undertecknad
895 623 27 22 af
931 623 113 28 styrelsen
1054 623 9 22 i
1073 623 52 22 dess
1136 623 80 22 helhet

462 657 43 22 och
520 659 112 28 upptaga:

532 693 34 21 1:o
589 693 77 28 dagen
681 692 37 23 för
733 693 155 28 andelslagets
903 692 110 23 bildande
1029 693 42 21 och
1087 693 75 29 dagen
1177 693 38 21 för

461 727 137 29 stadgarnes
613 727 169 28 stadfästande;

530 762 35 21 2:0
581 761 158 30 andelslagets
753 769 82 20 namn;

530 797 36 22 3:0
582 796 123 22 föremålet
720 799 35 20 för
770 797 155 29 andelslagets
940 797 155 28 verksamhet;

530 832 35 22 4:0
582 831 154 30 andelslagets
751 832 98 28 hemort;

530 867 35 22 5:o
582 874 36 15 om
634 867 43 22 och
692 867 9 22 i
716 867 61 22 hvad
792 868 53 21 män
859 862 175 35 tillskottspligt
1048 867 38 22 för
1101 867 113 22 andelsla-

463 903 53 28 gets
531 901 155 23 förbindelser
701 903 88 28 åligger
803 903 188 27 medlemmarne;

531 937 34 22 6:0
589 939 71 19 sättet
675 937 37 22 för
727 939 109 20 stämmas
851 937 213 22 sammankallande
1079 937 43 22 och
1138 937 76 29 öfriga

461 972 246 29 tillkännagifvanden
723 972 24 22 åt
762 973 190 27 medlemmarne;

531 1008 34 21 T:o
584 1014 101 15 namnen
700 1008 30 28 på
745 1007 28 21 de
789 1007 134 29 sysslomän,
939 1014 48 14 som
1001 1009 84 27 utgöra
1100 1006 112 22 andelsla-

461 1044 53 26 gets
529 1042 105 29 styrelse,
650 1042 43 21 och
708 1042 67 21 deras
790 1042 108 27 hemvist;
915 1044 59 19 samt

530 1077 35 21 8:o
587 1076 97 22 hvilken
706 1076 56 22 eller
783 1077 81 22 hvilka
885 1077 71 21 bland
978 1077 175 28 sysslomännen
1174 1080 39 17 äro

464 1111 144 29 berättigade
625 1113 35 20 att
674 1111 83 22 teckna
773 1111 155 29 andelslagets
942 1111 74 22 firma.

530 1146 117 22 Anmälan
663 1145 60 23 skall
738 1146 94 29 åtföljas
847 1146 26 22 af
887 1146 45 21 den
946 1145 9 22 i
970 1146 13 21 2
994 1147 13 26 &
1017 1145 85 22 nämda
1113 1145 101 22 afhand-

462 1180 50 29 ling
528 1181 43 22 och
586 1181 39 22 det
640 1180 84 29 utslag,
740 1181 150 30 hvarigenom
905 1180 146 23 stadfästelse
1065 1181 13 22 ä
1089 1180 124 29 stadgarne

460 1215 136 29 meddelats,
613 1216 39 22 det
667 1223 81 15 senare
763 1216 9 21 i
786 1215 169 23 hufvudskrift.

530 1251 12 21 I
564 1251 74 29 öfrigt
653 1259 44 21 ega
711 1251 28 21 de
755 1251 146 22 föreskrifter
915 1258 37 15 om
967 1251 150 29 inskrifning,
1132 1250 81 22 hvilka

461 1285 65 30 gälla
549 1286 120 29 angäende
692 1285 140 30 aktiebolag,
854 1287 9 21 i
878 1285 139 29 tillämpliga
1033 1285 64 22 delar
1111 1285 102 22 använd-

461 1320 59 28 ning
543 1321 13 20 &
579 1321 129 28 andelslag;
725 1320 59 21 dock
799 1328 54 21 eger
868 1321 72 28 afgift
955 1319 37 22 för
1007 1320 132 29 andelslags
1154 1321 59 21 inre-

459 1354 128 29 gistrering
601 1355 51 21 icke
667 1362 57 14 rum.

809 1417 28 22 10
851 1419 20 26 8.

530 1457 76 22 Innan
621 1457 120 29 andelslag
756 1457 8 22 i
779 1457 205 29 handelsregistret
993 1456 139 28 inskrifvits,
1143 1457 38 21 mä
1191 1464 20 21 ej

462 1492 115 28 egendom
599 1492 8 20 i
631 1491 156 28 andelslagets
809 1498 70 13 namn
894 1491 132 20 förvärfvas
1041 1491 56 20 eller
1112 1491 38 20 för
1165 1491 48 20 det-

463 1533 88 14 samma
565 1525 60 21 talas
641 1525 56 21 eller
712 1531 86 15 svaras.
823 1524 71 28 Ingär
908 1524 77 28 nägon
1001 1523 151 22 derförinnan
1166 1523 48 22 för-

462 1560 104 21 bindelse
581 1559 9 22 i
605 1559 156 29 andelslagets
776 1566 76 20 namn,
868 1565 66 15 svare
949 1558 48 21 han
1007 1558 37 22 för
1054 1557 159 22 förbindelsen
