1059 1750
218 168 13 18 4
517 165 43 21 N:o
576 167 33 19 29.

257 232 158 22 Innehafvare
431 232 26 22 af
478 232 110 28 bryggeri
608 232 36 21 för
660 231 154 27 tillverkning
829 230 26 21 af
868 230 72 21 malt-

192 266 99 29 drycker
313 274 42 20 ege
377 266 114 29 rättighet
509 268 41 26 att,
569 268 57 20 utan
641 265 100 22 särskild
756 264 113 28 anmälan,
886 264 54 22 från

191 302 42 20 sitt
255 301 110 28 bryggeri
387 300 37 22 till
446 300 147 29 afhemtning
615 299 95 28 försälja
730 299 87 22 sådana
832 298 107 28 drycker;

191 336 60 21 dock
265 336 38 20 må
318 334 54 22 från
386 335 116 29 bryggeri,
518 334 93 30 beläget
626 335 30 28 på
670 334 80 22 landet
760 333 56 21 eller
826 334 8 20 i
844 333 94 28 köping,

190 369 140 28 försäljning
345 369 26 21 af
385 369 23 21 öl
422 369 57 21 eller
493 371 78 27 porter
585 369 52 22 icke
652 368 40 22 ske
707 368 9 21 i
730 367 91 22 mindre
835 368 62 28 parti
911 370 30 18 än

190 404 117 28 tjugufem
322 403 145 29 helbuteljer,
483 404 58 22 hvar
556 404 43 22 och
614 411 28 14 en
657 402 161 29 inrymmande
832 402 108 29 omkring

191 439 40 21 två
246 437 125 29 tredjedels
386 437 59 29 liter,
461 438 55 21 eller
526 438 82 21 femtio
616 437 151 28 halfbuteljer
775 443 38 15 om
820 444 29 14 en
856 436 85 28 tredje-

190 473 50 21 dels
254 472 56 22 liter
323 473 65 27 hvar,
404 473 56 21 eller
475 473 43 22 ock
534 472 6 22 i
550 473 72 21 slutet
631 471 51 22 kärl
692 471 38 22 till
740 471 83 29 belopp
834 471 27 22 af
869 471 73 22 minst

192 507 117 28 tjugufem
331 507 59 21 liter.
422 505 90 24 Önskar
533 505 265 30 bryggeriinnehafvare
812 505 129 22 vidsträck-

191 544 49 19 tare
255 541 206 30 försäljningsrätt,
478 541 67 22 ställe
560 542 36 28 sig
611 541 39 22 till
664 540 154 23 efterrättelse
833 540 63 22 hvad
910 540 9 21 i
929 541 13 26 8

193 579 11 19 2
226 576 41 22 här
284 576 77 22 nedan
377 576 43 22 och
436 577 12 26 8
464 578 12 20 3
492 575 26 22 af
532 575 167 29 förordningen
715 575 45 22 den
777 577 11 19 2
803 574 69 29 April
889 576 53 21 1883

192 611 100 29 stadgas.

260 646 100 22 Utöfvas
384 646 194 28 bryggerirörelse
598 646 27 21 af
640 645 73 29 bolag,
729 645 129 21 tillkomme
874 644 45 22 den
934 645 8 20 i

192 680 140 30 föregående
348 687 68 15 mom.
432 680 153 22 omförmälda
595 680 113 28 rättighet
718 680 100 28 bolaget,
829 687 53 13 men
890 679 52 21 icke

193 714 91 22 enskild
300 714 106 28 delegare
422 715 54 22 deri.

260 819 12 21 I
294 818 53 22 stad
369 826 42 20 ege
433 818 124 28 magistrat
579 819 63 21 inom
662 818 98 22 Januari
774 818 86 21 månad
875 818 68 21 hvart

194 855 71 19 annat
280 854 26 20 år
320 852 104 22 inhemta
434 852 226 29 stadsfullmäktiges
672 852 61 28 eller,
746 852 41 22 der
796 852 88 22 sådana
892 852 51 22 icke

192 888 82 28 finnas,
290 887 198 22 rådhusstämmas
502 888 116 28 yttrande,
634 887 38 21 till
687 887 91 22 hvilket
788 887 64 21 antal
862 887 82 28 rättig-

194 923 65 21 heter
282 924 35 20 att
339 924 64 20 utom
424 922 112 29 bryggeri
550 923 38 21 till
603 922 148 28 afhemtning
766 921 96 29 försälja
877 922 67 20 malt-

194 956 98 28 drycker
308 956 56 22 böra
379 956 37 22 för
430 956 211 22 nästinstundande
651 956 40 21 två
702 956 183 28 försäljningsår,
895 962 48 15 som

193 990 114 22 beräknas
325 990 54 22 från
397 990 43 22 och
458 990 52 22 med
526 990 46 22 den
588 993 10 19 1
614 990 64 27 Juni,
694 990 114 28 upplåtas,
824 990 122 21 äfvensom

193 1025 8 21 i
217 1024 81 22 hvilka
312 1025 90 21 trakter
416 1025 26 21 at
457 1025 82 21 staden
555 1024 80 29 dylika
645 1024 237 29 försäljningsställen
893 1024 51 21 icke

194 1059 25 22 få
233 1059 81 22 finnas.

261 1091 35 23 Är
318 1093 122 28 magistrat
462 1093 52 21 med
537 1093 213 29 stadsfullmäktige
773 1092 55 22 eller
850 1092 95 22 rådhus-

194 1130 99 20 stämma
308 1128 8 20 i
332 1126 96 22 ärendet
444 1134 59 21 ense,
521 1128 73 21 blifve
609 1128 81 21 dervid
706 1127 120 22 beroende.
846 1128 12 20 I
874 1129 72 19 annat
964 1145 16 9 ..

195 1162 43 22 fall
260 1162 157 22 öfverlemnar
438 1162 153 29 magistraten
613 1162 96 21 ärendet
731 1162 37 21 till
787 1162 166 26 Guvernören;

195 1205 48 14 som
259 1204 54 22 eger
328 1197 49 21 deri
391 1197 100 27 besluta;
508 1197 59 22 dock
582 1198 37 20 må
635 1197 88 21 antalet
738 1196 208 29 försäljningsstäl-

194 1233 39 21 len
248 1232 21 28 ej
284 1232 140 21 bestämmas
439 1232 71 29 högre
526 1235 30 18 än
572 1232 39 21 det
626 1232 112 28 antingen
755 1232 121 28 magistrat
886 1231 60 21 eller

196 1267 43 21 ock
254 1266 213 28 stadsfullmäktige
483 1266 56 22 eller
549 1266 185 22 rådhusstämma
744 1267 78 20 ansett
830 1265 115 29 lämpligt.

264 1299 111 27 Skriftlig
390 1300 132 27 ansökning
538 1307 36 14 om
590 1300 72 20 sådan
673 1299 272 30 försäljnirfpsrättighet,

196 1340 48 14 som
259 1333 9 21 i
283 1333 76 21 denna
374 1334 12 25 &
402 1336 102 24 nämnes,
518 1333 72 28 jemte
604 1333 69 28 intyg
688 1340 37 14 om
740 1332 131 22 sökandens
885 1332 61 28 frejd

196 1368 43 22 och
253 1368 96 28 uppgift
365 1367 13 21 å
392 1367 85 29 stället,
494 1367 41 22 der
549 1366 144 30 rättigheten
708 1370 25 18 är
747 1366 82 22 afsedd
840 1368 35 20 att
884 1368 62 20 utöf-

196 1410 47 21 vas,
263 1402 113 22 inlemnas
395 1402 37 22 till
447 1402 159 29 magistraten,
622 1409 48 15 som
685 1409 55 21 eger
754 1401 104 23 inhemta
873 1402 73 22 stads-

193 1437 163 29 fullmäktiges
376 1437 57 21 eller
451 1437 197 22 rädhusstämmas
668 1438 60 20 samt
749 1437 195 29 poliskammares,

196 1472 41 22 der
259 1472 73 22 sädan
354 1471 80 29 finnes,
452 1472 110 28 yttrande
577 1472 66 22 öfver
658 1472 161 29 ansökningen
834 1473 44 21 och
893 1474 54 20 den-
