1700 1892
666 217 27 22 U.
711 218 28 21 B.
756 230 25 3 —
797 217 73 28 Prop.
888 218 40 22 N:o
943 217 34 22 17.
1178 219 13 19 5

439 286 124 21 landtbruk
585 288 14 20 å
622 288 35 20 för
679 287 33 26 sig
735 287 121 21 bestående
879 287 105 27 lägenhet
999 287 34 21 för
1048 287 143 21 närvarande

438 321 50 21 icke
503 321 104 27 föreläge,
624 322 58 21 helst
697 321 66 22 äfven
780 321 75 21 denna
870 322 59 21 form
945 321 25 20 af
978 322 48 26 lega
1036 322 6 20 i
1053 321 139 27 jemförelse-

439 355 33 20 vis
494 355 64 26 ringa
582 356 137 27 omfattning
734 356 141 21 förekomme
890 356 7 20 i
913 356 104 20 Finland.
1049 355 143 21 Beträftande

438 390 48 26 lega
509 390 25 20 af
553 392 52 25 torp
625 390 77 21 kunde
724 390 102 29 deremot
848 397 28 14 en
899 389 78 22 rättvis
993 390 90 26 lösning
1098 389 25 22 af
1136 390 56 21 före-

440 424 100 21 varande
563 425 62 26 fråga
648 425 66 20 ernås
737 424 80 21 endast
837 430 82 21 genom
935 431 28 14 en
980 424 139 27 Jagstiftning
1134 431 58 20 som,

439 461 55 18 utan
518 461 32 18 att
572 459 90 20 kränka
681 459 146 26 jordegarens
847 454 133 31 rättmätiga
996 459 95 20 intresse
1106 459 7 20 i
1129 459 63 26 fråga

438 500 38 13 om
498 493 144 27 förfogandet
656 493 63 21 öfver
734 493 35 21 sin
782 493 59 27 jord,
857 493 96 21 beredde
968 495 106 25 torparen
1097 493 95 27 tryggad

438 527 163 27 nyttjanderätt
623 528 43 20 och
689 527 118 28 möjlighet
829 530 32 19 att
882 527 38 21 vid
943 527 139 27 legoaftalets
1103 528 89 27 upphö-

438 562 70 21 rande
531 562 72 21 undfå
626 563 123 26 ersättning
771 562 35 20 för
828 563 87 20 sådana
934 562 112 27 nedlagda
1061 562 131 27 kostnader,

437 597 36 20 för
488 597 78 20 hvilka
582 597 46 20 han
645 596 18 27 ej
680 597 84 20 hunnit
778 597 108 26 godtgöra
899 596 32 27 sig
942 602 81 21 genom
1035 597 60 20 ökad
1108 597 84 20 afkast-

438 631 55 26 ning
508 631 73 20 under
596 631 119 26 legotiden.
738 631 177 26 Lagstiftningen
931 631 97 21 rörande
1043 631 49 26 lega
1108 631 25 20 af
1140 633 51 25 torp

438 665 59 20 hade
518 665 36 20 för
569 665 44 20 den
629 665 60 20 skull
705 667 85 20 ansetts
806 666 56 20 böra
877 665 138 21 åtminstone
1030 665 7 20 i
1053 666 61 20 vissa
1129 665 64 20 delar

438 699 85 21 ordnas
539 700 29 27 på
584 699 72 21 andra
671 699 141 28 principiella
828 699 99 27 grunder
941 701 30 18 än
987 699 49 26 lega
1049 700 25 20 af
1082 699 110 27 sjelfstän-

438 733 38 27 dig
492 734 113 27 lägenhet;
626 735 43 20 och
685 735 55 20 enär
754 736 133 25 torparenas
902 734 84 21 osäkra
1001 734 109 26 ställning
1125 733 65 22 äfven

439 768 57 21 varit
511 769 45 20 den
571 769 111 26 egentliga
699 769 96 20 orsaken
810 769 33 20 till
859 769 133 26 yrkandena
1008 775 38 14 om
1060 768 98 21 revision
1169 769 26 20 af

438 803 168 27 lagstiftningen
630 811 38 14 om
690 804 49 25 lega
758 804 25 20 af
800 803 59 27 jord,
875 803 58 21 hade
954 803 139 21 reformerna
1109 803 7 20 i
1131 803 61 21 detta

438 838 106 21 afseende
560 838 35 20 för
610 838 142 21 närvarande
768 838 131 27 begränsats
914 837 34 22 till
961 837 104 28 jordtorp
1081 838 44 21 och
1140 838 52 21 med

438 872 53 21 dem
505 872 108 21 likstälda
629 872 216 27 legoförhållanden.

507 907 166 26 Lagförslagets
698 907 126 27 ytterligare
850 906 171 22 inskränkande
1050 907 32 20 till
1105 906 86 21 sådana

438 943 58 25 torp,
519 941 7 21 i
548 941 91 21 hvilkas
661 941 48 27 lega
733 941 253 28 dagsverksskyldighet
1000 941 71 27 ingår,
1087 941 42 21 har
1145 941 47 21 åter

439 976 123 20 föranledts
583 976 48 20 dels
647 976 68 26 deraf,
732 978 32 18 att
779 975 234 28 arbetsskyldigheten
1029 978 85 18 ansetts
1129 976 63 20 bilda

438 1010 44 22 den
506 1010 34 21 för
562 1011 118 27 torplegan
700 1013 56 18 mest
775 1010 186 22 karakteristiska
977 1010 150 27 egenskapen,
1144 1010 48 21 dels

438 1045 25 21 af
480 1045 44 21 den
544 1044 167 27 förutsättning,
727 1047 31 18 att
774 1047 30 18 ett
819 1044 104 27 legoaftal
939 1051 39 13 om
993 1047 50 25 torp
1059 1044 53 21 med
1128 1045 64 27 dags-

439 1079 196 27 verksskyldighet
657 1079 44 21 och
723 1079 150 27 prestationer
895 1079 51 21 fullt
964 1079 161 21 motsvarande
1143 1080 49 20 vär-

438 1114 38 21 det
498 1114 25 20 af
543 1113 28 22 de
593 1114 121 26 förmåner,
738 1120 49 14 som
810 1114 159 20 tillförsäkrats
991 1114 121 26 brukaren,
1129 1114 62 20 alltid

439 1148 77 21 kunde
531 1148 116 21 betraktas
666 1148 76 21 såsom
758 1155 27 14 en
802 1148 121 21 bestående
939 1148 89 21 förmån
1044 1148 35 20 för
1094 1148 98 21 hufvud-

438 1182 84 27 gården
549 1183 44 21 och
619 1182 87 21 således
729 1182 67 21 lände
819 1183 134 21 densamma
976 1183 33 21 till
1033 1182 77 28 styrka
1133 1185 59 19 samt

439 1217 74 21 ökade
528 1216 52 22 dess
596 1217 75 20 värde.

508 1252 104 20 Emedan
628 1251 151 21 förenämnda
794 1252 139 27 egenskaper
944 1254 85 18 ansetts
1039 1251 154 21 utmärkande

439 1286 67 21 äfven
521 1286 35 20 för
566 1285 228 27 dagsverksskyldiga
805 1286 222 26 landbolägenheter,
1038 1286 69 21 hafva
1117 1286 75 26 dessa,

439 1321 73 20 ehuru
540 1319 125 27 utgörande
689 1320 108 20 hemman
819 1320 52 20 med
895 1320 97 20 särskild
1015 1326 113 20 nummer,
1151 1320 41 20 lik-

440 1354 72 21 ställts
535 1354 52 20 med
609 1354 203 26 dagsverkstorpen
837 1354 43 20 och
903 1354 143 26 lagförslaget
1070 1354 122 21 utsträckts

440 1389 67 20 äfven
522 1388 33 21 till
571 1388 59 20 dem.

511 1570 46 23 Lag-
570 1570 32 17 och
615 1569 184 19 Ekonomiutskottets
811 1569 110 18 betänkande
933 1568 37 19 N:o
983 1570 16 16 4.
