1064 1748
172 145 13 20 8
396 145 26 21 U.
437 145 25 21 B.
477 158 27 3 —
519 145 71 28 Prop.
605 145 44 22 N:o
665 145 37 21 28.

172 212 241 29 kostnadsersättning
438 212 26 21 af
486 213 59 20 Fmk
573 213 116 27 12,200:—
716 212 36 21 för
767 220 29 14 en
811 213 112 28 byggnad

171 247 37 21 för
230 246 298 29 musikkommenderingen
543 247 52 22 med
610 247 134 22 klubblokal
759 247 36 21 för
809 247 114 22 underbe-

171 280 58 22 fälet
243 281 40 21 vid
298 274 52 28 Åbo
367 281 107 28 bataljon.

241 315 47 21 För
309 315 183 28 tillgodoseende
514 315 26 22 af
560 315 114 22 behofven
690 315 40 22 vid
755 315 106 28 Nylands
884 315 40 22 ba-

173 349 72 29 taljon
267 349 80 29 ingick
369 349 51 22 icke
442 350 73 28 något
540 350 81 29 anslag
642 350 7 21 i
672 349 187 29 beräkningarna
883 349 40 22 vid

174 385 54 21 1897
244 383 36 22 års
296 383 119 29 landtdag.
444 383 37 22 Då
495 384 167 28 byggnaderna
679 383 35 22 för
729 384 76 21 denna
820 384 102 29 bataljon

173 422 38 17 äro
232 418 114 29 uppförda
371 418 59 21 efter
452 426 29 14 en
502 418 94 22 alldeles
612 425 75 15 annan
702 418 55 29 plan
773 422 30 17 än
819 419 102 28 byggna-

172 453 71 21 derna
264 452 36 22 för
322 452 76 29 öfriga
421 453 134 29 bataljoner,
572 453 42 21 och
637 453 115 21 dessutom
775 452 92 22 tillfälle
885 453 37 21 till

172 487 168 29 nybyggnader
349 487 13 21 å
370 487 146 29 bataljonens
523 494 57 22 egen
588 489 59 20 tomt
653 491 25 17 är
688 487 145 29 begränsadt,
842 487 82 22 kunna

171 522 162 28 väsendtligen
349 524 73 19 större
436 522 98 28 utgifter
548 522 36 21 för
599 522 75 21 denna
689 521 102 29 bataljon
802 522 51 21 icke
863 522 58 21 und-

172 556 71 22 vikas.
272 556 35 22 De
329 556 131 28 uppgjorda
482 556 116 28 förslagen
613 556 110 21 innebära
738 558 35 19 att
787 556 38 21 för
839 556 83 21 under-

173 590 85 22 befälet
280 590 36 22 för
339 590 106 28 Nylands
468 590 103 30 bataljon
595 590 106 22 bostäder
716 590 75 22 skulle
806 590 117 22 anskaffas

171 632 83 22 genom
277 624 143 30 uppförande
442 624 26 22 af
488 633 28 13 en
534 624 99 22 särskild
649 624 109 29 byggnad
774 624 13 22 å
803 624 44 22 den
862 627 59 19 tomt

171 660 8 20 i
194 660 83 21 hörnet
299 659 26 22 af
344 659 165 21 Konstantins-
532 659 42 22 och
596 659 202 28 Manégegatorna,
821 666 49 14 som
889 667 32 13 nu

171 694 90 28 intages
284 694 26 21 af
330 693 144 29 bataljonens
496 693 126 27 trosslider,
644 694 55 21 eller
721 694 14 21 f.
752 694 20 21 d.
789 694 132 28 gensdarm-

171 728 119 29 manögen,
314 728 43 22 och
378 727 68 22 hvars
460 728 53 28 läge
529 731 86 19 ansetts
631 728 108 22 särskildt
753 732 115 25 gynsamt.
898 721 22 28 Ä

171 770 87 14 samma
280 765 59 19 tomt
361 762 74 21 skulle
453 762 109 29 uppföras
578 770 46 20 nya
639 763 140 21 rustkamrar
794 763 36 21 för
846 762 74 22 batal-

169 797 83 29 jonens
266 796 158 30 krigsupplag.
454 797 47 21 För
518 797 187 29 undervisnings-
721 798 44 21 och
779 797 143 22 musikkom-

171 831 192 29 menderingarna
378 831 91 22 komme
482 832 86 29 nödiga
578 832 88 22 lokaler
678 834 35 19 att
722 832 105 25 inrättas,
837 839 83 21 genom

171 866 141 29 utvidgning
334 866 42 23 och
399 866 148 29 tillbyggnad
572 867 27 22 af
618 866 185 29 vindsvåningen
826 868 13 21 å
854 866 67 22 hvar-

171 901 54 22 dera
240 901 273 29 manskapskasärnerna,
528 901 52 22 från
595 901 80 22 hvilka
694 901 113 29 därjämte
823 901 27 22 de
866 908 17 15 s.
899 901 22 21 k.

170 935 165 23 verkstäderna
356 935 74 23 skulle
456 936 79 29 flyttas
556 936 36 22 till
608 937 44 21 den
667 937 134 21 nuvarande
817 936 104 30 byggna-

171 971 44 21 den
239 970 35 22 för
297 971 46 29 gift
361 971 136 22 underbefäl
513 971 13 21 &
541 971 214 22 officerskasärnens
773 971 65 29 gård,
853 972 68 21 hvar-

170 1006 91 28 igenom
284 1008 115 26 utrymme
424 1005 97 22 erhölles
536 1006 8 21 i
559 1006 113 22 kasärnen
687 1005 40 22 vid
749 1006 171 28 Mauritzgatan

171 1040 36 22 för
221 1047 29 14 en
264 1040 228 22 underbefälsklubb.
517 1040 231 28 Kostnadsförslaget
763 1040 36 22 för
814 1040 109 29 samtliga

170 1075 66 21 dessa
261 1074 94 22 arbeten
378 1074 35 22 för
434 1074 106 29 Nylands
563 1075 115 29 bataljons
692 1074 101 29 räkning
805 1075 72 21 slutar
892 1075 32 29 på

170 1109 60 21 Fmk
255 1110 97 25 257,800:
369 1122 33 7 —
440 1109 90 22 Genom
555 1109 155 29 uppförandet
734 1109 26 21 af
781 1109 142 29 nyssomför-

171 1144 76 21 mälda
268 1143 110 29 byggnad
400 1143 36 22 för
458 1143 161 22 underbefälet
633 1144 40 21 vid
697 1144 105 28 Nylands
819 1144 102 29 bataljon

170 1179 14 20 å
199 1178 44 22 den
265 1178 69 29 plats,
357 1184 49 15 som
428 1185 33 14 nu
476 1180 113 26 upptages
605 1179 23 21 at
643 1178 51 21 dess
710 1178 125 27 trosslider,
851 1178 71 22 erfor-

170 1212 82 22 drades
274 1212 128 21 emellertid
424 1215 34 19 ett
472 1214 54 27 nytt
541 1212 88 26 sådant,
645 1212 90 22 hvilket
749 1212 75 21 skulle
839 1212 83 29 uppfö-

170 1254 36 14 ras
223 1246 13 22 å
250 1246 45 22 den
316 1248 60 19 tomt
392 1246 38 22 vid
451 1246 187 29 Fredriksgatan,
654 1254 48 14 som
718 1246 165 22 militieverket
898 1246 28 22 af

170 1280 147 28 Helsingfors
340 1280 52 21 stad
415 1280 92 22 erhållit
522 1280 8 21 i
545 1280 81 28 utbyte
642 1280 36 21 för
693 1280 229 28 gardesbataljonens

169 1314 67 21 forna
251 1313 109 29 vedgård.
381 1313 215 22 Därsammastädes
611 1313 65 21 skola
687 1313 88 29 jämväl
791 1321 46 20 nya
852 1317 69 18 tross-

170 1347 58 22 lider
250 1347 36 22 för
307 1346 217 30 gardesbataljonen
543 1346 43 23 och
601 1346 270 30 befälhafvarestyrelsen
887 1348 35 21 in-

169 1384 79 25 rättas,
257 1382 71 22 sedan
342 1381 91 30 platsen
449 1382 35 21 för
500 1382 64 22 deras
578 1381 63 22 äldre
652 1382 202 29 upplagsmagasin
869 1382 52 22 blif-

169 1417 35 21 vit
226 1417 137 28 erforderlig
384 1415 36 23 för
442 1416 45 22 den
502 1417 40 21 vid
558 1417 241 29 garnisonssjukhuset
814 1417 109 22 beslutna

238 1499 144 18 Statsutskottets
394 1498 110 18 betänkande
516 1499 38 18 N:o
566 1499 18 18 3.
