1081 1750
376 122 28 22 U.
421 122 27 22 B.
464 135 28 3 —
507 122 72 29 Prop.
597 122 45 23 N:o
658 122 37 23 27.

431 513 227 28 Lagutskottets
673 513 112 28 förslag
799 514 42 23 till
850 520 61 16 sam-

364 548 185 28 manjemkning
578 548 28 23 af
627 547 117 24 ständens
769 548 142 29 skiljaktiga

363 582 82 22 beslut
462 582 42 22 vid
526 583 181 27 behandlingen
729 582 28 23 af
773 582 137 24 Utskottets

361 617 155 23 betänkande
531 617 45 23 N:o
591 617 27 22 12
632 617 10 22 i
657 617 134 28 anledning
806 617 28 23 af
845 617 66 23 Hans

363 651 138 29 Kejserliga
515 652 123 28 Majestäts
653 651 90 29 nädiga
756 652 155 28 proposition

363 692 40 17 om
421 686 103 23 förande
542 686 28 23 af
582 686 125 28 offentligt
721 686 106 28 register
841 687 70 22 öfver

362 726 126 23 personer,
504 727 52 17 som
570 721 54 22 icke
640 721 103 23 tillhöra
757 721 92 28 nägoti
858 721 52 23 lan-

363 755 42 22 det
423 754 134 29 behörigen
572 755 121 23 inrättadt
707 756 202 28 kyrkosamfund.

227 844 87 30 Enligt
341 844 127 23 Utskottet
494 844 215 24 tillhandakomna
734 845 176 29 protokollsut-

158 880 65 29 drag
240 879 77 23 hafva
337 879 107 23 ständen
462 880 43 22 vid
523 879 187 30 behandlingen
725 880 25 22 af
761 880 149 23 förberörda

159 914 161 23 betänkande
339 914 115 30 godkänt
471 914 139 23 Utskottets
623 914 96 30 förslag
728 915 8 22 i
746 915 83 29 öfrigt,
841 916 69 22 utom

159 949 84 22 sävidt
264 949 81 29 angär
365 949 177 22 nedannämda
560 949 117 29 punkter,
696 950 109 22 rörande
823 950 87 22 hvilka

158 984 106 22 ständen
283 985 102 21 stannat
402 984 8 22 i
428 983 112 29 följande
558 984 146 30 skiljaktiga
716 984 90 23 beslut.

181 1079 112 29 Förslaget
306 1079 31 23 till
352 1079 122 29 förordning
490 1086 32 16 om
537 1080 89 23 förande
637 1080 27 22 af
675 1080 108 28 offentligt
797 1080 93 28 register

233 1119 62 24 öfver
311 1126 109 22 personer,
436 1126 46 17 som
498 1120 47 23 icke
559 1120 86 23 tillhöra
660 1118 64 31 något
739 1121 4 22 i
760 1121 71 23 landet

327 1160 113 28 behörigen
457 1160 102 23 inrättadt
574 1160 171 29 kyrkosamfund.

508 1240 11 21 1
541 1239 23 28 8.

227 1295 220 29 Ridderskapet
474 1296 46 22 och
547 1295 93 23 Adeln
667 1296 47 22 har
737 1296 9 22 i
763 1296 147 22 hufvudsak

158 1329 114 29 godkänt
294 1330 49 28 S:n,
364 1336 57 16 men
440 1330 191 22 äterremitterat
649 1330 146 22 densamma
814 1330 36 22 till
869 1330 41 22 Ut-

158 1364 93 22 skottet
268 1364 33 27 pä
321 1364 42 22 det
381 1364 128 22 Utskottet
526 1364 76 22 mätte
621 1366 60 26 taga
699 1364 8 22 i
720 1364 190 28 öfvervägande

157 1396 127 23 huruvida
311 1396 54 23 icke
389 1397 8 21 i
422 1396 136 30 anledning
582 1397 26 22 af
626 1397 30 22 de
675 1397 81 23 under
775 1397 135 23 diskussio-

157 1437 50 17 nen
225 1430 147 23 framstälda
392 1431 197 30 anmärkningar
608 1432 65 22 emot
693 1432 12 22 1
726 1438 73 16 mom.
819 1432 91 28 uttryc-

227 1480 129 23 Laguiskottets
368 1480 110 18 betänkande
490 1482 37 16 N:o
539 1480 28 19 12.
