1073 1761
171 159 15 20 4
360 157 83 22 Ständ.
460 156 83 23 Sv.--—
558 157 73 28 Prop.
640 157 50 22 N:o
703 156 41 22 26.

174 228 63 28 sagd,
255 235 55 14 vare
328 227 46 22 den
392 227 97 29 behörig
506 230 36 19 att
560 227 133 28 handlägga
711 227 77 27 saken,
802 226 41 22 der
854 227 73 21 mälet

173 263 20 28 ej
222 262 72 28 angär
321 262 111 28 fastighet
459 262 56 21 eller
540 262 134 27 utmätning
700 262 24 21 af
748 261 48 22 fast
819 261 56 22 eller
892 261 34 22 lös

173 296 120 29 egendom,
322 296 56 21 eller
404 296 44 21 ock
473 296 105 22 konkurs
605 296 56 21 eller
682 295 124 23 boskilnad
824 295 55 22 eller
898 295 28 21 de

173 330 53 28 mål,
254 337 48 15 som
320 330 8 22 i
347 330 21 28 2,
388 331 14 20 3
421 330 44 22 och
483 330 16 22 4
517 331 29 26 88
564 330 84 22 nämda
666 334 45 18 äro.
747 330 67 21 Dock
831 331 38 20 mä
886 329 40 22 hä-

172 365 103 21 radsrätt
292 365 21 29 ej
331 367 104 26 upptaga
452 364 64 28 tvist,
535 372 48 15 som
602 364 74 29 enligt
692 364 114 22 särskilda
818 364 108 28 stadgan-

174 400 44 21 den
236 400 47 21 kan
300 399 127 22 behandlas
445 399 82 21 endast
544 400 41 21 vid
602 398 176 23 rädstufvurätt.

241 433 67 23 Aftal
335 441 37 15 om
398 434 54 29 laga
473 434 99 22 domstol
590 434 9 21 i
616 434 117 21 tvistemål
752 433 60 22 skall
830 432 96 23 skriftli-

173 476 45 22 gen
242 471 122 27 upprättas
392 468 42 22 och
462 468 128 22 domstolen
608 470 60 20 samt
686 468 83 30 sjelfva
787 468 72 22 saken
877 467 49 22 deri

173 510 62 22 noga
260 505 107 20 utsättas.
409 501 34 23 Är
469 503 52 27 mål,
549 503 97 21 hvarom
673 503 83 21 sådant
775 502 57 22 aftal
849 502 37 22 får
903 502 24 21 af

174 540 108 26 parterne
309 538 74 27 ingås,
409 537 112 22 instämdt
548 538 37 21 till
604 544 78 15 annan
698 537 124 22 underrätt
840 540 29 18 än
887 536 40 29 lag

173 573 8 20 i
200 572 127 21 allmänhet
345 572 101 28 stadgar,
464 580 54 13 vare
537 572 45 28 det,
602 571 90 22 ändock
704 574 36 19 att
752 572 58 21 aftal
822 572 20 28 ej
856 571 69 28 skett,

174 606 40 22 der
240 605 138 30 handlagdt,
405 614 37 13 om
469 605 45 23 den
542 606 88 22 stämde
651 605 213 23 tillstädeskommit
883 605 43 22 och

173 640 59 29 icke,
251 641 70 21 innan
340 640 47 22 han
408 641 88 28 begynt
513 641 8 21 i
539 640 162 24 hufvudsaken
720 648 74 20 svara,
812 639 114 23 invänder

174 678 35 19 att
227 676 71 21 saken
315 675 22 28 ej
356 675 38 22 till
411 675 44 21 den
474 674 98 23 domstol
590 675 73 22 hörer.

498 781 27 19 16
543 779 55 28 Kap.

522 847 13 22 5
556 848 19 25 8.

240 915 55 21 Alla
312 914 172 31 invändningar
502 915 66 22 skola
585 916 9 20 i
611 915 166 29 rättegångens
794 914 83 29 början
895 915 31 28 på

173 958 28 13 en
228 950 63 28 gång
314 950 91 27 företes,
427 949 40 22 der
485 949 29 22 de
533 949 87 23 sådana
639 953 45 23 äro,
703 952 35 20 att
756 949 39 22 det
813 948 41 22 ske
871 949 53 21 kan.

171 984 88 21 Finnes
277 985 78 27 någon
376 984 69 22 hafva
464 984 92 22 dermed
574 984 130 28 innehållit,
723 986 35 20 att
776 984 84 21 sakens
878 983 48 21 slut

171 1018 94 27 hindra;
289 1018 55 22 böte
370 1019 75 28 tjugu,
468 1019 94 27 fyratio,
587 1019 73 21 sextio
682 1019 74 27 mark,
782 1018 55 22 eller
854 1025 70 20 mera,

172 1053 59 21 efter
249 1060 48 14 som
315 1053 73 21 saken
405 1056 26 18 är
449 1053 42 21 till.
517 1053 129 29 Angående
664 1053 146 27 invändning
823 1060 36 14 om
871 1052 55 28 laga

173 1087 97 22 domstol
296 1088 9 20 i
332 1087 40 21 det
399 1087 47 28 fall
471 1094 48 15 som
538 1088 8 22 i
567 1088 28 21 11
616 1089 13 25 $
650 1088 30 20 10
698 1088 54 29 kap.
771 1087 154 27 omförmäles,

172 1122 62 28 gälle
252 1121 62 23 hvad
333 1121 40 22 der
391 1125 25 19 är
434 1122 117 28 stadgadt.

240 1190 114 22 Finlands
373 1190 99 22 Ständer
489 1190 133 23 framhärda
640 1193 44 19 etc.

239 1253 154 28 Helsingfors,
411 1253 44 21 den
475 1253 13 21 6
507 1253 68 30 April
596 1254 70 22 1900.

312 1463 109 32 Helsingfors
435 1463 48 28 1900.
508 1463 110 32 Helsingfors
630 1464 152 31 Centraltryckeri.
