1048 1739
176 141 14 20 4
396 141 27 22 U.
440 141 28 21 B.
487 153 24 2 —
528 141 74 28 Prop.
616 140 44 23 N:o
675 140 36 22 27.

385 210 55 23 läta
458 211 44 22 sitt
520 211 65 22 barn
603 211 42 22 till
663 211 50 28 dop
727 210 128 27 befordra,
869 217 60 15 vare

383 244 118 30 skyldige
522 246 38 21 att
577 243 69 24 inom
665 244 42 23 tvä
725 243 126 24 mänader
869 244 62 23 efter

384 279 101 23 barnets
505 279 95 24 födelse
617 280 64 29 göra
699 279 126 24 anmälan
844 279 87 23 derom

384 313 46 23 hos
460 313 198 30 församlingens
685 313 158 30 kyrkoherde
870 314 61 22 eller

385 348 189 27 föreståndare;
593 348 46 23 och
659 348 45 23 bör
722 349 53 22 han
787 348 73 29 gifva
873 349 57 26 den,

382 390 55 15 som
456 383 127 23 anmälan
599 383 97 29 gjorde,
707 383 73 29 intyg
789 383 143 22 utredande

384 416 178 24 föräldrarnes
588 424 80 16 namn
694 417 46 23 och
767 417 76 23 stånd
871 417 60 23 eller

383 452 61 28 yrke
467 453 68 21 samt
558 450 127 24 födelseår
709 452 46 22 och
773 452 53 28 dag
845 452 86 22 äfven-

383 493 62 19 som,
464 486 62 23 ifall
545 482 164 27 föräldrarne
727 486 46 22 äro
791 486 76 29 gifta,
881 486 51 22 när

384 520 32 22 de
445 520 84 30 ingått
558 520 147 29 äktenskap.
754 521 74 22 Detta
858 521 73 28 intyg

380 555 78 28 jemte
475 555 103 29 uppgift
590 561 41 16 om
644 553 101 24 barnets
756 555 95 22 födelse
863 555 68 22 skall

384 589 70 22 inom
484 596 30 16 en
541 588 98 24 månad
666 588 107 24 derefter
799 589 133 23 meddelas

383 622 286 30 registermyndigheten
692 624 41 22 för
755 624 38 22 att
814 624 11 22 i
842 624 88 22 offent-

384 658 48 28 ligt
449 658 105 28 register
572 658 145 22 antecknas.

454 692 106 24 Samma
586 688 11 39 =
617 692 314 30 anmälningsskyldighet

383 733 54 16 som
465 726 134 24 föräldrar
625 726 99 30 äligger
751 727 10 22 i
786 726 145 24 förenämdt

384 760 118 23 afseende
521 762 76 22 äfven
615 767 90 16 annan
723 760 138 24 målsman.

457 796 96 22 Varder
571 796 88 22 barnet
671 795 142 23 sedermera
827 796 40 22 till
880 796 50 29 dop

384 829 157 28 befordradt,
564 830 69 22 skall
657 830 10 22 i
691 830 119 23 afseende
833 830 18 22 å
875 830 56 23 dess

384 864 138 23 införande
541 865 10 22 i
563 864 190 23 vederbörande
763 864 168 30 församlings

384 898 150 24 hufvudbok
552 899 61 22 eller
621 898 254 30 personförteckning
885 899 46 23 och

384 933 139 23 afförande
544 940 31 15 ur
598 933 130 29 offentligt
745 934 105 28 register
868 934 63 22 iakt-

384 968 74 28 tagas
472 968 74 33 hvad
564 968 11 21 i
595 968 16 23 6
627 968 15 28 $
659 968 114 29 stadgas.

452 997 38 27 Är
514 1003 65 22 barn
603 1002 56 23 födt
681 1002 53 23 före
752 1002 49 23 den
820 1002 59 29 dag,
897 1001 35 23 då

384 1037 85 22 denna
497 1037 153 28 förordning
677 1037 71 22 trädt
774 1037 10 22 i
807 1036 126 30 gällande

384 1071 76 27 kraft,
480 1071 68 23 skall
566 1071 134 27 anmälan,
720 1071 107 23 hvarom
839 1071 51 23 här
901 1071 33 23 är

384 1106 130 29 stadgadt,
539 1107 78 28 göras
641 1106 70 23 inom
735 1105 43 24 två
806 1105 126 24 månader

385 1139 59 24 från
462 1141 83 28 sagda
564 1141 59 29 dag.

527 1239 15 22 3
562 1239 21 29 8.

248 1306 218 28 Ridderskapet
484 1306 47 22 och
550 1305 93 23 Adeln
653 1307 65 21 samt
730 1305 145 29 Borgare-
885 1305 46 23 och

179 1339 231 25 Bondestånden
431 1339 78 24 hafva
531 1339 113 30 godkänt
668 1339 139 24 Utskottets
830 1339 102 30 förslag.

246 1374 225 24 Presteståndet
488 1375 47 22 har
553 1374 36 23 till
602 1374 127 23 Utskottet
739 1374 194 23 återremitterat

179 1410 43 30 &n
248 1410 40 23 för
312 1410 34 23 att
368 1409 190 24 omformuleras
582 1409 8 22 i
615 1409 110 30 enlighet
743 1409 57 23 med
819 1409 112 23 ståndets

180 1444 83 24 beslut
280 1444 110 24 rörande
409 1445 13 22 1
444 1444 23 29 8.

247 1494 133 23 Lagutskottets
392 1494 111 18 betänkande
515 1493 38 18 N:o
565 1493 28 17 12.
