1700 1906
502 249 27 19 26
705 246 72 22 Ständ.
793 246 35 22 Sv.
845 259 26 3 —
888 246 61 26 Prop.
965 245 36 21 N:o
1018 245 32 21 17.

502 308 151 22 tillförsäkrar
676 308 84 22 honom
785 308 126 28 ersättning
933 307 36 21 för
991 306 81 29 gjorda
1093 306 163 29 förbättringar

502 345 58 19 samt
575 342 36 21 för
627 349 74 15 annan
719 342 104 26 kostnad,
843 342 145 22 utbekomma
1004 341 161 28 ersättningen,
1182 341 74 22 derest

502 376 46 22 han
570 376 57 22 skall
649 376 60 22 hålla
723 377 36 28 sig
774 377 79 21 endast
868 376 33 22 till
917 375 165 29 legogifvaren.
1113 375 35 29 Ty
1163 377 93 27 tvängs-

502 410 135 29 försäljning
660 410 97 28 ätföljes,
780 411 71 29 enligt
873 411 82 21 sakens
972 412 74 23 natur,
1062 410 19 28 ej
1099 410 71 21 sällan
1185 410 26 21 af
1223 410 33 21 in-

502 445 95 22 solvens.
627 445 35 21 Af
679 445 100 28 köparen
798 445 76 21 kunde
889 444 156 28 ersättningen
1060 444 100 22 deremot
1175 445 80 21 lättare

501 479 162 26 utbekommas,
686 480 42 21 och
750 480 133 28 härigenom
905 479 73 21 skulle
1004 478 70 22 äfven
1089 479 166 21 ästadkommas

502 516 72 20 större
606 514 105 22 säkerhet
741 514 36 22 för
802 516 33 19 att
865 514 112 22 brukaren
1006 514 50 21 icke
1086 513 104 22 beröfvas
1220 513 35 21 sin

500 548 172 28 nyttjanderätt,
688 548 29 21 dä
732 548 159 22 medvetandet
906 550 33 20 att
949 548 88 28 nödgas
1048 550 83 19 ersätta
1143 548 112 21 brukaren

500 583 117 22 förmädde
633 583 44 22 den
692 590 45 21 nye
753 591 82 21 egaren
851 586 32 19 att
899 590 60 22 noga
973 582 99 22 betänka
1083 583 35 28 sig
1128 583 70 21 innan
1209 582 46 22 han

500 618 88 21 skrider
602 618 35 21 till
651 618 182 28 uppsägningen.

569 652 108 22 Förutom
699 652 70 22 ofvan
790 652 95 22 anförda
903 652 117 28 praktiska
1037 652 91 28 hänsyn
1142 652 56 21 böra
1212 652 42 21 föl-

497 686 71 28 jande
583 686 102 28 rättsliga
701 687 142 28 synpunkter
857 689 65 25 tagas
937 686 8 21 i
959 686 155 26 betraktande,
1128 686 125 28 nämligen:

500 723 34 19 att
556 720 27 22 de
605 720 170 28 förbättringar,
799 728 48 14 som
869 721 26 21 af
916 721 111 21 brukaren
1047 720 123 26 bekostats,
1184 720 70 28 jemte

500 755 104 27 grunden
626 754 89 22 tillfalla
737 755 44 21 den
803 763 45 20 nye
869 762 92 21 egaren;
977 757 32 19 att
1025 755 73 21 denne
1114 754 96 22 erhäller
1225 762 28 14 en

500 789 164 21 vidsträcktare
686 791 45 19 rätt
754 792 29 18 än
799 790 43 20 den
857 790 61 21 förre
931 789 147 28 jordegaren;
1094 791 57 20 samt
1167 791 32 19 att
1214 789 39 21 kö-

499 830 70 21 paren
585 824 38 21 vid
640 823 176 22 bestämmandet
832 824 25 21 af
869 824 70 28 priset
949 824 36 21 för
996 823 138 29 fastigheten
1145 823 44 22 kan
1200 826 54 26 taga

499 858 89 28 hänsyn
611 857 34 21 till
668 858 44 21 den
730 858 9 20 i
753 858 39 28 lag
815 858 108 29 stadgade
946 858 306 28 ersättningsskyldigheten,

498 892 118 22 äfvensom
639 892 83 28 afhysa
744 892 147 28 legotagaren
913 892 54 21 eller
984 892 55 21 icke.
1070 892 34 21 På
1123 892 65 22 dessa
1203 892 50 22 skäl

498 926 69 22 hafva
583 926 127 22 Ständerna
729 929 74 19 ansett
818 926 153 22 förhällandet
987 926 54 21 böra
1056 926 82 22 ordnas
1153 927 99 25 sälunda,

497 963 33 18 att
552 960 114 22 brukaren
687 960 111 22 förklaras
820 960 126 28 berättigad
963 963 33 18 att
1011 960 26 21 af
1049 961 45 21 den
1108 968 46 21 nye
1169 968 83 21 egaren

497 994 51 21 utfä
563 995 126 27 ersättning
699 994 36 22 för
746 994 81 28 gjorda
837 994 170 28 förbättringar.
1022 995 140 28 Härigenom
1172 996 80 21 vinnes

498 1035 84 15 samma
605 1029 115 27 praktiska
744 1030 101 24 resultat,
870 1036 49 14 som
941 1029 71 28 enligt
1027 1029 28 21 de
1070 1029 121 21 utländska
1206 1030 46 28 lag-

497 1062 138 28 stiftningar,
651 1063 78 21 hvilka
745 1063 86 28 stadga,
848 1065 33 19 att
895 1063 98 21 brukare
1008 1063 49 21 icke
1073 1066 24 18 är
1112 1064 92 28 skyldig
1220 1064 32 21 af-

497 1096 74 28 flytta,
586 1096 70 22 innan
671 1096 45 22 han
731 1097 35 21 till
781 1097 56 22 fullo
853 1096 97 30 förnöjts
966 1097 36 21 för
1018 1097 84 22 honom
1115 1098 137 22 tillbörande

497 1131 132 28 ersättning.
659 1131 98 22 Utöfver
779 1132 127 21 kostnaden
928 1131 37 22 för
987 1132 82 28 gjorda
1088 1132 164 28 förbättringar

496 1172 68 20 synes
587 1165 44 21 den
652 1173 45 21 nye
720 1173 94 21 egarens
830 1166 270 28 ersättningsskyldighet
1115 1166 71 22 likväl
1201 1167 49 22 icke

497 1199 103 28 skäligen
622 1199 78 22 kunna
722 1201 135 24 utsträckas,
879 1203 55 18 utan
957 1200 41 21 har
1020 1200 44 21 den
1081 1200 95 28 afhysta
1190 1201 60 28 lego-

496 1235 95 26 tagaren
614 1235 33 19 att
669 1233 36 22 för
727 1234 61 27 öfrig
810 1234 70 21 skada
902 1234 61 21 hålla
984 1235 35 28 sig
1037 1234 34 21 till
1086 1235 164 28 legogifvaren.

496 1267 83 28 Någon
601 1267 118 28 synnerlig
740 1268 73 28 utsigt
835 1270 33 19 att
890 1268 51 21 utfå
963 1268 53 21 slikt
1034 1268 138 22 skadestånd
1186 1269 65 22 torde

495 1301 38 22 väl
548 1301 7 21 i
571 1302 27 21 de
614 1301 65 22 flesta
694 1301 41 22 fall
757 1302 50 21 icke
827 1302 130 22 förefinnas.
988 1303 53 21 Men
1059 1303 137 22 härutinnan
1213 1304 37 21 be-

496 1335 74 22 finner
585 1336 35 28 sig
637 1336 110 21 brukaren
762 1337 8 20 i
785 1343 84 15 samma
892 1337 109 28 ställning
1018 1344 49 15 som
1083 1337 73 28 öfriga
1171 1337 79 28 borge-

496 1373 72 21 närer,
589 1370 88 21 hvilkas
693 1371 99 26 anspråk
807 1373 70 18 måste
893 1371 54 20 vika
961 1370 37 21 för
1013 1371 74 20 bättre
1102 1373 46 19 rätt
1162 1372 88 27 egande

496 1402 136 29 fordringar.
