1700 1903
502 246 26 18 18
704 242 72 22 Ständ.
792 242 35 22 Sv.
844 256 24 2 —
886 242 60 28 Prop.
963 242 34 22 N:o
1015 243 32 21 17.

501 307 29 19 än
545 304 36 22 för
596 305 75 21 såvidt
685 304 62 21 detta
762 304 116 22 befordras
894 311 82 21 genom
991 306 33 19 att
1038 304 158 28 legogifvaren
1211 304 43 22 och

500 339 114 21 brukaren
629 338 104 28 erbjudes
749 340 82 20 största
845 338 93 28 möjliga
955 338 105 22 säkerhet
1079 341 32 19 att
1129 339 39 21 vid
1184 338 72 22 behof

501 373 78 20 kunna
600 372 70 21 häfda
688 372 35 21 sin
740 374 51 23 rätt,
806 372 70 21 hafva
891 372 126 21 Ständerna
1033 375 74 18 ansett
1121 373 133 28 propositio-

500 414 56 14 nens
578 406 86 28 förslag
682 406 54 21 böra
751 407 102 27 undergå
870 406 97 28 ändring
991 406 93 26 derhän,
1105 409 34 19 att
1163 406 90 22 tillfälle

500 441 35 21 till
556 441 114 21 vinnande
690 440 25 21 af
728 440 141 29 ofvansagda
883 441 104 20 ändamål
1003 441 93 21 beredes
1112 441 68 22 äfven
1196 441 58 21 efter

501 475 45 21 den
560 475 36 21 för
611 475 154 28 tillträdessyn
780 475 137 21 föreskrifna
931 475 74 21 tidens
1020 477 93 26 utgång.

567 509 13 21 I
602 509 81 28 antydt
705 509 61 28 syfte
787 509 41 22 har
850 509 8 21 i
881 511 25 19 17
930 510 44 27 (16)
997 509 13 29 8
1030 509 81 22 införts
1130 512 32 19 ett
1181 509 72 29 tredje

499 546 106 23 moment,
629 543 71 28 enligt
721 543 94 26 hvilket,
834 546 30 26 på
883 543 103 29 yrkande
1005 544 25 21 af
1043 544 141 29 legogifvare
1199 545 55 21 eller

500 578 103 25 brukare,
625 585 44 20 syn
690 577 37 22 för
748 578 125 21 utrönande
896 578 26 21 af
937 578 148 27 lägenhetens
1105 579 65 21 skick
1185 579 69 21 äfven

499 619 78 14 senare
599 612 73 21 under
693 612 116 28 legotiden
830 612 77 21 kunde
929 612 78 26 hållas,
1028 620 52 14 men
1095 612 73 22 skulle
1183 613 70 21 sådan

500 654 43 20 syn
558 646 59 22 dock
631 646 70 22 hafva
715 646 118 22 enahanda
847 646 86 22 verkan
949 653 48 15 som
1007 646 155 29 tillträdessyn
1173 647 80 22 endast

498 681 8 20 i
528 680 65 28 fråga
615 688 37 14 om
673 680 101 22 vanhäfd
793 681 54 21 eller
864 680 143 29 förbättring,
1026 688 49 14 som
1095 681 99 22 derefter
1211 682 42 21 till-

499 714 100 22 kommit.

567 749 116 28 Derjemte
697 749 41 21 har
753 749 26 21 af
792 749 127 22 Ständerna
932 749 110 26 beaktats,
1055 752 32 19 att
1100 750 82 27 sjelfva
1192 750 60 28 lego-

499 783 130 22 kontraktet
644 783 8 21 i
667 783 60 22 vissa
741 783 47 26 fall,
803 783 106 22 särskildt
924 783 38 22 vid
976 783 51 29 lega
1038 783 26 22 af
1071 784 181 29 nybyggestorp,

500 817 39 22 der
560 817 51 22 icke
629 819 71 26 några
718 817 25 22 af
757 818 50 21 dei
823 820 11 19 1
849 825 66 14 mom.
931 817 26 22 af
971 820 25 19 17
1012 819 45 27 (16)
1072 819 14 28 8
1102 819 150 21 omförmälda

499 851 104 29 odlingar
625 852 53 21 eller
700 852 149 28 inrättningar
872 855 60 18 ännu
954 852 79 26 finnas,
1053 853 45 21 kan
1117 853 75 22 lemna
1208 854 44 21 den

498 886 148 28 fullständiga
667 887 122 28 utredning
812 894 36 14 om
869 887 147 28 lägenhetens
1039 887 71 26 skick,
1133 895 48 14 som
1201 889 51 20 med

498 920 154 29 tillträdessyn
667 921 65 21 afses.
762 921 37 21 Dä
813 921 50 21 skäl
877 921 35 21 till
926 921 178 22 föranstaltande
1119 922 27 21 af
1158 929 43 21 syn
1212 923 40 21 vid

497 955 81 21 sädant
599 954 142 22 förhällande
763 955 70 22 oftast
855 955 88 26 saknas,
966 955 41 22 har
1029 963 29 14 en
1081 956 70 28 dylik,
1170 957 8 20 i
1192 957 61 28 lego-

498 989 79 22 aftalet
594 989 112 28 ingäende
723 989 123 29 utredning
863 992 85 19 ansetts
963 989 55 23 böra
1033 991 7 20 i
1055 990 67 29 fräga
1137 998 36 14 om
1188 991 65 28 godt-

498 1023 87 28 görelse
611 1023 36 21 för
672 1023 102 22 vanhäfd
799 1024 53 21 eller
876 1023 138 29 förbättring
1038 1024 69 22 hafva
1133 1025 119 22 enahanda

498 1057 92 26 vitsord,
606 1065 48 14 som
669 1065 37 14 om
720 1058 44 21 den
779 1058 122 21 framstälts
915 1065 82 21 genom
1007 1059 161 28 tillträdessyn.
1185 1059 64 22 Stad-

497 1092 75 27 gande
586 1092 78 21 härom
679 1092 41 21 har
734 1092 93 29 intagits
842 1094 73 20 såsom
930 1095 13 18 2
958 1100 65 15 mom.
1040 1093 7 21 i
1063 1095 26 20 66
1105 1095 45 27 (57)
1166 1094 20 28 8.

565 1126 146 21 Beträffande
726 1126 150 21 förrättandet
886 1126 26 21 af
920 1127 153 28 tillträdessyn
1083 1128 95 21 föresläs
1188 1128 8 21 i
1206 1128 44 21 den

496 1159 84 28 nädiga
594 1160 169 28 propositionen
778 1160 69 21 bland
862 1163 69 18 annat
945 1163 32 18 att
993 1161 164 28 byggnaderna
1171 1162 79 22 dervid

497 1194 64 21 skola
579 1194 112 21 värderas.
721 1194 81 21 Denna
819 1195 165 28 uppskattning
1002 1195 76 22 kunde
1092 1196 71 22 likväl
1179 1196 71 22 blifva

496 1227 159 27 vilseledande,
671 1231 54 18 enär
742 1228 173 28 byggnadernas
927 1229 185 28 penningevärde
1122 1230 72 21 under
1204 1230 46 21 för-

496 1261 78 28 loppet
596 1261 25 22 af
641 1269 29 14 en
691 1261 153 30 tilläfventyrs
866 1263 55 27 lång
939 1263 85 28 legotid
1043 1266 25 18 är
1085 1264 165 22 underkastadt

495 1295 160 29 förändringar
677 1298 56 19 samt
755 1297 152 28 värderingen
924 1297 40 21 vid
981 1297 174 29 afträdessynen
1173 1299 77 21 kunde

496 1329 90 22 komma
599 1332 33 19 att
646 1330 71 21 hållas
733 1330 26 21 af
772 1331 69 21 andra
856 1331 208 28 förrättningsmän,
1080 1335 29 18 än
1125 1332 33 25 de,
1170 1332 79 22 hvilka

495 1363 110 21 verkstält
630 1364 189 27 tillträdessynen.
849 1365 176 27 Ifrägavarande
1050 1366 122 28 värdering
1194 1374 54 13 vore

494 1396 115 21 dessutom
624 1397 142 28 öfverflödig,
782 1397 28 21 dä
825 1397 128 21 Ständerna
963 1398 92 21 beslutit
1065 1401 33 18 ett
1108 1399 141 28 frängäende

494 1430 25 21 af
539 1431 44 20 den
605 1431 7 20 i
635 1432 27 19 34
684 1431 45 27 (27)
747 1431 14 28 &
781 1431 128 28 föreslagna
924 1431 179 30 bestämningen,
1119 1435 34 20 att
1168 1433 29 22 de
1213 1434 35 21 till

493 1465 154 28 legoomrädet
661 1465 100 22 hörande
775 1465 163 29 byggnaderna
949 1467 149 28 ovilkorligen
1109 1467 70 22 borde
1190 1470 57 20 äter-

492 1499 77 22 ställas
591 1500 8 21 i
617 1499 46 22 lika
686 1500 55 28 godt
756 1500 64 21 skick
835 1507 48 15 som
898 1501 28 21 de
941 1501 26 21 af
980 1501 112 22 brukaren
1108 1503 136 28 emottagits.
