1081 1753
360 152 27 23 U.
401 152 26 22 B.
442 165 28 4 —
484 152 72 29 Prop.
571 152 43 23 N:o
629 152 34 22 19.

410 452 241 27 Lagutskottets
681 453 207 22 betänkande

342 487 42 23 N:o
402 487 12 22 7
432 487 10 22 i
464 487 132 28 anledning
618 487 27 22 af
662 487 66 23 Hans
750 487 139 29 Kejserliga

342 521 120 29 Majestäts
484 521 90 28 nådiga
595 522 154 27 proposition
764 521 124 28 angående

341 555 145 28 inteckning
506 556 27 22 af
549 556 51 22 rätt
614 555 42 23 till
670 555 219 28 skogsafverkning

341 590 14 22 å
370 596 92 15 annans
477 590 75 22 mark.

204 666 51 22 Den
273 666 167 22 förberedande
457 665 209 30 handläggningen
678 666 23 22 af
713 666 77 22 denna
801 666 88 28 nådiga

136 700 144 29 proposition
297 700 43 22 har
358 700 24 21 af
399 700 109 28 samtliga
519 700 69 22 stånd
600 700 164 22 öfverlemnats
780 700 37 21 till
828 700 61 29 Lag-

135 735 121 27 utskottet,
284 742 50 15 som
360 734 82 22 derhos
470 734 92 23 erhållit
589 734 37 22 del
654 735 23 22 af
698 735 28 22 de
744 734 144 29 uttalanden,

135 769 81 22 hvilka
234 769 40 22 vid
292 769 106 22 ärendets
416 769 80 22 remiss
516 769 104 29 afgifvits
638 770 8 21 i
663 769 97 28 Preste-,
776 770 113 28 Borgare-

136 805 44 21 och
206 804 188 22 Bondestånden.
432 804 34 21 På
492 804 104 29 begäran
614 803 42 23 har
673 804 124 22 Utskottet
814 803 75 22 seder-

135 847 63 14 mera
216 839 45 22 fått
279 839 53 21 från
349 838 324 30 Ekonomiedepartementets
684 839 10 21 i
705 839 132 28 Kejserliga
850 838 39 22 Se-

135 876 71 20 naten
232 873 36 22 för
291 873 103 22 Finland
414 873 77 22 kansli
509 875 122 27 emottaga,
649 873 69 29 jemte
736 872 152 23 meddelande

135 908 79 22 derom
239 910 35 20 att
296 908 41 21 vid
356 907 106 22 ärendets
480 907 166 29 föredragning
664 908 8 21 i
690 908 103 21 Senaten
810 908 79 27 någon

135 942 270 29 meningsskiljaktighet
430 942 52 21 icke
508 944 39 27 egt
574 949 56 20 rum,
658 942 115 21 särskilda
790 941 9 22 i
817 941 72 22 saken

135 977 123 22 tillkomna
275 977 147 28 handlingar.

204 1114 98 21 Jemlikt
323 1114 10 21 1
354 1114 14 26 $
386 1113 8 21 i
412 1113 130 29 Kejserliga
560 1113 166 28 förordningen
744 1113 46 21 den
809 1113 13 20 9
842 1112 48 22 No-

135 1148 93 23 vember
248 1149 64 20 1868
332 1155 37 14 om
386 1148 137 28 inteckning
540 1147 7 22 i
560 1147 46 22 fast
618 1147 113 29 egendom
742 1147 47 21 kan
801 1146 89 22 inteck-

136 1183 58 28 ning
220 1183 98 28 beviljas
339 1183 9 20 i
368 1182 62 21 vissa
449 1182 51 29 slag
518 1182 22 21 af
558 1181 136 30 fastigheter
712 1181 52 28 ,till
782 1180 107 22 säkerhet

135 1217 37 22 för
191 1217 51 27 den,
260 1224 50 14 som
327 1217 41 21 hos
387 1224 85 20 egaren
490 1216 64 21 deraf
571 1215 43 22 har
631 1215 95 22 fordran
737 1215 9 21 i
759 1215 130 28 penningar

136 1251 56 21 eller
218 1258 67 14 varor
306 1251 36 20 till
360 1250 58 21 visst
435 1250 92 29 belopp,
546 1249 56 22 eller
620 1254 25 17 är
662 1248 133 29 berättigad
814 1251 34 19 att
867 1248 23 22 af

136 1285 86 22 honom
248 1285 104 28 uppbära
378 1285 105 20 bestämd
502 1283 85 30 afgäld,
606 1284 56 21 eller
678 1284 37 21 för
732 1283 48 21 viss
798 1283 35 21 tid
851 1282 39 22 be-

137 1327 78 21 gagna
241 1319 142 28 fastigheten
409 1319 57 21 eller
491 1319 73 28 något
585 1319 23 21 af
624 1317 63 23 hvad
705 1317 78 22 dertill
800 1317 89 22 hörer.

137 1353 71 23 Detta
226 1353 129 29 stadgande
373 1353 106 22 tolkades
496 1353 38 22 till
552 1360 29 14 en
599 1353 82 28 början
699 1352 23 22 af
739 1351 91 22 landets
848 1350 42 23 do-

137 1395 63 14 mare
218 1388 74 20 såsom
310 1387 156 21 innebärande
484 1389 34 19 ett
530 1386 162 28 medgifvande
705 1388 35 18 att
752 1385 138 27 inteckning

137 1421 63 29 finge
225 1421 129 21 fastställas
381 1420 37 22 till
445 1420 107 21 säkerhet
579 1420 68 21 äfven
673 1420 36 20 för
725 1418 124 22 beständet
867 1418 24 22 af

138 1455 64 29 aftal,
220 1455 152 29 hvarigenom
388 1454 120 30 jordegare
526 1454 37 22 till
581 1461 78 15 annan
676 1452 103 30 upplätit
796 1454 48 21 rätt
856 1453 36 21 att

207 1501 133 22 Lagutskottets
352 1500 110 17 betänkande
474 1499 38 18 N:o
528 1499 15 18 7.
