1078 1756
228 160 11 18 2
508 156 61 31 N:o
587 159 31 19 18.

199 226 60 20 samt
281 225 26 21 af
329 226 12 20 5
357 225 12 28 8
384 225 9 21 i
409 224 167 29 förordningen
594 224 26 22 af
637 224 44 22 den
698 227 25 19 10
738 223 131 23 November
887 225 60 26 1892,

199 259 164 22 innehållande
385 259 62 21 vissa
467 258 145 30 stadganden
631 258 98 22 rörande
744 258 53 28 lega
812 258 26 22 af
850 258 53 28 jord
918 258 29 28 på

200 292 85 28 landet,
309 293 26 21 så
357 292 44 22 ock
423 293 52 21 med
497 292 84 30 tillägg
599 293 37 21 till
657 294 26 20 32
699 292 44 22 och
760 294 25 20 38
802 293 26 27 $$
844 294 12 20 5
871 292 52 28 kap.
939 293 9 20 i

199 326 209 30 utsökningslagen
431 328 26 20 af
478 327 44 21 den
538 329 12 20 3
565 326 127 23 December
708 328 60 26 1895,
789 326 94 28 stadgas
898 333 48 15 som

199 360 78 29 följer:

552 391 44 26 18

266 430 79 28 Köpes
368 430 182 21 kronohemman
572 430 37 21 till
631 430 75 21 skatte
730 430 43 21 och
795 430 74 21 finnes
894 429 55 22 derå

200 466 97 27 torpare,
321 463 69 22 hvars
409 464 119 29 legoaftal,
544 465 75 21 såsom
635 465 26 20 af
674 465 152 21 Guvernören
842 463 106 28 stadfäst,

200 505 54 21 eger
267 498 112 29 giltighet
395 500 61 19 emot
471 499 179 28 skatteköparen
670 499 55 21 eller
741 499 49 27 ock,
807 499 74 21 såsom
896 498 53 21 med

200 533 74 21 denne
297 533 113 28 ingånget
432 533 56 21 eller
509 533 30 28 på
562 540 77 15 annan
661 533 82 28 grund,
767 537 25 17 är
811 533 37 21 för
863 533 86 21 skatte-

200 567 102 29 köparen
317 567 124 28 bindande,
458 567 29 22 då
502 567 60 22 skall
577 567 72 22 sådan
664 570 103 25 torpares
777 567 173 28 nyttjanderätt

200 601 37 22 till
252 603 77 27 torpet
343 601 63 29 gälla
421 601 63 22 intill
499 602 71 21 slutet
586 602 26 21 af
625 601 39 22 det
678 601 97 29 lagtima
791 601 51 28 ting
857 601 8 21 i
876 602 72 27 orten,

200 643 50 14 som
265 636 61 21 efter
341 637 34 20 ett
390 636 25 22 år
430 636 53 21 från
498 636 180 22 skattebrefvets
692 635 142 22 utfärdande
846 635 59 22 först
915 635 34 21 in-

200 671 73 28 faller,
290 671 77 21 såsom
381 677 38 14 om
429 671 45 21 den
484 670 171 29 nyttjanderätt
665 670 60 21 hade
736 669 143 22 omedelbart
890 670 60 21 efter

200 705 144 22 hemmanets
360 705 129 28 öfvergång
504 705 37 21 till
556 705 76 22 skatte
647 705 81 22 blifvit
742 704 132 22 intecknad.

268 739 89 22 Varder
375 739 137 29 inteckning
528 740 26 21 af
566 739 202 29 nyttjanderätten
782 739 123 22 meddelad
920 739 30 28 på

201 774 109 28 ansökan,
333 781 49 14 som
404 774 75 29 gjorts
498 775 50 20 före
567 774 71 21 slutet
652 774 26 21 af
692 773 71 22 ofvan
779 773 98 29 angifna
891 773 58 29 ting,

200 809 62 30 gälle
285 809 43 21 den
352 809 171 28 nyttjanderätt
542 809 69 22 äfven
626 808 147 22 fortfarande
788 809 75 21 såsom
878 815 32 14 nu
925 811 25 18 är

201 844 75 28 sagdt.

552 874 47 26 28

270 913 42 22 Om
335 913 68 22 skedt
425 913 122 29 skatteköp
567 913 27 22 af
609 913 181 22 kronohemman
806 913 65 21 skola
885 913 65 21 inne-

200 948 97 21 hafvare
313 948 26 21 af
353 950 51 26 torp
420 949 13 20 å
448 948 133 21 hemmanet
595 948 135 21 underättas
744 954 85 21 genom
843 947 107 28 offentlig

201 982 138 28 kungörelse
355 982 60 22 efter
430 982 62 22 hvad
507 982 79 22 derom
601 982 110 22 särskildt
727 986 25 17 är
767 981 116 29 stadgadt.

400 1110 82 27 Förslag
504 1110 28 22 till
556 1110 118 28 kungörelse
698 1109 105 28 angående
826 1110 55 22 vissa
897 1110 53 22 före-

337 1150 82 22 skrifter
434 1151 28 21 till
477 1150 109 28 tryggande
603 1151 20 21 af
637 1150 95 27 torpares
748 1151 41 21 rätt
805 1150 13 22 å
832 1150 118 22 kronohem-

337 1196 52 21 man,
405 1196 43 16 som
464 1190 140 28 skatteköpes.

553 1254 45 28 18.

269 1294 30 20 Sä
315 1295 64 19 snart
394 1294 132 20 skattebref
540 1295 13 19 &
567 1294 134 27 skatteköpt
711 1294 183 20 kronohemman
904 1294 47 20 till-

200 1326 175 22 handakommit
398 1327 156 27 Guvernören,
574 1327 108 21 tillsände
701 1327 47 21 han
763 1327 188 28 kronolänsman,

200 1362 63 22 inom
273 1361 69 22 hvars
353 1360 95 23 distrikt
456 1361 132 23 hemmanet
596 1365 25 18 är
628 1361 99 29 beläget,
737 1362 107 28 bestyrkt
855 1361 96 22 afskrift

200 1397 27 21 af
240 1396 169 22 skattebrefvet
425 1396 125 28 äfvensom,
567 1396 8 22 i
590 1396 83 28 nödigt
684 1396 64 22 antal
758 1396 123 29 exemplar,
893 1396 58 22 kun-

199 1431 95 30 görelse,
319 1430 66 23 hvari
401 1431 20 29 ej
436 1430 91 23 mindre
545 1431 107 29 angifvas
675 1431 138 29 hemmanet,
828 1431 65 22 tiden
909 1435 42 18 när

200 1467 43 21 och
265 1473 120 22 personen,
408 1467 24 21 ät
451 1466 96 22 hvilken
567 1466 169 22 skattebrefvet
751 1467 123 27 utfärdats,
891 1468 60 20 samt
