<?xml version="1.0" encoding="UTF-8"?>
<alto xmlns="http://www.loc.gov/standards/alto/ns-v3#" xmlns:xlink="http://www.w3.org/1999/xlink" xmlns:xsi="http://www.w3.org/2001/XMLSchema-instance" xsi:schemaLocation="http://www.loc.gov/standards/alto/ns-v3# http://www.loc.gov/alto/v3/alto-3-0.xsd">
	<Description>
		<MeasurementUnit>pixel</MeasurementUnit>
		<sourceImageInformation>
			<fileName>/tmp/tess_7ot8k4ze_input.PNG</fileName>
		</sourceImageInformation>
		<OCRProcessing ID="OCR_0">
			<ocrProcessingStep>
				<processingSoftware>
					<softwareName>tesseract 5.3.4</softwareName>
				</processingSoftware>
			</ocrProcessingStep>
		</OCRProcessing>
	</Description>
	<Layout>
		<Page WIDTH="1075" HEIGHT="1761" PHYSICAL_IMG_NR="0" ID="page_0">
			<PrintSpace HPOS="0" VPOS="0" WIDTH="1075" HEIGHT="1761">
				<ComposedBlock ID="cblock_0" HPOS="170" VPOS="173" WIDTH="550" HEIGHT="28">
					<TextBlock ID="block_0" HPOS="170" VPOS="173" WIDTH="550" HEIGHT="28">
						<TextLine ID="line_0" HPOS="170" VPOS="173" WIDTH="550" HEIGHT="28">
							<String ID="string_0" HPOS="170" VPOS="175" WIDTH="12" HEIGHT="19" WC="0.95" CONTENT="6"/><SP WIDTH="194" VPOS="175" HPOS="182"/>
							<String ID="string_1" HPOS="376" VPOS="173" WIDTH="72" HEIGHT="22" WC="0.92" CONTENT="Ständ."/><SP WIDTH="16" VPOS="173" HPOS="448"/>
							<String ID="string_2" HPOS="464" VPOS="173" WIDTH="34" HEIGHT="22" WC="0.93" CONTENT="Sv."/><SP WIDTH="16" VPOS="173" HPOS="498"/>
							<String ID="string_3" HPOS="514" VPOS="187" WIDTH="26" HEIGHT="2" WC="0.92" CONTENT="—"/><SP WIDTH="17" VPOS="187" HPOS="540"/>
							<String ID="string_4" HPOS="557" VPOS="174" WIDTH="60" HEIGHT="27" WC="0.95" CONTENT="Prop."/><SP WIDTH="16" VPOS="174" HPOS="617"/>
							<String ID="string_5" HPOS="633" VPOS="173" WIDTH="35" HEIGHT="22" WC="0.96" CONTENT="N:o"/><SP WIDTH="15" VPOS="173" HPOS="668"/>
							<String ID="string_6" HPOS="683" VPOS="173" WIDTH="37" HEIGHT="22" WC="0.96" CONTENT="23."/>
						</TextLine>
					</TextBlock>
				</ComposedBlock>
				<ComposedBlock ID="cblock_1" HPOS="170" VPOS="235" WIDTH="753" HEIGHT="268">
					<TextBlock ID="block_1" HPOS="170" VPOS="235" WIDTH="751" HEIGHT="56">
						<TextLine ID="line_1" HPOS="171" VPOS="235" WIDTH="750" HEIGHT="30">
							<String ID="string_7" HPOS="171" VPOS="235" WIDTH="50" HEIGHT="28" WC="0.96" CONTENT="graf"/><SP WIDTH="15" VPOS="235" HPOS="221"/>
							<String ID="string_8" HPOS="236" VPOS="237" WIDTH="21" HEIGHT="26" WC="0.96" CONTENT="(8"/><SP WIDTH="16" VPOS="237" HPOS="257"/>
							<String ID="string_9" HPOS="273" VPOS="235" WIDTH="22" HEIGHT="30" WC="0.70" CONTENT="8)"/><SP WIDTH="15" VPOS="235" HPOS="295"/>
							<String ID="string_10" HPOS="310" VPOS="236" WIDTH="82" HEIGHT="21" WC="0.95" CONTENT="införts"/><SP WIDTH="15" VPOS="236" HPOS="392"/>
							<String ID="string_11" HPOS="407" VPOS="236" WIDTH="144" HEIGHT="28" WC="0.95" CONTENT="bestämning"/><SP WIDTH="18" VPOS="236" HPOS="551"/>
							<String ID="string_12" HPOS="569" VPOS="243" WIDTH="37" HEIGHT="14" WC="0.96" CONTENT="om"/><SP WIDTH="15" VPOS="243" HPOS="606"/>
							<String ID="string_13" HPOS="621" VPOS="237" WIDTH="34" HEIGHT="20" WC="0.93" CONTENT="att"/><SP WIDTH="13" VPOS="237" HPOS="655"/>
							<String ID="string_14" HPOS="668" VPOS="235" WIDTH="86" HEIGHT="28" WC="0.92" CONTENT="jemväl"/><SP WIDTH="14" VPOS="235" HPOS="754"/>
							<String ID="string_15" HPOS="768" VPOS="235" WIDTH="153" HEIGHT="28" WC="0.96" CONTENT="värderingen"/>
						</TextLine>
						<TextLine ID="line_2" HPOS="170" VPOS="269" WIDTH="371" HEIGHT="22">
							<String ID="string_16" HPOS="170" VPOS="269" WIDTH="106" HEIGHT="22" WC="0.96" CONTENT="bekostas"/><SP WIDTH="15" VPOS="269" HPOS="276"/>
							<String ID="string_17" HPOS="291" VPOS="277" WIDTH="27" HEIGHT="14" WC="0.96" CONTENT="ur"/><SP WIDTH="15" VPOS="277" HPOS="318"/>
							<String ID="string_18" HPOS="333" VPOS="270" WIDTH="113" HEIGHT="21" WC="0.96" CONTENT="allmänna"/><SP WIDTH="15" VPOS="270" HPOS="446"/>
							<String ID="string_19" HPOS="461" VPOS="271" WIDTH="80" HEIGHT="20" WC="0.96" CONTENT="medel."/>
						</TextLine>
					</TextBlock>
					<TextBlock ID="block_2" HPOS="172" VPOS="303" WIDTH="751" HEIGHT="131">
						<TextLine ID="line_3" HPOS="238" VPOS="303" WIDTH="683" HEIGHT="29">
							<String ID="string_20" HPOS="238" VPOS="303" WIDTH="109" HEIGHT="22" WC="0.95" CONTENT="Förutom"/><SP WIDTH="26" VPOS="303" HPOS="347"/>
							<String ID="string_21" HPOS="373" VPOS="304" WIDTH="28" HEIGHT="20" WC="0.95" CONTENT="de"/><SP WIDTH="26" VPOS="304" HPOS="401"/>
							<String ID="string_22" HPOS="427" VPOS="304" WIDTH="128" HEIGHT="28" WC="0.95" CONTENT="ändringar,"/><SP WIDTH="24" VPOS="304" HPOS="555"/>
							<String ID="string_23" HPOS="579" VPOS="304" WIDTH="36" HEIGHT="20" WC="0.96" CONTENT="för"/><SP WIDTH="22" VPOS="304" HPOS="615"/>
							<String ID="string_24" HPOS="637" VPOS="303" WIDTH="78" HEIGHT="22" WC="0.93" CONTENT="hvilka"/><SP WIDTH="23" VPOS="303" HPOS="715"/>
							<String ID="string_25" HPOS="738" VPOS="304" WIDTH="128" HEIGHT="21" WC="0.90" CONTENT="Ständerna"/><SP WIDTH="15" VPOS="304" HPOS="866"/>
							<String ID="string_26" HPOS="881" VPOS="303" WIDTH="40" HEIGHT="21" WC="0.96" CONTENT="här"/>
						</TextLine>
						<TextLine ID="line_4" HPOS="172" VPOS="337" WIDTH="750" HEIGHT="29">
							<String ID="string_27" HPOS="172" VPOS="337" WIDTH="68" HEIGHT="22" WC="0.96" CONTENT="ofvan"/><SP WIDTH="22" VPOS="337" HPOS="240"/>
							<String ID="string_28" HPOS="262" VPOS="338" WIDTH="108" HEIGHT="21" WC="0.96" CONTENT="särskildt"/><SP WIDTH="22" VPOS="338" HPOS="370"/>
							<String ID="string_29" HPOS="392" VPOS="337" WIDTH="124" HEIGHT="29" WC="0.96" CONTENT="redogjort,"/><SP WIDTH="23" VPOS="337" HPOS="516"/>
							<String ID="string_30" HPOS="539" VPOS="338" WIDTH="68" HEIGHT="22" WC="0.96" CONTENT="hafva"/><SP WIDTH="18" VPOS="338" HPOS="607"/>
							<String ID="string_31" HPOS="625" VPOS="338" WIDTH="88" HEIGHT="21" WC="0.96" CONTENT="mindre"/><SP WIDTH="16" VPOS="338" HPOS="713"/>
							<String ID="string_32" HPOS="729" VPOS="338" WIDTH="83" HEIGHT="21" WC="0.96" CONTENT="sådana"/><SP WIDTH="16" VPOS="338" HPOS="812"/>
							<String ID="string_33" HPOS="828" VPOS="338" WIDTH="22" HEIGHT="21" WC="0.93" CONTENT="af"/><SP WIDTH="14" VPOS="338" HPOS="850"/>
							<String ID="string_34" HPOS="864" VPOS="337" WIDTH="58" HEIGHT="21" WC="0.92" CONTENT="före-"/>
						</TextLine>
						<TextLine ID="line_5" HPOS="172" VPOS="372" WIDTH="751" HEIGHT="28">
							<String ID="string_35" HPOS="172" VPOS="372" WIDTH="111" HEIGHT="22" WC="0.90" CONTENT="trädesvis"/><SP WIDTH="25" VPOS="372" HPOS="283"/>
							<String ID="string_36" HPOS="308" VPOS="372" WIDTH="152" HEIGHT="21" WC="0.95" CONTENT="redaktionell"/><SP WIDTH="24" VPOS="372" HPOS="460"/>
							<String ID="string_37" HPOS="484" VPOS="374" WIDTH="73" HEIGHT="24" WC="0.95" CONTENT="natur,"/><SP WIDTH="26" VPOS="374" HPOS="557"/>
							<String ID="string_38" HPOS="583" VPOS="372" WIDTH="117" HEIGHT="22" WC="0.96" CONTENT="äfvensom"/><SP WIDTH="22" VPOS="372" HPOS="700"/>
							<String ID="string_39" HPOS="722" VPOS="374" WIDTH="71" HEIGHT="26" WC="0.94" CONTENT="några"/><SP WIDTH="15" VPOS="374" HPOS="793"/>
							<String ID="string_40" HPOS="808" VPOS="372" WIDTH="115" HEIGHT="28" WC="0.96" CONTENT="språkliga"/>
						</TextLine>
						<TextLine ID="line_6" HPOS="172" VPOS="406" WIDTH="541" HEIGHT="28">
							<String ID="string_41" HPOS="172" VPOS="406" WIDTH="104" HEIGHT="22" WC="0.96" CONTENT="rättelser"/><SP WIDTH="15" VPOS="406" HPOS="276"/>
							<String ID="string_42" HPOS="291" VPOS="406" WIDTH="8" HEIGHT="21" WC="0.96" CONTENT="i"/><SP WIDTH="16" VPOS="406" HPOS="299"/>
							<String ID="string_43" HPOS="315" VPOS="406" WIDTH="45" HEIGHT="21" WC="0.96" CONTENT="den"/><SP WIDTH="14" VPOS="406" HPOS="360"/>
							<String ID="string_44" HPOS="374" VPOS="406" WIDTH="76" HEIGHT="21" WC="0.96" CONTENT="finska"/><SP WIDTH="14" VPOS="406" HPOS="450"/>
							<String ID="string_45" HPOS="464" VPOS="407" WIDTH="118" HEIGHT="27" WC="0.96" CONTENT="lagtexten"/><SP WIDTH="14" VPOS="407" HPOS="582"/>
							<String ID="string_46" HPOS="596" VPOS="406" WIDTH="117" HEIGHT="28" WC="0.96" CONTENT="vidtagits."/>
						</TextLine>
					</TextBlock>
					<TextBlock ID="block_3" HPOS="171" VPOS="440" WIDTH="752" HEIGHT="63">
						<TextLine ID="line_7" HPOS="239" VPOS="440" WIDTH="684" HEIGHT="28">
							<String ID="string_47" HPOS="239" VPOS="441" WIDTH="34" HEIGHT="21" WC="0.96" CONTENT="På"/><SP WIDTH="22" VPOS="441" HPOS="273"/>
							<String ID="string_48" HPOS="295" VPOS="440" WIDTH="75" HEIGHT="28" WC="0.96" CONTENT="grund"/><SP WIDTH="16" VPOS="440" HPOS="370"/>
							<String ID="string_49" HPOS="386" VPOS="440" WIDTH="22" HEIGHT="21" WC="0.96" CONTENT="af"/><SP WIDTH="14" VPOS="440" HPOS="408"/>
							<String ID="string_50" HPOS="422" VPOS="440" WIDTH="61" HEIGHT="22" WC="0.96" CONTENT="hvad"/><SP WIDTH="15" VPOS="440" HPOS="483"/>
							<String ID="string_51" HPOS="498" VPOS="440" WIDTH="94" HEIGHT="22" WC="0.96" CONTENT="sålunda"/><SP WIDTH="15" VPOS="440" HPOS="592"/>
							<String ID="string_52" HPOS="607" VPOS="440" WIDTH="135" HEIGHT="22" WC="0.83" CONTENT="framhållits"/><SP WIDTH="14" VPOS="440" HPOS="742"/>
							<String ID="string_53" HPOS="756" VPOS="440" WIDTH="24" HEIGHT="22" WC="0.93" CONTENT="få"/><SP WIDTH="15" VPOS="440" HPOS="780"/>
							<String ID="string_54" HPOS="795" VPOS="440" WIDTH="128" HEIGHT="22" WC="0.91" CONTENT="Ständerna"/>
						</TextLine>
						<TextLine ID="line_8" HPOS="171" VPOS="474" WIDTH="751" HEIGHT="29">
							<String ID="string_55" HPOS="171" VPOS="474" WIDTH="41" HEIGHT="22" WC="0.93" CONTENT="hos"/><SP WIDTH="15" VPOS="474" HPOS="212"/>
							<String ID="string_56" HPOS="227" VPOS="474" WIDTH="74" HEIGHT="22" WC="0.90" CONTENT="Eders"/><SP WIDTH="15" VPOS="474" HPOS="301"/>
							<String ID="string_57" HPOS="316" VPOS="474" WIDTH="130" HEIGHT="29" WC="0.95" CONTENT="Kejserliga"/><SP WIDTH="22" VPOS="474" HPOS="446"/>
							<String ID="string_58" HPOS="468" VPOS="474" WIDTH="107" HEIGHT="28" WC="0.96" CONTENT="Majestät"/><SP WIDTH="18" VPOS="474" HPOS="575"/>
							<String ID="string_59" HPOS="593" VPOS="474" WIDTH="8" HEIGHT="22" WC="0.92" CONTENT="i"/><SP WIDTH="22" VPOS="474" HPOS="601"/>
							<String ID="string_60" HPOS="623" VPOS="475" WIDTH="183" HEIGHT="28" WC="0.92" CONTENT="underdånighet"/><SP WIDTH="23" VPOS="475" HPOS="806"/>
							<String ID="string_61" HPOS="829" VPOS="475" WIDTH="93" HEIGHT="26" WC="0.95" CONTENT="anmäla,"/>
						</TextLine>
					</TextBlock>
				</ComposedBlock>
				<ComposedBlock ID="cblock_2" HPOS="376" VPOS="577" WIDTH="549" HEIGHT="132">
					<TextBlock ID="block_4" HPOS="376" VPOS="577" WIDTH="549" HEIGHT="132">
						<TextLine ID="line_9" HPOS="446" VPOS="577" WIDTH="478" HEIGHT="28">
							<String ID="string_62" HPOS="446" VPOS="580" WIDTH="31" HEIGHT="19" WC="0.92" CONTENT="att"/><SP WIDTH="25" VPOS="580" HPOS="477"/>
							<String ID="string_63" HPOS="502" VPOS="578" WIDTH="127" HEIGHT="21" WC="0.89" CONTENT="Ständerna"/><SP WIDTH="16" VPOS="578" HPOS="629"/>
							<String ID="string_64" HPOS="645" VPOS="578" WIDTH="48" HEIGHT="21" WC="0.96" CONTENT="med"/><SP WIDTH="15" VPOS="578" HPOS="693"/>
							<String ID="string_65" HPOS="708" VPOS="577" WIDTH="72" HEIGHT="28" WC="0.93" CONTENT="några"/><SP WIDTH="15" VPOS="577" HPOS="780"/>
							<String ID="string_66" HPOS="795" VPOS="578" WIDTH="129" HEIGHT="27" WC="0.91" CONTENT="förändrin-"/>
						</TextLine>
						<TextLine ID="line_10" HPOS="376" VPOS="611" WIDTH="547" HEIGHT="29">
							<String ID="string_67" HPOS="376" VPOS="619" WIDTH="42" HEIGHT="20" WC="0.96" CONTENT="gar"/><SP WIDTH="15" VPOS="619" HPOS="418"/>
							<String ID="string_68" HPOS="433" VPOS="612" WIDTH="35" HEIGHT="22" WC="0.96" CONTENT="och"/><SP WIDTH="15" VPOS="612" HPOS="468"/>
							<String ID="string_69" HPOS="483" VPOS="612" WIDTH="74" HEIGHT="28" WC="0.96" CONTENT="tillägg"/><SP WIDTH="14" VPOS="612" HPOS="557"/>
							<String ID="string_70" HPOS="571" VPOS="612" WIDTH="96" HEIGHT="28" WC="0.96" CONTENT="godkänt"/><SP WIDTH="14" VPOS="612" HPOS="667"/>
							<String ID="string_71" HPOS="681" VPOS="612" WIDTH="42" HEIGHT="21" WC="0.96" CONTENT="den"/><SP WIDTH="15" VPOS="612" HPOS="723"/>
							<String ID="string_72" HPOS="738" VPOS="611" WIDTH="127" HEIGHT="28" WC="0.93" CONTENT="föreslagna"/><SP WIDTH="14" VPOS="611" HPOS="865"/>
							<String ID="string_73" HPOS="879" VPOS="612" WIDTH="44" HEIGHT="27" WC="0.92" CONTENT="för-"/>
						</TextLine>
						<TextLine ID="line_11" HPOS="378" VPOS="646" WIDTH="547" HEIGHT="28">
							<String ID="string_74" HPOS="378" VPOS="647" WIDTH="129" HEIGHT="27" WC="0.96" CONTENT="ordningen,"/><SP WIDTH="15" VPOS="647" HPOS="507"/>
							<String ID="string_75" HPOS="522" VPOS="646" WIDTH="9" HEIGHT="21" WC="0.96" CONTENT="i"/><SP WIDTH="14" VPOS="646" HPOS="531"/>
							<String ID="string_76" HPOS="545" VPOS="646" WIDTH="56" HEIGHT="28" WC="0.96" CONTENT="följd"/><SP WIDTH="14" VPOS="646" HPOS="601"/>
							<String ID="string_77" HPOS="615" VPOS="646" WIDTH="84" HEIGHT="27" WC="0.96" CONTENT="hvaraf"/><SP WIDTH="13" VPOS="646" HPOS="699"/>
							<String ID="string_78" HPOS="712" VPOS="647" WIDTH="74" HEIGHT="20" WC="0.96" CONTENT="denna"/><SP WIDTH="16" VPOS="647" HPOS="786"/>
							<String ID="string_79" HPOS="802" VPOS="646" WIDTH="80" HEIGHT="22" WC="0.96" CONTENT="komme"/><SP WIDTH="11" VPOS="646" HPOS="882"/>
							<String ID="string_80" HPOS="893" VPOS="647" WIDTH="32" HEIGHT="21" WC="0.96" CONTENT="att"/>
						</TextLine>
						<TextLine ID="line_12" HPOS="378" VPOS="681" WIDTH="299" HEIGHT="28">
							<String ID="string_81" HPOS="378" VPOS="681" WIDTH="83" HEIGHT="22" WC="0.96" CONTENT="erhålla"/><SP WIDTH="14" VPOS="681" HPOS="461"/>
							<String ID="string_82" HPOS="475" VPOS="681" WIDTH="98" HEIGHT="28" WC="0.96" CONTENT="följande"/><SP WIDTH="16" VPOS="681" HPOS="573"/>
							<String ID="string_83" HPOS="589" VPOS="681" WIDTH="88" HEIGHT="28" WC="0.95" CONTENT="lydelse:"/>
						</TextLine>
					</TextBlock>
				</ComposedBlock>
				<ComposedBlock ID="cblock_3" HPOS="379" VPOS="783" WIDTH="545" HEIGHT="70">
					<TextBlock ID="block_5" HPOS="379" VPOS="783" WIDTH="545" HEIGHT="70">
						<TextLine ID="line_13" HPOS="448" VPOS="783" WIDTH="476" HEIGHT="29">
							<String ID="string_84" HPOS="448" VPOS="783" WIDTH="124" HEIGHT="29" WC="0.95" CONTENT="Förordning"/><SP WIDTH="24" VPOS="783" HPOS="572"/>
							<String ID="string_85" HPOS="596" VPOS="790" WIDTH="32" HEIGHT="17" WC="0.96" CONTENT="om"/><SP WIDTH="27" VPOS="790" HPOS="628"/>
							<String ID="string_86" HPOS="655" VPOS="783" WIDTH="123" HEIGHT="23" WC="0.96" CONTENT="hämmande"/><SP WIDTH="22" VPOS="783" HPOS="778"/>
							<String ID="string_87" HPOS="800" VPOS="784" WIDTH="26" HEIGHT="23" WC="0.93" CONTENT="af"/><SP WIDTH="17" VPOS="784" HPOS="826"/>
							<String ID="string_88" HPOS="843" VPOS="784" WIDTH="81" HEIGHT="22" WC="0.92" CONTENT="smitto-"/>
						</TextLine>
						<TextLine ID="line_14" HPOS="379" VPOS="824" WIDTH="490" HEIGHT="29">
							<String ID="string_89" HPOS="379" VPOS="829" WIDTH="81" HEIGHT="17" WC="0.93" CONTENT="samma"/><SP WIDTH="16" VPOS="829" HPOS="460"/>
							<String ID="string_90" HPOS="476" VPOS="824" WIDTH="219" HEIGHT="29" WC="0.90" CONTENT="husdjurssjukdomar"/><SP WIDTH="15" VPOS="824" HPOS="695"/>
							<String ID="string_91" HPOS="710" VPOS="825" WIDTH="53" HEIGHT="21" WC="0.96" CONTENT="inom"/><SP WIDTH="17" VPOS="825" HPOS="763"/>
							<String ID="string_92" HPOS="780" VPOS="824" WIDTH="89" HEIGHT="23" WC="0.96" CONTENT="Finland."/>
						</TextLine>
					</TextBlock>
				</ComposedBlock>
				<ComposedBlock ID="cblock_4" HPOS="378" VPOS="887" WIDTH="553" HEIGHT="302">
					<TextBlock ID="block_6" HPOS="378" VPOS="887" WIDTH="553" HEIGHT="302">
						<TextLine ID="line_15" HPOS="448" VPOS="887" WIDTH="477" HEIGHT="28">
							<String ID="string_93" HPOS="448" VPOS="887" WIDTH="52" HEIGHT="21" WC="0.93" CONTENT="Med"/><SP WIDTH="14" VPOS="887" HPOS="500"/>
							<String ID="string_94" HPOS="514" VPOS="887" WIDTH="157" HEIGHT="28" WC="0.92" CONTENT="upphäfvande"/><SP WIDTH="17" VPOS="887" HPOS="671"/>
							<String ID="string_95" HPOS="688" VPOS="888" WIDTH="28" HEIGHT="27" WC="0.96" CONTENT="af"/><SP WIDTH="13" VPOS="888" HPOS="716"/>
							<String ID="string_96" HPOS="729" VPOS="888" WIDTH="14" HEIGHT="20" WC="0.92" CONTENT="5"/><SP WIDTH="15" VPOS="888" HPOS="743"/>
							<String ID="string_97" HPOS="758" VPOS="888" WIDTH="14" HEIGHT="27" WC="0.90" CONTENT="$"/><SP WIDTH="15" VPOS="888" HPOS="772"/>
							<String ID="string_98" HPOS="787" VPOS="888" WIDTH="31" HEIGHT="21" WC="0.96" CONTENT="22"/><SP WIDTH="14" VPOS="888" HPOS="818"/>
							<String ID="string_99" HPOS="832" VPOS="888" WIDTH="50" HEIGHT="26" WC="0.93" CONTENT="kap."/><SP WIDTH="15" VPOS="888" HPOS="882"/>
							<String ID="string_100" HPOS="897" VPOS="887" WIDTH="28" HEIGHT="21" WC="0.90" CONTENT="B."/>
						</TextLine>
						<TextLine ID="line_16" HPOS="380" VPOS="921" WIDTH="546" HEIGHT="29">
							<String ID="string_101" HPOS="380" VPOS="922" WIDTH="36" HEIGHT="26" WC="0.88" CONTENT="B.,"/><SP WIDTH="16" VPOS="922" HPOS="416"/>
							<String ID="string_102" HPOS="432" VPOS="922" WIDTH="12" HEIGHT="21" WC="0.92" CONTENT="1"/><SP WIDTH="17" VPOS="922" HPOS="444"/>
							<String ID="string_103" HPOS="461" VPOS="922" WIDTH="35" HEIGHT="21" WC="0.92" CONTENT="och"/><SP WIDTH="24" VPOS="922" HPOS="496"/>
							<String ID="string_104" HPOS="520" VPOS="922" WIDTH="16" HEIGHT="21" WC="0.91" CONTENT="3"/><SP WIDTH="14" VPOS="922" HPOS="536"/>
							<String ID="string_105" HPOS="550" VPOS="922" WIDTH="95" HEIGHT="27" WC="0.96" CONTENT="kapitlen"/><SP WIDTH="15" VPOS="922" HPOS="645"/>
							<String ID="string_106" HPOS="660" VPOS="921" WIDTH="9" HEIGHT="21" WC="0.93" CONTENT="i"/><SP WIDTH="15" VPOS="921" HPOS="669"/>
							<String ID="string_107" HPOS="684" VPOS="921" WIDTH="84" HEIGHT="29" WC="0.96" CONTENT="nådiga"/><SP WIDTH="15" VPOS="921" HPOS="768"/>
							<String ID="string_108" HPOS="783" VPOS="922" WIDTH="143" HEIGHT="28" WC="0.96" CONTENT="kungörelsen"/>
						</TextLine>
						<TextLine ID="line_17" HPOS="381" VPOS="955" WIDTH="546" HEIGHT="29">
							<String ID="string_109" HPOS="381" VPOS="956" WIDTH="27" HEIGHT="28" WC="0.96" CONTENT="af"/><SP WIDTH="22" VPOS="956" HPOS="408"/>
							<String ID="string_110" HPOS="430" VPOS="956" WIDTH="40" HEIGHT="21" WC="0.96" CONTENT="den"/><SP WIDTH="27" VPOS="956" HPOS="470"/>
							<String ID="string_111" HPOS="497" VPOS="957" WIDTH="31" HEIGHT="21" WC="0.96" CONTENT="22"/><SP WIDTH="21" VPOS="957" HPOS="528"/>
							<String ID="string_112" HPOS="549" VPOS="956" WIDTH="114" HEIGHT="22" WC="0.96" CONTENT="December"/><SP WIDTH="21" VPOS="956" HPOS="663"/>
							<String ID="string_113" HPOS="684" VPOS="956" WIDTH="67" HEIGHT="27" WC="0.93" CONTENT="1898,"/><SP WIDTH="16" VPOS="956" HPOS="751"/>
							<String ID="string_114" HPOS="767" VPOS="956" WIDTH="114" HEIGHT="28" WC="0.93" CONTENT="angående"/><SP WIDTH="15" VPOS="956" HPOS="881"/>
							<String ID="string_115" HPOS="896" VPOS="955" WIDTH="31" HEIGHT="22" WC="0.89" CONTENT="åt-"/>
						</TextLine>
						<TextLine ID="line_18" HPOS="378" VPOS="990" WIDTH="549" HEIGHT="28">
							<String ID="string_116" HPOS="378" VPOS="990" WIDTH="82" HEIGHT="28" WC="0.92" CONTENT="gärder"/><SP WIDTH="23" VPOS="990" HPOS="460"/>
							<String ID="string_117" HPOS="483" VPOS="992" WIDTH="41" HEIGHT="20" WC="0.93" CONTENT="mot"/><SP WIDTH="21" VPOS="992" HPOS="524"/>
							<String ID="string_118" HPOS="545" VPOS="990" WIDTH="160" HEIGHT="28" WC="0.91" CONTENT="tuberkelsjuka"/><SP WIDTH="15" VPOS="990" HPOS="705"/>
							<String ID="string_119" HPOS="720" VPOS="990" WIDTH="37" HEIGHT="22" WC="0.93" CONTENT="hos"/><SP WIDTH="15" VPOS="990" HPOS="757"/>
							<String ID="string_120" HPOS="772" VPOS="990" WIDTH="155" HEIGHT="22" WC="0.91" CONTENT="nötkreaturen"/>
						</TextLine>
						<TextLine ID="line_19" HPOS="382" VPOS="1024" WIDTH="545" HEIGHT="28">
							<String ID="string_121" HPOS="382" VPOS="1024" WIDTH="7" HEIGHT="21" WC="0.96" CONTENT="i"/><SP WIDTH="16" VPOS="1024" HPOS="389"/>
							<String ID="string_122" HPOS="405" VPOS="1024" WIDTH="107" HEIGHT="27" WC="0.96" CONTENT="Finland,"/><SP WIDTH="25" VPOS="1024" HPOS="512"/>
							<String ID="string_123" HPOS="537" VPOS="1026" WIDTH="57" HEIGHT="20" WC="0.93" CONTENT="samt"/><SP WIDTH="24" VPOS="1026" HPOS="594"/>
							<String ID="string_124" HPOS="618" VPOS="1024" WIDTH="57" HEIGHT="21" WC="0.91" CONTENT="hvad"/><SP WIDTH="20" VPOS="1024" HPOS="675"/>
							<String ID="string_125" HPOS="695" VPOS="1024" WIDTH="37" HEIGHT="28" WC="0.93" CONTENT="för"/><SP WIDTH="15" VPOS="1024" HPOS="732"/>
							<String ID="string_126" HPOS="747" VPOS="1024" WIDTH="67" HEIGHT="28" WC="0.92" CONTENT="öfrigt"/><SP WIDTH="15" VPOS="1024" HPOS="814"/>
							<String ID="string_127" HPOS="829" VPOS="1026" WIDTH="27" HEIGHT="19" WC="0.93" CONTENT="är"/><SP WIDTH="14" VPOS="1026" HPOS="856"/>
							<String ID="string_128" HPOS="870" VPOS="1024" WIDTH="57" HEIGHT="21" WC="0.92" CONTENT="stad-"/>
						</TextLine>
						<TextLine ID="line_20" HPOS="379" VPOS="1058" WIDTH="552" HEIGHT="28">
							<String ID="string_129" HPOS="379" VPOS="1058" WIDTH="53" HEIGHT="28" WC="0.90" CONTENT="gadt"/><SP WIDTH="24" VPOS="1058" HPOS="432"/>
							<String ID="string_130" HPOS="456" VPOS="1066" WIDTH="32" HEIGHT="14" WC="0.92" CONTENT="om"/><SP WIDTH="24" VPOS="1066" HPOS="488"/>
							<String ID="string_131" HPOS="512" VPOS="1058" WIDTH="173" HEIGHT="28" WC="0.91" CONTENT="förekommande"/><SP WIDTH="22" VPOS="1058" HPOS="685"/>
							<String ID="string_132" HPOS="707" VPOS="1059" WIDTH="37" HEIGHT="21" WC="0.93" CONTENT="och"/><SP WIDTH="14" VPOS="1059" HPOS="744"/>
							<String ID="string_133" HPOS="758" VPOS="1058" WIDTH="130" HEIGHT="22" WC="0.92" CONTENT="hämmande"/><SP WIDTH="15" VPOS="1058" HPOS="888"/>
							<String ID="string_134" HPOS="903" VPOS="1059" WIDTH="28" HEIGHT="27" WC="0.96" CONTENT="af"/>
						</TextLine>
						<TextLine ID="line_21" HPOS="382" VPOS="1093" WIDTH="547" HEIGHT="22">
							<String ID="string_135" HPOS="382" VPOS="1093" WIDTH="73" HEIGHT="22" WC="0.96" CONTENT="andra"/><SP WIDTH="22" VPOS="1093" HPOS="455"/>
							<String ID="string_136" HPOS="477" VPOS="1094" WIDTH="57" HEIGHT="21" WC="0.95" CONTENT="inom"/><SP WIDTH="23" VPOS="1094" HPOS="534"/>
							<String ID="string_137" HPOS="557" VPOS="1093" WIDTH="74" HEIGHT="22" WC="0.93" CONTENT="landet"/><SP WIDTH="21" VPOS="1093" HPOS="631"/>
							<String ID="string_138" HPOS="652" VPOS="1093" WIDTH="107" HEIGHT="22" WC="0.31" CONTENT="utbrutna"/><SP WIDTH="15" VPOS="1093" HPOS="759"/>
							<String ID="string_139" HPOS="774" VPOS="1093" WIDTH="155" HEIGHT="22" WC="0.93" CONTENT="smittosamma"/>
						</TextLine>
						<TextLine ID="line_22" HPOS="382" VPOS="1127" WIDTH="546" HEIGHT="29">
							<String ID="string_140" HPOS="382" VPOS="1128" WIDTH="235" HEIGHT="27" WC="0.79" CONTENT="kreaturssjukdomar,"/><SP WIDTH="26" VPOS="1128" HPOS="617"/>
							<String ID="string_141" HPOS="643" VPOS="1128" WIDTH="77" HEIGHT="21" WC="0.92" CONTENT="varder"/><SP WIDTH="25" VPOS="1128" HPOS="720"/>
							<String ID="string_142" HPOS="745" VPOS="1127" WIDTH="124" HEIGHT="29" WC="0.91" CONTENT="härigenom"/><SP WIDTH="15" VPOS="1127" HPOS="869"/>
							<String ID="string_143" HPOS="884" VPOS="1128" WIDTH="44" HEIGHT="27" WC="0.92" CONTENT="för-"/>
						</TextLine>
						<TextLine ID="line_23" HPOS="382" VPOS="1162" WIDTH="239" HEIGHT="27">
							<String ID="string_144" HPOS="382" VPOS="1162" WIDTH="94" HEIGHT="22" WC="0.90" CONTENT="ordnadt"/><SP WIDTH="12" VPOS="1162" HPOS="476"/>
							<String ID="string_145" HPOS="488" VPOS="1169" WIDTH="44" HEIGHT="14" WC="0.96" CONTENT="som"/><SP WIDTH="14" VPOS="1169" HPOS="532"/>
							<String ID="string_146" HPOS="546" VPOS="1162" WIDTH="75" HEIGHT="27" WC="0.95" CONTENT="följer:"/>
						</TextLine>
					</TextBlock>
				</ComposedBlock>
				<ComposedBlock ID="cblock_5" HPOS="381" VPOS="1225" WIDTH="550" HEIGHT="272">
					<TextBlock ID="block_7" HPOS="631" VPOS="1225" WIDTH="48" HEIGHT="27">
						<TextLine ID="line_24" HPOS="631" VPOS="1225" WIDTH="48" HEIGHT="27">
							<String ID="string_147" HPOS="631" VPOS="1225" WIDTH="12" HEIGHT="21" WC="0.71" CONTENT="1"/><SP WIDTH="16" VPOS="1225" HPOS="643"/>
							<String ID="string_148" HPOS="659" VPOS="1225" WIDTH="20" HEIGHT="27" WC="0.71" CONTENT="$."/>
						</TextLine>
					</TextBlock>
					<TextBlock ID="block_8" HPOS="381" VPOS="1264" WIDTH="548" HEIGHT="94">
						<TextLine ID="line_25" HPOS="451" VPOS="1264" WIDTH="478" HEIGHT="28">
							<String ID="string_149" HPOS="451" VPOS="1264" WIDTH="35" HEIGHT="21" WC="0.92" CONTENT="De"/><SP WIDTH="22" VPOS="1264" HPOS="486"/>
							<String ID="string_150" HPOS="508" VPOS="1264" WIDTH="155" HEIGHT="21" WC="0.92" CONTENT="smittosamma"/><SP WIDTH="24" VPOS="1264" HPOS="663"/>
							<String ID="string_151" HPOS="687" VPOS="1264" WIDTH="242" HEIGHT="28" WC="0.90" CONTENT="husdjurssjukdomar,"/>
						</TextLine>
						<TextLine ID="line_26" HPOS="381" VPOS="1298" WIDTH="548" HEIGHT="26">
							<String ID="string_152" HPOS="381" VPOS="1298" WIDTH="31" HEIGHT="26" WC="0.91" CONTENT="pä"/><SP WIDTH="26" VPOS="1298" HPOS="412"/>
							<String ID="string_153" HPOS="438" VPOS="1298" WIDTH="72" HEIGHT="20" WC="0.91" CONTENT="hvilka"/><SP WIDTH="22" VPOS="1298" HPOS="510"/>
							<String ID="string_154" HPOS="532" VPOS="1298" WIDTH="73" HEIGHT="20" WC="0.93" CONTENT="denna"/><SP WIDTH="20" VPOS="1298" HPOS="605"/>
							<String ID="string_155" HPOS="625" VPOS="1298" WIDTH="133" HEIGHT="26" WC="0.91" CONTENT="förordning"/><SP WIDTH="25" VPOS="1298" HPOS="758"/>
							<String ID="string_156" HPOS="783" VPOS="1298" WIDTH="55" HEIGHT="20" WC="0.93" CONTENT="skall"/><SP WIDTH="14" VPOS="1298" HPOS="838"/>
							<String ID="string_157" HPOS="852" VPOS="1298" WIDTH="77" HEIGHT="20" WC="0.91" CONTENT="tilläm-"/>
						</TextLine>
						<TextLine ID="line_27" HPOS="381" VPOS="1333" WIDTH="112" HEIGHT="25">
							<String ID="string_158" HPOS="381" VPOS="1338" WIDTH="48" HEIGHT="20" WC="0.93" CONTENT="pas,"/><SP WIDTH="17" VPOS="1338" HPOS="429"/>
							<String ID="string_159" HPOS="446" VPOS="1333" WIDTH="47" HEIGHT="19" WC="0.95" CONTENT="äro:"/>
						</TextLine>
					</TextBlock>
					<TextBlock ID="block_9" HPOS="384" VPOS="1365" WIDTH="547" HEIGHT="62">
						<TextLine ID="line_28" HPOS="452" VPOS="1365" WIDTH="479" HEIGHT="29">
							<String ID="string_160" HPOS="452" VPOS="1365" WIDTH="22" HEIGHT="28" WC="0.93" CONTENT="1)"/><SP WIDTH="16" VPOS="1365" HPOS="474"/>
							<String ID="string_161" HPOS="490" VPOS="1365" WIDTH="133" HEIGHT="27" WC="0.36" CONTENT="voskapspest"/><SP WIDTH="16" VPOS="1365" HPOS="623"/>
							<String ID="string_162" HPOS="639" VPOS="1365" WIDTH="72" HEIGHT="27" WC="0.92" CONTENT="(pestis"/><SP WIDTH="17" VPOS="1365" HPOS="711"/>
							<String ID="string_163" HPOS="728" VPOS="1365" WIDTH="84" HEIGHT="29" WC="0.92" CONTENT="bovina)"/><SP WIDTH="15" VPOS="1365" HPOS="812"/>
							<String ID="string_164" HPOS="827" VPOS="1366" WIDTH="37" HEIGHT="21" WC="0.93" CONTENT="hos"/><SP WIDTH="14" VPOS="1366" HPOS="864"/>
							<String ID="string_165" HPOS="878" VPOS="1365" WIDTH="53" HEIGHT="22" WC="0.90" CONTENT="idis-"/>
						</TextLine>
						<TextLine ID="line_29" HPOS="384" VPOS="1400" WIDTH="144" HEIGHT="27">
							<String ID="string_166" HPOS="384" VPOS="1400" WIDTH="64" HEIGHT="21" WC="0.91" CONTENT="lande"/><SP WIDTH="16" VPOS="1400" HPOS="448"/>
							<String ID="string_167" HPOS="464" VPOS="1400" WIDTH="64" HEIGHT="27" WC="0.96" CONTENT="djur;"/>
						</TextLine>
					</TextBlock>
					<TextBlock ID="block_10" HPOS="384" VPOS="1434" WIDTH="546" HEIGHT="63">
						<TextLine ID="line_30" HPOS="452" VPOS="1434" WIDTH="478" HEIGHT="29">
							<String ID="string_168" HPOS="452" VPOS="1434" WIDTH="113" HEIGHT="22" WC="0.88" CONTENT="elakartad"/><SP WIDTH="24" VPOS="1434" HPOS="565"/>
							<String ID="string_169" HPOS="589" VPOS="1435" WIDTH="120" HEIGHT="28" WC="0.86" CONTENT="lungsjuka"/><SP WIDTH="25" VPOS="1435" HPOS="709"/>
							<String ID="string_170" HPOS="734" VPOS="1436" WIDTH="141" HEIGHT="26" WC="0.93" CONTENT="(pneumonia"/><SP WIDTH="21" VPOS="1436" HPOS="875"/>
							<String ID="string_171" HPOS="896" VPOS="1435" WIDTH="34" HEIGHT="22" WC="0.91" CONTENT="in-"/>
						</TextLine>
						<TextLine ID="line_31" HPOS="384" VPOS="1469" WIDTH="490" HEIGHT="28">
							<String ID="string_172" HPOS="384" VPOS="1469" WIDTH="135" HEIGHT="22" WC="0.93" CONTENT="terlobularis"/><SP WIDTH="15" VPOS="1469" HPOS="519"/>
							<String ID="string_173" HPOS="534" VPOS="1469" WIDTH="129" HEIGHT="28" WC="0.87" CONTENT="contagiosa)"/><SP WIDTH="20" VPOS="1469" HPOS="663"/>
							<String ID="string_174" HPOS="683" VPOS="1469" WIDTH="37" HEIGHT="22" WC="0.93" CONTENT="hos"/><SP WIDTH="15" VPOS="1469" HPOS="720"/>
							<String ID="string_175" HPOS="735" VPOS="1469" WIDTH="139" HEIGHT="26" WC="0.95" CONTENT="nötkreatur;"/>
						</TextLine>
					</TextBlock>
				</ComposedBlock>
			</PrintSpace>
		</Page>
	</Layout>
</alto>
