1067 1720
157 106 12 20 8
377 104 25 23 U.
419 105 25 22 B.
460 118 26 3 —
502 104 73 29 Prop.
592 104 44 24 N:o
651 104 34 22 25.

157 172 94 29 fullgjort
265 174 38 20 sitt
319 172 49 25 kall,
384 172 47 22 med
441 174 58 27 tjugu
508 175 88 25 procent
606 176 57 17 samt
671 172 92 22 därefter
773 172 62 22 hvart
846 172 66 21 femte

157 208 22 19 är
201 206 49 22 med
271 207 59 27 tjugu
349 210 93 25 procent,
456 207 33 20 till
508 206 47 22 dess
570 209 32 19 att
616 206 41 21 den
672 206 87 22 sålunda
773 206 81 22 skedda
868 206 44 21 till-

157 240 110 29 ökningen,
293 241 54 21 efter
369 240 36 22 det
426 240 99 28 tjugonde
547 240 132 29 tjänsteärets
701 240 84 29 utgång,
805 240 59 29 stigit
878 240 34 21 til

156 274 53 22 åttio
224 278 107 25 procent».
361 274 69 22 Sedan
447 275 59 21 detta
521 275 79 28 förslag
615 274 23 22 af
649 275 96 27 samtliga
756 274 94 22 Ständen
859 274 54 28 god-

157 309 68 26 känte,
239 308 22 22 af
277 308 157 29 Ridderskapet
448 308 39 21 och
502 309 70 21 Adeln
587 308 54 22 dock
658 309 47 20 med
720 309 74 28 tillägg
809 309 23 21 af
845 311 67 26 ytter-

156 343 66 27 ligare
246 350 24 14 en
295 342 167 29 löneförhöjning
482 343 23 21 af
527 344 27 20 20
574 346 87 26 procent
678 342 55 22 efter
751 344 26 20 25
793 342 34 22 års
841 342 72 29 tjänst,

156 376 39 22 och
213 376 163 22 Statsutskottet
390 384 74 21 genom
480 376 190 29 protokollsutdrag
680 376 45 22 från
736 377 96 28 samtliga
843 376 68 22 Stånd

157 410 84 22 erhållit
261 411 151 21 underrättelse
430 418 34 14 om
481 411 88 21 berörda
584 411 74 22 beslut,
673 411 72 21 hvilka
761 411 74 21 fattats
850 418 62 14 even-

156 445 55 22 tuelt
226 445 39 22 och
281 445 104 21 beroende
400 445 28 29 på
444 445 121 22 Utskottets
580 445 107 22 blifvande
703 445 111 28 utredning
832 445 23 21 af
869 445 44 21 frå-

155 487 41 21 gan
212 487 25 13 ur
251 479 98 21 finansiel
366 479 112 29 synpunkt,
492 485 80 24 upptog
587 479 161 22 Statsutskottet
758 479 87 22 ärendet
855 487 57 14 ome-

156 513 84 22 delbart
260 513 32 22 till
316 513 152 22 förberedande
484 513 132 29 behandling,
632 517 54 18 samt
701 513 52 22 aflät
769 514 39 21 den
825 515 12 20 5
853 515 60 20 inne-

156 547 92 22 varande
264 548 52 28 april
332 548 33 20 till
375 546 93 22 Ständen
480 555 24 13 en
516 548 117 25 skrifvelse,
645 547 59 22 hvari
717 548 110 21 Utskottet
837 548 79 21 främst.

157 582 94 25 anförde,
266 584 33 19 att
316 582 111 21 Utskottet
441 581 48 22 icke
504 582 69 21 funnit
587 582 64 28 något
665 585 31 18 att
706 582 101 22 anmärka
817 585 57 18 emot
883 582 29 21 de

157 616 22 21 af
201 615 114 22 Allmänna
336 616 194 21 Besvärsutskottet
552 616 112 29 uppstälda
683 616 144 28 beräkningar,
846 616 66 27 enligt

156 650 73 22 hvilka
252 658 25 13 en
300 650 79 28 ökning
399 650 11 27 i
426 650 64 28 utgift
513 650 22 22 af
553 651 6 20 i
576 650 61 22 rundt
652 650 28 21 tal
697 651 90 26 700,000
802 650 60 22 mark
877 650 36 21 för

156 684 171 28 finansperioden
347 685 139 21 1901-—1904
502 685 70 22 blefve
588 692 76 21 genom
679 685 40 21 den
735 684 117 29 föreslagna
868 684 45 22 för-

156 718 114 29 höjningen
294 718 117 27 föranledd,
433 719 108 21 äfvensom
564 722 32 18 att
618 719 63 28 några
704 719 110 22 finansiela
836 719 76 21 hinder

155 753 49 21 icke
228 755 66 19 mötte
315 753 144 29 upptagandet
476 753 23 22 af
518 754 68 22 denna
601 753 153 29 utgiftsökning
769 754 11 21 &
797 753 115 22 folkskole-

156 788 106 28 budgeten
285 788 34 21 för
341 788 160 28 ifrågavarande
522 788 147 29 finansperiod.
698 788 35 22 Då
753 788 116 22 emellertid
884 789 28 21 de

156 822 78 28 frågor,
256 829 44 14 som
323 822 124 22 behandlats
468 823 7 20 i
494 822 112 22 Allmänna
627 822 206 22 Besvärsutskottets
855 822 58 22 före-

157 856 78 21 nämda
250 856 138 27 betänkande,
403 856 60 21 stodo
479 857 7 20 i
501 856 37 21 det
552 859 104 19 närmaste
671 857 102 21 samband
784 857 48 21 med
843 856 68 28 öfriga

155 889 33 22 till
205 890 210 28 folkskolebudgeten
437 890 92 21 hörande
545 893 80 24 ämnen,
639 891 116 22 hemstälde
771 891 140 21 Statsutskot-

155 927 33 18 tet
208 924 68 21 tillika
295 928 32 17 att
345 925 96 27 samtliga
454 924 93 22 Stånden
563 925 49 21 ville
628 925 89 21 besluta:
735 928 44 19 »att
793 926 27 21 de
836 925 76 21 under-

157 957 77 29 dåniga
250 958 182 29 framställningar,
445 959 73 21 hvilka
533 959 82 21 komme
631 962 31 18 att
674 959 82 28 framgå
767 959 68 22 såsom
848 959 64 21 Stän-

155 992 78 21 dernas
254 992 69 22 beslut
339 993 5 20 i
360 993 112 27 anledning
490 993 22 21 af
528 994 111 20 Allmänna
654 993 204 22 Besvärsutskottets
874 993 37 21 be-

156 1026 108 21 tänkande
279 1026 41 22 N:o
335 1028 19 22 8,
369 1026 47 22 icke
431 1026 65 22 måtte
511 1034 73 21 genom
601 1034 25 14 en
642 1026 89 23 särskild
747 1027 165 29 petitionsskrif-

156 1060 57 22 velse
235 1060 31 22 till
286 1060 61 22 Hans
370 1061 119 29 Kejserliga
511 1061 100 29 Majestät
633 1062 82 26 aflåtas,
737 1065 48 18 utan
805 1062 80 21 införas
903 1063 8 19 i

156 1094 130 22 Ständernas
309 1103 48 13 svar
377 1094 11 22 å
406 1095 85 29 Nådiga
513 1096 153 28 propositionen
688 1096 41 21 N:o
753 1098 33 24 25,
803 1096 108 28 angående

156 1129 116 21 anvisande
288 1129 23 21 af
326 1128 68 22 medel
409 1129 33 21 för
458 1129 152 22 folkskolornas
625 1130 7 20 i
645 1130 70 21 landet
726 1130 108 22 underhåll
844 1130 68 22 under

155 1163 50 21 åren
222 1164 161 20 1901—1904>.

227 1196 81 22 Genom
328 1198 121 28 ytterligare
467 1198 192 28 protokollsutdrag
673 1198 46 21 från
735 1198 97 28 samtliga
847 1198 63 22 Stån-

155 1231 41 21 den
212 1230 38 22 har
269 1231 163 22 Statsutskottet
447 1232 117 22 sedermera
580 1232 83 22 erhållit
677 1232 138 22 meddelande
831 1232 82 25 därom,

155 1267 33 18 att
210 1260 159 32 Ridderskapet
389 1265 38 20 och
446 1265 70 20 Adeln
535 1266 85 21 beslutit
635 1266 68 20 lämna
718 1266 41 20 den
774 1266 84 27 slutliga
872 1266 39 21 be-

154 1296 127 29 handlingen
305 1297 22 21 af
349 1297 87 22 ärendet
459 1297 109 25 beroende,
583 1299 32 21 till
636 1298 47 21 dess
701 1299 163 21 Statsutskottet
877 1300 33 20 in-

155 1331 88 22 kommit
258 1331 49 22 med
323 1332 37 21 sitt
375 1331 220 29 anslagsbetänkande,
609 1333 109 22 hvaremot
731 1333 27 21 de
768 1333 68 29 öfriga
845 1333 64 22 Stån-

154 1366 41 22 den
221 1366 107 22 bekräftat
349 1367 45 21 sina
416 1366 89 29 tidigare
528 1368 110 21 eventuela
659 1367 74 25 beslut,
752 1368 109 22 äfvensom
876 1371 34 19 att

154 1401 99 28 samtliga
273 1401 95 22 Ständen
385 1401 78 22 bifallit
478 1401 173 23 Statsntskottets
666 1402 79 29 förslag
758 1406 33 19 att
805 1403 102 22 Ständer-

224 1447 145 18 Staisutskottets
381 1447 110 18 betänkande
503 1447 37 18 N:o
553 1450 16 16 4.
