1089 1748
205 148 28 22 24
447 146 29 23 U.
491 147 27 22 B.
534 146 115 29 —'Prop.
665 141 89 28 N:o:17.

206 216 125 21 minimitid
357 216 114 27 umbärlig
495 217 44 20 och
561 218 32 19 att
613 216 67 21 äfven
703 216 131 28 derförutan
857 215 102 21 medföra

206 250 80 26 längre
308 250 114 27 legotider.
453 250 110 21 Särskildt
578 250 27 20 de
621 250 148 27 stadganden,
785 256 81 21 genom
882 249 79 21 'hvilka

206 284 117 21 brukaren
337 284 151 22 tillförsäkras
502 285 140 28 godtgörelse
657 284 36 22 för
707 284 99 22 kostnad
822 284 44 21 och
876 284 83 26 arbete,

207 325 50 14 som
280 318 20 28 ej
324 324 82 21 genom
429 318 160 22 motsvarande
608 318 101 22 afkomst
725 314 82 37 hunnit
820 318 74 21 blifva
909 318 52 21 fullt

206 355 90 25 ersatta,
319 354 87 26 utgöra,
429 353 76 21 såsom
527 353 156 21 erfarenheten
703 355 15 19 t.
735 360 33 14 ex.
784 353 7 21 i
807 352 105 28 England
928 354 33 19 ut-

207 387 65 27 visat,
295 390 31 18 ett
347 388 116 21 verksamt
480 388 74 21 medel
569 390 48 18 mot
631 388 47 20 täta
693 387 110 28 ombyten
818 387 25 21 af
855 387 105 21 brukare.

277 421 9 21 I
309 422 149 20 betraktande
480 422 25 20 af
517 422 38 21 det
569 422 69 21 ofvan
654 422 96 20 anförda
765 428 67 14 anser
848 422 113 20 Utskottet

208 456 33 26 sig
263 456 55 20 böra
337 456 90 25 föreslå,
450 458 31 19 att
503 456 44 21 den
570 456 35 21 för
622 458 51 25 torp
689 456 94 21 afsedda
798 456 163 27 obligatoriska

207 490 85 21 minsta
307 490 112 26 legotiden
435 490 25 21 af
472 490 31 21 tio
519 490 26 21 år
559 490 69 21 måtte
643 490 50 20 från
709 490 143 27 lagförslaget
868 490 58 27 utgå.

276 524 108 21 Deremot
399 526 25 18 är
440 524 118 27 Utskottet,
573 525 8 19 i
595 524 72 21 likhet
682 524 52 21 med
747 524 213 27 jordlegokomitén,

208 558 25 20 af
252 558 45 21 den
318 558 63 27 äsigt,
397 560 32 19 att
444 558 49 21 skäl
509 558 19 28 ej
544 559 118 26 föreligger
675 559 34 20 till
725 558 137 27 frängäende
878 558 26 21 af
916 553 43 27 den

207 592 154 27 begränsning
376 592 25 21 af
414 592 111 27 legotiden
540 593 33 21 till
589 593 66 26 högst
671 592 78 22 femtio
764 592 82 27 är,som
859 592 101 22 infördes

208 631 82 21 genom
313 626 163 27 förordningen
498 627 25 21 af
543 627 43 20 den
611 627 26 20 13
657 626 56 21 Juni
733 627 55 21 1800
807 627 42 21 och
865 627 96 22 derefter

207 663 125 25 upprepats
347 661 7 21 i
370 661 44 21 alla
434 662 147 26 stadganden,
603 668 49 14 som
668 661 117 27 angäende
800 661 112 27 legotiden
928 664 33 19 ut-

207 695 92 21 färdats.

276 730 36 20 En
328 730 169 27 maximigräns,
513 730 111 22 hvarmed
644 730 59 21 afses
718 730 123 28 tryggande
854 730 25 21 af
887 730 73 27 fastig-

208 764 154 22 hetskrediten
378 765 43 21 och
436 765 140 21 kommande
591 765 167 27 generationers
773 766 50 26 rätt,
838 766 43 20 har
893 765 7 21 i
910 765 51 27 pro-

208 799 129 27 positionen
354 802 84 18 ansetts
454 799 79 21 kunna
548 800 115 21 undvaras
679 800 29 27 pä
720 800 75 26 grund
813 800 25 21 af
852 800 37 21 det
898 800 63 21 inne-

208 834 54 26 håll,
286 840 50 14 som
359 834 75 26 gifvits
456 834 121 28 begreppet
596 834 107 28 torplega,
719 834 114 27 nemligen
850 836 32 19 att
896 834 65 27 dags-

208 867 197 29 verksskyldighet
427 868 148 27 ovilkorligen
594 868 70 21 borde
680 868 52 27 ingä
747 868 8 21 i
770 868 128 22 brukarens
913 876 48 21 pre-

209 901 115 23 stationer.
340 903 44 21 och
406 905 32 19 att
460 903 78 21 måttet
560 903 25 21 af
605 903 66 21 dessa
690 903 73 22 skulle
779 903 51 22 fullt
845 906 116 19 motsvara

208 937 79 21 värdet
307 937 25 21 af
350 937 27 21 de
393 938 121 27 förmäner,
530 945 50 14 som
595 938 159 21 tillförsäkrats
770 938 122 27 brukaren,
907 939 54 20 hva-

208 971 46 22 dan
277 972 127 27 legoaftalet
426 972 93 21 komme
540 975 31 18 att
593 972 36 21 för
647 972 175 27 hufvudgärden
837 974 80 25 utgöra
932 980 29 14 en

208 1006 123 22 bestäende
346 1007 91 20 förmän
453 1007 43 21 och
512 1007 69 21 lända
596 1007 135 21 densamma
746 1007 33 21 till
796 1007 84 28 styrka.
909 1007 52 22 Icke

208 1048 41 14 ens
272 1041 142 27 svärigheten
435 1044 32 18 att
487 1041 37 22 vid
547 1042 131 27 längvariga
700 1042 159 27 legokontrakt
874 1042 29 27 pä
919 1042 42 21 för-

208 1076 64 21 hand
292 1076 110 21 fastställa
425 1076 177 27 legovederlaget
624 1077 35 20 för
681 1077 51 20 hela
754 1077 119 27 legotiden,
889 1077 25 21 sä
930 1079 32 19 att

208 1110 128 21 detsamma
357 1111 50 20 icke
428 1111 72 21 blefve
523 1111 150 27 otillräckligt,
695 1111 43 21 har
760 1111 7 21 i
789 1111 172 28 propositionen

209 1147 85 18 ansetts
321 1145 187 27 nödvändiggöra
534 1146 74 26 någon
636 1145 206 27 tidsbegränsning,
864 1145 95 21 emedan

209 1179 70 26 sagda
299 1179 105 26 vederlag
423 1179 76 21 kunde
521 1180 67 20 hvart
608 1179 77 21 tionde
707 1180 26 20 år
751 1179 91 27 bringas
858 1182 32 19 att
905 1182 57 19 mot-

208 1215 67 19 svara
290 1213 28 21 de
334 1213 25 20 af
371 1213 64 27 legan
452 1213 142 28 härflytande
610 1213 135 22 fördelarna.

278 1247 34 21 Då
334 1247 119 28 Utskottet,
477 1248 29 27 på
529 1249 43 20 sätt
594 1248 6 21 i
624 1251 71 18 annat
710 1249 169 26 sammanhang
894 1249 68 20 fram-

209 1281 80 26 hålles,
305 1281 19 26 ej
341 1282 95 25 kunnat,
452 1282 7 19 i
475 1282 62 25 fråga
556 1289 29 13 om
599 1283 55 24 lega
670 1283 28 25 på
714 1283 47 20 viss
774 1283 32 20 tid
817 1283 44 20 och
872 1283 90 28 lifstids-

209 1314 79 27 städja,
304 1314 92 21 förorda
415 1314 156 27 påbjudandet
585 1315 26 20 af
623 1315 163 26 obligatoriska
801 1316 123 21 revisioner
939 1316 25 20 af

207 1348 181 27 legovederlaget
410 1348 44 21 och
476 1351 73 18 ansett
567 1349 128 27 syftemålet
709 1349 53 21 med
778 1350 119 21 desamma
912 1350 50 21 icke

208 1382 71 21 heller
294 1382 30 27 på
339 1384 71 25 annat
426 1383 43 20 sätt
484 1382 79 21 kunna
579 1383 52 20 med
647 1383 105 22 säkerhet
763 1384 88 27 vinnas,
863 1384 100 21 förfaller

209 1416 45 21 den
275 1416 81 27 grund,
380 1416 88 28 hvarpå
489 1416 172 29 propositionen
681 1417 76 22 stöder
772 1418 38 21 sitt
824 1418 84 27 förslag
923 1425 38 15 om

208 1451 44 21 den
275 1458 33 14 nu
324 1451 107 27 stadgade
446 1451 81 27 högsta
542 1451 124 27 legotidens
681 1452 148 22 afskaffande.
860 1452 47 22 För
919 1453 43 22 till-

278 1497 48 22 Lag-
338 1497 32 18 och
383 1497 183 18 Ekonomiutskottets
579 1497 109 18 betänkande
700 1498 38 18 N:o
750 1500 17 16 4.
