1078 1753
191 177 26 19 60
389 175 69 21 Ständ.
474 176 32 21 Sv.
524 186 26 5 —
566 174 59 28 Prop.
642 174 36 22 N:o
695 174 31 22 17.

531 239 27 19 63
574 237 20 28 8.

257 276 48 22 Har
326 278 77 26 någon
425 278 30 27 på
470 276 74 29 grund
560 276 26 22 af
598 276 98 28 muntlig
711 276 229 22 öfverenskommelse

189 311 51 21 med
260 311 121 28 jordegare
402 311 88 28 begynt
512 313 59 20 emot
593 311 52 28 lega
664 310 72 22 bruka
752 310 73 22 denne
839 310 102 28 tillhörig

187 345 59 28 jord,
260 353 54 14 vare
330 345 126 28 berättigad
471 348 33 19 att
520 345 26 21 af
559 345 84 22 honom
658 344 112 29 skriftligt
784 344 109 29 legoaftal
908 352 32 13 er-

190 380 66 21 hålla.
286 379 88 28 Vägrar
395 379 135 29 jordegaren
553 381 33 20 att
607 381 31 27 på
653 379 123 22 anfordran
790 379 80 21 sådant
885 378 56 22 aftal

190 416 113 27 upprätta,
319 415 36 20 må
371 413 111 22 brukaren
497 414 45 21 låta
557 414 84 21 honom
656 414 34 21 till
706 414 97 21 domstol
812 414 128 26 instämma;

191 449 42 21 och
255 456 53 21 eger
331 449 125 21 domstolen
477 449 8 20 i
506 449 137 28 protokollet
665 451 107 26 upptaga,
793 448 60 21 hvad
869 447 72 28 enligt

190 485 115 26 parternes
321 482 117 29 uppgifter
454 483 53 21 eller
522 491 74 14 annan
611 483 130 28 tillgänglig
755 483 122 28 utredning
889 482 52 21 dem

191 517 94 21 emellan
308 517 216 21 öfverenskommits.
554 517 97 22 Pröfvas
674 517 34 27 då,
733 519 33 18 att
786 517 38 20 det
842 516 98 25 område,

189 551 68 21 hvars
272 551 122 27 utlegande
409 551 243 21 öfverenskommelsen
669 551 65 26 afser,
752 551 117 21 äfvensom
879 551 61 27 lego-

190 585 141 28 vederlagets
354 584 157 22 beskaffenhet
533 585 43 22 och
590 585 82 29 belopp
687 584 77 22 blifvit
778 587 25 19 så
818 584 123 26 bestämda,

191 627 48 14 som
260 619 8 21 i
290 621 13 19 2
327 619 43 21 och
388 621 12 19 3
415 619 29 29 SS
459 620 73 21 finnes
547 619 111 29 stadgadt,
675 619 53 21 eller
743 620 78 20 kunna
835 621 106 27 parterne

191 661 52 15 enas
266 661 37 15 om
324 654 85 28 nödiga
424 654 168 29 bestämningar
606 654 35 21 till
656 654 148 28 afhjelpande
819 654 26 21 af
858 654 61 21 hvad
933 654 8 20 i

191 688 80 21 sådant
293 688 106 22 afseende
422 688 86 26 brister,
531 690 36 19 mä
590 688 131 26 domstolen,
738 688 74 21 derest
826 688 115 21 öfverens-

190 722 139 22 kommelsen
350 723 50 20 icke
422 723 70 21 heller
514 723 8 20 i
544 723 70 28 öfrigt
635 723 102 20 befinnes
760 723 114 21 stridande
894 725 47 19 mot

191 757 155 28 stadgandena
368 757 8 21 i
398 757 74 22 denna
488 757 45 29 lag,
548 765 83 21 genom
645 757 76 28 utslag
736 757 111 22 fastställa
862 757 79 22 aftalet

191 794 32 19 att
246 792 59 28 gälla
328 792 7 20 i
357 791 31 22 tio
411 793 31 24 år,
465 792 97 21 räknadt
583 791 51 22 från
656 791 44 22 den
718 792 39 26 tid,
774 791 166 22 öfverenskom-

190 826 85 21 melsen
290 825 113 22 träffades.
430 826 74 21 Sedan
519 827 98 28 utslaget
632 826 82 21 vunnit
728 826 52 28 laga
794 826 67 25 kraft,
872 826 69 22 hafve

191 860 123 22 detsamma
329 860 117 21 enahanda
462 860 105 29 giltighet
582 868 47 14 som
645 860 109 29 skriftligt
764 860 114 29 legoaftal.
893 861 48 21 Har

190 895 137 28 lägenheten
342 894 146 22 derförinnan
503 897 29 26 på
548 895 73 28 grund
637 895 25 20 af
670 894 142 29 försäljning,
823 895 53 28 byte
887 895 54 21 eller

190 931 61 26 pant,
267 936 49 15 som
331 929 135 28 lagstånden
481 933 29 22 är,
528 929 114 28 öfvergått
656 929 35 22 till
706 937 32 21 ny
749 937 73 21 egare,
833 937 53 14 vare
897 930 44 21 den

190 963 111 29 muntliga
315 963 244 22 öfverenskommelsen
574 966 54 19 utan
643 964 91 21 verkan.

257 997 166 28 Undandrager
446 998 35 28 sig
500 998 111 21 brukaren
626 1000 33 19 att
674 1000 30 26 på
718 998 169 28 legogifvarens
903 1006 37 14 an-

189 1031 94 22 fordran
305 1031 110 28 skriftligt
437 1032 109 27 legoaftal
569 1034 112 26 upprätta,
700 1032 69 21 hafve
784 1033 157 28 legogifvaren

189 1068 45 19 rätt
249 1068 33 19 att
296 1065 84 22 honom
394 1068 108 25 uppsäga.

530 1131 27 18 64
577 1129 21 28 8.

257 1167 126 28 Angående
394 1167 28 22 de
432 1167 80 26 vilkor,
523 1167 128 22 hvarunder
661 1168 183 27 kronohemman,
856 1168 83 28 kungs-

190 1201 88 28 gårdar,
301 1201 87 22 militie-
411 1202 42 21 och
476 1202 137 21 civilstatens
636 1204 58 19 samt
708 1203 177 28 presterskapets
901 1202 38 22 bo-

189 1235 80 22 ställen
293 1235 118 22 äfvensom
433 1236 35 21 till
490 1236 65 21 dessa
576 1236 131 28 lägenheter
722 1236 100 22 hörande
836 1240 51 25 torp
902 1238 37 19 må

189 1269 140 26 innehafvas,
346 1273 24 18 är
386 1270 104 21 särskildt
506 1270 111 28 stadgadt.

532 1333 27 19 65
574 1333 20 25 8.

256 1370 83 22 Denna
353 1371 38 28 lag
405 1371 58 21 skall
477 1371 68 21 lända
559 1371 35 21 till
609 1371 149 22 efterrättelse
773 1372 51 21 från
835 1372 42 22 och
887 1373 51 21 med

189 1404 44 22 den

256 1435 22 26 Ä
312 1440 109 28 legoaftal
456 1440 117 28 angående
604 1440 130 29 skatteköpt
762 1441 177 22 kronohemman

189 1474 54 22 eller
265 1474 81 22 sädant
369 1474 105 22 hemman
495 1474 171 29 underlydande
685 1477 57 27 torp,
758 1476 40 21 der
813 1475 78 23 aftalet
905 1476 32 22 in-
