<?xml version="1.0" encoding="UTF-8"?>
<alto xmlns="http://www.loc.gov/standards/alto/ns-v3#" xmlns:xlink="http://www.w3.org/1999/xlink" xmlns:xsi="http://www.w3.org/2001/XMLSchema-instance" xsi:schemaLocation="http://www.loc.gov/standards/alto/ns-v3# http://www.loc.gov/alto/v3/alto-3-0.xsd">
	<Description>
		<MeasurementUnit>pixel</MeasurementUnit>
		<sourceImageInformation>
			<fileName>/tmp/tess_bwajueyf_input.PNG</fileName>
		</sourceImageInformation>
		<OCRProcessing ID="OCR_0">
			<ocrProcessingStep>
				<processingSoftware>
					<softwareName>tesseract 5.3.4</softwareName>
				</processingSoftware>
			</ocrProcessingStep>
		</OCRProcessing>
	</Description>
	<Layout>
		<Page WIDTH="1050" HEIGHT="1714" PHYSICAL_IMG_NR="0" ID="page_0">
			<PrintSpace HPOS="0" VPOS="0" WIDTH="1050" HEIGHT="1714">
				<ComposedBlock ID="cblock_0" HPOS="169" VPOS="116" WIDTH="535" HEIGHT="97">
					<TextBlock ID="block_0" HPOS="169" VPOS="116" WIDTH="535" HEIGHT="97">
						<TextLine ID="line_0" HPOS="169" VPOS="116" WIDTH="535" HEIGHT="29">
							<String ID="string_0" HPOS="169" VPOS="118" WIDTH="26" HEIGHT="20" WC="0.96" CONTENT="30"/><SP WIDTH="193" VPOS="118" HPOS="195"/>
							<String ID="string_1" HPOS="388" VPOS="116" WIDTH="30" HEIGHT="23" WC="0.90" CONTENT="U."/><SP WIDTH="15" VPOS="116" HPOS="418"/>
							<String ID="string_2" HPOS="433" VPOS="117" WIDTH="29" HEIGHT="23" WC="0.90" CONTENT="B."/><SP WIDTH="18" VPOS="117" HPOS="462"/>
							<String ID="string_3" HPOS="480" VPOS="129" WIDTH="24" HEIGHT="4" WC="0.91" CONTENT="—"/><SP WIDTH="17" VPOS="129" HPOS="504"/>
							<String ID="string_4" HPOS="521" VPOS="117" WIDTH="74" HEIGHT="28" WC="0.95" CONTENT="Prop."/><SP WIDTH="16" VPOS="117" HPOS="595"/>
							<String ID="string_5" HPOS="611" VPOS="117" WIDTH="40" HEIGHT="23" WC="0.96" CONTENT="N:o"/><SP WIDTH="15" VPOS="117" HPOS="651"/>
							<String ID="string_6" HPOS="666" VPOS="116" WIDTH="38" HEIGHT="23" WC="0.95" CONTENT="27."/>
						</TextLine>
						<TextLine ID="line_1" HPOS="415" VPOS="185" WIDTH="259" HEIGHT="28">
							<String ID="string_7" HPOS="415" VPOS="186" WIDTH="36" HEIGHT="24" WC="0.92" CONTENT="(12"/><SP WIDTH="14" VPOS="186" HPOS="451"/>
							<String ID="string_8" HPOS="465" VPOS="186" WIDTH="14" HEIGHT="26" WC="0.92" CONTENT="$"/><SP WIDTH="14" VPOS="186" HPOS="479"/>
							<String ID="string_9" HPOS="493" VPOS="186" WIDTH="10" HEIGHT="20" WC="0.96" CONTENT="i"/><SP WIDTH="11" VPOS="186" HPOS="503"/>
							<String ID="string_10" HPOS="514" VPOS="192" WIDTH="63" HEIGHT="21" WC="0.94" CONTENT="prop."/><SP WIDTH="18" VPOS="192" HPOS="577"/>
							<String ID="string_11" HPOS="595" VPOS="185" WIDTH="79" HEIGHT="28" WC="0.96" CONTENT="utgår)."/>
						</TextLine>
					</TextBlock>
				</ComposedBlock>
				<ComposedBlock ID="cblock_1" HPOS="167" VPOS="248" WIDTH="755" HEIGHT="142">
					<TextBlock ID="block_1" HPOS="167" VPOS="248" WIDTH="755" HEIGHT="142">
						<TextLine ID="line_2" HPOS="426" VPOS="248" WIDTH="242" HEIGHT="28">
							<String ID="string_12" HPOS="426" VPOS="248" WIDTH="26" HEIGHT="21" WC="0.92" CONTENT="10"/><SP WIDTH="16" VPOS="248" HPOS="452"/>
							<String ID="string_13" HPOS="468" VPOS="248" WIDTH="11" HEIGHT="27" WC="0.88" CONTENT="8"/><SP WIDTH="22" VPOS="248" HPOS="479"/>
							<String ID="string_14" HPOS="501" VPOS="248" WIDTH="36" HEIGHT="26" WC="0.96" CONTENT="(13"/><SP WIDTH="16" VPOS="248" HPOS="537"/>
							<String ID="string_15" HPOS="553" VPOS="248" WIDTH="33" HEIGHT="28" WC="0.60" CONTENT="$i"/><SP WIDTH="15" VPOS="248" HPOS="586"/>
							<String ID="string_16" HPOS="601" VPOS="248" WIDTH="67" HEIGHT="28" WC="0.91" CONTENT="prop.)"/>
						</TextLine>
						<TextLine ID="line_3" HPOS="237" VPOS="292" WIDTH="685" HEIGHT="29">
							<String ID="string_17" HPOS="237" VPOS="292" WIDTH="62" HEIGHT="23" WC="0.96" CONTENT="Hvar"/><SP WIDTH="21" VPOS="292" HPOS="299"/>
							<String ID="string_18" HPOS="320" VPOS="300" WIDTH="45" HEIGHT="14" WC="0.96" CONTENT="som"/><SP WIDTH="23" VPOS="300" HPOS="365"/>
							<String ID="string_19" HPOS="388" VPOS="292" WIDTH="72" HEIGHT="23" WC="0.96" CONTENT="blifvit"/><SP WIDTH="13" VPOS="292" HPOS="460"/>
							<String ID="string_20" HPOS="473" VPOS="294" WIDTH="8" HEIGHT="20" WC="0.96" CONTENT="i"/><SP WIDTH="14" VPOS="294" HPOS="481"/>
							<String ID="string_21" HPOS="495" VPOS="293" WIDTH="108" HEIGHT="28" WC="0.95" CONTENT="offentligt"/><SP WIDTH="23" VPOS="293" HPOS="603"/>
							<String ID="string_22" HPOS="626" VPOS="293" WIDTH="87" HEIGHT="28" WC="0.96" CONTENT="register"/><SP WIDTH="20" VPOS="293" HPOS="713"/>
							<String ID="string_23" HPOS="733" VPOS="292" WIDTH="71" HEIGHT="22" WC="0.96" CONTENT="införd"/><SP WIDTH="17" VPOS="292" HPOS="804"/>
							<String ID="string_24" HPOS="821" VPOS="300" WIDTH="49" HEIGHT="14" WC="0.92" CONTENT="vare"/><SP WIDTH="15" VPOS="300" HPOS="870"/>
							<String ID="string_25" HPOS="885" VPOS="293" WIDTH="37" HEIGHT="21" WC="0.91" CONTENT="fri-"/>
						</TextLine>
						<TextLine ID="line_4" HPOS="168" VPOS="327" WIDTH="754" HEIGHT="29">
							<String ID="string_26" HPOS="168" VPOS="328" WIDTH="72" HEIGHT="22" WC="0.96" CONTENT="kallad"/><SP WIDTH="22" VPOS="328" HPOS="240"/>
							<String ID="string_27" HPOS="262" VPOS="328" WIDTH="47" HEIGHT="21" WC="0.96" CONTENT="från"/><SP WIDTH="22" VPOS="328" HPOS="309"/>
							<String ID="string_28" HPOS="331" VPOS="328" WIDTH="28" HEIGHT="20" WC="0.90" CONTENT="all"/><SP WIDTH="19" VPOS="328" HPOS="359"/>
							<String ID="string_29" HPOS="378" VPOS="328" WIDTH="94" HEIGHT="28" WC="0.91" CONTENT="personel"/><SP WIDTH="15" VPOS="328" HPOS="472"/>
							<String ID="string_30" HPOS="487" VPOS="328" WIDTH="64" HEIGHT="28" WC="0.91" CONTENT="afgift"/><SP WIDTH="14" VPOS="328" HPOS="551"/>
							<String ID="string_31" HPOS="565" VPOS="327" WIDTH="33" HEIGHT="21" WC="0.93" CONTENT="till"/><SP WIDTH="15" VPOS="327" HPOS="598"/>
							<String ID="string_32" HPOS="613" VPOS="327" WIDTH="134" HEIGHT="29" WC="0.91" CONTENT="presterskap"/><SP WIDTH="16" VPOS="327" HPOS="747"/>
							<String ID="string_33" HPOS="763" VPOS="328" WIDTH="40" HEIGHT="21" WC="0.93" CONTENT="och"/><SP WIDTH="15" VPOS="328" HPOS="803"/>
							<String ID="string_34" HPOS="818" VPOS="327" WIDTH="104" HEIGHT="29" WC="0.92" CONTENT="kyrkobe-"/>
						</TextLine>
						<TextLine ID="line_5" HPOS="167" VPOS="361" WIDTH="618" HEIGHT="29">
							<String ID="string_35" HPOS="167" VPOS="363" WIDTH="81" HEIGHT="27" WC="0.92" CONTENT="tjening"/><SP WIDTH="15" VPOS="363" HPOS="248"/>
							<String ID="string_36" HPOS="263" VPOS="363" WIDTH="56" HEIGHT="20" WC="0.96" CONTENT="inom"/><SP WIDTH="15" VPOS="363" HPOS="319"/>
							<String ID="string_37" HPOS="334" VPOS="362" WIDTH="27" HEIGHT="21" WC="0.96" CONTENT="de"/><SP WIDTH="15" VPOS="362" HPOS="361"/>
							<String ID="string_38" HPOS="376" VPOS="362" WIDTH="8" HEIGHT="20" WC="0.93" CONTENT="i"/><SP WIDTH="13" VPOS="362" HPOS="384"/>
							<String ID="string_39" HPOS="397" VPOS="362" WIDTH="73" HEIGHT="21" WC="0.92" CONTENT="laudet"/><SP WIDTH="14" VPOS="362" HPOS="470"/>
							<String ID="string_40" HPOS="484" VPOS="362" WIDTH="114" HEIGHT="21" WC="0.93" CONTENT="bestående"/><SP WIDTH="15" VPOS="362" HPOS="598"/>
							<String ID="string_41" HPOS="613" VPOS="361" WIDTH="172" HEIGHT="29" WC="0.92" CONTENT="kyrkosamfund."/>
						</TextLine>
					</TextBlock>
				</ComposedBlock>
				<ComposedBlock ID="cblock_2" HPOS="167" VPOS="424" WIDTH="755" HEIGHT="246">
					<TextBlock ID="block_2" HPOS="425" VPOS="424" WIDTH="241" HEIGHT="28">
						<TextLine ID="line_6" HPOS="425" VPOS="424" WIDTH="241" HEIGHT="28">
							<String ID="string_42" HPOS="425" VPOS="426" WIDTH="25" HEIGHT="19" WC="0.93" CONTENT="11"/><SP WIDTH="17" VPOS="426" HPOS="450"/>
							<String ID="string_43" HPOS="467" VPOS="425" WIDTH="11" HEIGHT="26" WC="0.85" CONTENT="8"/><SP WIDTH="23" VPOS="425" HPOS="478"/>
							<String ID="string_44" HPOS="501" VPOS="426" WIDTH="36" HEIGHT="25" WC="0.92" CONTENT="(14"/><SP WIDTH="15" VPOS="426" HPOS="537"/>
							<String ID="string_45" HPOS="552" VPOS="425" WIDTH="12" HEIGHT="27" WC="0.89" CONTENT="$"/><SP WIDTH="15" VPOS="425" HPOS="564"/>
							<String ID="string_46" HPOS="579" VPOS="424" WIDTH="8" HEIGHT="21" WC="0.96" CONTENT="i"/><SP WIDTH="14" VPOS="424" HPOS="587"/>
							<String ID="string_47" HPOS="601" VPOS="426" WIDTH="65" HEIGHT="26" WC="0.80" CONTENT="prop.)"/>
						</TextLine>
					</TextBlock>
					<TextBlock ID="block_3" HPOS="167" VPOS="462" WIDTH="755" HEIGHT="208">
						<TextLine ID="line_7" HPOS="236" VPOS="462" WIDTH="685" HEIGHT="29">
							<String ID="string_48" HPOS="236" VPOS="462" WIDTH="20" HEIGHT="29" WC="0.92" CONTENT="Å"/><SP WIDTH="15" VPOS="462" HPOS="256"/>
							<String ID="string_49" HPOS="271" VPOS="469" WIDTH="92" HEIGHT="22" WC="0.95" CONTENT="Senaten"/><SP WIDTH="16" VPOS="469" HPOS="363"/>
							<String ID="string_50" HPOS="379" VPOS="469" WIDTH="122" HEIGHT="21" WC="0.96" CONTENT="ankommer"/><SP WIDTH="15" VPOS="469" HPOS="501"/>
							<String ID="string_51" HPOS="516" VPOS="473" WIDTH="32" HEIGHT="18" WC="0.96" CONTENT="att"/><SP WIDTH="15" VPOS="473" HPOS="548"/>
							<String ID="string_52" HPOS="563" VPOS="469" WIDTH="96" HEIGHT="21" WC="0.96" CONTENT="meddela"/><SP WIDTH="10" VPOS="469" HPOS="659"/>
							<String ID="string_53" HPOS="669" VPOS="470" WIDTH="26" HEIGHT="20" WC="0.96" CONTENT="de"/><SP WIDTH="11" VPOS="470" HPOS="695"/>
							<String ID="string_54" HPOS="706" VPOS="471" WIDTH="95" HEIGHT="19" WC="0.92" CONTENT="närmare"/><SP WIDTH="11" VPOS="471" HPOS="801"/>
							<String ID="string_55" HPOS="812" VPOS="469" WIDTH="109" HEIGHT="21" WC="0.92" CONTENT="föreskrif-"/>
						</TextLine>
						<TextLine ID="line_8" HPOS="167" VPOS="503" WIDTH="755" HEIGHT="29">
							<String ID="string_56" HPOS="167" VPOS="507" WIDTH="38" HEIGHT="23" WC="0.96" CONTENT="ter,"/><SP WIDTH="16" VPOS="507" HPOS="205"/>
							<String ID="string_57" HPOS="221" VPOS="511" WIDTH="44" HEIGHT="14" WC="0.96" CONTENT="som"/><SP WIDTH="15" VPOS="511" HPOS="265"/>
							<String ID="string_58" HPOS="280" VPOS="504" WIDTH="34" HEIGHT="21" WC="0.96" CONTENT="för"/><SP WIDTH="13" VPOS="504" HPOS="314"/>
							<String ID="string_59" HPOS="327" VPOS="504" WIDTH="180" HEIGHT="28" WC="0.96" CONTENT="genomförandet"/><SP WIDTH="15" VPOS="504" HPOS="507"/>
							<String ID="string_60" HPOS="522" VPOS="505" WIDTH="28" HEIGHT="26" WC="0.92" CONTENT="af"/><SP WIDTH="12" VPOS="505" HPOS="550"/>
							<String ID="string_61" HPOS="562" VPOS="504" WIDTH="195" HEIGHT="27" WC="0.90" CONTENT="bestämningarna"/><SP WIDTH="15" VPOS="504" HPOS="757"/>
							<String ID="string_62" HPOS="772" VPOS="504" WIDTH="10" HEIGHT="20" WC="0.95" CONTENT="i"/><SP WIDTH="15" VPOS="504" HPOS="782"/>
							<String ID="string_63" HPOS="797" VPOS="503" WIDTH="69" HEIGHT="22" WC="0.93" CONTENT="denna"/><SP WIDTH="12" VPOS="503" HPOS="866"/>
							<String ID="string_64" HPOS="878" VPOS="503" WIDTH="44" HEIGHT="21" WC="0.93" CONTENT="för-"/>
						</TextLine>
						<TextLine ID="line_9" HPOS="168" VPOS="538" WIDTH="752" HEIGHT="29">
							<String ID="string_65" HPOS="168" VPOS="538" WIDTH="89" HEIGHT="29" WC="0.93" CONTENT="ordning"/><SP WIDTH="15" VPOS="538" HPOS="257"/>
							<String ID="string_66" HPOS="272" VPOS="538" WIDTH="116" HEIGHT="27" WC="0.90" CONTENT="erfordvas;"/><SP WIDTH="14" VPOS="538" HPOS="388"/>
							<String ID="string_67" HPOS="402" VPOS="540" WIDTH="33" HEIGHT="19" WC="0.96" CONTENT="att"/><SP WIDTH="15" VPOS="540" HPOS="435"/>
							<String ID="string_68" HPOS="450" VPOS="539" WIDTH="100" HEIGHT="20" WC="0.96" CONTENT="anordna"/><SP WIDTH="15" VPOS="539" HPOS="550"/>
							<String ID="string_69" HPOS="565" VPOS="538" WIDTH="85" HEIGHT="27" WC="0.96" CONTENT="behörig"/><SP WIDTH="12" VPOS="538" HPOS="650"/>
							<String ID="string_70" HPOS="662" VPOS="538" WIDTH="77" HEIGHT="27" WC="0.96" CONTENT="tillsyn"/><SP WIDTH="13" VPOS="538" HPOS="739"/>
							<String ID="string_71" HPOS="752" VPOS="539" WIDTH="61" HEIGHT="27" WC="0.93" CONTENT="öfver"/><SP WIDTH="9" VPOS="539" HPOS="813"/>
							<String ID="string_72" HPOS="822" VPOS="539" WIDTH="98" HEIGHT="26" WC="0.91" CONTENT="register-"/>
						</TextLine>
						<TextLine ID="line_10" HPOS="167" VPOS="572" WIDTH="754" HEIGHT="29">
							<String ID="string_73" HPOS="167" VPOS="573" WIDTH="140" HEIGHT="28" WC="0.95" CONTENT="myndighets"/><SP WIDTH="20" VPOS="573" HPOS="307"/>
							<String ID="string_74" HPOS="327" VPOS="572" WIDTH="134" HEIGHT="21" WC="0.96" CONTENT="verksamhet"/><SP WIDTH="20" VPOS="572" HPOS="461"/>
							<String ID="string_75" HPOS="481" VPOS="574" WIDTH="59" HEIGHT="19" WC="0.95" CONTENT="samt"/><SP WIDTH="14" VPOS="574" HPOS="540"/>
							<String ID="string_76" HPOS="554" VPOS="574" WIDTH="33" HEIGHT="19" WC="0.95" CONTENT="att"/><SP WIDTH="14" VPOS="574" HPOS="587"/>
							<String ID="string_77" HPOS="601" VPOS="572" WIDTH="112" HEIGHT="27" WC="0.96" CONTENT="fastställa"/><SP WIDTH="16" VPOS="572" HPOS="713"/>
							<String ID="string_78" HPOS="729" VPOS="572" WIDTH="42" HEIGHT="21" WC="0.93" CONTENT="den"/><SP WIDTH="14" VPOS="572" HPOS="771"/>
							<String ID="string_79" HPOS="785" VPOS="572" WIDTH="74" HEIGHT="28" WC="0.91" CONTENT="afgift,"/><SP WIDTH="16" VPOS="572" HPOS="859"/>
							<String ID="string_80" HPOS="875" VPOS="579" WIDTH="46" HEIGHT="14" WC="0.96" CONTENT="som"/>
						</TextLine>
						<TextLine ID="line_11" HPOS="167" VPOS="607" WIDTH="754" HEIGHT="28">
							<String ID="string_81" HPOS="167" VPOS="608" WIDTH="56" HEIGHT="21" WC="0.96" CONTENT="skall"/><SP WIDTH="23" VPOS="608" HPOS="223"/>
							<String ID="string_82" HPOS="246" VPOS="608" WIDTH="35" HEIGHT="21" WC="0.96" CONTENT="till"/><SP WIDTH="22" VPOS="608" HPOS="281"/>
							<String ID="string_83" HPOS="303" VPOS="607" WIDTH="71" HEIGHT="22" WC="0.96" CONTENT="sådan"/><SP WIDTH="14" VPOS="607" HPOS="374"/>
							<String ID="string_84" HPOS="388" VPOS="607" WIDTH="127" HEIGHT="28" WC="0.96" CONTENT="myndighet"/><SP WIDTH="16" VPOS="607" HPOS="515"/>
							<String ID="string_85" HPOS="531" VPOS="607" WIDTH="98" HEIGHT="28" WC="0.96" CONTENT="erläggas"/><SP WIDTH="15" VPOS="607" HPOS="629"/>
							<String ID="string_86" HPOS="644" VPOS="607" WIDTH="28" HEIGHT="28" WC="0.96" CONTENT="af"/><SP WIDTH="11" VPOS="607" HPOS="672"/>
							<String ID="string_87" HPOS="683" VPOS="607" WIDTH="9" HEIGHT="21" WC="0.96" CONTENT="i"/><SP WIDTH="16" VPOS="607" HPOS="692"/>
							<String ID="string_88" HPOS="708" VPOS="607" WIDTH="111" HEIGHT="28" WC="0.96" CONTENT="offentligt"/><SP WIDTH="13" VPOS="607" HPOS="819"/>
							<String ID="string_89" HPOS="832" VPOS="607" WIDTH="89" HEIGHT="28" WC="0.95" CONTENT="register"/>
						</TextLine>
						<TextLine ID="line_12" HPOS="167" VPOS="641" WIDTH="696" HEIGHT="29">
							<String ID="string_90" HPOS="167" VPOS="642" WIDTH="76" HEIGHT="28" WC="0.96" CONTENT="införd"/><SP WIDTH="12" VPOS="642" HPOS="243"/>
							<String ID="string_91" HPOS="255" VPOS="649" WIDTH="87" HEIGHT="21" WC="0.95" CONTENT="person,"/><SP WIDTH="17" VPOS="649" HPOS="342"/>
							<String ID="string_92" HPOS="359" VPOS="641" WIDTH="38" HEIGHT="22" WC="0.96" CONTENT="och"/><SP WIDTH="15" VPOS="641" HPOS="397"/>
							<String ID="string_93" HPOS="412" VPOS="644" WIDTH="50" HEIGHT="18" WC="0.96" CONTENT="taxa"/><SP WIDTH="15" VPOS="644" HPOS="462"/>
							<String ID="string_94" HPOS="477" VPOS="641" WIDTH="34" HEIGHT="21" WC="0.96" CONTENT="för"/><SP WIDTH="14" VPOS="641" HPOS="511"/>
							<String ID="string_95" HPOS="525" VPOS="641" WIDTH="132" HEIGHT="28" WC="0.96" CONTENT="utfärdande"/><SP WIDTH="15" VPOS="641" HPOS="657"/>
							<String ID="string_96" HPOS="672" VPOS="641" WIDTH="28" HEIGHT="28" WC="0.93" CONTENT="af"/><SP WIDTH="13" VPOS="641" HPOS="700"/>
							<String ID="string_97" HPOS="713" VPOS="641" WIDTH="150" HEIGHT="29" WC="0.90" CONTENT="embetsbetyg."/>
						</TextLine>
					</TextBlock>
				</ComposedBlock>
				<ComposedBlock ID="cblock_3" HPOS="167" VPOS="705" WIDTH="754" HEIGHT="109">
					<TextBlock ID="block_4" HPOS="167" VPOS="705" WIDTH="754" HEIGHT="109">
						<TextLine ID="line_13" HPOS="421" VPOS="705" WIDTH="249" HEIGHT="28">
							<String ID="string_98" HPOS="421" VPOS="705" WIDTH="53" HEIGHT="28" WC="0.91" CONTENT="128"/><SP WIDTH="29" VPOS="705" HPOS="474"/>
							<String ID="string_99" HPOS="503" VPOS="706" WIDTH="34" HEIGHT="27" WC="0.89" CONTENT="(15"/><SP WIDTH="16" VPOS="706" HPOS="537"/>
							<String ID="string_100" HPOS="553" VPOS="706" WIDTH="12" HEIGHT="27" WC="0.71" CONTENT="8"/><SP WIDTH="15" VPOS="706" HPOS="565"/>
							<String ID="string_101" HPOS="580" VPOS="705" WIDTH="7" HEIGHT="21" WC="0.93" CONTENT="i"/><SP WIDTH="15" VPOS="705" HPOS="587"/>
							<String ID="string_102" HPOS="602" VPOS="705" WIDTH="68" HEIGHT="28" WC="0.95" CONTENT="prop.)"/>
						</TextLine>
						<TextLine ID="line_14" HPOS="236" VPOS="750" WIDTH="685" HEIGHT="29">
							<String ID="string_103" HPOS="236" VPOS="751" WIDTH="76" HEIGHT="21" WC="0.95" CONTENT="Denna"/><SP WIDTH="20" VPOS="751" HPOS="312"/>
							<String ID="string_104" HPOS="332" VPOS="751" WIDTH="129" HEIGHT="28" WC="0.95" CONTENT="förordning,"/><SP WIDTH="19" VPOS="751" HPOS="461"/>
							<String ID="string_105" HPOS="480" VPOS="751" WIDTH="85" HEIGHT="21" WC="0.96" CONTENT="hvilken"/><SP WIDTH="18" VPOS="751" HPOS="565"/>
							<String ID="string_106" HPOS="583" VPOS="751" WIDTH="48" HEIGHT="21" WC="0.96" CONTENT="icke"/><SP WIDTH="20" VPOS="751" HPOS="631"/>
							<String ID="string_107" HPOS="651" VPOS="751" WIDTH="60" HEIGHT="21" WC="0.93" CONTENT="berör"/><SP WIDTH="18" VPOS="751" HPOS="711"/>
							<String ID="string_108" HPOS="729" VPOS="750" WIDTH="192" HEIGHT="29" WC="0.92" CONTENT="grekisk-katolska"/>
						</TextLine>
						<TextLine ID="line_15" HPOS="167" VPOS="785" WIDTH="754" HEIGHT="29">
							<String ID="string_109" HPOS="167" VPOS="786" WIDTH="82" HEIGHT="28" WC="0.96" CONTENT="kyrkan"/><SP WIDTH="15" VPOS="786" HPOS="249"/>
							<String ID="string_110" HPOS="264" VPOS="786" WIDTH="39" HEIGHT="21" WC="0.96" CONTENT="och"/><SP WIDTH="16" VPOS="786" HPOS="303"/>
							<String ID="string_111" HPOS="319" VPOS="785" WIDTH="49" HEIGHT="22" WC="0.96" CONTENT="dess"/><SP WIDTH="15" VPOS="785" HPOS="368"/>
							<String ID="string_112" HPOS="383" VPOS="785" WIDTH="142" HEIGHT="27" WC="0.96" CONTENT="medlemmar,"/><SP WIDTH="14" VPOS="785" HPOS="525"/>
							<String ID="string_113" HPOS="539" VPOS="785" WIDTH="53" HEIGHT="22" WC="0.96" CONTENT="skall"/><SP WIDTH="15" VPOS="785" HPOS="592"/>
							<String ID="string_114" HPOS="607" VPOS="785" WIDTH="61" HEIGHT="21" WC="0.95" CONTENT="träda"/><SP WIDTH="14" VPOS="785" HPOS="668"/>
							<String ID="string_115" HPOS="682" VPOS="786" WIDTH="7" HEIGHT="20" WC="0.96" CONTENT="i"/><SP WIDTH="15" VPOS="786" HPOS="689"/>
							<String ID="string_116" HPOS="704" VPOS="785" WIDTH="97" HEIGHT="29" WC="0.96" CONTENT="gällande"/><SP WIDTH="12" VPOS="785" HPOS="801"/>
							<String ID="string_117" HPOS="813" VPOS="785" WIDTH="58" HEIGHT="21" WC="0.96" CONTENT="kraft"/><SP WIDTH="10" VPOS="785" HPOS="871"/>
							<String ID="string_118" HPOS="881" VPOS="785" WIDTH="40" HEIGHT="22" WC="0.96" CONTENT="den"/>
						</TextLine>
					</TextBlock>
				</ComposedBlock>
				<ComposedBlock ID="cblock_4" HPOS="201" VPOS="923" WIDTH="684" HEIGHT="64">
					<TextBlock ID="block_5" HPOS="201" VPOS="923" WIDTH="684" HEIGHT="64">
						<TextLine ID="line_16" HPOS="201" VPOS="923" WIDTH="684" HEIGHT="31">
							<String ID="string_119" HPOS="201" VPOS="924" WIDTH="120" HEIGHT="30" WC="0.96" CONTENT="Förordning"/><SP WIDTH="16" VPOS="924" HPOS="321"/>
							<String ID="string_120" HPOS="337" VPOS="923" WIDTH="102" HEIGHT="31" WC="0.93" CONTENT="angående"/><SP WIDTH="17" VPOS="923" HPOS="439"/>
							<String ID="string_121" HPOS="456" VPOS="923" WIDTH="107" HEIGHT="30" WC="0.92" CONTENT="öfvergång"/><SP WIDTH="16" VPOS="923" HPOS="563"/>
							<String ID="string_122" HPOS="579" VPOS="923" WIDTH="28" HEIGHT="24" WC="0.93" CONTENT="till"/><SP WIDTH="12" VPOS="923" HPOS="607"/>
							<String ID="string_123" HPOS="619" VPOS="923" WIDTH="157" HEIGHT="30" WC="0.90" CONTENT="kyrkosamfund,"/><SP WIDTH="12" VPOS="923" HPOS="776"/>
							<String ID="string_124" HPOS="788" VPOS="930" WIDTH="42" HEIGHT="18" WC="0.95" CONTENT="som"/><SP WIDTH="12" VPOS="930" HPOS="830"/>
							<String ID="string_125" HPOS="842" VPOS="923" WIDTH="43" HEIGHT="25" WC="0.95" CONTENT="icke"/>
						</TextLine>
						<TextLine ID="line_17" HPOS="333" VPOS="958" WIDTH="408" HEIGHT="29">
							<String ID="string_126" HPOS="333" VPOS="959" WIDTH="64" HEIGHT="23" WC="0.95" CONTENT="finnes"/><SP WIDTH="16" VPOS="959" HPOS="397"/>
							<String ID="string_127" HPOS="413" VPOS="959" WIDTH="5" HEIGHT="23" WC="0.96" CONTENT="i"/><SP WIDTH="17" VPOS="959" HPOS="418"/>
							<String ID="string_128" HPOS="435" VPOS="959" WIDTH="66" HEIGHT="23" WC="0.96" CONTENT="landet"/><SP WIDTH="16" VPOS="959" HPOS="501"/>
							<String ID="string_129" HPOS="517" VPOS="958" WIDTH="107" HEIGHT="29" WC="0.92" CONTENT="behörigen"/><SP WIDTH="17" VPOS="958" HPOS="624"/>
							<String ID="string_130" HPOS="641" VPOS="958" WIDTH="100" HEIGHT="24" WC="0.92" CONTENT="inrättadt."/>
						</TextLine>
					</TextBlock>
				</ComposedBlock>
				<ComposedBlock ID="cblock_5" HPOS="163" VPOS="1023" WIDTH="758" HEIGHT="426">
					<TextBlock ID="block_6" HPOS="164" VPOS="1023" WIDTH="757" HEIGHT="164">
						<TextLine ID="line_18" HPOS="234" VPOS="1023" WIDTH="687" HEIGHT="27">
							<String ID="string_131" HPOS="234" VPOS="1023" WIDTH="51" HEIGHT="21" WC="0.96" CONTENT="Med"/><SP WIDTH="14" VPOS="1023" HPOS="285"/>
							<String ID="string_132" HPOS="299" VPOS="1023" WIDTH="96" HEIGHT="27" WC="0.96" CONTENT="ändring"/><SP WIDTH="16" VPOS="1023" HPOS="395"/>
							<String ID="string_133" HPOS="411" VPOS="1024" WIDTH="28" HEIGHT="26" WC="0.96" CONTENT="af"/><SP WIDTH="12" VPOS="1024" HPOS="439"/>
							<String ID="string_134" HPOS="451" VPOS="1024" WIDTH="141" HEIGHT="26" WC="0.96" CONTENT="kungörelsen"/><SP WIDTH="15" VPOS="1024" HPOS="592"/>
							<String ID="string_135" HPOS="607" VPOS="1024" WIDTH="41" HEIGHT="20" WC="0.96" CONTENT="den"/><SP WIDTH="18" VPOS="1024" HPOS="648"/>
							<String ID="string_136" HPOS="666" VPOS="1024" WIDTH="29" HEIGHT="20" WC="0.96" CONTENT="24"/><SP WIDTH="10" VPOS="1024" HPOS="695"/>
							<String ID="string_137" HPOS="705" VPOS="1023" WIDTH="100" HEIGHT="21" WC="0.96" CONTENT="Januari"/><SP WIDTH="10" VPOS="1023" HPOS="805"/>
							<String ID="string_138" HPOS="815" VPOS="1023" WIDTH="57" HEIGHT="21" WC="0.96" CONTENT="1781"/><SP WIDTH="10" VPOS="1023" HPOS="872"/>
							<String ID="string_139" HPOS="882" VPOS="1023" WIDTH="39" HEIGHT="21" WC="0.96" CONTENT="och"/>
						</TextLine>
						<TextLine ID="line_19" HPOS="165" VPOS="1056" WIDTH="755" HEIGHT="29">
							<String ID="string_140" HPOS="165" VPOS="1057" WIDTH="82" HEIGHT="27" WC="0.93" CONTENT="nådiga"/><SP WIDTH="22" VPOS="1057" HPOS="247"/>
							<String ID="string_141" HPOS="269" VPOS="1058" WIDTH="159" HEIGHT="27" WC="0.93" CONTENT="förordningen"/><SP WIDTH="23" VPOS="1058" HPOS="428"/>
							<String ID="string_142" HPOS="451" VPOS="1058" WIDTH="41" HEIGHT="20" WC="0.95" CONTENT="den"/><SP WIDTH="23" VPOS="1058" HPOS="492"/>
							<String ID="string_143" HPOS="515" VPOS="1058" WIDTH="23" HEIGHT="20" WC="0.90" CONTENT="11"/><SP WIDTH="22" VPOS="1058" HPOS="538"/>
							<String ID="string_144" HPOS="560" VPOS="1056" WIDTH="120" HEIGHT="22" WC="0.96" CONTENT="November"/><SP WIDTH="21" VPOS="1056" HPOS="680"/>
							<String ID="string_145" HPOS="701" VPOS="1058" WIDTH="62" HEIGHT="20" WC="0.96" CONTENT="1889"/><SP WIDTH="17" VPOS="1058" HPOS="763"/>
							<String ID="string_146" HPOS="780" VPOS="1064" WIDTH="35" HEIGHT="13" WC="0.95" CONTENT="om"/><SP WIDTH="19" VPOS="1064" HPOS="815"/>
							<String ID="string_147" HPOS="834" VPOS="1057" WIDTH="86" HEIGHT="21" WC="0.95" CONTENT="kristna"/>
						</TextLine>
						<TextLine ID="line_20" HPOS="165" VPOS="1091" WIDTH="755" HEIGHT="27">
							<String ID="string_148" HPOS="165" VPOS="1091" WIDTH="212" HEIGHT="27" WC="0.89" CONTENT="religionssamfund"/><SP WIDTH="13" VPOS="1091" HPOS="377"/>
							<String ID="string_149" HPOS="390" VPOS="1091" WIDTH="9" HEIGHT="21" WC="0.96" CONTENT="i"/><SP WIDTH="15" VPOS="1091" HPOS="399"/>
							<String ID="string_150" HPOS="414" VPOS="1091" WIDTH="101" HEIGHT="21" WC="0.95" CONTENT="Finland"/><SP WIDTH="14" VPOS="1091" HPOS="515"/>
							<String ID="string_151" HPOS="529" VPOS="1091" WIDTH="29" HEIGHT="27" WC="0.95" CONTENT="af"/><SP WIDTH="11" VPOS="1091" HPOS="558"/>
							<String ID="string_152" HPOS="569" VPOS="1098" WIDTH="79" HEIGHT="14" WC="0.95" CONTENT="annan"/><SP WIDTH="10" VPOS="1098" HPOS="648"/>
							<String ID="string_153" HPOS="658" VPOS="1091" WIDTH="157" HEIGHT="27" WC="0.93" CONTENT="protestantisk"/><SP WIDTH="11" VPOS="1091" HPOS="815"/>
							<String ID="string_154" HPOS="826" VPOS="1092" WIDTH="94" HEIGHT="20" WC="0.91" CONTENT="troslära"/>
						</TextLine>
						<TextLine ID="line_21" HPOS="164" VPOS="1124" WIDTH="754" HEIGHT="28">
							<String ID="string_155" HPOS="164" VPOS="1127" WIDTH="31" HEIGHT="19" WC="0.96" CONTENT="än"/><SP WIDTH="15" VPOS="1127" HPOS="195"/>
							<String ID="string_156" HPOS="210" VPOS="1126" WIDTH="41" HEIGHT="20" WC="0.93" CONTENT="den"/><SP WIDTH="15" VPOS="1126" HPOS="251"/>
							<String ID="string_157" HPOS="266" VPOS="1125" WIDTH="253" HEIGHT="27" WC="0.90" CONTENT="evungelisk-lutherska,"/><SP WIDTH="16" VPOS="1125" HPOS="519"/>
							<String ID="string_158" HPOS="535" VPOS="1125" WIDTH="77" HEIGHT="21" WC="0.92" CONTENT="varder"/><SP WIDTH="11" VPOS="1125" HPOS="612"/>
							<String ID="string_159" HPOS="623" VPOS="1124" WIDTH="126" HEIGHT="28" WC="0.92" CONTENT="härigenom"/><SP WIDTH="11" VPOS="1124" HPOS="749"/>
							<String ID="string_160" HPOS="760" VPOS="1125" WIDTH="102" HEIGHT="27" WC="0.92" CONTENT="stadgadt"/><SP WIDTH="10" VPOS="1125" HPOS="862"/>
							<String ID="string_161" HPOS="872" VPOS="1131" WIDTH="46" HEIGHT="15" WC="0.96" CONTENT="som"/>
						</TextLine>
						<TextLine ID="line_22" HPOS="164" VPOS="1159" WIDTH="76" HEIGHT="28">
							<String ID="string_162" HPOS="164" VPOS="1159" WIDTH="76" HEIGHT="28" WC="0.87" CONTENT="följer"/><SP WIDTH="-8" VPOS="1159" HPOS="240"/>
							<String ID="string_163" HPOS="232" VPOS="1140" WIDTH="12" HEIGHT="58" WC="0.87" CONTENT=":"/>
						</TextLine>
					</TextBlock>
					<TextBlock ID="block_7" HPOS="435" VPOS="1205" WIDTH="215" HEIGHT="29">
						<TextLine ID="line_23" HPOS="435" VPOS="1205" WIDTH="215" HEIGHT="29">
							<String ID="string_164" HPOS="435" VPOS="1206" WIDTH="39" HEIGHT="26" WC="0.93" CONTENT="18"/><SP WIDTH="23" VPOS="1206" HPOS="474"/>
							<String ID="string_165" HPOS="497" VPOS="1208" WIDTH="20" HEIGHT="24" WC="0.86" CONTENT="(2"/><SP WIDTH="17" VPOS="1208" HPOS="517"/>
							<String ID="string_166" HPOS="534" VPOS="1206" WIDTH="11" HEIGHT="26" WC="0.67" CONTENT="8"/><SP WIDTH="16" VPOS="1206" HPOS="545"/>
							<String ID="string_167" HPOS="561" VPOS="1206" WIDTH="7" HEIGHT="20" WC="0.67" CONTENT="i"/><SP WIDTH="14" VPOS="1206" HPOS="568"/>
							<String ID="string_168" HPOS="582" VPOS="1205" WIDTH="68" HEIGHT="29" WC="0.86" CONTENT="prop.)"/>
						</TextLine>
					</TextBlock>
					<TextBlock ID="block_8" HPOS="163" VPOS="1250" WIDTH="756" HEIGHT="199">
						<TextLine ID="line_24" HPOS="232" VPOS="1250" WIDTH="686" HEIGHT="28">
							<String ID="string_169" HPOS="232" VPOS="1251" WIDTH="47" HEIGHT="20" WC="0.95" CONTENT="Vill"/><SP WIDTH="20" VPOS="1251" HPOS="279"/>
							<String ID="string_170" HPOS="299" VPOS="1251" WIDTH="91" HEIGHT="19" WC="0.95" CONTENT="medlem"/><SP WIDTH="21" VPOS="1251" HPOS="390"/>
							<String ID="string_171" HPOS="411" VPOS="1251" WIDTH="24" HEIGHT="19" WC="0.93" CONTENT="af"/><SP WIDTH="17" VPOS="1251" HPOS="435"/>
							<String ID="string_172" HPOS="452" VPOS="1251" WIDTH="238" HEIGHT="27" WC="0.92" CONTENT="evangelisk-lutherska"/><SP WIDTH="15" VPOS="1251" HPOS="690"/>
							<String ID="string_173" HPOS="705" VPOS="1250" WIDTH="88" HEIGHT="27" WC="0.96" CONTENT="kyrkan,"/><SP WIDTH="13" VPOS="1250" HPOS="793"/>
							<String ID="string_174" HPOS="806" VPOS="1258" WIDTH="44" HEIGHT="12" WC="0.93" CONTENT="som"/><SP WIDTH="15" VPOS="1258" HPOS="850"/>
							<String ID="string_175" HPOS="865" VPOS="1258" WIDTH="53" HEIGHT="19" WC="0.89" CONTENT="upp-"/>
						</TextLine>
						<TextLine ID="line_25" HPOS="163" VPOS="1283" WIDTH="756" HEIGHT="29">
							<String ID="string_176" HPOS="163" VPOS="1283" WIDTH="48" HEIGHT="21" WC="0.92" CONTENT="nått"/><SP WIDTH="20" VPOS="1283" HPOS="211"/>
							<String ID="string_177" HPOS="231" VPOS="1284" WIDTH="91" HEIGHT="28" WC="0.92" CONTENT="tjuguett"/><SP WIDTH="19" VPOS="1284" HPOS="322"/>
							<String ID="string_178" HPOS="341" VPOS="1284" WIDTH="34" HEIGHT="20" WC="0.95" CONTENT="års"/><SP WIDTH="21" VPOS="1284" HPOS="375"/>
							<String ID="string_179" HPOS="396" VPOS="1284" WIDTH="58" HEIGHT="20" WC="0.96" CONTENT="ålder"/><SP WIDTH="22" VPOS="1284" HPOS="454"/>
							<String ID="string_180" HPOS="476" VPOS="1284" WIDTH="39" HEIGHT="20" WC="0.93" CONTENT="och"/><SP WIDTH="16" VPOS="1284" HPOS="515"/>
							<String ID="string_181" HPOS="531" VPOS="1284" WIDTH="84" HEIGHT="27" WC="0.93" CONTENT="åtnjutit"/><SP WIDTH="14" VPOS="1284" HPOS="615"/>
							<String ID="string_182" HPOS="629" VPOS="1283" WIDTH="65" HEIGHT="21" WC="0.93" CONTENT="sådan"/><SP WIDTH="16" VPOS="1283" HPOS="694"/>
							<String ID="string_183" HPOS="710" VPOS="1283" WIDTH="209" HEIGHT="27" WC="0.91" CONTENT="religionsundervis-"/>
						</TextLine>
						<TextLine ID="line_26" HPOS="163" VPOS="1317" WIDTH="756" HEIGHT="28">
							<String ID="string_184" HPOS="163" VPOS="1318" WIDTH="56" HEIGHT="26" WC="0.95" CONTENT="ning,"/><SP WIDTH="20" VPOS="1318" HPOS="219"/>
							<String ID="string_185" HPOS="239" VPOS="1324" WIDTH="44" HEIGHT="14" WC="0.96" CONTENT="som"/><SP WIDTH="16" VPOS="1324" HPOS="283"/>
							<String ID="string_186" HPOS="299" VPOS="1318" WIDTH="57" HEIGHT="20" WC="0.96" CONTENT="inom"/><SP WIDTH="14" VPOS="1318" HPOS="356"/>
							<String ID="string_187" HPOS="370" VPOS="1324" WIDTH="81" HEIGHT="14" WC="0.96" CONTENT="samma"/><SP WIDTH="14" VPOS="1324" HPOS="451"/>
							<String ID="string_188" HPOS="465" VPOS="1317" WIDTH="68" HEIGHT="28" WC="0.96" CONTENT="kyrka"/><SP WIDTH="14" VPOS="1317" HPOS="533"/>
							<String ID="string_189" HPOS="547" VPOS="1318" WIDTH="7" HEIGHT="20" WC="0.96" CONTENT="i"/><SP WIDTH="15" VPOS="1318" HPOS="554"/>
							<String ID="string_190" HPOS="569" VPOS="1317" WIDTH="91" HEIGHT="21" WC="0.96" CONTENT="Finland"/><SP WIDTH="14" VPOS="1317" HPOS="660"/>
							<String ID="string_191" HPOS="674" VPOS="1317" WIDTH="33" HEIGHT="21" WC="0.96" CONTENT="till"/><SP WIDTH="16" VPOS="1317" HPOS="707"/>
							<String ID="string_192" HPOS="723" VPOS="1317" WIDTH="148" HEIGHT="21" WC="0.93" CONTENT="konfirmation"/><SP WIDTH="16" VPOS="1317" HPOS="871"/>
							<String ID="string_193" HPOS="887" VPOS="1324" WIDTH="32" HEIGHT="14" WC="0.91" CONTENT="er-"/>
						</TextLine>
						<TextLine ID="line_27" HPOS="163" VPOS="1350" WIDTH="756" HEIGHT="30">
							<String ID="string_194" HPOS="163" VPOS="1350" WIDTH="88" HEIGHT="29" WC="0.96" CONTENT="fordras,"/><SP WIDTH="21" VPOS="1350" HPOS="251"/>
							<String ID="string_195" HPOS="272" VPOS="1351" WIDTH="28" HEIGHT="29" WC="0.96" CONTENT="pä"/><SP WIDTH="22" VPOS="1351" HPOS="300"/>
							<String ID="string_196" HPOS="322" VPOS="1353" WIDTH="43" HEIGHT="20" WC="0.96" CONTENT="sätt"/><SP WIDTH="18" VPOS="1353" HPOS="365"/>
							<String ID="string_197" HPOS="383" VPOS="1352" WIDTH="8" HEIGHT="21" WC="0.96" CONTENT="i"/><SP WIDTH="21" VPOS="1352" HPOS="391"/>
							<String ID="string_198" HPOS="412" VPOS="1352" WIDTH="12" HEIGHT="21" WC="0.96" CONTENT="6"/><SP WIDTH="16" VPOS="1352" HPOS="424"/>
							<String ID="string_199" HPOS="440" VPOS="1352" WIDTH="12" HEIGHT="27" WC="0.82" CONTENT="&amp;"/><SP WIDTH="15" VPOS="1352" HPOS="452"/>
							<String ID="string_200" HPOS="467" VPOS="1352" WIDTH="31" HEIGHT="20" WC="0.96" CONTENT="uti"/><SP WIDTH="15" VPOS="1352" HPOS="498"/>
							<String ID="string_201" HPOS="513" VPOS="1350" WIDTH="127" HEIGHT="30" WC="0.96" CONTENT="kyrkolagen"/><SP WIDTH="16" VPOS="1350" HPOS="640"/>
							<String ID="string_202" HPOS="656" VPOS="1353" WIDTH="54" HEIGHT="27" WC="0.96" CONTENT="sägs,"/><SP WIDTH="15" VPOS="1353" HPOS="710"/>
							<String ID="string_203" HPOS="725" VPOS="1351" WIDTH="47" HEIGHT="22" WC="0.95" CONTENT="från"/><SP WIDTH="15" VPOS="1351" HPOS="772"/>
							<String ID="string_204" HPOS="787" VPOS="1351" WIDTH="68" HEIGHT="22" WC="0.93" CONTENT="denna"/><SP WIDTH="15" VPOS="1351" HPOS="855"/>
							<String ID="string_205" HPOS="870" VPOS="1351" WIDTH="49" HEIGHT="28" WC="0.93" CONTENT="kyr-"/>
						</TextLine>
						<TextLine ID="line_28" HPOS="163" VPOS="1386" WIDTH="755" HEIGHT="29">
							<String ID="string_206" HPOS="163" VPOS="1386" WIDTH="38" HEIGHT="21" WC="0.96" CONTENT="kas"/><SP WIDTH="15" VPOS="1386" HPOS="201"/>
							<String ID="string_207" HPOS="216" VPOS="1387" WIDTH="128" HEIGHT="28" WC="0.96" CONTENT="gemenskap"/><SP WIDTH="12" VPOS="1387" HPOS="344"/>
							<String ID="string_208" HPOS="356" VPOS="1387" WIDTH="31" HEIGHT="28" WC="0.96" CONTENT="sig"/><SP WIDTH="10" VPOS="1387" HPOS="387"/>
							<String ID="string_209" HPOS="397" VPOS="1386" WIDTH="62" HEIGHT="28" WC="0.96" CONTENT="skilja"/><SP WIDTH="12" VPOS="1386" HPOS="459"/>
							<String ID="string_210" HPOS="471" VPOS="1386" WIDTH="38" HEIGHT="21" WC="0.93" CONTENT="och"/><SP WIDTH="12" VPOS="1386" HPOS="509"/>
							<String ID="string_211" HPOS="521" VPOS="1386" WIDTH="86" HEIGHT="29" WC="0.91" CONTENT="öfvergå"/><SP WIDTH="9" VPOS="1386" HPOS="607"/>
							<String ID="string_212" HPOS="616" VPOS="1386" WIDTH="33" HEIGHT="21" WC="0.96" CONTENT="till"/><SP WIDTH="10" VPOS="1386" HPOS="649"/>
							<String ID="string_213" HPOS="659" VPOS="1386" WIDTH="75" HEIGHT="21" WC="0.93" CONTENT="sådant"/><SP WIDTH="11" VPOS="1386" HPOS="734"/>
							<String ID="string_214" HPOS="745" VPOS="1386" WIDTH="173" HEIGHT="29" WC="0.90" CONTENT="kyrkosamfund,"/>
						</TextLine>
						<TextLine ID="line_29" HPOS="163" VPOS="1421" WIDTH="754" HEIGHT="28">
							<String ID="string_215" HPOS="163" VPOS="1429" WIDTH="45" HEIGHT="13" WC="0.96" CONTENT="som"/><SP WIDTH="19" VPOS="1429" HPOS="208"/>
							<String ID="string_216" HPOS="227" VPOS="1421" WIDTH="48" HEIGHT="21" WC="0.96" CONTENT="icke"/><SP WIDTH="20" VPOS="1421" HPOS="275"/>
							<String ID="string_217" HPOS="295" VPOS="1421" WIDTH="68" HEIGHT="21" WC="0.96" CONTENT="finnes"/><SP WIDTH="14" VPOS="1421" HPOS="363"/>
							<String ID="string_218" HPOS="377" VPOS="1421" WIDTH="8" HEIGHT="21" WC="0.96" CONTENT="i"/><SP WIDTH="15" VPOS="1421" HPOS="385"/>
							<String ID="string_219" HPOS="400" VPOS="1421" WIDTH="71" HEIGHT="21" WC="0.96" CONTENT="landet"/><SP WIDTH="17" VPOS="1421" HPOS="471"/>
							<String ID="string_220" HPOS="488" VPOS="1421" WIDTH="113" HEIGHT="28" WC="0.93" CONTENT="behörigen"/><SP WIDTH="14" VPOS="1421" HPOS="601"/>
							<String ID="string_221" HPOS="615" VPOS="1421" WIDTH="108" HEIGHT="27" WC="0.92" CONTENT="inrättadt,"/><SP WIDTH="14" VPOS="1421" HPOS="723"/>
							<String ID="string_222" HPOS="737" VPOS="1421" WIDTH="59" HEIGHT="28" WC="0.90" CONTENT="gifve"/><SP WIDTH="12" VPOS="1421" HPOS="796"/>
							<String ID="string_223" HPOS="808" VPOS="1421" WIDTH="109" HEIGHT="28" WC="0.91" CONTENT="personli-"/>
						</TextLine>
					</TextBlock>
				</ComposedBlock>
				<ComposedBlock ID="cblock_6" HPOS="232" VPOS="1467" WIDTH="347" HEIGHT="23">
					<TextBlock ID="block_9" HPOS="232" VPOS="1467" WIDTH="347" HEIGHT="23">
						<TextLine ID="line_30" HPOS="232" VPOS="1467" WIDTH="347" HEIGHT="23">
							<String ID="string_224" HPOS="232" VPOS="1467" WIDTH="134" HEIGHT="23" WC="0.92" CONTENT="Lagutskottets"/><SP WIDTH="12" VPOS="1467" HPOS="366"/>
							<String ID="string_225" HPOS="378" VPOS="1467" WIDTH="110" HEIGHT="18" WC="0.96" CONTENT="betänkande"/><SP WIDTH="12" VPOS="1467" HPOS="488"/>
							<String ID="string_226" HPOS="500" VPOS="1467" WIDTH="38" HEIGHT="18" WC="0.96" CONTENT="N:o"/><SP WIDTH="12" VPOS="1467" HPOS="538"/>
							<String ID="string_227" HPOS="550" VPOS="1467" WIDTH="29" HEIGHT="18" WC="0.96" CONTENT="12."/>
						</TextLine>
					</TextBlock>
				</ComposedBlock>
			</PrintSpace>
		</Page>
	</Layout>
</alto>
