1078 1786
167 135 32 36 58
401 139 22 23 U.
440 139 23 23 B.
480 151 27 3 —
524 139 63 27 Prop.
604 139 38 22 N:o
651 139 37 23 24.

516 204 27 21 17
558 203 21 29 8.

242 239 33 22 Då
291 240 107 26 sakegare
413 238 80 22 tillätes
509 241 33 19 att
553 239 38 21 vid
602 238 94 22 domstol
707 238 53 22 eller
771 238 145 26 embetsverk,

172 276 7 21 i
195 276 72 21 stället
282 275 35 22 för
333 274 157 27 hufvudskrift,
506 275 70 21 förete
592 274 112 22 bevittnad
725 274 89 22 afskrift
829 275 23 21 af
867 274 50 22 den-

172 317 93 20 samma,
280 310 41 22 bör
336 311 70 21 tillika
422 310 95 27 styrkas,
528 312 33 19 att
575 310 43 21 och
633 310 32 21 till
680 310 84 21 hvilket
778 310 81 27 belopp
869 310 49 21 huf-

171 346 139 22 vudskriften
326 347 24 20 är
366 346 90 21 försedd
472 345 51 22 med
539 346 99 27 stämpel.
671 345 76 22 Skulle
771 346 60 21 detta
846 345 72 22 urakt-

172 381 56 22 lätas
241 382 53 21 eller
316 381 72 28 nägon
404 381 154 23 försummelse
582 381 119 22 förefinnas
717 382 51 21 med
783 382 87 27 hänsyn
885 381 33 22 till

172 417 190 23 hufvudskriftens
385 417 107 27 behöriga
511 417 123 28 stämpling,
657 417 38 22 mä
715 417 116 22 afskriften
847 418 71 21 förses

172 453 51 22 med
239 453 37 22 det
291 453 182 28 stämpelbelopp,
490 460 50 15 som
554 453 13 22 å
582 453 179 22 hufvudskriften
776 453 87 22 brister.

243 489 62 28 Intyg
327 490 9 21 i
356 489 140 22 omförmäldt
520 489 106 22 afseende
648 489 41 22 bör
709 489 58 22 helst
782 490 137 22 meddelas
908 485 16 37 i

174 526 49 21 stad
239 525 22 22 af
276 525 136 22 ordförande
427 526 6 21 i
449 526 143 27 magistraten
604 525 54 22 eller
669 525 77 22 därvid
762 526 87 22 anstäld
864 526 54 27 tjen-

172 563 87 20 steman
275 561 43 22 och
332 561 30 27 pä
377 561 76 22 landet
467 562 23 21 af
506 562 98 25 domare,
614 562 141 26 presterskap
771 562 54 21 eller
840 562 78 21 krono-

174 596 89 27 betjent;
279 597 109 22 skolande
402 597 70 22 andra
487 597 57 27 gode
559 598 58 26 män,
641 603 47 15 som
712 596 79 22 sädant
807 597 110 27 bestyrka,

172 633 69 26 jämte
263 635 91 19 namnet
376 634 82 20 utsätta
481 633 35 21 sin
539 632 122 27 befattning
683 632 53 22 eller
754 633 39 20 sitt
806 633 55 27 yrke
876 632 42 22 och

174 668 98 23 hemyist.

518 733 27 22 18
561 733 21 29 8.

245 775 39 22 Om
302 775 118 27 stämpling
436 775 22 22 af
474 775 84 22 sådana
574 776 74 26 öppna
664 775 47 21 bref
727 775 14 22 å
751 775 109 26 embeten,
871 776 47 20 vär-

174 811 97 26 digheter
287 811 43 21 och
345 810 86 27 afsked,
442 817 48 15 som
506 811 23 22 af
539 811 61 22 Hans
610 810 122 28 Kejserliga
745 810 101 28 Majestät
857 817 62 21 egen-

175 846 89 27 händigt
280 846 169 27 undertecknas,
466 847 100 26 besörjer
580 847 43 20 den
639 846 144 26 embetsman,
800 853 48 15 som
863 847 55 20 före,

175 883 70 25 dragit
260 883 92 20 ärendet
367 883 9 20 i
391 882 102 21 Senaten.
525 882 50 21 Men
590 881 35 21 för
640 882 118 26 stämpling
773 882 25 21 af
813 882 26 20 de
855 888 64 20 expe-

173 918 100 25 ditioner,
298 924 47 16 som
370 917 99 22 utfärdas
493 918 104 26 antingen
620 917 22 21 af
665 916 97 22 Senaten
780 917 53 21 eller
849 917 70 22 andra

174 952 139 23 embetsverk
329 959 64 16 svare
409 953 43 21 den
468 953 139 27 tjensteman,
628 959 49 15 som
692 952 179 28 kontrasignerat
884 959 36 15 ex-

173 989 135 27 peditionen,
323 988 60 26 eller,
400 988 40 22 der
460 988 188 28 kontrasignation
664 988 20 27 ej
700 990 36 25 egt
751 995 57 19 rum,
824 996 48 14 som
888 991 31 19 ut-

174 1024 73 22 färdat
262 1024 136 22 densamma.

455 1136 46 23 IV
525 1137 111 26 Kap.

204 1202 36 23 Om
255 1202 187 28 stämpelpappers
458 1202 42 22 och
515 1201 192 28 stämpelmärkess
721 1201 132 29 försäljning,
870 1202 26 23 sä

278 1238 42 22 ack
332 1238 52 22 huru
399 1238 120 27 ersättning
534 1236 35 24 mä
584 1238 67 22 sökas
665 1237 35 23 för
715 1238 99 29 stämpel,

344 1279 48 17 som
406 1278 75 23 genom
497 1272 145 28 misskriming
657 1274 53 22 eller
725 1273 29 28 pä

409 1310 66 21 amat
489 1309 46 22 sätt
548 1308 140 23 förderfvats.

518 1372 27 22 19
560 1372 22 29 8.

177 1435 2 2 i
244 1414 186 28 Stämpelpapper
450 1414 42 22 och
516 1414 185 27 stämpelmärken
722 1415 63 22 skola
801 1416 71 22 finnas
888 1418 32 20 att

174 1450 60 28 tillgå
243 1450 22 22 af
273 1450 134 24 åtminstone
421 1450 98 27 följande
533 1451 89 26 värden,
634 1450 123 28 nämligen:
773 1452 147 28 stämpelpap-

244 1504 207 23 Bevillningsutskottets
462 1504 111 19 betänkande
584 1504 38 19 N:o
634 1506 17 17 3.
