1073 1770
493 128 39 22 N:o
548 129 33 21 24.
853 130 27 20 49

507 215 28 20 24
549 214 19 28 8.

230 256 125 23 Uraktlåter
376 258 111 28 försäljare
509 259 100 27 antingen
632 262 33 20 att
683 260 81 27 begära
778 260 132 28 inventering

160 290 53 21 eller
235 292 34 21 att
290 290 56 23 inom
369 294 68 20 utsatt
454 293 31 21 tid
500 293 89 22 insända
605 294 142 27 redovisning,
762 294 57 23 skall
833 294 77 22 sådant

160 330 62 20 anses
245 326 70 21 såsom
339 326 55 22 hade
417 327 42 21 han
480 327 77 23 försålt
574 328 39 22 allt
630 328 36 22 det
681 328 170 28 stämpelförråd,
866 328 43 22 han

160 360 120 26 emottagit,
295 362 56 20 samt
365 361 110 27 betalning
490 362 72 22 därför
577 362 39 22 hos
631 362 76 22 honom
722 362 97 23 utsökas.

507 466 27 21 25
549 466 19 27 8.

227 509 10 21 I
253 509 103 22 händelse
378 511 23 21 af
421 511 75 22 balans
519 511 53 22 eller
586 511 111 22 bristande
711 511 134 28 redogörelse
860 518 50 21 eger

158 543 83 21 kronan
263 543 40 22 hos
321 544 26 21 de
363 547 91 24 antagna
470 545 140 27 försäljarene
625 551 82 16 samma
721 545 140 22 förmånsrätt
876 546 34 21 för

159 578 76 21 värdet
257 578 23 21 af
297 578 135 23 oredovisadt
447 579 171 28 stämpelförråd,
634 585 45 16 som
694 580 39 20 hos
748 579 94 23 kronans
857 586 53 20 upp-

157 611 114 23 bördsmän
286 612 7 21 i
308 612 122 23 allmänhet.

507 694 26 21 26
549 694 18 27 &.

226 732 33 21 Då
274 733 180 28 stämpelpapper,
471 734 89 22 ämnadt
574 734 32 22 till
621 734 128 27 expedition,
765 734 38 22 hos
819 734 89 22 embets-

156 766 53 21 verk
234 767 52 21 eller
308 768 127 27 tjensteman
458 774 75 21 genom
553 768 145 28 misskrifning
716 768 53 22 eller
783 769 126 21 annorledes

159 800 136 28 förderfvats,
311 802 52 22 eller
379 802 27 22 då
421 803 66 21 redan
502 803 163 22 underskrifven
681 803 38 21 och
729 803 106 27 stämplad
846 809 63 21 expe-

157 836 66 22 dition
240 836 24 22 af
277 844 71 15 annan
364 838 63 21 orsak
442 838 47 22 ieke
504 838 69 22 blifvit
588 838 99 27 utgifven,
703 838 34 21 må
752 837 77 22 sådant
842 840 66 19 stäm-

157 872 117 27 pelpapper
297 873 52 21 eller
371 873 67 21 sådan
461 872 121 27 expedition
604 872 24 22 af
648 872 40 22 den
711 872 72 21 därför
797 872 111 27 ansvarige

158 906 171 28 tjenstemannen
353 907 106 27 insändas,
481 907 67 27 jämte
563 907 99 27 reversal,
678 907 135 27 upptagande
828 906 81 22 antalet

158 941 106 27 stämplar
283 941 24 22 af
323 941 74 27 hvarje
411 941 47 27 slag
474 941 39 22 och
528 941 67 28 valör,
610 941 33 22 till
658 941 153 28 länestyrelsen
827 941 32 22 för
875 941 34 21 att

158 976 39 21 där
219 976 86 28 utbytas
330 978 57 20 emot
410 983 41 20 nya
471 977 103 27 stämplar
589 976 23 22 af
625 977 149 22 motsvarande
789 976 70 22 värde.
889 969 19 27 Å

157 1011 154 27 länestyrelsen
334 1011 124 22 ankommer
481 1011 104 28 därjämte
607 1013 32 20 att
661 1011 106 27 medgifva
789 1010 73 28 utbyte
887 1011 23 22 af

158 1045 105 27 stämplar
285 1045 32 22 till
340 1045 81 22 sådana
443 1046 152 27 expeditioner,
618 1045 33 22 för
672 1044 72 23 hvilka
763 1044 145 28 afgifterna,
896 1040 15 37 i

158 1080 106 22 anseende
280 1080 33 22 till
328 1080 112 28 fattigdom
456 1080 53 22 eller
523 1086 70 16 annan
608 1080 49 27 laga
668 1080 69 26 orsak,
747 1080 18 27 ej
776 1080 81 22 kunnat
867 1080 40 22 hos

157 1114 118 27 sakegaren
290 1114 63 22 utfås.

504 1179 27 21 27
547 1179 20 27 8.

226 1224 118 22 Förefaller
359 1224 147 28 misskrifning
521 1224 35 22 vid
571 1224 183 28 stämpelpappers
768 1224 138 22 användande

157 1258 23 22 af
194 1258 81 22 enskild
290 1265 85 21 person,
391 1259 51 21 eller
457 1259 39 21 har
511 1258 43 22 han
569 1259 23 21 af
600 1258 120 28 uppenbart
730 1258 90 28 misstag
829 1258 78 28 begag-

156 1294 38 20 nat
208 1294 173 26 stämpelpapper
396 1293 52 22 eller
463 1293 172 27 stämpelmärke,
644 1292 27 22 då
686 1292 76 22 sådant
776 1292 47 22 icke
839 1292 67 22 erfor-

158 1327 66 28 drats,
240 1327 52 22 eller
308 1327 94 22 användt
412 1328 65 27 högre
489 1328 98 27 stämpel,
595 1329 27 20 än
633 1327 135 22 föreskrifvet
778 1329 29 24 är,
818 1326 35 22 må
863 1327 43 21 till-

156 1361 63 22 stånd
235 1361 33 22 till
284 1362 49 21 dess
349 1362 116 27 utbytande
481 1362 64 21 sökas
559 1361 39 22 hos
613 1363 131 26 guvernören
757 1361 7 21 i
773 1361 65 27 länet,
852 1361 55 21 hvil-

156 1396 42 21 ken
220 1402 50 21 eger
291 1396 75 26 pröfva
384 1397 38 20 och
438 1396 81 26 afgöra,
535 1402 34 15 om
585 1397 83 25 utbytet
683 1396 42 20 kan
739 1395 94 26 beviljas.
862 1395 44 20 För

827 1450 12 17 4
