1700 1911
669 218 29 22 U.
714 218 29 23 B.
757 232 27 2 —
800 219 72 28 Prop.
888 218 43 23 N:o
947 218 34 22 17.
1175 218 27 20 73

447 286 101 27 kommer,
562 287 120 21 förbehälla.
697 288 32 27 sig
744 289 42 19 rätt
800 287 33 21 till
848 287 134 28 uppsägning
997 286 22 22 af
1038 294 25 14 en
1081 286 24 22 sä
1119 286 82 28 gvalifi-

446 320 64 21 cerad
526 320 96 22 brukare.
651 321 12 20 I
678 321 140 23 betraktande
833 321 61 21 häraf
909 320 40 21 och
965 320 28 21 dä
1007 321 41 20 den
1067 321 5 20 i
1092 321 26 20 52
1131 320 69 27 (45)
1189 316 14 36 $

445 353 92 22 domstol
559 354 89 28 tillagda
671 354 154 29 pröfningsrätt
847 356 62 26 utgör
932 357 30 18 ett
984 354 108 21 korrektiv
1108 357 44 17 mot
1168 353 32 21 af-

446 387 92 28 hysning
561 391 50 18 utan
633 387 69 29 skälig
723 389 69 26 orsak,
813 388 38 21 har
867 388 112 21 Utskottet
995 389 17 26 ej
1029 388 82 21 kunnat
1125 387 75 21 förena

446 422 33 27 sig
494 430 34 13 om
545 422 90 21 berörda
649 423 102 28 yrkande.

514 457 32 27 (9)..
576 457 11 20 I
604 458 26 20 14
647 457 10 28 $
674 458 26 20 16
715 457 48 28 kap.
778 457 19 21 J.
809 457 23 21 B.
845 456 86 28 stadgas
948 456 110 28 angående
1069 456 130 28 hyresgäst
1188 452 13 37 i

445 491 57 20 stad:
520 491 69 21 »förer
611 491 40 21 han
672 494 31 18 ett
718 491 89 22 lastbart
822 491 39 21 och
877 491 114 27 lösachtigt
1005 490 102 25 lefverne,
1122 494 22 17 at
1159 491 40 20 hus

444 525 70 22 theraf
538 525 126 28 berychtadt
687 526 80 26 varder,
789 525 75 22 stånde
887 527 77 26 ägaren
981 525 51 27 fritt,
1047 525 78 21 honom
1141 528 58 19 strax

444 561 95 26 utsäga>».
569 560 35 21 Då
625 560 124 29 jordegaren
771 561 48 21 med
836 560 49 21 fullt
899 560 46 21 skäl
961 560 40 21 kan
1018 559 73 21 fordra
1107 559 40 22 och
1163 559 36 21 vid

444 594 135 28 legoaftalets
595 595 121 21 afslutande
726 598 51 18 utan
788 595 77 21 tvifvel
876 595 105 25 förutsatt,
993 597 31 18 att
1034 594 53 21 hans
1100 594 100 28 lägenhet

446 629 48 20 icke
505 636 77 20 genom
598 619 116 31 brukarens
729 629 147 28 tillskyndelse
891 629 62 21 råkar
969 629 5 19 i
991 628 109 28 vanrykte,
1110 628 38 21 har
1160 628 40 21 Ut-

446 663 82 21 skottet
545 666 72 18 ansett
632 667 31 17 ett
677 663 117 28 stadgande
810 664 6 20 i
832 664 75 28 antydt
922 662 56 29 syfte
994 662 115 29 påkalladt.

514 698 26 20 12
556 698 42 26 (10)
615 698 93 28 punkten
731 698 41 21 kan
789 698 65 27 enligt
872 698 119 21 Utskottets
1007 696 56 28 åsigt
1078 697 47 21 icke
1141 696 58 22 oför-

444 731 81 21 ändrad
542 732 131 27 godkännas.
696 732 74 28 Enligt
785 732 148 28 ordalydelsen
948 731 68 21 skulle
1032 732 105 27 nemligen
1150 731 48 21 bru-

444 766 66 21 karen
533 766 36 21 vid
589 766 99 29 äfventyr
703 766 24 22 af
741 766 113 28 afhysning
869 767 71 20 kunna
955 766 85 27 tvingas
1055 768 32 19 att
1104 765 93 28 aflägsna

444 808 26 13 en
486 800 32 21 till
539 801 38 20 sitt
595 800 86 22 husfolk
697 800 93 22 hörande
807 808 75 21 person
899 800 39 22 och
955 800 85 21 hvilken
1056 800 41 21 han
1113 800 86 21 författ-

444 834 131 28 ningsenligt
598 842 50 14 vore
670 835 85 28 skyldig
773 838 31 18 att
819 835 95 28 försörja,
929 834 45 21 ifall:
990 833 69 22 denne
1075 834 73 28 begått
1165 833 33 22 sä-

444 868 52 21 dant
512 868 62 28 brott,
589 877 52 18 som,
656 869 110 21 föröfvadt
781 869 23 21 af
820 869 109 26 brukaren,
944 868 69 21 skulle
1028 868 96 21 medföra
1140 869 58 27 lego-

445 905 80 19 rättens
545 903 149 22 förverkande.
723 903 11 21 1
751 903 138 22 betraktande
905 903 62 21 häraf
981 903 41 21 och
1037 903 28 21 dä
1080 903 37 21 det
1132 902 66 22 likväl

444 937 48 20 med
517 937 47 21 skäl
588 938 40 20 kan
644 938 89 26 fordras,
749 941 31 17 att
796 939 103 20 brukaren
916 939 18 26 ej
953 937 94 21 behåller
1066 937 131 28 tjenstehjon

444 979 45 13 som
512 971 41 21 han
577 972 18 28 ej
619 972 82 20 kunnat
723 972 75 21 hindra
819 972 47 21 från
882 975 31 17 att
929 971 53 28 begå
997 972 133 27 förbrytelse,
1146 978 50 18 som,

443 1006 100 21 föröfvad
567 1006 22 21 af
612 1006 77 21 honom
712 1006 55 28 sjelf,
790 1006 91 22 medfört
903 1006 129 27 legorättens
1057 1006 83 25 förlust,
1160 1005 38 21 har

444 1040 70 21 denna
530 1040 68 28 punkt
613 1041 73 20 blifvit
703 1042 6 19 i
724 1041 94 27 enlighet
833 1040 85 21 härmed
939 1040 87 26 ändrad,
1041 1040 89 21 hvarvid
1146 1040 52 28 jem-

444 1074 34 21 väl
496 1074 103 26 beaktats,
614 1078 31 18 att
661 1074 104 22 brukaren
782 1076 18 27 ej
817 1076 37 20 har
869 1074 65 28 laglig
944 1076 42 19 rätt
996 1077 32 18 att
1038 1076 38 19 när
1086 1082 44 13 som
1142 1074 55 20 helst

444 1108 46 22 från
507 1110 33 20 sin
555 1110 66 27 tjenst
635 1109 93 28 aflägsna
744 1109 133 28 tjenstehjon.

763 1178 26 20 52
805 1178 44 27 (45)
865 1179 18 25 S.

513 1224 70 20 Bland
599 1223 26 21 de
641 1223 152 21 förmildrande
809 1223 185 28 omständigheter,
1009 1230 45 14 som
1070 1222 22 22 af
1105 1222 91 22 domstol

444 1258 67 27 enligt
526 1257 69 21 denna
611 1258 99 28 paragraf
724 1258 51 21 böra
785 1261 61 24 tagas
856 1259 7 19 i
873 1257 139 22 betraktande
1023 1257 36 21 vid
1070 1256 126 29 pröfningen

444 1291 66 28 deraf,
532 1291 105 22 huruvida
659 1291 90 29 legorätt
765 1291 27 29 pä
807 1291 65 29 något
887 1292 24 21 af
925 1291 27 22 de
967 1293 6 19 i
990 1291 129 28 föregående
1136 1299 61 20 para-

443 1326 48 28 graf
505 1326 92 21 nämnda
612 1326 46 21 skäl
674 1327 53 20 skall
743 1333 62 14 anses
819 1326 115 21 förverkad
949 1326 52 21 eller
1016 1326 55 25 icke,
1082 1325 38 21 bör
1130 1325 69 28 enligt

446 1360 120 21 Utskottets
589 1359 57 29 äsigt
668 1360 101 21 särskildt
791 1360 122 21 framhällas
931 1360 42 21 den
993 1359 37 28 tid,
1045 1367 45 13 som
1107 1359 91 21 förflutit

443 1394 55 25 efter
520 1394 38 21 det
573 1394 104 21 brukaren
693 1397 72 18 senast
781 1394 71 21 blifvit
867 1394 87 26 varnad,
969 1393 83 22 erinrad
1067 1394 51 21 eller
1133 1393 64 22 straf-

444 1429 44 20 fad.
518 1428 107 29 Varning,
641 1429 83 20 erinran
743 1429 50 20 eller
810 1428 129 29 föregäende
959 1428 59 21 straft
1036 1430 75 26 utgöra
1131 1427 67 28 enligt

443 1462 119 28 punkterna
577 1463 20 24 2,
611 1464 20 24 4,
646 1464 19 24 5,
681 1463 18 25 6,
716 1463 32 25 10,
765 1463 24 19 11
807 1468 53 15 samt
876 1464 11 19 7
903 1462 41 20 och
959 1463 13 19 8
987 1463 6 18 i
1009 1463 27 19 44
1048 1462 13 27 S
1071 1462 23 20 af
1107 1461 89 21 Utskot-

444 1498 42 19 tets
508 1495 81 28 förslag
611 1496 176 27 förutsättningar
808 1495 35 22 för
863 1495 91 22 nämnda
977 1495 87 28 påföljd,
1079 1495 40 21 och
1140 1495 57 20 afses

443 1529 77 22 härvid
539 1530 120 28 egentligen
683 1532 30 18 ett
731 1530 6 20 i
753 1532 53 18 trots
824 1530 23 21 af
865 1530 90 27 varning
970 1529 51 21 eller
1036 1529 63 21 straff
1110 1529 88 22 fortsatt

514 1576 46 22 Lag-
573 1576 32 17 och
618 1575 183 19 Ekonomiutskottets
814 1576 109 17 betänkande
935 1575 38 18 N:o
985 1576 18 18 4.
