1700 1917
676 209 27 22 U.
717 208 28 22 B.
760 221 27 4 —
803 210 72 26 Prop.
891 210 41 22 N:o
948 210 35 22 23.
1164 212 14 20 5

449 277 83 27 pandet
552 277 23 21 af
594 277 96 22 farsoter
710 276 68 23 bland
797 278 130 27 husdjuren,
943 277 119 22 återfinnas
1077 277 8 21 i
1100 277 27 21 de
1142 277 63 22 flesta

450 317 79 16 senare
549 312 134 21 emanerade
699 311 63 23 såväl
777 312 121 22 inländska
913 319 49 14 som
977 312 121 22 utländska
1117 312 89 21 författ-

450 346 80 28 ningar
553 346 94 22 rörande
670 346 91 22 svårare
783 346 162 22 smittosamma
965 346 240 28 kreaturssjukdomar.

518 380 171 29 Förordningen
712 380 24 22 af
760 381 43 21 den
824 382 25 20 15
868 381 127 22 November
1015 382 54 20 1750
1088 380 117 29 angående

449 414 196 28 boskapssjukans
665 415 136 21 hämmande
821 416 43 21 och
883 415 76 28 kongl.
978 415 88 22 brefvet
1081 415 24 21 af
1119 416 44 20 den
1178 416 26 20 21

449 449 61 22 Mars
539 450 54 22 1766
620 449 113 22 innehålla
759 450 114 22 särskilda
898 449 242 28 straftbestämningar,
1163 450 42 20 den

449 485 61 21 förra
528 484 34 21 för
583 485 50 26 den,
653 491 48 14 som
719 484 143 29 uppsåtligen
881 485 100 21 försökte
1001 478 114 27 öfverföra
1130 484 76 21 smitta

449 519 34 21 till
498 519 83 22 andras
598 519 98 26 kreatur,
712 519 42 22 och
769 519 38 21 det
822 526 79 15 senare
913 519 35 21 för
960 520 49 25 den,
1023 525 48 15 som
1079 519 50 21 från
1142 518 63 21 smit-

450 553 38 22 tad
508 554 34 20 ort
561 553 34 22 till
616 554 133 21 obesmittad
769 553 70 22 sådan
856 554 87 21 införde
963 553 86 28 boskap
1068 553 55 21 eller
1138 553 6 21 i
1160 553 45 20 för-

451 587 119 29 klaringen
586 588 24 21 af
625 588 43 21 den
684 589 27 21 23
727 588 61 21 Mars
805 590 54 21 1750
875 589 136 20 omnämnda
1027 595 72 14 varor.

520 622 80 29 Kongl.
618 622 89 22 brefvet
725 623 24 21 af
768 623 42 21 den
830 624 13 21 8
861 623 94 21 Januari
975 623 55 22 1770
1049 623 99 27 stadgar,
1168 622 38 25 att,

451 665 36 14 om
507 657 160 29 vakthällning
686 657 83 28 ansägs
788 657 69 29 nödig
875 657 34 22 till
929 657 184 22 förekommande
1129 656 23 21 af
1165 656 40 21 bo-

451 692 166 28 skapssjukans
637 692 124 28 spridning,
781 692 73 21 denna
873 691 74 22 skulle
966 691 111 22 bestridas
1093 691 24 22 af
1131 692 75 20 ortens

452 727 143 21 innevänare.

521 761 35 22 Nu
575 761 106 28 gällande
699 762 168 28 bestämningar
886 762 95 21 rörande
1000 760 168 28 bekämpandet
1183 759 24 22 af

452 796 164 21 smittosamma
635 796 237 27 husdjurssjukdomar
891 795 52 29 ingä
963 795 32 22 uti
1015 795 84 28 nädiga
1117 795 89 27 kungö-

452 830 73 22 relsen
540 830 24 21 af
580 831 44 20 den
639 832 13 21 6
667 830 54 21 Juni
735 831 61 26 1864,
809 837 47 15 som
868 830 125 21 innehäller
1004 837 27 14 en
1043 829 93 28 utförlig
1146 835 60 14 sam-

452 865 151 28 manfattning
614 865 23 22 af
648 865 95 28 tidigare
754 865 138 28 stadganden
905 865 7 21 i
925 865 60 21 detta
994 865 65 21 ämne
1067 864 50 21 med
1126 863 81 28 tillägg

452 899 24 21 af
491 899 114 22 särskilda
621 899 242 29 detaljbestämningar.
893 899 80 22 Såsom
988 899 87 21 landets
1092 897 114 22 Ständer
1195 893 14 39 i

452 933 34 22 sin
502 933 25 22 är
544 934 52 21 1891
614 933 83 22 aflätna
712 933 155 29 underdäniga
883 933 92 29 petition
990 934 69 21 redan
1074 931 131 27 framhällit,

452 968 82 22 företer
554 969 73 21 denna
647 968 136 28 kungörelse
799 969 124 21 emellertid
938 967 113 22 särskilda
1065 967 89 26 brister,
1170 967 37 21 be-

453 1003 92 21 stående
562 1002 81 22 främst
659 1003 46 21 deri
721 1005 32 19 att
769 1003 50 21 icke
835 1003 74 28 någon
925 1002 90 22 skilnad
1031 1004 64 26 göres
1111 1001 96 22 emellan

452 1037 130 22 elakartade
610 1037 42 22 och
679 1037 123 28 lindrigare
829 1037 162 22 smittosamma
1016 1036 136 28 sjukdomar,
1176 1037 31 19 att

452 1071 144 28 djurläkaren
616 1072 51 21 icke
687 1079 52 20 eger
758 1073 44 20 rätt
817 1073 31 20 att
863 1071 137 22 omedelbart
1016 1071 92 27 vidtaga
1123 1070 83 27 nödiga

454 1106 106 28 åtgärder
576 1107 35 20 för
625 1107 84 20 farsots
724 1107 135 21 hämmande
870 1108 53 19 utan
935 1106 87 28 nödgas
1033 1105 94 22 afvakta
1137 1105 70 27 högre

452 1141 146 28 myndighets
622 1141 148 26 föreskrifter,
793 1143 58 19 samt
873 1142 32 19 att
927 1140 124 28 stadgande
1070 1139 83 22 saknas
1172 1145 36 14 om

452 1175 127 28 ersättning
602 1175 24 21 af
648 1175 114 22 allmänna
781 1175 72 22 medel
870 1175 36 21 för
924 1174 75 22 såsom
1017 1174 65 27 sjuka
1101 1173 54 22 eller
1173 1173 35 20 för

454 1209 106 28 sjukdom
588 1209 135 22 misstänkta
748 1209 105 22 aflifvade
875 1209 56 27 djur.
967 1208 142 22 Beträffande
1130 1207 77 22 tuber-

453 1243 66 22 kulos
544 1244 42 21 har
609 1245 73 20 denna
709 1243 135 28 kungörelse
870 1243 51 22 med
947 1243 120 27 anledning
1093 1242 26 21 af
1139 1249 27 14 en
1184 1240 24 22 af

455 1278 125 22 Ständerna
592 1279 38 21 vid
642 1279 53 22 1897
705 1278 37 21 års
753 1278 109 29 landtdag
873 1277 80 22 aflåten
965 1276 140 29 underdånig
1115 1275 93 29 petition

454 1313 168 27 kompletterats
635 1320 80 21 genom
727 1312 84 28 nådiga
822 1311 151 30 kungörelsen
985 1311 24 22 af
1021 1312 43 21 den
1075 1313 28 20 22
1113 1311 95 21 Decem-

454 1347 39 21 ber
511 1348 60 21 1898.

523 1381 76 28 Enligt
619 1381 74 22 denna
711 1381 136 28 kungörelse
866 1381 45 21 kan
927 1381 124 28 djuregare,
1067 1387 48 14 som
1128 1379 81 22 sådant

454 1415 90 27 önskar,
562 1415 24 22 få
601 1415 34 22 sin
650 1415 253 29 ladugårdsbesättning
918 1415 158 22 kostnadsfritt
1086 1413 123 23 undersökt

454 1451 51 21 med
528 1450 136 22 tuberkulin.
701 1450 65 22 Dock
789 1452 41 20 bör
851 1450 133 28 djuregaren
1002 1450 81 22 härvid
1104 1448 105 22 förbinda

454 1484 35 28 sig
511 1486 32 20 att
565 1484 46 21 läta
636 1484 118 27 nedslagta
777 1485 56 26 djur,
857 1490 47 14 som
928 1484 46 20 lida
1001 1484 23 20 af
1049 1483 84 21 allmän
1155 1482 54 20 eller

454 1518 214 27 jufvertuberkulos,
685 1520 31 18 att
731 1517 91 28 ätskilja
838 1518 65 26 sjuka
919 1517 44 21 och
978 1517 35 21 för
1028 1517 105 27 sjukdom
1145 1515 65 21 miss-

524 1564 182 18 Ekonomiutskottets
718 1564 111 18 betänkande
840 1563 37 18 N:o
889 1564 16 18 5.
