1700 1917
699 213 25 22 U.
739 214 27 21 B.
783 226 25 3 —
825 213 71 27 Prop.
912 213 41 23 N:o
969 214 34 21 21.

716 540 207 23 Ekonomiutskottets
945 541 77 26 förslag
1041 541 28 21 till
1089 545 103 17 samman-

646 575 101 27 jemkning
771 575 20 22 af
814 575 101 22 Ständens
937 575 114 28 skiljaktiga
1074 575 67 22 beslut
1160 574 31 22 vid

646 610 147 27 behandlingen
814 610 21 21 af
854 609 111 25 Utskottets
985 609 126 22 betänkande
1128 609 34 22 N:o
1178 609 14 21 4

647 644 4 21 i
671 644 106 27 anledning
794 644 21 21 af
832 644 54 22 Hans
903 643 110 28 Kejserliga
1029 644 107 27 Majestäts
1156 643 35 22 nä-

647 678 46 27 diga
711 679 125 26 proposition
855 677 107 28 angäende
977 678 111 22 elektriska
1106 678 84 27 anlägg-

647 713 71 26 ningar
735 713 32 21 för
789 713 104 22 alstrande
917 713 20 20 af
958 713 39 25 ljus
1019 713 38 21 och
1076 713 32 21 för
1126 713 66 21 öfver-

647 747 66 27 föring
733 747 20 21 af
769 747 60 22 kraft.

508 809 32 22 Af
550 809 115 22 Utskottet
676 810 193 21 tillhandakomna
881 809 207 29 protokollsutdrag
1095 810 95 21 rörande

440 843 111 22 Ständens
570 844 74 21 beslut
663 844 38 22 vid
716 844 200 29 handläggningen
931 844 24 21 af
970 844 167 23 ofvannämnda
1152 845 40 21 be-

439 878 114 22 tänkande
567 879 42 21 har
624 878 114 23 Utskottet
752 879 117 27 inhemtat,
884 881 32 20 att

509 919 161 28 Ridderskapet
685 920 39 20 och
739 919 72 22 Adeln
827 920 101 28 godkänt
944 919 165 26 betänkandet;

509 959 162 21 Presteständet
694 959 86 28 antagit
803 960 37 21 det
857 959 32 21 uti
907 959 151 22 betänkandet
1078 959 113 28 ingäende

438 992 149 29 lagförslaget
602 993 66 27 jemte
684 994 51 21 dess
751 993 78 22 rubrik
843 993 51 22 med
904 994 43 21 den
957 992 132 29 förändring
1099 995 32 19 att
1141 993 51 21 frän

439 1027 67 21 slutet
524 1027 24 21 af
569 1028 10 20 1
600 1027 14 28 8
636 1029 10 20 1
663 1034 66 15 mom.
745 1027 72 22 skulle
833 1027 108 22 uteslutas
957 1029 74 19 satsen
1047 1027 145 27 ,,hvarjemte,

440 1062 40 21 der
495 1061 168 29 anläggningen
680 1062 59 21 skall
754 1062 86 21 drifvas
855 1063 50 20 med
917 1061 146 26 vattenkraft,
1077 1061 115 28 iakttagas

439 1096 41 21 bör
495 1095 60 22 hvad
571 1103 35 14 om
621 1096 125 21 inrättande
761 1096 24 22 af
802 1096 132 22 vattenverk
948 1096 71 21 finnes
1033 1095 159 22 föreskrifvet'*

439 1131 59 20 samt
512 1130 93 22 beslutit
619 1132 32 20 att
666 1131 11 21 7
691 1130 15 29 $
721 1131 68 21 borde
800 1130 7 21 i
818 1131 42 21 den
872 1130 178 22 administrativa
1059 1130 129 22 förordnin-

440 1171 43 22 gen
499 1164 138 27 bibehällas;

508 1205 187 28 Borgareständet
716 1205 67 22 fattat
805 1206 116 21 enahanda
944 1205 74 22 beslut
1036 1212 48 15 som
1102 1205 87 21 Preste-

440 1239 88 22 ståndet
550 1239 141 22 beträffande
714 1240 102 28 tillägget
834 1240 34 21 till
889 1241 9 20 1
920 1239 49 29 8:ns
989 1241 9 20 1
1015 1247 74 18 mom.,
1104 1239 89 22 hvilket

440 1274 74 21 beslut
528 1274 84 27 jemväl
627 1271 121 24 innefattar
762 1276 31 19 att
808 1275 67 20 orden
891 1275 57 25 ,,och
962 1276 31 19 ett
1007 1274 96 29 tillägg'
1119 1274 73 21 skulle

440 1308 55 28 utgä
510 1315 26 14 ur
552 1309 43 20 den
610 1308 69 27 kläm,
695 1315 48 14 som
758 1308 90 28 föregär
859 1308 158 28 lagförslagets
1027 1307 85 27 rubrik,
1123 1307 69 22 hvar-

440 1342 66 27 jemte
534 1341 93 22 Ständet
649 1342 92 21 beslutit
763 1345 32 18 att
816 1342 34 21 till
871 1342 126 22 Utskottets
1019 1341 114 22 uttalande
1156 1349 36 14 om

443 1376 109 29 förslaget
570 1377 34 20 till
619 1377 164 21 administrativ
798 1376 131 28 förordning
946 1376 70 21 borde
1031 1376 66 29 fogas
1115 1383 27 14 en
1158 1383 35 14 er-

441 1411 64 21 inran
525 1417 35 14 om
581 1413 32 19 att
631 1411 175 28 ifrägavarande
821 1411 130 28 förordning
968 1411 69 21 borde
1053 1410 85 22 erhälla
1152 1411 41 21 be-

440 1446 136 28 nämningen
597 1446 174 28 ,kungörelse*;

509 1485 162 21 Bondeständet
701 1485 86 28 antagit
815 1484 125 22 Utskottets
964 1484 144 22 betänkande
1134 1484 59 22 oför-

442 1520 102 20 ändradt.

510 1564 182 19 Ekonomiutskottets
705 1564 110 18 betänkande
827 1564 35 18 N:o
876 1565 17 17 4.
