1100 1745
180 137 40 19 118
442 135 29 22 U.
489 135 28 21 B.
532 147 26 3 --
575 134 76 28 Prop.
665 134 42 23 N:o
724 134 35 21 17.

180 210 27 13 en
223 203 54 20 eller
292 209 76 15 annan
386 204 58 20 form
462 203 62 27 njuta
542 202 125 21 »afkomst>
685 202 58 21 skall
759 202 106 27 upphöra
881 201 52 20 med

181 237 123 26 legotidens
320 237 90 27 utgång.
440 237 44 20 Om
502 237 114 20 brukaren
638 236 73 21 under
731 235 112 28 legotiden
866 235 13 21 ä
901 242 33 14 ar-

180 271 149 26 rendejorden
353 271 90 26 nedlagt
468 271 75 21 arbete
565 270 44 21 och
631 270 98 21 kostmad
749 270 29 27 pä
794 270 82 21 sädant
891 271 44 20 sätt

181 307 32 18 att
232 305 119 21 desamma
373 305 19 27 ej
409 305 72 21 under
497 305 59 21 hans
571 304 169 27 besittningstid
755 304 84 21 betalat
854 305 40 25 sig,
909 305 26 19 är

180 339 61 21 detta
257 339 127 21 brukarens
400 339 83 23 ensak;
499 339 43 21 och
553 339 43 20 bör
606 338 134 27 jordegaren
749 337 19 28 ej
780 345 55 14 vara
846 338 89 27 skyldig

181 376 32 18 att
229 373 60 21 hålla
306 373 114 22 brukaren
436 376 69 18 ersatt
521 373 34 21 för
570 373 43 21 den
629 373 60 20 vinst
707 379 57 20 som,
774 373 116 20 måhända
901 372 34 21 till

182 407 54 27 följd
253 408 24 20 af
291 408 115 21 bristande
422 407 143 22 förutseende
581 407 43 21 hos
640 407 121 26 brukaren,
778 407 118 20 uteblifvit.

251 442 8 20 1
277 442 108 21 händelse
404 442 44 21 den
464 442 25 21 af
502 443 112 20 Utskottet
630 441 128 26 föreslagna
772 441 163 21 vidsträcktare

182 477 152 26 ersättningen
358 477 73 20 skulle
454 477 52 26 utgå
527 477 56 20 blott
603 476 34 21 för
652 475 28 21 de
695 477 71 19 större
782 475 154 27 förbättrings-

182 511 99 23 arbeten,
305 511 32 20 till
355 511 90 20 hvilkas
460 510 168 22 verkställande
641 509 147 28 jordegarens
804 509 63 22 bifall
883 510 51 26 (enl.

182 546 13 25 8
217 546 36 26 52)
276 545 122 26 utverkais,
421 545 77 21 kunde
519 544 133 27 stadgandet
667 545 114 20 försvaras
796 544 94 21 dermed
905 547 32 18 att

181 579 133 27 jordegaren
339 579 45 20 kan
407 579 65 21 träffa
489 579 53 21 aftal
558 585 38 15 om
612 579 166 26 ersättningens
793 579 84 27 belopp
893 579 43 20 och

183 615 129 25 grunderna
335 613 35 22 för
393 614 51 21 dess
467 613 154 22 beräknande.
652 613 52 21 Men
723 613 29 20 dä
768 613 122 21 enahanda
905 620 32 14 er-

183 649 100 25 sättning
307 648 76 21 tillbör
406 649 114 20 brukaren
534 648 85 27 jemväl
636 647 35 21 för
686 647 87 21 sådana
789 647 88 21 mindre
894 647 43 21 för-

184 683 131 26 bättringar,
337 683 34 20 till
388 683 89 20 hvilkas
494 682 120 21 utförande
627 682 147 27 jordegarens
791 681 62 22 bifall
869 682 19 27 ej
904 689 34 14 er-

185 718 88 20 fordras
297 718 43 20 och
362 717 78 21 hvilka
457 717 112 21 brukaren
588 717 46 20 kan
650 717 99 26 företaga
764 719 15 18 t.
795 723 20 14 o.
831 723 30 14 m.
877 719 62 18 emot

184 752 149 27 jordegarens
350 751 90 24 förbud,
456 752 73 21 skulle
545 751 222 27 ersättningspligten
783 751 7 20 i
805 751 82 26 mänga
898 751 39 20 fall

185 786 94 21 komma
294 788 33 18 att
341 786 89 21 kännas
446 787 66 25 högst
528 785 99 22 orättvis.

253 821 49 19 Alla
325 820 67 21 dessa
415 820 193 26 omständigheter
633 826 68 20 synas
727 826 53 14 vara
805 819 86 27 egnade
907 821 31 19 att

186 854 138 26 ädagalägga
341 853 38 21 det
394 853 115 21 teoretiskt
524 853 153 27 oberättigade
693 854 5 19 i
716 853 123 21 Utskottets
856 853 83 26 förslag

187 890 32 19 att
235 888 153 26 ersättningen
404 888 57 20 skall
478 888 94 20 omfatta
589 888 62 20 såväl
666 887 141 27 godtgörelse
818 887 35 21 för
863 888 76 20 arbete

186 922 43 21 och
253 922 99 21 kostnad
371 928 49 15 som
439 922 84 26 »skälig
537 922 81 21 vinst».
649 922 52 20 Men
718 922 66 20 äfven
801 922 71 21 andra
888 922 50 21 skäl

185 958 46 19 tala
246 957 110 20 häremot.

255 991 77 21 Skulle
349 991 123 21 Utskottets
488 991 84 27 förslag
587 991 70 21 blifva
674 992 42 26 lag,
731 993 26 19 är
767 991 44 22 den
822 991 118 27 möjlighet

185 1027 50 19 icke
251 1025 112 21 utesluten
380 1028 31 18 att
426 1025 99 21 brukare
537 1025 74 21 under
623 1025 125 27 legotidens
759 1025 55 22 sista
825 1025 25 21 är
860 1026 80 20 företa-

185 1065 38 22 ger
238 1059 87 21 diverse
341 1059 91 21 arbeten
449 1059 76 21 säsom
538 1059 121 27 inredning
669 1059 25 20 af
702 1059 237 28 ladugärdshyggnad,

185 1094 121 22 jnförande
321 1093 25 21 af
359 1093 88 21 mindre
462 1094 175 26 vattenledning,
651 1093 147 28 planterings-
809 1095 44 20 och
864 1094 76 27 plane-

186 1127 161 27 ringsarbeten,
372 1128 139 26 anläggande
532 1128 25 21 af
574 1128 166 26 odlingsvägar,
755 1128 147 27 ombyggnad
917 1128 25 20 af

187 1162 104 20 förfallna
308 1161 89 21 mindre
412 1162 103 21 träbroar
530 1162 33 21 till
580 1162 86 21 sådana
686 1162 24 21 af
728 1164 49 19 sten
793 1169 30 14 m.
840 1162 21 21 fl.
877 1161 63 22 arbe-

185 1199 45 23 ten,
246 1196 77 21 hvilka
340 1196 67 21 hvart
421 1197 35 20 för
471 1197 34 26 sig
520 1197 71 20 måste
603 1197 109 20 hänföras
724 1197 34 20 till
771 1197 113 20 »mindre»
896 1197 44 20 för-

186 1231 131 26 bättringar,
334 1237 49 14 som
400 1231 44 20 öka
460 1231 146 26 lägenhetens
621 1231 75 26 värde,
707 1237 53 14 men
772 1231 169 27 sammanlagdt

187 1265 79 20 kunna
282 1267 154 25 representera
451 1267 31 19 ett
502 1264 6 21 i
524 1265 49 21 smä
590 1265 161 21 förhällanden
762 1265 114 21 afsevärdt
887 1272 54 19 pen-

186 1299 158 26 ningebelopp.
377 1299 33 19 Dä
426 1298 115 20 brukaren
557 1298 78 20 härför
650 1298 82 26 tillbör,
744 1298 99 21 förutom
857 1298 84 20 arbets-

186 1332 45 25 lön,
247 1331 85 26 »skälig
345 1332 80 22 vinst»,
436 1331 71 21 blifva
515 1332 66 20 dessa
593 1332 91 20 arbeten
696 1332 34 20 för
741 1332 88 20 honom
841 1332 99 20 förmän-

186 1366 69 26 ligare
277 1367 29 19 än
330 1368 70 18 annat
423 1365 76 21 arbete
522 1368 47 19 mot
588 1366 167 28 dagspenning;
773 1366 45 21 och
833 1366 34 21 för
880 1366 61 28 jord-

187 1406 88 21 egaren,
291 1406 49 15 som
357 1400 87 21 kanske
460 1400 41 21 alls
517 1400 49 22 icke
582 1400 83 22 önskat
673 1400 21 21 få
702 1400 67 22 dessa
781 1400 162 28 förbättringar

255 1481 50 22 Lag-
318 1481 31 17 och
364 1480 185 19 Ekonomtutskottets
561 1481 111 18 betänkande
685 1482 36 17 N:o
733 1483 18 16 4.
