<?xml version="1.0" encoding="UTF-8"?>
<alto xmlns="http://www.loc.gov/standards/alto/ns-v3#" xmlns:xlink="http://www.w3.org/1999/xlink" xmlns:xsi="http://www.w3.org/2001/XMLSchema-instance" xsi:schemaLocation="http://www.loc.gov/standards/alto/ns-v3# http://www.loc.gov/alto/v3/alto-3-0.xsd">
	<Description>
		<MeasurementUnit>pixel</MeasurementUnit>
		<sourceImageInformation>
			<fileName>/tmp/tess_d5aszhkp_input.PNG</fileName>
		</sourceImageInformation>
		<OCRProcessing ID="OCR_0">
			<ocrProcessingStep>
				<processingSoftware>
					<softwareName>tesseract 5.3.4</softwareName>
				</processingSoftware>
			</ocrProcessingStep>
		</OCRProcessing>
	</Description>
	<Layout>
		<Page WIDTH="1700" HEIGHT="1906" PHYSICAL_IMG_NR="0" ID="page_0">
			<PrintSpace HPOS="0" VPOS="0" WIDTH="1700" HEIGHT="1906">
				<ComposedBlock ID="cblock_0" HPOS="503" VPOS="246" WIDTH="545" HEIGHT="28">
					<TextBlock ID="block_0" HPOS="503" VPOS="246" WIDTH="545" HEIGHT="28">
						<TextLine ID="line_0" HPOS="503" VPOS="246" WIDTH="545" HEIGHT="28">
							<String ID="string_0" HPOS="503" VPOS="249" WIDTH="28" HEIGHT="19" WC="0.96" CONTENT="24"/><SP WIDTH="175" VPOS="249" HPOS="531"/>
							<String ID="string_1" HPOS="706" VPOS="246" WIDTH="72" HEIGHT="23" WC="0.92" CONTENT="Ständ."/><SP WIDTH="16" VPOS="246" HPOS="778"/>
							<String ID="string_2" HPOS="794" VPOS="246" WIDTH="35" HEIGHT="22" WC="0.93" CONTENT="Sv."/><SP WIDTH="15" VPOS="246" HPOS="829"/>
							<String ID="string_3" HPOS="844" VPOS="260" WIDTH="28" HEIGHT="2" WC="0.92" CONTENT="—"/><SP WIDTH="16" VPOS="260" HPOS="872"/>
							<String ID="string_4" HPOS="888" VPOS="246" WIDTH="60" HEIGHT="28" WC="0.94" CONTENT="Prop."/><SP WIDTH="17" VPOS="246" HPOS="948"/>
							<String ID="string_5" HPOS="965" VPOS="246" WIDTH="34" HEIGHT="22" WC="0.96" CONTENT="N:o"/><SP WIDTH="17" VPOS="246" HPOS="999"/>
							<String ID="string_6" HPOS="1016" VPOS="246" WIDTH="32" HEIGHT="22" WC="0.96" CONTENT="17."/>
						</TextLine>
					</TextBlock>
				</ComposedBlock>
				<ComposedBlock ID="cblock_1" HPOS="501" VPOS="308" WIDTH="757" HEIGHT="1270">
					<TextBlock ID="block_1" HPOS="501" VPOS="308" WIDTH="757" HEIGHT="1200">
						<TextLine ID="line_1" HPOS="503" VPOS="308" WIDTH="752" HEIGHT="30">
							<String ID="string_7" HPOS="503" VPOS="309" WIDTH="88" HEIGHT="22" WC="0.96" CONTENT="minska"/><SP WIDTH="16" VPOS="309" HPOS="591"/>
							<String ID="string_8" HPOS="607" VPOS="309" WIDTH="146" HEIGHT="29" WC="0.93" CONTENT="lägenhetens"/><SP WIDTH="17" VPOS="309" HPOS="753"/>
							<String ID="string_9" HPOS="770" VPOS="308" WIDTH="217" HEIGHT="30" WC="0.92" CONTENT="försäljningsvärde"/><SP WIDTH="15" VPOS="308" HPOS="987"/>
							<String ID="string_10" HPOS="1002" VPOS="309" WIDTH="43" HEIGHT="21" WC="0.93" CONTENT="och"/><SP WIDTH="15" VPOS="309" HPOS="1045"/>
							<String ID="string_11" HPOS="1060" VPOS="308" WIDTH="130" HEIGHT="29" WC="0.92" CONTENT="derigenom"/><SP WIDTH="10" VPOS="308" HPOS="1190"/>
							<String ID="string_12" HPOS="1200" VPOS="309" WIDTH="8" HEIGHT="21" WC="0.93" CONTENT="i"/><SP WIDTH="10" VPOS="309" HPOS="1208"/>
							<String ID="string_13" HPOS="1218" VPOS="309" WIDTH="37" HEIGHT="21" WC="0.92" CONTENT="be-"/>
						</TextLine>
						<TextLine ID="line_2" HPOS="503" VPOS="343" WIDTH="752" HEIGHT="29">
							<String ID="string_14" HPOS="503" VPOS="344" WIDTH="89" HEIGHT="28" WC="0.90" CONTENT="tänklig"/><SP WIDTH="15" VPOS="344" HPOS="592"/>
							<String ID="string_15" HPOS="607" VPOS="344" WIDTH="57" HEIGHT="28" WC="0.96" CONTENT="grad"/><SP WIDTH="15" VPOS="344" HPOS="664"/>
							<String ID="string_16" HPOS="679" VPOS="344" WIDTH="94" HEIGHT="21" WC="0.96" CONTENT="inverka"/><SP WIDTH="14" VPOS="344" HPOS="773"/>
							<String ID="string_17" HPOS="787" VPOS="345" WIDTH="29" HEIGHT="27" WC="0.96" CONTENT="på"/><SP WIDTH="16" VPOS="345" HPOS="816"/>
							<String ID="string_18" HPOS="832" VPOS="344" WIDTH="63" HEIGHT="21" WC="0.96" CONTENT="deras"/><SP WIDTH="16" VPOS="344" HPOS="895"/>
							<String ID="string_19" HPOS="911" VPOS="345" WIDTH="51" HEIGHT="23" WC="0.96" CONTENT="rätt,"/><SP WIDTH="16" VPOS="345" HPOS="962"/>
							<String ID="string_20" HPOS="978" VPOS="350" WIDTH="47" HEIGHT="14" WC="0.92" CONTENT="som"/><SP WIDTH="16" VPOS="350" HPOS="1025"/>
							<String ID="string_21" HPOS="1041" VPOS="343" WIDTH="153" HEIGHT="29" WC="0.92" CONTENT="tilläfventyrs"/><SP WIDTH="11" VPOS="343" HPOS="1194"/>
							<String ID="string_22" HPOS="1205" VPOS="343" WIDTH="50" HEIGHT="21" WC="0.92" CONTENT="tidi-"/>
						</TextLine>
						<TextLine ID="line_3" HPOS="504" VPOS="378" WIDTH="752" HEIGHT="29">
							<String ID="string_23" HPOS="504" VPOS="385" WIDTH="54" HEIGHT="22" WC="0.95" CONTENT="gare"/><SP WIDTH="15" VPOS="385" HPOS="558"/>
							<String ID="string_24" HPOS="573" VPOS="378" WIDTH="89" HEIGHT="22" WC="0.93" CONTENT="erhållit"/><SP WIDTH="14" VPOS="378" HPOS="662"/>
							<String ID="string_25" HPOS="676" VPOS="380" WIDTH="101" HEIGHT="26" WC="0.91" CONTENT="panträtt"/><SP WIDTH="14" VPOS="380" HPOS="777"/>
							<String ID="string_26" HPOS="791" VPOS="378" WIDTH="8" HEIGHT="21" WC="0.94" CONTENT="i"/><SP WIDTH="15" VPOS="378" HPOS="799"/>
							<String ID="string_27" HPOS="814" VPOS="378" WIDTH="134" HEIGHT="22" WC="0.95" CONTENT="densamma."/><SP WIDTH="27" VPOS="378" HPOS="948"/>
							<String ID="string_28" HPOS="975" VPOS="378" WIDTH="52" HEIGHT="21" WC="0.93" CONTENT="Den"/><SP WIDTH="10" VPOS="378" HPOS="1027"/>
							<String ID="string_29" HPOS="1037" VPOS="378" WIDTH="115" HEIGHT="28" WC="0.92" CONTENT="rubbning"/><SP WIDTH="11" VPOS="378" HPOS="1152"/>
							<String ID="string_30" HPOS="1163" VPOS="378" WIDTH="22" HEIGHT="21" WC="0.93" CONTENT="af"/><SP WIDTH="9" VPOS="378" HPOS="1185"/>
							<String ID="string_31" HPOS="1194" VPOS="378" WIDTH="62" HEIGHT="28" WC="0.92" CONTENT="jord-"/>
						</TextLine>
						<TextLine ID="line_4" HPOS="503" VPOS="412" WIDTH="752" HEIGHT="29">
							<String ID="string_32" HPOS="503" VPOS="413" WIDTH="180" HEIGHT="25" WC="0.92" CONTENT="brukskrediten,"/><SP WIDTH="24" VPOS="413" HPOS="683"/>
							<String ID="string_33" HPOS="707" VPOS="420" WIDTH="48" HEIGHT="14" WC="0.93" CONTENT="som"/><SP WIDTH="23" VPOS="420" HPOS="755"/>
							<String ID="string_34" HPOS="778" VPOS="412" WIDTH="75" HEIGHT="23" WC="0.92" CONTENT="blefve"/><SP WIDTH="22" VPOS="412" HPOS="853"/>
							<String ID="string_35" HPOS="875" VPOS="420" WIDTH="29" HEIGHT="14" WC="0.95" CONTENT="en"/><SP WIDTH="18" VPOS="420" HPOS="904"/>
							<String ID="string_36" HPOS="922" VPOS="412" WIDTH="58" HEIGHT="29" WC="0.96" CONTENT="följd"/><SP WIDTH="15" VPOS="412" HPOS="980"/>
							<String ID="string_37" HPOS="995" VPOS="412" WIDTH="70" HEIGHT="26" WC="0.88" CONTENT="deraf,"/><SP WIDTH="16" VPOS="412" HPOS="1065"/>
							<String ID="string_38" HPOS="1081" VPOS="414" WIDTH="33" HEIGHT="20" WC="0.93" CONTENT="att"/><SP WIDTH="14" VPOS="414" HPOS="1114"/>
							<String ID="string_39" HPOS="1128" VPOS="412" WIDTH="127" HEIGHT="29" WC="0.92" CONTENT="lägenhets-"/>
						</TextLine>
						<TextLine ID="line_5" HPOS="504" VPOS="446" WIDTH="753" HEIGHT="29">
							<String ID="string_40" HPOS="504" VPOS="455" WIDTH="83" HEIGHT="20" WC="0.92" CONTENT="egaren"/><SP WIDTH="19" VPOS="455" HPOS="587"/>
							<String ID="string_41" HPOS="606" VPOS="448" WIDTH="83" HEIGHT="25" WC="0.96" CONTENT="kunde,"/><SP WIDTH="17" VPOS="448" HPOS="689"/>
							<String ID="string_42" HPOS="706" VPOS="447" WIDTH="126" HEIGHT="22" WC="0.96" CONTENT="oberoende"/><SP WIDTH="16" VPOS="447" HPOS="832"/>
							<String ID="string_43" HPOS="848" VPOS="447" WIDTH="25" HEIGHT="22" WC="0.93" CONTENT="af"/><SP WIDTH="12" VPOS="447" HPOS="873"/>
							<String ID="string_44" HPOS="885" VPOS="446" WIDTH="172" HEIGHT="29" WC="0.91" CONTENT="panthafvaren,"/><SP WIDTH="16" VPOS="446" HPOS="1057"/>
							<String ID="string_45" HPOS="1073" VPOS="447" WIDTH="93" HEIGHT="28" WC="0.93" CONTENT="vidtaga"/><SP WIDTH="16" VPOS="447" HPOS="1166"/>
							<String ID="string_46" HPOS="1182" VPOS="447" WIDTH="75" HEIGHT="28" WC="0.91" CONTENT="dispo-"/>
						</TextLine>
						<TextLine ID="line_6" HPOS="504" VPOS="481" WIDTH="752" HEIGHT="29">
							<String ID="string_47" HPOS="504" VPOS="482" WIDTH="97" HEIGHT="25" WC="0.92" CONTENT="sitioner,"/><SP WIDTH="23" VPOS="482" HPOS="601"/>
							<String ID="string_48" HPOS="624" VPOS="481" WIDTH="78" HEIGHT="22" WC="0.92" CONTENT="hvilka"/><SP WIDTH="22" VPOS="481" HPOS="702"/>
							<String ID="string_49" HPOS="724" VPOS="489" WIDTH="53" HEIGHT="14" WC="0.92" CONTENT="vore"/><SP WIDTH="23" VPOS="489" HPOS="777"/>
							<String ID="string_50" HPOS="800" VPOS="482" WIDTH="87" HEIGHT="27" WC="0.93" CONTENT="egnade"/><SP WIDTH="22" VPOS="482" HPOS="887"/>
							<String ID="string_51" HPOS="909" VPOS="484" WIDTH="34" HEIGHT="19" WC="0.96" CONTENT="att"/><SP WIDTH="22" VPOS="484" HPOS="943"/>
							<String ID="string_52" HPOS="965" VPOS="481" WIDTH="88" HEIGHT="22" WC="0.93" CONTENT="minska"/><SP WIDTH="15" VPOS="481" HPOS="1053"/>
							<String ID="string_53" HPOS="1068" VPOS="484" WIDTH="95" HEIGHT="26" WC="0.92" CONTENT="pantens"/><SP WIDTH="16" VPOS="484" HPOS="1163"/>
							<String ID="string_54" HPOS="1179" VPOS="481" WIDTH="77" HEIGHT="26" WC="0.96" CONTENT="värde,"/>
						</TextLine>
						<TextLine ID="line_7" HPOS="503" VPOS="515" WIDTH="754" HEIGHT="23">
							<String ID="string_55" HPOS="503" VPOS="517" WIDTH="46" HEIGHT="20" WC="0.93" CONTENT="kan"/><SP WIDTH="15" VPOS="517" HPOS="549"/>
							<String ID="string_56" HPOS="564" VPOS="516" WIDTH="50" HEIGHT="22" WC="0.92" CONTENT="icke"/><SP WIDTH="14" VPOS="516" HPOS="614"/>
							<String ID="string_57" HPOS="628" VPOS="516" WIDTH="86" HEIGHT="21" WC="0.92" CONTENT="lemnas"/><SP WIDTH="15" VPOS="516" HPOS="714"/>
							<String ID="string_58" HPOS="729" VPOS="516" WIDTH="118" HEIGHT="21" WC="0.93" CONTENT="obeaktad."/><SP WIDTH="27" VPOS="516" HPOS="847"/>
							<String ID="string_59" HPOS="874" VPOS="516" WIDTH="127" HEIGHT="21" WC="0.92" CONTENT="Ständerna"/><SP WIDTH="14" VPOS="516" HPOS="1001"/>
							<String ID="string_60" HPOS="1015" VPOS="515" WIDTH="70" HEIGHT="23" WC="0.93" CONTENT="hafva"/><SP WIDTH="10" VPOS="515" HPOS="1085"/>
							<String ID="string_61" HPOS="1095" VPOS="515" WIDTH="36" HEIGHT="22" WC="0.96" CONTENT="för"/><SP WIDTH="11" VPOS="515" HPOS="1131"/>
							<String ID="string_62" HPOS="1142" VPOS="516" WIDTH="43" HEIGHT="21" WC="0.97" CONTENT="den"/><SP WIDTH="11" VPOS="516" HPOS="1185"/>
							<String ID="string_63" HPOS="1196" VPOS="516" WIDTH="61" HEIGHT="21" WC="0.97" CONTENT="skull"/>
						</TextLine>
						<TextLine ID="line_8" HPOS="502" VPOS="550" WIDTH="754" HEIGHT="29">
							<String ID="string_64" HPOS="502" VPOS="551" WIDTH="51" HEIGHT="21" WC="0.95" CONTENT="icke"/><SP WIDTH="23" VPOS="551" HPOS="553"/>
							<String ID="string_65" HPOS="576" VPOS="551" WIDTH="76" HEIGHT="21" WC="0.93" CONTENT="funnit"/><SP WIDTH="21" VPOS="551" HPOS="652"/>
							<String ID="string_66" HPOS="673" VPOS="550" WIDTH="84" HEIGHT="29" WC="0.91" CONTENT="rädligt"/><SP WIDTH="22" VPOS="550" HPOS="757"/>
							<String ID="string_67" HPOS="779" VPOS="552" WIDTH="33" HEIGHT="20" WC="0.93" CONTENT="att"/><SP WIDTH="19" VPOS="552" HPOS="812"/>
							<String ID="string_68" HPOS="831" VPOS="551" WIDTH="65" HEIGHT="21" WC="0.93" CONTENT="ställa"/><SP WIDTH="12" VPOS="551" HPOS="896"/>
							<String ID="string_69" HPOS="908" VPOS="550" WIDTH="167" HEIGHT="29" WC="0.91" CONTENT="jordlegoaftal,"/><SP WIDTH="17" VPOS="550" HPOS="1075"/>
							<String ID="string_70" HPOS="1092" VPOS="550" WIDTH="68" HEIGHT="22" WC="0.95" CONTENT="äfven"/><SP WIDTH="16" VPOS="550" HPOS="1160"/>
							<String ID="string_71" HPOS="1176" VPOS="557" WIDTH="37" HEIGHT="14" WC="0.96" CONTENT="om"/><SP WIDTH="15" VPOS="557" HPOS="1213"/>
							<String ID="string_72" HPOS="1228" VPOS="550" WIDTH="28" HEIGHT="22" WC="0.96" CONTENT="de"/>
						</TextLine>
						<TextLine ID="line_9" HPOS="504" VPOS="585" WIDTH="752" HEIGHT="28">
							<String ID="string_73" HPOS="504" VPOS="585" WIDTH="60" HEIGHT="28" WC="0.90" CONTENT="gälla"/><SP WIDTH="29" VPOS="585" HPOS="564"/>
							<String ID="string_74" HPOS="593" VPOS="585" WIDTH="80" HEIGHT="22" WC="0.87" CONTENT="endast"/><SP WIDTH="29" VPOS="585" HPOS="673"/>
							<String ID="string_75" HPOS="702" VPOS="585" WIDTH="181" HEIGHT="28" WC="0.87" CONTENT="dagsverkstorp,"/><SP WIDTH="34" VPOS="585" HPOS="883"/>
							<String ID="string_76" HPOS="917" VPOS="589" WIDTH="63" HEIGHT="17" WC="0.92" CONTENT="utom"/><SP WIDTH="26" VPOS="589" HPOS="980"/>
							<String ID="string_77" HPOS="1006" VPOS="585" WIDTH="250" HEIGHT="28" WC="0.90" CONTENT="prioritetsordningen."/>
						</TextLine>
						<TextLine ID="line_10" HPOS="503" VPOS="619" WIDTH="754" HEIGHT="29">
							<String ID="string_78" HPOS="503" VPOS="620" WIDTH="139" HEIGHT="28" WC="0.92" CONTENT="Visserligen"/><SP WIDTH="22" VPOS="620" HPOS="642"/>
							<String ID="string_79" HPOS="664" VPOS="620" WIDTH="40" HEIGHT="21" WC="0.96" CONTENT="har"/><SP WIDTH="23" VPOS="620" HPOS="704"/>
							<String ID="string_80" HPOS="727" VPOS="620" WIDTH="8" HEIGHT="20" WC="0.96" CONTENT="i"/><SP WIDTH="21" VPOS="620" HPOS="735"/>
							<String ID="string_81" HPOS="756" VPOS="620" WIDTH="170" HEIGHT="28" WC="0.93" CONTENT="propositionen"/><SP WIDTH="17" VPOS="620" HPOS="926"/>
							<String ID="string_82" HPOS="943" VPOS="619" WIDTH="128" HEIGHT="28" WC="0.92" CONTENT="föreslagits"/><SP WIDTH="21" VPOS="619" HPOS="1071"/>
							<String ID="string_83" HPOS="1092" VPOS="621" WIDTH="32" HEIGHT="20" WC="0.93" CONTENT="ett"/><SP WIDTH="15" VPOS="621" HPOS="1124"/>
							<String ID="string_84" HPOS="1139" VPOS="619" WIDTH="118" HEIGHT="22" WC="0.92" CONTENT="korrektiv"/>
						</TextLine>
						<TextLine ID="line_11" HPOS="504" VPOS="654" WIDTH="753" HEIGHT="29">
							<String ID="string_85" HPOS="504" VPOS="655" WIDTH="136" HEIGHT="21" WC="0.91" CONTENT="derutinnan"/><SP WIDTH="29" VPOS="655" HPOS="640"/>
							<String ID="string_86" HPOS="669" VPOS="657" WIDTH="33" HEIGHT="18" WC="0.93" CONTENT="att"/><SP WIDTH="28" VPOS="657" HPOS="702"/>
							<String ID="string_87" HPOS="730" VPOS="657" WIDTH="105" HEIGHT="26" WC="0.90" CONTENT="parterne"/><SP WIDTH="24" VPOS="657" HPOS="835"/>
							<String ID="string_88" HPOS="859" VPOS="654" WIDTH="114" HEIGHT="22" WC="0.91" CONTENT="lemnades"/><SP WIDTH="25" VPOS="654" HPOS="973"/>
							<String ID="string_89" HPOS="998" VPOS="654" WIDTH="89" HEIGHT="21" WC="0.92" CONTENT="tillfälle"/><SP WIDTH="28" VPOS="654" HPOS="1087"/>
							<String ID="string_90" HPOS="1115" VPOS="656" WIDTH="24" HEIGHT="19" WC="0.96" CONTENT="att"/><SP WIDTH="34" VPOS="656" HPOS="1139"/>
							<String ID="string_91" HPOS="1173" VPOS="661" WIDTH="84" HEIGHT="22" WC="0.96" CONTENT="genom"/>
						</TextLine>
						<TextLine ID="line_12" HPOS="503" VPOS="689" WIDTH="753" HEIGHT="29">
							<String ID="string_92" HPOS="503" VPOS="689" WIDTH="113" HEIGHT="29" WC="0.96" CONTENT="periodvis"/><SP WIDTH="30" VPOS="689" HPOS="616"/>
							<String ID="string_93" HPOS="646" VPOS="689" WIDTH="183" HEIGHT="21" WC="0.96" CONTENT="återkommande"/><SP WIDTH="30" VPOS="689" HPOS="829"/>
							<String ID="string_94" HPOS="859" VPOS="696" WIDTH="67" HEIGHT="21" WC="0.96" CONTENT="syner"/><SP WIDTH="22" VPOS="696" HPOS="926"/>
							<String ID="string_95" HPOS="948" VPOS="689" WIDTH="25" HEIGHT="21" WC="0.93" CONTENT="få"/><SP WIDTH="24" VPOS="689" HPOS="973"/>
							<String ID="string_96" HPOS="997" VPOS="689" WIDTH="185" HEIGHT="28" WC="0.92" CONTENT="legovederlaget"/><SP WIDTH="25" VPOS="689" HPOS="1182"/>
							<String ID="string_97" HPOS="1207" VPOS="696" WIDTH="49" HEIGHT="21" WC="0.92" CONTENT="reg-"/>
						</TextLine>
						<TextLine ID="line_13" HPOS="502" VPOS="723" WIDTH="756" HEIGHT="26">
							<String ID="string_98" HPOS="502" VPOS="724" WIDTH="73" HEIGHT="21" WC="0.92" CONTENT="leradt"/><SP WIDTH="22" VPOS="724" HPOS="575"/>
							<String ID="string_99" HPOS="597" VPOS="725" WIDTH="31" HEIGHT="24" WC="0.96" CONTENT="så,"/><SP WIDTH="23" VPOS="725" HPOS="628"/>
							<String ID="string_100" HPOS="651" VPOS="725" WIDTH="34" HEIGHT="20" WC="0.96" CONTENT="att"/><SP WIDTH="22" VPOS="725" HPOS="685"/>
							<String ID="string_101" HPOS="707" VPOS="723" WIDTH="123" HEIGHT="21" WC="0.96" CONTENT="detsamma"/><SP WIDTH="18" VPOS="723" HPOS="830"/>
							<String ID="string_102" HPOS="848" VPOS="723" WIDTH="73" HEIGHT="22" WC="0.95" CONTENT="skulle"/><SP WIDTH="24" VPOS="723" HPOS="921"/>
							<String ID="string_103" HPOS="945" VPOS="723" WIDTH="54" HEIGHT="21" WC="0.96" CONTENT="fullt"/><SP WIDTH="21" VPOS="723" HPOS="999"/>
							<String ID="string_104" HPOS="1020" VPOS="725" WIDTH="114" HEIGHT="20" WC="0.96" CONTENT="motsvara"/><SP WIDTH="25" VPOS="725" HPOS="1134"/>
							<String ID="string_105" HPOS="1159" VPOS="723" WIDTH="28" HEIGHT="22" WC="0.92" CONTENT="de"/><SP WIDTH="24" VPOS="723" HPOS="1187"/>
							<String ID="string_106" HPOS="1211" VPOS="723" WIDTH="47" HEIGHT="21" WC="0.92" CONTENT="för-"/>
						</TextLine>
						<TextLine ID="line_14" HPOS="503" VPOS="757" WIDTH="752" HEIGHT="29">
							<String ID="string_107" HPOS="503" VPOS="760" WIDTH="84" HEIGHT="24" WC="0.91" CONTENT="måner,"/><SP WIDTH="19" VPOS="760" HPOS="587"/>
							<String ID="string_108" HPOS="606" VPOS="758" WIDTH="113" HEIGHT="21" WC="0.92" CONTENT="brukaren"/><SP WIDTH="19" VPOS="758" HPOS="719"/>
							<String ID="string_109" HPOS="738" VPOS="757" WIDTH="133" HEIGHT="22" WC="0.91" CONTENT="tillerkänts."/><SP WIDTH="30" VPOS="757" HPOS="871"/>
							<String ID="string_110" HPOS="901" VPOS="757" WIDTH="53" HEIGHT="22" WC="0.96" CONTENT="Men"/><SP WIDTH="15" VPOS="757" HPOS="954"/>
							<String ID="string_111" HPOS="969" VPOS="758" WIDTH="47" HEIGHT="21" WC="0.96" CONTENT="dels"/><SP WIDTH="15" VPOS="758" HPOS="1016"/>
							<String ID="string_112" HPOS="1031" VPOS="758" WIDTH="94" HEIGHT="21" WC="0.96" CONTENT="innebär"/><SP WIDTH="27" VPOS="758" HPOS="1125"/>
							<String ID="string_113" HPOS="1152" VPOS="759" WIDTH="103" HEIGHT="27" WC="0.96" CONTENT="förslaget,"/>
						</TextLine>
						<TextLine ID="line_15" HPOS="503" VPOS="792" WIDTH="754" HEIGHT="29">
							<String ID="string_114" HPOS="503" VPOS="795" WIDTH="33" HEIGHT="19" WC="0.96" CONTENT="att"/><SP WIDTH="16" VPOS="795" HPOS="536"/>
							<String ID="string_115" HPOS="552" VPOS="793" WIDTH="78" HEIGHT="28" WC="0.96" CONTENT="dylika"/><SP WIDTH="15" VPOS="793" HPOS="630"/>
							<String ID="string_116" HPOS="645" VPOS="793" WIDTH="122" HEIGHT="21" WC="0.96" CONTENT="revisioner"/><SP WIDTH="22" VPOS="793" HPOS="767"/>
							<String ID="string_117" HPOS="789" VPOS="792" WIDTH="77" HEIGHT="21" WC="0.96" CONTENT="kunde"/><SP WIDTH="20" VPOS="792" HPOS="866"/>
							<String ID="string_118" HPOS="886" VPOS="792" WIDTH="165" HEIGHT="22" WC="0.95" CONTENT="åstadkommas"/><SP WIDTH="15" VPOS="792" HPOS="1051"/>
							<String ID="string_119" HPOS="1066" VPOS="793" WIDTH="59" HEIGHT="21" WC="0.96" CONTENT="först"/><SP WIDTH="15" VPOS="793" HPOS="1125"/>
							<String ID="string_120" HPOS="1140" VPOS="793" WIDTH="69" HEIGHT="21" WC="0.96" CONTENT="sedan"/><SP WIDTH="15" VPOS="793" HPOS="1209"/>
							<String ID="string_121" HPOS="1224" VPOS="792" WIDTH="33" HEIGHT="21" WC="0.95" CONTENT="tio"/>
						</TextLine>
						<TextLine ID="line_16" HPOS="504" VPOS="826" WIDTH="752" HEIGHT="29">
							<String ID="string_122" HPOS="504" VPOS="830" WIDTH="24" HEIGHT="19" WC="0.96" CONTENT="år"/><SP WIDTH="14" VPOS="830" HPOS="528"/>
							<String ID="string_123" HPOS="542" VPOS="827" WIDTH="98" HEIGHT="22" WC="0.96" CONTENT="förflutit"/><SP WIDTH="19" VPOS="827" HPOS="640"/>
							<String ID="string_124" HPOS="659" VPOS="827" WIDTH="58" HEIGHT="21" WC="0.95" CONTENT="efter"/><SP WIDTH="20" VPOS="827" HPOS="717"/>
							<String ID="string_125" HPOS="737" VPOS="826" WIDTH="38" HEIGHT="22" WC="0.93" CONTENT="det"/><SP WIDTH="14" VPOS="826" HPOS="775"/>
							<String ID="string_126" HPOS="789" VPOS="827" WIDTH="132" HEIGHT="28" WC="0.92" CONTENT="legoaftalet"/><SP WIDTH="15" VPOS="827" HPOS="921"/>
							<String ID="string_127" HPOS="936" VPOS="827" WIDTH="105" HEIGHT="27" WC="0.91" CONTENT="afslutits,"/><SP WIDTH="16" VPOS="827" HPOS="1041"/>
							<String ID="string_128" HPOS="1057" VPOS="827" WIDTH="47" HEIGHT="22" WC="0.96" CONTENT="dels"/><SP WIDTH="15" VPOS="827" HPOS="1104"/>
							<String ID="string_129" HPOS="1119" VPOS="827" WIDTH="52" HEIGHT="27" WC="0.96" CONTENT="kan,"/><SP WIDTH="17" VPOS="827" HPOS="1171"/>
							<String ID="string_130" HPOS="1188" VPOS="827" WIDTH="68" HEIGHT="21" WC="0.96" CONTENT="äfven"/>
						</TextLine>
						<TextLine ID="line_17" HPOS="504" VPOS="861" WIDTH="753" HEIGHT="28">
							<String ID="string_131" HPOS="504" VPOS="870" WIDTH="36" HEIGHT="14" WC="0.96" CONTENT="om"/><SP WIDTH="22" VPOS="870" HPOS="540"/>
							<String ID="string_132" HPOS="562" VPOS="869" WIDTH="53" HEIGHT="14" WC="0.93" CONTENT="man"/><SP WIDTH="23" VPOS="869" HPOS="615"/>
							<String ID="string_133" HPOS="638" VPOS="862" WIDTH="79" HEIGHT="21" WC="0.93" CONTENT="tänker"/><SP WIDTH="16" VPOS="862" HPOS="717"/>
							<String ID="string_134" HPOS="733" VPOS="861" WIDTH="34" HEIGHT="28" WC="0.96" CONTENT="sig"/><SP WIDTH="15" VPOS="861" HPOS="767"/>
							<String ID="string_135" HPOS="782" VPOS="864" WIDTH="72" HEIGHT="19" WC="0.96" CONTENT="tätare"/><SP WIDTH="15" VPOS="864" HPOS="854"/>
							<String ID="string_136" HPOS="869" VPOS="862" WIDTH="183" HEIGHT="21" WC="0.96" CONTENT="återkommande"/><SP WIDTH="15" VPOS="862" HPOS="1052"/>
							<String ID="string_137" HPOS="1067" VPOS="862" WIDTH="129" HEIGHT="26" WC="0.96" CONTENT="revisioner,"/><SP WIDTH="16" VPOS="862" HPOS="1196"/>
							<String ID="string_138" HPOS="1212" VPOS="861" WIDTH="45" HEIGHT="22" WC="0.96" CONTENT="den"/>
						</TextLine>
						<TextLine ID="line_18" HPOS="503" VPOS="895" WIDTH="753" HEIGHT="30">
							<String ID="string_139" HPOS="503" VPOS="897" WIDTH="140" HEIGHT="28" WC="0.96" CONTENT="berättigade"/><SP WIDTH="16" VPOS="897" HPOS="643"/>
							<String ID="string_140" HPOS="659" VPOS="896" WIDTH="150" HEIGHT="28" WC="0.96" CONTENT="anmärkning"/><SP WIDTH="16" VPOS="896" HPOS="809"/>
							<String ID="string_141" HPOS="825" VPOS="899" WIDTH="72" HEIGHT="26" WC="0.95" CONTENT="göras,"/><SP WIDTH="16" VPOS="899" HPOS="897"/>
							<String ID="string_142" HPOS="913" VPOS="898" WIDTH="33" HEIGHT="19" WC="0.96" CONTENT="att"/><SP WIDTH="16" VPOS="898" HPOS="946"/>
							<String ID="string_143" HPOS="962" VPOS="904" WIDTH="26" HEIGHT="13" WC="0.96" CONTENT="en"/><SP WIDTH="17" VPOS="904" HPOS="988"/>
							<String ID="string_144" HPOS="1005" VPOS="896" WIDTH="26" HEIGHT="21" WC="0.96" CONTENT="af"/><SP WIDTH="12" VPOS="896" HPOS="1031"/>
							<String ID="string_145" HPOS="1043" VPOS="896" WIDTH="38" HEIGHT="28" WC="0.93" CONTENT="lag"/><SP WIDTH="15" VPOS="896" HPOS="1081"/>
							<String ID="string_146" HPOS="1096" VPOS="895" WIDTH="116" HEIGHT="29" WC="0.90" CONTENT="påbjuden"/><SP WIDTH="12" VPOS="895" HPOS="1212"/>
							<String ID="string_147" HPOS="1224" VPOS="903" WIDTH="32" HEIGHT="14" WC="0.87" CONTENT="re-"/>
						</TextLine>
						<TextLine ID="line_19" HPOS="502" VPOS="930" WIDTH="755" HEIGHT="29">
							<String ID="string_148" HPOS="502" VPOS="931" WIDTH="75" HEIGHT="22" WC="0.95" CONTENT="vision"/><SP WIDTH="14" VPOS="931" HPOS="577"/>
							<String ID="string_149" HPOS="591" VPOS="931" WIDTH="20" HEIGHT="28" WC="0.95" CONTENT="ej"/><SP WIDTH="18" VPOS="931" HPOS="611"/>
							<String ID="string_150" HPOS="629" VPOS="934" WIDTH="24" HEIGHT="18" WC="0.96" CONTENT="är"/><SP WIDTH="15" VPOS="934" HPOS="653"/>
							<String ID="string_151" HPOS="668" VPOS="930" WIDTH="98" HEIGHT="28" WC="0.96" CONTENT="förenlig"/><SP WIDTH="17" VPOS="930" HPOS="766"/>
							<String ID="string_152" HPOS="783" VPOS="931" WIDTH="52" HEIGHT="20" WC="0.96" CONTENT="med"/><SP WIDTH="18" VPOS="931" HPOS="835"/>
							<String ID="string_153" HPOS="853" VPOS="930" WIDTH="44" HEIGHT="21" WC="0.96" CONTENT="den"/><SP WIDTH="17" VPOS="930" HPOS="897"/>
							<String ID="string_154" HPOS="914" VPOS="931" WIDTH="110" HEIGHT="28" WC="0.96" CONTENT="trygghet"/><SP WIDTH="15" VPOS="931" HPOS="1024"/>
							<String ID="string_155" HPOS="1039" VPOS="930" WIDTH="141" HEIGHT="22" WC="0.93" CONTENT="beträffande"/><SP WIDTH="15" VPOS="930" HPOS="1180"/>
							<String ID="string_156" HPOS="1195" VPOS="931" WIDTH="62" HEIGHT="28" WC="0.90" CONTENT="lego-"/>
						</TextLine>
						<TextLine ID="line_20" HPOS="503" VPOS="964" WIDTH="753" HEIGHT="29">
							<String ID="string_157" HPOS="503" VPOS="966" WIDTH="110" HEIGHT="25" WC="0.92" CONTENT="vilkoren,"/><SP WIDTH="23" VPOS="966" HPOS="613"/>
							<String ID="string_158" HPOS="636" VPOS="967" WIDTH="87" HEIGHT="26" WC="0.92" CONTENT="hvarpå"/><SP WIDTH="17" VPOS="967" HPOS="723"/>
							<String ID="string_159" HPOS="740" VPOS="965" WIDTH="113" HEIGHT="21" WC="0.96" CONTENT="brukaren"/><SP WIDTH="17" VPOS="965" HPOS="853"/>
							<String ID="string_160" HPOS="870" VPOS="965" WIDTH="72" HEIGHT="21" WC="0.92" CONTENT="under"/><SP WIDTH="15" VPOS="965" HPOS="942"/>
							<String ID="string_161" HPOS="957" VPOS="965" WIDTH="126" HEIGHT="28" WC="0.92" CONTENT="legotidens"/><SP WIDTH="16" VPOS="965" HPOS="1083"/>
							<String ID="string_162" HPOS="1099" VPOS="965" WIDTH="90" HEIGHT="28" WC="0.96" CONTENT="förlopp"/><SP WIDTH="16" VPOS="965" HPOS="1189"/>
							<String ID="string_163" HPOS="1205" VPOS="964" WIDTH="51" HEIGHT="23" WC="0.95" CONTENT="med"/>
						</TextLine>
						<TextLine ID="line_21" HPOS="503" VPOS="999" WIDTH="754" HEIGHT="29">
							<String ID="string_164" HPOS="503" VPOS="1001" WIDTH="49" HEIGHT="20" WC="0.96" CONTENT="skäl"/><SP WIDTH="15" VPOS="1001" HPOS="552"/>
							<String ID="string_165" HPOS="567" VPOS="1000" WIDTH="45" HEIGHT="21" WC="0.96" CONTENT="kan"/><SP WIDTH="16" VPOS="1000" HPOS="612"/>
							<String ID="string_166" HPOS="628" VPOS="1002" WIDTH="55" HEIGHT="26" WC="0.96" CONTENT="göra"/><SP WIDTH="11" VPOS="1002" HPOS="683"/>
							<String ID="string_167" HPOS="694" VPOS="999" WIDTH="104" HEIGHT="29" WC="0.96" CONTENT="anspråk."/><SP WIDTH="17" VPOS="999" HPOS="798"/>
							<String ID="string_168" HPOS="815" VPOS="999" WIDTH="44" HEIGHT="22" WC="0.96" CONTENT="Vid"/><SP WIDTH="10" VPOS="999" HPOS="859"/>
							<String ID="string_169" HPOS="869" VPOS="999" WIDTH="80" HEIGHT="22" WC="0.96" CONTENT="sådant"/><SP WIDTH="10" VPOS="999" HPOS="949"/>
							<String ID="string_170" HPOS="959" VPOS="999" WIDTH="141" HEIGHT="22" WC="0.96" CONTENT="förhållande"/><SP WIDTH="11" VPOS="999" HPOS="1100"/>
							<String ID="string_171" HPOS="1111" VPOS="999" WIDTH="69" HEIGHT="22" WC="0.93" CONTENT="hafva"/><SP WIDTH="11" VPOS="999" HPOS="1180"/>
							<String ID="string_172" HPOS="1191" VPOS="1000" WIDTH="66" HEIGHT="21" WC="0.92" CONTENT="Stän-"/>
						</TextLine>
						<TextLine ID="line_22" HPOS="503" VPOS="1033" WIDTH="754" HEIGHT="29">
							<String ID="string_173" HPOS="503" VPOS="1035" WIDTH="70" HEIGHT="20" WC="0.95" CONTENT="derna"/><SP WIDTH="22" VPOS="1035" HPOS="573"/>
							<String ID="string_174" HPOS="595" VPOS="1036" WIDTH="74" HEIGHT="19" WC="0.95" CONTENT="ansett"/><SP WIDTH="22" VPOS="1036" HPOS="669"/>
							<String ID="string_175" HPOS="691" VPOS="1034" WIDTH="35" HEIGHT="28" WC="0.96" CONTENT="sig"/><SP WIDTH="21" VPOS="1034" HPOS="726"/>
							<String ID="string_176" HPOS="747" VPOS="1033" WIDTH="52" HEIGHT="21" WC="0.96" CONTENT="icke"/><SP WIDTH="22" VPOS="1033" HPOS="799"/>
							<String ID="string_177" HPOS="821" VPOS="1034" WIDTH="77" HEIGHT="20" WC="0.96" CONTENT="kunna"/><SP WIDTH="18" VPOS="1034" HPOS="898"/>
							<String ID="string_178" HPOS="916" VPOS="1041" WIDTH="39" HEIGHT="13" WC="0.94" CONTENT="ens"/><SP WIDTH="16" VPOS="1041" HPOS="955"/>
							<String ID="string_179" HPOS="971" VPOS="1034" WIDTH="7" HEIGHT="20" WC="0.94" CONTENT="i"/><SP WIDTH="15" VPOS="1034" HPOS="978"/>
							<String ID="string_180" HPOS="993" VPOS="1033" WIDTH="106" HEIGHT="22" WC="0.92" CONTENT="afseende"/><SP WIDTH="16" VPOS="1033" HPOS="1099"/>
							<String ID="string_181" HPOS="1115" VPOS="1036" WIDTH="13" HEIGHT="19" WC="0.92" CONTENT="å"/><SP WIDTH="26" VPOS="1036" HPOS="1128"/>
							<String ID="string_182" HPOS="1154" VPOS="1041" WIDTH="40" HEIGHT="21" WC="0.93" CONTENT="torp"/><SP WIDTH="18" VPOS="1041" HPOS="1194"/>
							<String ID="string_183" HPOS="1212" VPOS="1034" WIDTH="45" HEIGHT="21" WC="0.91" CONTENT="till-"/>
						</TextLine>
						<TextLine ID="line_23" HPOS="503" VPOS="1068" WIDTH="755" HEIGHT="28">
							<String ID="string_184" HPOS="503" VPOS="1068" WIDTH="100" HEIGHT="21" WC="0.93" CONTENT="erkänna"/><SP WIDTH="15" VPOS="1068" HPOS="603"/>
							<String ID="string_185" HPOS="618" VPOS="1068" WIDTH="122" HEIGHT="28" WC="0.91" CONTENT="obetingad"/><SP WIDTH="15" VPOS="1068" HPOS="740"/>
							<String ID="string_186" HPOS="755" VPOS="1068" WIDTH="106" HEIGHT="28" WC="0.96" CONTENT="giltighet"/><SP WIDTH="20" VPOS="1068" HPOS="861"/>
							<String ID="string_187" HPOS="881" VPOS="1070" WIDTH="23" HEIGHT="18" WC="0.93" CONTENT="åt"/><SP WIDTH="11" VPOS="1070" HPOS="904"/>
							<String ID="string_188" HPOS="915" VPOS="1068" WIDTH="109" HEIGHT="28" WC="0.91" CONTENT="legoaftal"/><SP WIDTH="10" VPOS="1068" HPOS="1024"/>
							<String ID="string_189" HPOS="1034" VPOS="1068" WIDTH="39" HEIGHT="21" WC="0.93" CONTENT="vid"/><SP WIDTH="10" VPOS="1068" HPOS="1073"/>
							<String ID="string_190" HPOS="1083" VPOS="1068" WIDTH="175" HEIGHT="28" WC="0.91" CONTENT="tvångsförsälj-"/>
						</TextLine>
						<TextLine ID="line_24" HPOS="502" VPOS="1102" WIDTH="755" HEIGHT="28">
							<String ID="string_191" HPOS="502" VPOS="1103" WIDTH="63" HEIGHT="27" WC="0.95" CONTENT="ning,"/><SP WIDTH="16" VPOS="1103" HPOS="565"/>
							<String ID="string_192" HPOS="581" VPOS="1104" WIDTH="70" HEIGHT="26" WC="0.96" CONTENT="något"/><SP WIDTH="16" VPOS="1104" HPOS="651"/>
							<String ID="string_193" HPOS="667" VPOS="1109" WIDTH="48" HEIGHT="15" WC="0.95" CONTENT="som"/><SP WIDTH="14" VPOS="1109" HPOS="715"/>
							<String ID="string_194" HPOS="729" VPOS="1102" WIDTH="142" HEIGHT="22" WC="0.93" CONTENT="beträffande"/><SP WIDTH="16" VPOS="1102" HPOS="871"/>
							<String ID="string_195" HPOS="887" VPOS="1102" WIDTH="157" HEIGHT="28" WC="0.91" CONTENT="sjelfständiga"/><SP WIDTH="15" VPOS="1102" HPOS="1044"/>
							<String ID="string_196" HPOS="1059" VPOS="1102" WIDTH="132" HEIGHT="28" WC="0.96" CONTENT="lägenheter"/><SP WIDTH="10" VPOS="1102" HPOS="1191"/>
							<String ID="string_197" HPOS="1201" VPOS="1110" WIDTH="56" HEIGHT="14" WC="0.96" CONTENT="vore"/>
						</TextLine>
						<TextLine ID="line_25" HPOS="503" VPOS="1136" WIDTH="753" HEIGHT="29">
							<String ID="string_198" HPOS="503" VPOS="1140" WIDTH="29" HEIGHT="18" WC="0.96" CONTENT="än"/><SP WIDTH="24" VPOS="1140" HPOS="532"/>
							<String ID="string_199" HPOS="556" VPOS="1144" WIDTH="47" HEIGHT="14" WC="0.96" CONTENT="mer"/><SP WIDTH="25" VPOS="1144" HPOS="603"/>
							<String ID="string_200" HPOS="628" VPOS="1136" WIDTH="133" HEIGHT="29" WC="0.96" CONTENT="betänkligt."/><SP WIDTH="30" VPOS="1136" HPOS="761"/>
							<String ID="string_201" HPOS="791" VPOS="1136" WIDTH="38" HEIGHT="22" WC="0.96" CONTENT="Nu"/><SP WIDTH="24" VPOS="1136" HPOS="829"/>
							<String ID="string_202" HPOS="853" VPOS="1136" WIDTH="105" HEIGHT="29" WC="0.96" CONTENT="gällande"/><SP WIDTH="25" VPOS="1136" HPOS="958"/>
							<String ID="string_203" HPOS="983" VPOS="1136" WIDTH="49" HEIGHT="29" WC="0.96" CONTENT="lags"/><SP WIDTH="19" VPOS="1136" HPOS="1032"/>
							<String ID="string_204" HPOS="1051" VPOS="1137" WIDTH="149" HEIGHT="28" WC="0.96" CONTENT="ståndpunkt,"/><SP WIDTH="23" VPOS="1137" HPOS="1200"/>
							<String ID="string_205" HPOS="1223" VPOS="1139" WIDTH="33" HEIGHT="19" WC="0.96" CONTENT="att"/>
						</TextLine>
						<TextLine ID="line_26" HPOS="502" VPOS="1170" WIDTH="754" HEIGHT="30">
							<String ID="string_206" HPOS="502" VPOS="1172" WIDTH="98" HEIGHT="28" WC="0.92" CONTENT="legorätt"/><SP WIDTH="24" VPOS="1172" HPOS="600"/>
							<String ID="string_207" HPOS="624" VPOS="1171" WIDTH="39" HEIGHT="22" WC="0.96" CONTENT="vid"/><SP WIDTH="24" VPOS="1171" HPOS="663"/>
							<String ID="string_208" HPOS="687" VPOS="1171" WIDTH="107" HEIGHT="21" WC="0.96" CONTENT="exekutiv"/><SP WIDTH="24" VPOS="1171" HPOS="794"/>
							<String ID="string_209" HPOS="818" VPOS="1170" WIDTH="135" HEIGHT="29" WC="0.94" CONTENT="försäljning"/><SP WIDTH="26" VPOS="1170" HPOS="953"/>
							<String ID="string_210" HPOS="979" VPOS="1178" WIDTH="53" HEIGHT="21" WC="0.94" CONTENT="eger"/><SP WIDTH="22" VPOS="1178" HPOS="1032"/>
							<String ID="string_211" HPOS="1054" VPOS="1172" WIDTH="96" HEIGHT="20" WC="0.95" CONTENT="bestånd"/><SP WIDTH="26" VPOS="1172" HPOS="1150"/>
							<String ID="string_212" HPOS="1176" VPOS="1172" WIDTH="80" HEIGHT="21" WC="0.96" CONTENT="endast"/>
						</TextLine>
						<TextLine ID="line_27" HPOS="502" VPOS="1205" WIDTH="752" HEIGHT="29">
							<String ID="string_213" HPOS="502" VPOS="1213" WIDTH="37" HEIGHT="14" WC="0.96" CONTENT="om"/><SP WIDTH="18" VPOS="1213" HPOS="539"/>
							<String ID="string_214" HPOS="557" VPOS="1206" WIDTH="44" HEIGHT="21" WC="0.92" CONTENT="den"/><SP WIDTH="11" VPOS="1206" HPOS="601"/>
							<String ID="string_215" HPOS="612" VPOS="1208" WIDTH="33" HEIGHT="19" WC="0.91" CONTENT="-är"/><SP WIDTH="20" VPOS="1208" HPOS="645"/>
							<String ID="string_216" HPOS="665" VPOS="1205" WIDTH="122" HEIGHT="21" WC="0.91" CONTENT="intecknad"/><SP WIDTH="18" VPOS="1205" HPOS="787"/>
							<String ID="string_217" HPOS="805" VPOS="1205" WIDTH="42" HEIGHT="21" WC="0.96" CONTENT="och"/><SP WIDTH="15" VPOS="1205" HPOS="847"/>
							<String ID="string_218" HPOS="862" VPOS="1206" WIDTH="96" HEIGHT="27" WC="0.93" CONTENT="tidigare"/><SP WIDTH="15" VPOS="1206" HPOS="958"/>
							<String ID="string_219" HPOS="973" VPOS="1205" WIDTH="135" HEIGHT="22" WC="0.92" CONTENT="intecknade"/><SP WIDTH="15" VPOS="1205" HPOS="1108"/>
							<String ID="string_220" HPOS="1123" VPOS="1206" WIDTH="131" HEIGHT="28" WC="0.96" CONTENT="fordringar"/>
						</TextLine>
						<TextLine ID="line_28" HPOS="502" VPOS="1239" WIDTH="753" HEIGHT="29">
							<String ID="string_221" HPOS="502" VPOS="1239" WIDTH="77" HEIGHT="23" WC="0.94" CONTENT="blifvit"/><SP WIDTH="28" VPOS="1239" HPOS="579"/>
							<String ID="string_222" HPOS="607" VPOS="1239" WIDTH="54" HEIGHT="21" WC="0.87" CONTENT="fullt"/><SP WIDTH="29" VPOS="1239" HPOS="661"/>
							<String ID="string_223" HPOS="690" VPOS="1239" WIDTH="105" HEIGHT="21" WC="0.87" CONTENT="betäckta"/><SP WIDTH="30" VPOS="1239" HPOS="795"/>
							<String ID="string_224" HPOS="825" VPOS="1239" WIDTH="68" HEIGHT="22" WC="0.94" CONTENT="äfven"/><SP WIDTH="29" VPOS="1239" HPOS="893"/>
							<String ID="string_225" HPOS="922" VPOS="1242" WIDTH="55" HEIGHT="19" WC="0.91" CONTENT="utan"/><SP WIDTH="29" VPOS="1242" HPOS="977"/>
							<String ID="string_226" HPOS="1006" VPOS="1240" WIDTH="115" HEIGHT="22" WC="0.92" CONTENT="häfvande"/><SP WIDTH="26" VPOS="1240" HPOS="1121"/>
							<String ID="string_227" HPOS="1147" VPOS="1240" WIDTH="25" HEIGHT="21" WC="0.93" CONTENT="af"/><SP WIDTH="22" VPOS="1240" HPOS="1172"/>
							<String ID="string_228" HPOS="1194" VPOS="1240" WIDTH="61" HEIGHT="28" WC="0.92" CONTENT="lego-"/>
						</TextLine>
						<TextLine ID="line_29" HPOS="502" VPOS="1274" WIDTH="754" HEIGHT="28">
							<String ID="string_229" HPOS="502" VPOS="1276" WIDTH="81" HEIGHT="24" WC="0.96" CONTENT="rätten,"/><SP WIDTH="22" VPOS="1276" HPOS="583"/>
							<String ID="string_230" HPOS="605" VPOS="1281" WIDTH="52" HEIGHT="14" WC="0.96" CONTENT="men"/><SP WIDTH="22" VPOS="1281" HPOS="657"/>
							<String ID="string_231" HPOS="679" VPOS="1276" WIDTH="33" HEIGHT="19" WC="0.93" CONTENT="att"/><SP WIDTH="21" VPOS="1276" HPOS="712"/>
							<String ID="string_232" HPOS="733" VPOS="1274" WIDTH="68" HEIGHT="28" WC="0.92" CONTENT="legan"/><SP WIDTH="14" VPOS="1274" HPOS="801"/>
							<String ID="string_233" HPOS="815" VPOS="1274" WIDTH="8" HEIGHT="20" WC="0.96" CONTENT="i"/><SP WIDTH="15" VPOS="1274" HPOS="823"/>
							<String ID="string_234" HPOS="838" VPOS="1276" WIDTH="69" HEIGHT="19" WC="0.96" CONTENT="annat"/><SP WIDTH="23" VPOS="1276" HPOS="907"/>
							<String ID="string_235" HPOS="930" VPOS="1274" WIDTH="42" HEIGHT="21" WC="0.93" CONTENT="fall"/><SP WIDTH="13" VPOS="1274" HPOS="972"/>
							<String ID="string_236" HPOS="985" VPOS="1274" WIDTH="85" HEIGHT="28" WC="0.91" CONTENT="brytes,"/><SP WIDTH="15" VPOS="1274" HPOS="1070"/>
							<String ID="string_237" HPOS="1085" VPOS="1274" WIDTH="51" HEIGHT="21" WC="0.96" CONTENT="ifall"/><SP WIDTH="15" VPOS="1274" HPOS="1136"/>
							<String ID="string_238" HPOS="1151" VPOS="1274" WIDTH="44" HEIGHT="22" WC="0.96" CONTENT="den"/><SP WIDTH="14" VPOS="1274" HPOS="1195"/>
							<String ID="string_239" HPOS="1209" VPOS="1282" WIDTH="47" HEIGHT="20" WC="0.95" CONTENT="nya"/>
						</TextLine>
						<TextLine ID="line_30" HPOS="502" VPOS="1308" WIDTH="753" HEIGHT="29">
							<String ID="string_240" HPOS="502" VPOS="1316" WIDTH="83" HEIGHT="20" WC="0.92" CONTENT="egaren"/><SP WIDTH="16" VPOS="1316" HPOS="585"/>
							<String ID="string_241" HPOS="601" VPOS="1308" WIDTH="80" HEIGHT="22" WC="0.93" CONTENT="sådant"/><SP WIDTH="14" VPOS="1308" HPOS="681"/>
							<String ID="string_242" HPOS="695" VPOS="1308" WIDTH="106" HEIGHT="29" WC="0.92" CONTENT="päyrkar,"/><SP WIDTH="23" VPOS="1308" HPOS="801"/>
							<String ID="string_243" HPOS="824" VPOS="1308" WIDTH="69" HEIGHT="22" WC="0.93" CONTENT="hafva"/><SP WIDTH="22" VPOS="1308" HPOS="893"/>
							<String ID="string_244" HPOS="915" VPOS="1308" WIDTH="127" HEIGHT="22" WC="0.92" CONTENT="Ständerna"/><SP WIDTH="15" VPOS="1308" HPOS="1042"/>
							<String ID="string_245" HPOS="1057" VPOS="1308" WIDTH="79" HEIGHT="22" WC="0.96" CONTENT="funnit"/><SP WIDTH="15" VPOS="1308" HPOS="1136"/>
							<String ID="string_246" HPOS="1151" VPOS="1308" WIDTH="63" HEIGHT="22" WC="0.96" CONTENT="såväl"/><SP WIDTH="14" VPOS="1308" HPOS="1214"/>
							<String ID="string_247" HPOS="1228" VPOS="1316" WIDTH="27" HEIGHT="14" WC="0.96" CONTENT="ur"/>
						</TextLine>
						<TextLine ID="line_31" HPOS="502" VPOS="1342" WIDTH="754" HEIGHT="29">
							<String ID="string_248" HPOS="502" VPOS="1343" WIDTH="89" HEIGHT="28" WC="0.96" CONTENT="rättslig"/><SP WIDTH="15" VPOS="1343" HPOS="591"/>
							<String ID="string_249" HPOS="606" VPOS="1342" WIDTH="118" HEIGHT="29" WC="0.96" CONTENT="synpunkt"/><SP WIDTH="15" VPOS="1342" HPOS="724"/>
							<String ID="string_250" HPOS="739" VPOS="1350" WIDTH="48" HEIGHT="14" WC="0.96" CONTENT="som"/><SP WIDTH="14" VPOS="1350" HPOS="787"/>
							<String ID="string_251" HPOS="801" VPOS="1342" WIDTH="8" HEIGHT="21" WC="0.96" CONTENT="i"/><SP WIDTH="15" VPOS="1342" HPOS="809"/>
							<String ID="string_252" HPOS="824" VPOS="1342" WIDTH="106" HEIGHT="22" WC="0.93" CONTENT="afseende"/><SP WIDTH="15" VPOS="1342" HPOS="930"/>
							<String ID="string_253" HPOS="945" VPOS="1344" WIDTH="13" HEIGHT="20" WC="0.92" CONTENT="å"/><SP WIDTH="13" VPOS="1344" HPOS="958"/>
							<String ID="string_254" HPOS="971" VPOS="1342" WIDTH="220" HEIGHT="29" WC="0.96" CONTENT="ändamålsenlighet"/><SP WIDTH="10" VPOS="1342" HPOS="1191"/>
							<String ID="string_255" HPOS="1201" VPOS="1350" WIDTH="55" HEIGHT="14" WC="0.96" CONTENT="vara"/>
						</TextLine>
						<TextLine ID="line_32" HPOS="502" VPOS="1376" WIDTH="753" HEIGHT="28">
							<String ID="string_256" HPOS="502" VPOS="1379" WIDTH="33" HEIGHT="19" WC="0.93" CONTENT="att"/><SP WIDTH="21" VPOS="1379" HPOS="535"/>
							<String ID="string_257" HPOS="556" VPOS="1377" WIDTH="121" HEIGHT="27" WC="0.90" CONTENT="föredraga"/><SP WIDTH="22" VPOS="1377" HPOS="677"/>
							<String ID="string_258" HPOS="699" VPOS="1376" WIDTH="42" HEIGHT="22" WC="0.92" CONTENT="och"/><SP WIDTH="22" VPOS="1376" HPOS="741"/>
							<String ID="string_259" HPOS="763" VPOS="1377" WIDTH="63" HEIGHT="26" WC="0.92" CONTENT="förty"/><SP WIDTH="22" VPOS="1377" HPOS="826"/>
							<String ID="string_260" HPOS="848" VPOS="1376" WIDTH="142" HEIGHT="21" WC="0.96" CONTENT="fortfarande"/><SP WIDTH="16" VPOS="1376" HPOS="990"/>
							<String ID="string_261" HPOS="1006" VPOS="1376" WIDTH="54" HEIGHT="21" WC="0.95" CONTENT="böra"/><SP WIDTH="15" VPOS="1376" HPOS="1060"/>
							<String ID="string_262" HPOS="1075" VPOS="1376" WIDTH="130" HEIGHT="26" WC="0.96" CONTENT="bibehållas,"/><SP WIDTH="16" VPOS="1376" HPOS="1205"/>
							<String ID="string_263" HPOS="1221" VPOS="1377" WIDTH="34" HEIGHT="20" WC="0.96" CONTENT="till"/>
						</TextLine>
						<TextLine ID="line_33" HPOS="502" VPOS="1410" WIDTH="754" HEIGHT="28">
							<String ID="string_264" HPOS="502" VPOS="1411" WIDTH="50" HEIGHT="21" WC="0.96" CONTENT="dess"/><SP WIDTH="15" VPOS="1411" HPOS="552"/>
							<String ID="string_265" HPOS="567" VPOS="1410" WIDTH="175" HEIGHT="28" WC="0.96" CONTENT="lagstiftningen"/><SP WIDTH="15" VPOS="1410" HPOS="742"/>
							<String ID="string_266" HPOS="757" VPOS="1410" WIDTH="7" HEIGHT="20" WC="0.96" CONTENT="i"/><SP WIDTH="15" VPOS="1410" HPOS="764"/>
							<String ID="string_267" HPOS="779" VPOS="1412" WIDTH="76" HEIGHT="19" WC="0.96" CONTENT="ämnet"/><SP WIDTH="15" VPOS="1412" HPOS="855"/>
							<String ID="string_268" HPOS="870" VPOS="1410" WIDTH="7" HEIGHT="20" WC="0.96" CONTENT="i"/><SP WIDTH="15" VPOS="1410" HPOS="877"/>
							<String ID="string_269" HPOS="892" VPOS="1410" WIDTH="163" HEIGHT="28" WC="0.95" CONTENT="sammanhang"/><SP WIDTH="13" VPOS="1410" HPOS="1055"/>
							<String ID="string_270" HPOS="1068" VPOS="1410" WIDTH="51" HEIGHT="22" WC="0.93" CONTENT="med"/><SP WIDTH="11" VPOS="1410" HPOS="1119"/>
							<String ID="string_271" HPOS="1130" VPOS="1411" WIDTH="126" HEIGHT="21" WC="0.91" CONTENT="anordnan-"/>
						</TextLine>
						<TextLine ID="line_34" HPOS="502" VPOS="1444" WIDTH="755" HEIGHT="28">
							<String ID="string_272" HPOS="502" VPOS="1444" WIDTH="38" HEIGHT="22" WC="0.96" CONTENT="det"/><SP WIDTH="16" VPOS="1444" HPOS="540"/>
							<String ID="string_273" HPOS="556" VPOS="1444" WIDTH="25" HEIGHT="22" WC="0.91" CONTENT="af"/><SP WIDTH="20" VPOS="1444" HPOS="581"/>
							<String ID="string_274" HPOS="601" VPOS="1444" WIDTH="205" HEIGHT="28" WC="0.89" CONTENT="fastighetsböcker"/><SP WIDTH="22" VPOS="1444" HPOS="806"/>
							<String ID="string_275" HPOS="828" VPOS="1444" WIDTH="46" HEIGHT="21" WC="0.96" CONTENT="kan"/><SP WIDTH="15" VPOS="1444" HPOS="874"/>
							<String ID="string_276" HPOS="889" VPOS="1444" WIDTH="148" HEIGHT="22" WC="0.96" CONTENT="underkastas"/><SP WIDTH="19" VPOS="1444" HPOS="1037"/>
							<String ID="string_277" HPOS="1056" VPOS="1444" WIDTH="65" HEIGHT="22" WC="0.91" CONTENT="deraf"/><SP WIDTH="22" VPOS="1444" HPOS="1121"/>
							<String ID="string_278" HPOS="1143" VPOS="1445" WIDTH="114" HEIGHT="22" WC="0.91" CONTENT="tilläfven-"/>
						</TextLine>
						<TextLine ID="line_35" HPOS="501" VPOS="1479" WIDTH="301" HEIGHT="29">
							<String ID="string_279" HPOS="501" VPOS="1482" WIDTH="49" HEIGHT="26" WC="0.92" CONTENT="tyrs"/><SP WIDTH="15" VPOS="1482" HPOS="550"/>
							<String ID="string_280" HPOS="565" VPOS="1479" WIDTH="119" HEIGHT="22" WC="0.93" CONTENT="föranledd"/><SP WIDTH="15" VPOS="1479" HPOS="684"/>
							<String ID="string_281" HPOS="699" VPOS="1479" WIDTH="103" HEIGHT="22" WC="0.96" CONTENT="revision."/>
						</TextLine>
					</TextBlock>
					<TextBlock ID="block_2" HPOS="503" VPOS="1513" WIDTH="753" HEIGHT="65">
						<TextLine ID="line_36" HPOS="570" VPOS="1513" WIDTH="686" HEIGHT="30">
							<String ID="string_282" HPOS="570" VPOS="1514" WIDTH="130" HEIGHT="22" WC="0.87" CONTENT="Brukarens"/><SP WIDTH="22" VPOS="1514" HPOS="700"/>
							<String ID="string_283" HPOS="722" VPOS="1513" WIDTH="166" HEIGHT="29" WC="0.73" CONTENT="rättsställning"/><SP WIDTH="19" VPOS="1513" HPOS="888"/>
							<String ID="string_284" HPOS="907" VPOS="1514" WIDTH="107" HEIGHT="28" WC="0.96" CONTENT="gestaltar"/><SP WIDTH="19" VPOS="1514" HPOS="1014"/>
							<String ID="string_285" HPOS="1033" VPOS="1514" WIDTH="35" HEIGHT="28" WC="0.93" CONTENT="sig"/><SP WIDTH="15" VPOS="1514" HPOS="1068"/>
							<String ID="string_286" HPOS="1083" VPOS="1514" WIDTH="86" HEIGHT="22" WC="0.95" CONTENT="således"/><SP WIDTH="16" VPOS="1514" HPOS="1169"/>
							<String ID="string_287" HPOS="1185" VPOS="1514" WIDTH="71" HEIGHT="29" WC="0.96" CONTENT="enligt"/>
						</TextLine>
						<TextLine ID="line_37" HPOS="503" VPOS="1548" WIDTH="753" HEIGHT="30">
							<String ID="string_288" HPOS="503" VPOS="1548" WIDTH="137" HEIGHT="22" WC="0.92" CONTENT="Ständernas"/><SP WIDTH="16" VPOS="1548" HPOS="640"/>
							<String ID="string_289" HPOS="656" VPOS="1548" WIDTH="73" HEIGHT="22" WC="0.93" CONTENT="beslut"/><SP WIDTH="15" VPOS="1548" HPOS="729"/>
							<String ID="string_290" HPOS="744" VPOS="1548" WIDTH="49" HEIGHT="22" WC="0.91" CONTENT="icke"/><SP WIDTH="16" VPOS="1548" HPOS="793"/>
							<String ID="string_291" HPOS="809" VPOS="1548" WIDTH="52" HEIGHT="22" WC="0.92" CONTENT="fullt"/><SP WIDTH="16" VPOS="1548" HPOS="861"/>
							<String ID="string_292" HPOS="877" VPOS="1550" WIDTH="24" HEIGHT="20" WC="0.93" CONTENT="sä"/><SP WIDTH="16" VPOS="1550" HPOS="901"/>
							<String ID="string_293" HPOS="917" VPOS="1551" WIDTH="114" HEIGHT="26" WC="0.91" CONTENT="gynsamt,"/><SP WIDTH="16" VPOS="1551" HPOS="1031"/>
							<String ID="string_294" HPOS="1047" VPOS="1556" WIDTH="48" HEIGHT="14" WC="0.96" CONTENT="som"/><SP WIDTH="10" VPOS="1556" HPOS="1095"/>
							<String ID="string_295" HPOS="1105" VPOS="1550" WIDTH="7" HEIGHT="20" WC="0.93" CONTENT="i"/><SP WIDTH="11" VPOS="1550" HPOS="1112"/>
							<String ID="string_296" HPOS="1123" VPOS="1550" WIDTH="133" HEIGHT="28" WC="0.93" CONTENT="propositio-"/>
						</TextLine>
					</TextBlock>
				</ComposedBlock>
				<GraphicalElement ID="cblock_2" HPOS="1142" VPOS="656" WIDTH="8" HEIGHT="398"></GraphicalElement >
			</PrintSpace>
		</Page>
	</Layout>
</alto>
