1073 1759
474 132 40 22 N:o
529 133 33 21 27.
854 134 14 20 5

144 199 39 22 och
198 200 65 22 stånd
277 200 52 22 eller
343 200 52 28 yrke
410 200 108 23 äfvensom
533 200 106 23 födelseår
654 201 39 22 och
709 202 48 27 dag.
782 202 67 22 Detta
864 202 32 21 in-

144 236 37 24 tyg
199 234 67 27 jemte
283 234 86 28 uppgift
385 240 35 16 om
442 235 88 22 barnets
544 235 82 22 födelse
639 235 55 22 böra
708 236 27 21 de
749 238 74 20 senast
837 236 59 22 inom

144 273 26 15 en
192 268 79 22 månad
294 269 93 21 derefter
407 270 98 21 meddela
527 269 242 27 registermyndigheten
792 270 33 22 för
840 270 56 22 att
884 264 15 36 i

144 301 105 28 offentligt
263 303 91 27 register
369 304 123 22 antecknas.

212 336 86 23 Samma
319 337 119 28 skyldighet
460 344 46 16 som
520 338 107 22 föräldrar
642 338 80 28 åligger
736 338 7 21 i
758 337 138 23 förenämndt

143 370 100 22 afseende
258 371 61 22 äfven
334 378 71 16 annan
420 372 111 22 målsman.

212 405 40 22 Om
273 406 136 23 föräldrarna
430 407 52 22 eller
504 407 146 23 målsmannen
666 413 76 16 senare
756 407 47 22 låta
818 407 79 21 barnet

144 440 32 22 till
194 440 42 28 dop
254 440 107 28 befordra,
377 441 54 23 skall
445 442 8 21 i
468 442 100 22 afseende
583 442 13 22 å
611 442 48 22 dess
673 442 112 22 införande
800 442 8 21 i
822 441 74 22 veder-

143 474 96 23 börande
260 475 135 29 församlings
416 476 125 22 hufvudbok
562 476 52 22 eller
628 476 214 28 personförteckning
857 475 39 23 och

143 508 109 24 afförande
274 517 26 15 ur
323 510 104 28 offentligt
446 511 91 27 register
552 511 110 27 iakttagas
676 511 56 22 hvad
747 511 40 21 här
803 510 70 22 nedan
889 510 7 21 i

144 544 12 27 8
173 545 11 20 7
200 544 94 28 stadgas.

212 574 30 26 Är
264 579 60 27 barn,
347 586 45 15 som
414 580 63 21 ofvan
493 580 62 28 afses,
570 580 47 21 födt
631 580 46 21 före
692 580 68 27 dagen
776 579 34 22 för
825 580 72 21 denna

142 612 136 28 förordnings
294 614 106 22 trädande
413 614 8 21 i
435 614 100 27 gällande
550 614 65 26 kraft,
632 614 78 22 räknas
726 614 59 22 tiden
797 613 33 22 för
840 613 56 22 före-

143 647 95 21 nämnda
252 647 99 22 anmälan
367 648 47 22 från
429 648 67 27 sagda
511 648 48 28 dag.

496 711 11 28 $
523 712 20 20 4.

210 750 58 22 Barn
284 750 31 22 till
331 752 52 20 äkta
397 751 81 27 makar,
494 758 45 15 som
554 751 67 27 begge
635 751 69 22 finnas
719 751 8 21 i
742 750 105 28 oftentligt
860 757 37 16 re-

142 784 67 28 gister
223 785 91 26 införda,
330 786 55 21 skall
399 786 57 21 inom
470 786 38 22 två
522 786 103 22 månader
640 786 54 22 efter
709 786 95 22 födelsen
820 785 33 22 till
863 786 32 21 in-

142 820 90 21 förande
246 820 7 21 i
268 820 101 28 registret
384 821 101 22 anmälas.

212 854 39 22 Om
274 855 22 21 af
316 855 135 23 föräldrarna
466 856 41 22 den
523 862 41 16 ena
578 856 68 22 finnes
661 857 7 20 i
684 855 104 28 offentligt
804 856 91 27 register

143 890 71 22 införd
237 890 38 22 och
298 891 40 21 den
358 891 67 21 andra
440 891 73 21 tillhör
527 891 7 21 i
549 891 74 21 landet
637 891 117 22 bestående
769 890 125 28 kyrkosam-

142 924 59 28 fund,
225 931 37 21 ege
284 925 75 22 fadren
382 926 57 26 eller,
454 926 7 20 i
475 925 103 22 händelse
592 926 42 21 han
651 927 24 20 är
690 925 77 22 afliden
784 924 50 22 eller
850 931 46 15 ma-

143 960 69 21 karna
227 959 54 22 lefva
296 960 69 21 skilda
380 960 50 22 eller
444 959 136 23 föräldrarna
596 960 18 27 ej
630 960 70 27 ingått
715 960 120 27 äktenskap
847 959 49 21 med

143 994 128 28 hvarandra,
280 994 40 22 den
331 994 84 22 hvilken
425 994 89 22 barnets
525 994 53 22 vård
588 994 90 28 lagligen
689 994 73 22 tillhör
768 994 126 26 bestämma,

142 1028 107 22 huruvida
270 1028 78 22 barnet
370 1028 55 22 skall
439 1028 33 22 till
487 1029 140 27 upptagande
641 1029 7 21 i
664 1029 36 21 det
714 1027 181 29 kyrkosamfunds

143 1063 129 27 gemenskap
289 1063 95 22 anmälas
399 1063 51 21 eller
464 1063 7 21 i
487 1063 104 27 offentligt
606 1063 90 27 register
705 1062 87 22 införas.

497 1126 11 28 8
524 1127 19 21 5.

211 1166 10 22 I
237 1160 99 28 afseende
351 1167 13 21 å
378 1166 57 22 hem-
451 1166 39 22 och
505 1166 200 27 skolundervisning
720 1166 62 22 skola
796 1166 7 21 i
820 1165 76 22 offent-

142 1201 39 27 ligt
196 1201 91 27 register
301 1200 84 22 införda
399 1200 70 22 finska
484 1199 141 29 medborgare
641 1200 38 22 och
695 1201 62 21 deras
772 1200 54 22 barn
842 1206 52 15 vara

143 1235 160 22 underkastade
324 1235 98 27 gällande
444 1235 133 27 stadganden
600 1236 56 20 samt
678 1241 63 15 anses
756 1234 86 22 tillhöra
858 1234 37 21 det

143 1270 141 26 skoldistrikt,
299 1270 57 21 inom
378 1269 81 22 hvilket
474 1270 25 21 de
515 1272 37 19 äro
568 1269 93 22 bosatta.
690 1269 32 21 På
736 1268 159 27 framställning

143 1304 23 21 af
186 1304 159 22 vederbörande
367 1304 103 21 målsman
492 1304 54 22 skall
561 1304 7 20 i
584 1303 106 27 offentligt
704 1303 91 27 register
813 1302 81 22 infördt

142 1338 54 22 barn
218 1338 90 28 fritagas
330 1338 47 21 från
396 1338 152 27 undervisning
568 1338 6 21 i
593 1338 41 21 den
652 1336 242 29 evangelisk-lutherska

141 1373 61 21 läran
226 1373 58 21 såväl
298 1373 7 21 i
320 1372 107 22 folkskola
451 1379 45 15 som
517 1372 227 26 elementarläroverk;
769 1372 53 21 dock
843 1371 51 27 älig-

142 1412 38 21 ger
198 1406 112 27 inspektor
325 1406 39 21 och
379 1406 107 21 direktion
501 1406 34 21 vid
551 1406 41 21 den
607 1405 60 22 förra
681 1407 58 20 samt
754 1405 74 21 rektor
844 1404 52 21 eller

141 1440 188 22 föreståndarinna
352 1439 34 22 vid
409 1440 36 21 det
467 1446 76 15 senare
564 1440 33 20 att
617 1439 62 27 tillse,
696 1439 36 21 det
746 1439 80 21 sådant
839 1438 55 21 barn
