1198 1750
192 168 27 19 28
332 148 134 50 —Ständ
486 148 76 50 Sv.
578 165 61 27 Prop.
656 164 34 22 N:o
708 164 32 22 17.
785 173 10 1 +

193 228 34 21 till
243 228 140 28 byggnaden
401 227 89 22 anvisas
503 229 30 27 pä
546 227 77 21 alltför
633 227 65 28 längt
711 226 91 22 afständ
812 226 52 22 frän
876 226 70 29 bygg-

193 262 152 29 nadsplatsen.
376 262 112 28 Slutligen
511 262 41 21 har
569 262 9 20 i
592 261 136 29 paragrafen
745 263 84 19 ansetts
844 260 56 22 böra
914 261 32 21 in-

193 300 65 25 tagas
270 304 28 14 en
308 296 125 28 uttrycklig
445 296 100 28 antydan
556 296 83 24 derom,
651 298 32 19 att
694 296 168 24 kontrahenter,
870 295 78 22 hvilka

194 332 71 21 önska
287 331 51 21 från
361 331 38 28 lag
421 330 122 22 afvikande
568 330 97 28 ordning
689 330 7 21 i
722 330 66 28 fråga
814 337 36 15 om
875 330 73 28 bygg-

195 365 224 29 nadsskyldigheten,
436 372 42 22 ega
493 366 76 21 derom
581 365 197 22 öfverenskomma
788 364 39 22 vid
837 364 111 29 ingäende

195 400 26 22 af
233 400 138 28 legoaftalet.

513 460 27 19 38
556 458 44 27 (31)
615 457 20 29 8.

263 503 45 22 Till
331 504 72 21 denna
426 503 110 28 paragraf
555 503 42 22 har
619 503 75 28 fogats
718 506 32 18 ett
772 505 53 26 nytt
843 505 105 24 moment,

197 539 70 27 enligt
281 538 88 21 hvilket
384 537 113 22 brukaren
513 541 25 18 är
552 537 92 30 skyldig
659 539 33 20 att
707 537 66 22 ställa
788 538 35 28 sig
838 538 34 21 till
883 537 65 22 efter-

196 573 91 21 rättelse
306 571 289 29 skogshushällningsplan,
611 578 48 16 som
674 572 72 22 under
761 572 115 28 legotiden
892 574 12 20 ä
919 572 30 22 lä-

197 608 113 28 genheten
329 606 91 22 införes.
450 600 220 28 Ästadkommandet
685 606 25 22 af
724 609 32 19 ett
771 607 105 21 rationelt
891 606 59 22 bruk

197 642 26 21 af
236 641 87 29 skogen
338 644 68 25 utgör
420 641 116 29 nämligen
551 644 32 18 ett
598 641 93 21 allmänt
705 642 95 21 intresse
816 641 26 21 af
854 642 45 21 den
914 642 36 21 be-

196 676 117 28 tydenhet,
329 678 34 18 att
377 676 109 28 legoaftal
502 676 50 21 icke
567 676 70 21 borde
652 675 24 21 fä
691 676 66 21 ställa
772 676 80 21 hinder
867 676 82 22 derför.

197 710 53 22 Men
273 710 142 22 alldenstund
439 718 28 13 en
483 710 282 28 skogshushällningsplan
783 710 77 22 kunde
876 710 74 22 föran-

197 745 51 21 leda
269 744 166 28 inskränkning
450 745 8 20 i
473 745 124 21 brukarens
613 746 46 19 rätt
674 747 32 18 att
722 744 104 29 begagna
840 745 88 27 skogen
943 745 8 21 i

198 779 44 22 den
264 779 143 27 omfattning,
431 786 48 14 som
501 778 133 30 legoaftalet
653 778 150 22 tillförsäkrar
819 779 89 26 honom,
925 782 24 19 är

198 814 38 21 det
258 821 29 14 en
309 814 56 28 gärd
388 813 25 21 af
435 813 107 29 billighet,
566 816 33 18 att
615 813 113 21 brukaren
743 814 95 21 erhäller
854 816 97 19 motsva-

197 848 69 21 rande
279 847 120 28 jemkning
415 847 25 21 af
453 848 74 28 legan.

269 877 78 27 Äfven
361 882 8 20 i
385 883 12 19 2
412 888 66 16 mom.
494 883 28 20 44
537 882 13 28 $
566 882 26 21 af
605 882 84 28 nådiga
702 882 170 28 propositionen
887 883 65 27 ingår

200 918 33 20 ett
255 916 126 28 stadgande
399 916 7 20 i
421 916 118 21 enahanda
554 916 67 28 syfte,
637 916 114 28 nämligen
767 918 39 24 att,
822 917 7 21 i
844 916 108 22 händelse

197 951 40 21 vid
259 951 44 21 den
325 950 36 22 för
383 951 98 21 revision
496 950 26 22 af
535 950 184 29 legovederlaget
733 950 131 29 föreslagna
878 952 72 28 perio-

198 986 64 20 diska
277 992 44 21 syn
335 984 119 27 befunnes,
470 987 33 19 att
518 985 147 28 lägenhetens
680 985 98 28 tillgång
792 988 31 25 pä
832 986 59 28 skog
901 986 50 21 icke

197 1019 121 28 medgäfve
342 1019 112 21 brukaren
472 1022 32 18 att
527 1020 77 21 vidare
620 1019 103 28 begagna
741 1019 129 22 densamma
886 1020 64 22 öfver

197 1053 89 22 hufvud
309 1054 54 20 eller
385 1054 7 20 i
414 1054 70 20 sädan
499 1053 145 28 omfattning,
660 1061 48 14 som
722 1054 133 28 legoaftalet
870 1054 80 22 tillför-

197 1088 78 21 säkrat
296 1088 90 25 honom,
406 1088 172 28 synenämnden
593 1088 65 28 äläge
673 1090 34 20 att
719 1088 86 28 jemväl
820 1088 132 26 bestämma,

197 1122 78 22 hvilka
290 1122 192 28 inskränkningar
498 1122 123 22 brukarens
637 1122 166 29 nyttjanderätt
818 1123 34 21 till
864 1124 87 28 skogen

198 1156 119 22 framdeles
333 1156 90 21 komme
437 1158 33 19 att
485 1164 55 14 vara
553 1156 160 26 underkastad,
729 1159 59 19 samt
806 1157 4 21 i
825 1157 60 22 hvad
898 1159 54 20 män

197 1191 81 21 sädant
299 1191 124 21 inverkade
445 1192 30 27 pä
494 1191 78 28 legans
588 1190 89 29 belopp.
707 1191 35 22 Af
756 1192 55 25 skäl,
827 1199 48 14 som
890 1193 8 20 i
913 1192 38 22 det

197 1225 102 28 följande
315 1225 63 22 skola
394 1225 97 26 anföras,
507 1225 70 22 hafva
592 1225 129 22 Ständerna
736 1226 125 22 emellertid
877 1229 74 20 ansett

198 1259 95 22 berörda
314 1259 129 29 periodiska
462 1267 68 21 syner
544 1259 51 22 icke
611 1260 54 21 böra
682 1260 110 29 päbjudas
808 1263 74 20 såsom
896 1261 56 22 obli-

199 1294 120 27 gatoriska,
343 1294 125 27 hvarjemte
492 1294 39 20 det
546 1296 64 25 synts
626 1294 114 28 riktigare,
756 1297 33 18 att
803 1295 148 28 möjligheten

197 1327 35 21 till
248 1327 69 21 sådan
332 1327 134 27 förändring
481 1327 133 21 inskränkes
630 1327 35 21 till
681 1328 27 21 de
723 1328 48 26 fall,
787 1329 29 21 då
826 1336 28 14 en
865 1329 85 22 ordnad

198 1360 283 30 skogshushållningsplan
506 1360 92 28 införes,
623 1362 43 21 och
691 1364 33 20 att
750 1363 130 22 densamma
901 1364 50 22 icke

198 1398 65 26 göres
286 1395 112 22 beroende
421 1395 25 22 af
467 1396 115 29 förloppet
601 1396 25 22 af
639 1404 29 14 en
683 1397 153 29 tioårsperiod.
867 1398 46 22 Det
928 1398 26 22 af

199 1430 306 29 skogsafverkningsrättens
533 1431 168 22 inskränkande
726 1432 122 28 betingade
872 1432 80 29 utjem-

198 1465 85 22 nandet
299 1464 26 22 af
337 1465 184 29 legovederlaget
536 1472 68 22 synes
619 1466 50 22 icke
685 1466 70 22 heller
769 1467 54 21 böra
834 1467 117 22 öfverlem-
