1075 1761
227 134 27 20 30
423 132 28 22 U.
466 132 27 21 B.
508 145 27 3 —
550 132 72 27 Prop.
638 133 40 21 N:o
693 133 36 21 23.

197 200 107 25 Emedan,
322 199 74 22 såsom
411 199 115 22 Utskottet
541 200 67 21 ofvan
624 200 130 25 framhållit,
770 200 35 21 för
819 200 131 21 tuberkulos

197 234 135 21 misstänkta
346 233 50 28 djur
411 233 50 21 icke
476 234 69 21 borde
561 234 97 26 märkas,
675 234 82 25 kunde,
773 234 34 21 för
818 236 32 19 att
860 235 90 27 skydda

197 267 195 28 kreatursköpare,
415 267 7 21 i
450 267 14 29 8
493 269 27 21 25
541 268 85 21 införas
649 275 27 14 en
699 268 144 28 bestämning
865 269 85 26 derom,

197 304 32 20 att
251 302 56 28 djur,
330 308 50 15 som
403 302 135 21 misstänkes
556 302 47 21 lida
622 302 22 21 af
664 302 141 27 tuberkulos,
821 303 79 21 endast
914 302 36 22 får

198 336 74 28 säljas,
294 336 81 22 såvida
397 336 98 28 köparen
519 336 226 29 uppmärksamgöres
769 337 30 27 på
821 337 60 22 detta
903 337 46 21 för-

196 370 114 22 hållande.

265 405 31 21 Af
318 405 51 21 icke
387 405 66 28 ringa
471 406 115 28 betydelse
605 405 64 21 såväl
687 406 7 20 i
714 406 143 21 ekonomiskt
875 412 48 15 som
943 406 7 21 i

197 439 131 29 hygieniskt
353 439 106 21 afseende
485 446 59 20 vore,
570 442 32 19 att
628 440 146 21 tuberkulösa
801 440 49 27 djur
875 440 76 21 såvidt

198 473 86 29 möjligt
298 473 77 22 blefve
389 473 102 29 slagtade
505 474 8 21 i
529 474 115 28 offentliga
659 473 110 29 slagthus.
800 474 66 21 Detta
876 474 74 21 skulle

198 508 59 21 dock
272 507 8 22 i
294 508 46 28 hög
355 508 57 28 grad
427 508 120 26 försvåras,
563 515 36 14 om
614 508 80 21 endast
707 508 182 28 länedjurläkare
899 515 51 15 men

197 542 52 21 icke
270 542 70 21 andra
363 542 135 27 djurläkare,
521 544 15 20 t.
559 550 33 14 ex.
613 542 39 22 vid
674 542 147 22 köttkontroll
840 542 109 28 anstälde,

179 596 2 3 .
197 576 59 29 finge
280 577 131 26 bestämma,
426 576 79 22 hvilka
520 577 62 21 delar
597 577 24 21 af
636 578 31 20 ett
681 577 140 22 tuberkulöst
835 578 50 27 djur
900 584 49 15 som

125 818 15 29 8
152 819 34 22 26.

125 956 60 29 827.

197 610 25 22 få
236 612 116 21 användas
367 611 34 21 till
415 611 60 22 föda.
505 610 101 23 Oaktadt
620 611 115 22 Utskottet
748 611 7 22 i
766 611 124 22 allmänhet
900 612 50 21 icke

197 645 67 27 velat,
279 645 85 22 föreslå
377 645 30 28 på
421 645 79 22 hvilka
515 646 79 21 ställen
610 645 24 22 af
648 645 109 29 förslaget
771 645 34 22 till
815 646 135 29 kungörelse

198 680 62 21 ordet
290 679 207 29 ,länedjurläkare*
523 680 121 29 lämpligen
672 680 76 22 kunde
775 681 92 28 utbytas
891 683 60 20 emot

199 714 163 28 »djurläkare*,
377 714 42 22 har
434 714 114 23 Utskottet
565 715 59 22 dock
639 715 30 28 på
683 716 74 27 grund
776 715 24 22 af
817 716 83 21 sakens
915 723 35 14 re-

198 749 66 21 lativt
282 750 59 20 stora
361 749 115 28 betydelse
491 751 52 20 trott
558 749 36 29 sig
608 749 8 21 i
631 749 60 22 detta
706 749 41 22 fall
756 750 56 21 böra
821 750 92 21 förorda
923 757 27 14 en

198 783 72 22 sådan
285 783 166 28 omstilisering.

268 817 11 22 I
298 817 15 30 &
331 818 28 21 26
374 817 77 22 kunde
465 817 71 29 enligt
550 817 125 23 Utskottets
688 817 61 30 äsigt
763 820 53 21 utan
831 819 121 28 olägenhet

199 851 85 22 införas
300 859 27 14 en
342 851 236 30 tilläggsbestämning
592 853 84 26 derom,
691 855 32 19 att
738 853 91 22 kalfvar
840 853 23 22 af
875 854 76 21 tuber-

199 886 81 21 kulösa
294 886 129 22 nötkreatur
437 886 83 28 jemväl
535 886 77 22 kunna
626 886 113 28 uppfödas
753 888 52 21 med
820 888 70 27 mjölk
899 887 52 23 från

198 920 127 28 bevisligen
340 920 73 21 friska
428 920 56 28 djur.

267 954 140 29 Stadgandet
418 955 83 27 derom,
510 957 32 19 att
549 955 30 21 all
588 955 71 29 mjölk
666 955 50 22 från
725 962 27 15 en
761 956 118 29 ladugård,
889 956 61 23 inom

198 989 93 21 hvilken
312 989 131 21 tuberkulos
465 990 24 20 af
510 990 128 27 djurläkare
660 990 122 22 förklarats
803 990 147 28 förekomma,

198 1023 40 21 bör
253 1023 74 21 kokas
342 1022 54 22 eller
410 1025 135 25 uppvärmas
560 1023 34 22 till
609 1024 69 21 minst
690 1024 37 22 85"
737 1024 34 27 C.,
782 1024 74 22 skulle
871 1026 80 21 säker-

198 1056 60 29 ligen
281 1056 73 22 blifva
375 1056 67 22 altför
460 1057 141 29 betungande
615 1058 36 21 för
665 1058 172 29 kreatursegare
852 1059 43 22 och
910 1059 41 21 lätt

198 1090 52 23 leda
272 1090 33 23 till
323 1090 78 23 försök
420 1092 32 20 att
471 1091 81 29 kringå
570 1092 73 28 lagen.
673 1092 100 22 Emedan
791 1092 75 30 någon
884 1093 67 29 giltig

199 1125 67 22 orsak
285 1125 34 22 till
337 1127 32 20 ett
387 1125 26 22 så
431 1127 88 27 strängt
537 1127 125 27 stadgande
677 1126 52 22 icke
744 1127 128 29 föreligger,
891 1128 7 21 i
913 1128 38 21 det

198 1162 33 19 att
252 1161 28 20 de
302 1159 73 22 friska
397 1159 91 27 djurens
509 1160 70 28 mjölk
601 1160 143 29 naturligtvis
762 1161 51 22 icke
831 1162 45 21 kan
895 1169 56 15 vara

198 1193 151 29 smittofarlig,
372 1193 42 22 har
432 1193 114 23 Utskottet
563 1196 74 20 ansett
654 1197 32 19 att
709 1196 4 20 i
731 1202 67 16 mom.
818 1197 10 21 1
848 1196 25 22 af
889 1196 16 30 &
922 1198 27 21 27

198 1228 112 28 ingående
328 1228 144 29 bestämning
491 1230 79 20 endast
587 1229 71 22 borde
674 1229 62 29 gälla
750 1230 70 28 mjölk
833 1230 52 22 från
900 1231 51 28 djur

198 1262 110 28 angripna
333 1262 24 22 af
378 1262 54 22 eller
454 1263 132 23 misstänkta
607 1264 36 21 för
664 1264 139 22 tuberkulos.
832 1264 36 23 Då
883 1265 68 22 dessa

198 1297 50 26 djur
265 1297 55 20 böra
337 1296 74 21 hållas
430 1297 100 21 afskilda
547 1298 51 20 från
616 1298 74 27 öfriga
708 1298 51 27 djur
777 1299 8 21 i
803 1299 146 28 ladugården,

197 1330 69 21 borde
291 1329 162 23 efterlefnaden
475 1330 24 21 af
521 1332 31 20 ett
574 1331 80 21 sådant
675 1332 126 28 stadgande
822 1332 51 22 icke
895 1340 56 14 vara

198 1363 144 29 synnerligen
357 1364 53 21 svår
425 1365 32 21 att
472 1364 143 22 kontrollera.

265 1398 65 22 Inom
345 1397 114 23 Utskottet
472 1398 42 22 har
529 1398 67 22 äfven
610 1398 143 30 framhållits,
768 1402 33 20 att
815 1401 136 29 stadgandet

197 1433 8 22 i
220 1440 67 15 mom.
302 1434 13 22 2
330 1432 24 22 af
369 1432 15 30 &
398 1434 27 22 27
437 1433 41 22 lätt
493 1434 75 22 kunde
576 1434 52 22 leda
638 1434 93 28 derhän,
739 1437 33 20 att
779 1435 171 30 kreatursegare

268 1479 182 18 Ekonomiutskottets
462 1479 110 19 betänkande
584 1479 36 19 N:o
632 1481 14 17 5
