1078 1756
189 154 13 22 2
424 153 24 23 U.
462 154 26 21 B.
505 166 24 2 —
546 153 72 27 Prop.
633 153 42 22 N:o
690 152 33 23 19.

190 224 95 21 afverka
312 223 44 22 och
382 223 98 28 tillegna
506 224 36 28 sig
560 223 105 22 växande
683 223 59 28 skog
760 223 13 21 å
791 222 150 29 lägenhetens

189 258 72 27 mark,
288 258 61 21 blott
376 257 80 21 aftalet
482 257 59 21 hade
563 258 90 21 formen
671 257 23 21 af
711 257 58 29 lega.
805 257 83 28 Någon
906 256 36 22 tid

189 292 59 21 efter
273 291 181 29 författningens
480 291 137 22 utfärdande
645 291 100 28 begynte
768 290 126 22 emellertid
913 298 29 14 en

190 334 76 14 annan
302 326 154 28 uppfattning
492 326 97 22 rörande
620 325 76 22 denna
724 326 65 27 fråga
819 329 56 25 göra
904 325 36 29 sig

189 360 114 29 gällande.
334 359 76 22 Sedan
429 359 27 22 de
484 360 60 28 goda
562 360 295 28 trävarukonjunkturerna
868 359 74 22 under

189 395 83 29 början
298 394 24 22 af
352 394 65 22 1870
444 394 57 22 talet
522 395 101 21 förlänat
643 397 34 19 ett
695 394 90 22 aktuelt
802 394 96 22 intresse
917 394 25 22 åt

189 429 136 29 spörsmälet
342 428 115 22 huruvida
475 432 34 18 ett
527 429 333 29 skogsafverkningskontrakt
872 428 69 29 gäfve

189 463 88 30 upphof
304 464 24 21 ät
354 471 28 14 en
410 463 71 22 sådan
507 464 119 29 rättighet,
645 471 47 14 som
711 464 74 28 enligt
801 463 81 29 lagens
900 463 42 22 all-

188 502 85 18 männa
300 497 102 30 grunder
428 498 78 21 kunde
534 498 73 22 blifva
630 498 95 22 föremål
743 498 36 21 för
796 497 144 29 inteckning,

189 535 100 26 upptogs
311 532 82 29 frågan
411 532 36 21 till
466 532 142 29 behandling
627 532 22 21 af
667 532 120 22 Juridiska
804 532 137 29 föreningen

188 567 9 21 i
214 566 86 22 landet.
336 566 88 22 Dervid
450 567 81 28 gjorde
553 567 63 21 olika
633 567 120 28 meningar
771 567 36 28 sig
825 566 115 29 gällande.

188 600 80 23 Under
290 601 44 21 den
355 601 63 22 inom
436 601 137 29 föreningen
594 601 167 29 försiggångna
779 601 162 22 diskussionen

189 635 97 22 likasom
305 635 43 22 ock
366 635 74 22 under
458 635 39 22 det
515 635 129 22 sedermera
655 635 8 22 i
675 636 149 29 föreningens
836 635 105 22 tidskrift

188 670 108 22 fortsatta
304 670 202 29 meningsutbytet
514 670 100 23 rörande
623 670 149 22 omförmälda
781 670 66 29 fråga
858 669 82 23 stödde

189 705 35 29 sig
251 704 45 22 den
323 704 136 23 doktrinära
485 705 188 29 uppfattningen,
700 705 96 22 hvilken
814 705 51 21 icke
882 705 56 22 ville

188 739 118 28 medgifva
327 741 47 20 rätt
395 739 38 22 till
453 739 138 29 inteckning
612 740 24 21 af
659 739 110 22 kontrakt
787 739 50 22 utaf
855 739 83 28 ifråga-

188 773 101 22 varande
308 773 56 30 slag,
382 773 195 30 hufvudsakligen
596 775 30 28 på
644 774 44 21 den
705 774 178 29 vetenskapliga
900 774 40 21 be-

188 807 106 30 tydelsen
313 808 23 21 af
354 808 66 21 ordet
437 808 52 29 lega
513 809 93 26 (locatio
624 808 123 22 conductio
765 809 91 28 rerum),
872 809 67 22 hvar-

187 842 52 22 med
256 843 72 21 borde
346 843 85 21 förstås
448 845 34 19 ett
494 843 63 28 aftal,
570 843 138 22 dessmedels
726 851 29 14 en
773 850 83 21 person
868 843 71 29 (lego-

187 876 113 29 gifvaren,
324 876 95 28 locator)
438 877 25 22 åt
480 885 28 13 en
527 885 77 14 annan
622 877 165 29 (legotagaren,
805 877 133 27 conductor)

187 913 61 20 emot
274 911 178 29 vedergällning
478 912 107 29 upplåter
611 914 34 19 ett
671 912 51 29 ting
748 912 37 21 till
809 912 129 29 nyttjande.

187 945 71 22 Detta
276 946 52 29 ting
346 945 61 29 finge
425 945 52 22 icke
492 954 56 14 vara
559 947 78 28 något,
649 953 49 15 som
710 954 84 21 genom
805 946 135 29 nyttjandet

187 979 157 29 förbrukades,
364 979 94 23 emedan
477 981 39 21 det
533 981 52 28 låge
604 981 9 21 i
631 981 92 22 aftalets
735 984 69 19 natur
816 983 35 20 att
863 981 77 28 tinget

187 1014 74 21 skulle
273 1015 25 21 in
310 1016 68 27 specie
390 1015 135 22 återställas.
554 1015 60 22 Vore
627 1023 27 13 en
671 1015 111 29 fastighet
794 1016 56 21 eller
861 1017 77 26 någon

187 1047 37 22 del
251 1049 65 21 deraf
341 1049 95 22 föremål
454 1049 36 22 för
508 1049 90 29 aftalet,
616 1050 77 21 kunde
711 1050 70 21 också
799 1049 140 29 fastigheten

187 1082 74 28 enligt
287 1083 36 21 sin
350 1085 69 20 natur
444 1083 25 22 få
495 1085 89 28 nyttjas
612 1083 103 28 sålunda,
737 1087 34 19 att
789 1085 150 28 legotagaren

187 1116 65 22 deraf
270 1117 71 28 droge
360 1119 67 26 nytta
446 1117 43 22 och
506 1118 108 27 inkomst,
632 1126 53 13 men
702 1119 73 20 måste
789 1119 151 28 legotagaren

186 1150 60 21 dock
272 1151 41 21 vid
336 1151 130 28 legotidens
494 1153 46 20 slut
566 1153 120 21 återställa
708 1153 141 28 fastigheten
870 1153 69 28 jemte

187 1184 51 22 dess
257 1185 117 28 tillbehör,
392 1185 52 22 med
463 1186 134 28 skyldighet
615 1188 34 19 att
667 1189 85 19 ersätta
771 1186 72 22 sådan
860 1187 78 27 skada,

186 1218 96 22 hvilken
307 1219 147 29 uppkommit
474 1227 83 21 genom
578 1221 58 21 hans
657 1221 108 22 vållande
783 1221 56 21 eller
856 1228 84 21 genom

185 1253 119 29 uppsåtlig
324 1254 89 29 åtgärd,
432 1261 48 15 som
498 1255 75 21 strede
592 1257 59 20 emot
664 1255 92 22 aftalets
768 1257 75 20 natur.
869 1255 70 22 Hvad

185 1295 56 13 man
268 1288 74 21 kallat
369 1289 53 26 lega
449 1289 55 20 eller
522 1290 95 20 arrende
636 1289 23 20 af
677 1290 58 27 skog
752 1297 55 14 vore
825 1289 89 21 således
931 1291 9 20 i

186 1321 83 29 sjelfva
286 1321 82 22 verket
384 1322 60 21 intet
462 1324 71 19 annat
551 1326 31 17 än
599 1323 47 28 köp
665 1323 22 21 af
705 1323 106 22 växande
824 1323 51 21 träd
887 1323 52 22 med

184 1355 128 28 åtföljande
331 1355 204 29 afverkningsrätt.

252 1389 113 22 Häremot
382 1389 118 23 framhölls
520 1391 48 22 åter
587 1391 23 22 af
628 1391 57 28 dem,
703 1391 82 22 hvilka
803 1393 85 28 ansågo
905 1392 35 22 in-

183 1424 115 30 teckning
325 1425 37 21 till
389 1425 109 22 säkerhet
523 1425 36 22 för
585 1426 112 22 kontrakt
720 1427 24 21 af
761 1426 178 29 ifrågavarande

185 1459 51 28 slag
253 1459 81 22 kunna
351 1459 134 28 medgifvas,
504 1459 110 24 hurusom
630 1461 9 22 i
657 1463 33 19 ett
708 1461 232 29 skogsafverknings-

255 1503 133 22 Lagutskottets
400 1503 110 19 betänkande
522 1504 38 18 N:o
576 1505 15 17 7.
