1700 1914
682 235 27 22 U.
725 235 27 22 B.
769 248 25 3 —
810 236 72 27 Prop.
898 236 40 22 N:o
955 237 34 21 23.
1156 238 26 20 21

879 306 14 26 $
905 292 24 46 7.

664 355 158 28 Ersättningen
838 356 36 27 för
889 356 103 27 aflifvadt
1007 356 53 28 djur
1075 356 69 28 utgår,
1156 357 55 26 efter

596 390 131 27 föregången
756 390 157 28 uppskattning
937 390 29 28 af
986 390 73 28 djuret
1081 390 46 20 till
1154 390 56 20 dess

596 424 72 27 fulla
683 424 80 21 värde
780 424 8 20 i
803 424 83 28 friskt
901 424 137 27 tillstånd,

707 516 48 21 med
769 517 58 27 fulla
843 517 256 27 uppskattningsvärdet:

662 574 36 27 för
715 575 60 27 djur,
791 581 45 14 som
851 575 36 20 vid
903 574 115 21 obduktion
1033 574 110 28 befunnits
1158 574 50 27 fritt

593 609 53 27 från
662 609 40 20 den
717 609 108 27 sjukdom,
836 609 35 28 för
883 609 80 21 hvilket
975 609 73 27 djuret
1058 609 150 24 misstänktes
1201 605 12 36 ;

631 695 47 21 med
693 696 168 27 trefjerdedelar
876 695 28 28 af
915 695 257 28 uppskattningsvärdet:

661 753 36 26 för
720 753 58 27 djur,
801 760 44 13 som
864 755 27 18 är
906 753 99 28 angripet
1019 753 26 27 af
1059 752 146 28 boskapspest,

593 787 116 21 elakartad
723 786 119 29 lungsjuka
857 788 52 20 eller
924 787 95 28 svinpest
1034 787 95 27 (utesl.);

661 821 36 28 för
711 821 129 28 nötkreatur,
849 829 44 14 som
907 824 38 19 äro
961 822 110 27 angripna
1087 821 27 28 af
1122 821 84 21 allmän

592 856 66 21 eller
668 856 225 27 jufvertuberkulos;
908 859 56 18 samt

661 891 41 27 för
735 891 60 20 häst
825 891 127 27 behäftad
981 891 54 21 med
1064 893 65 23 rots,
1161 890 45 21 der

593 925 91 28 djuret
714 925 57 21 icke
795 926 108 27 företett
926 926 104 27 tydliga
1052 925 150 28 sjukdoms-

591 962 138 25 symptom;

693 1042 48 20 med
755 1041 76 28 halfva
847 1042 254 27 uppskattningsvärdet:

659 1098 36 28 för
716 1098 55 26 häst,
795 1098 103 29 behäftad
920 1100 48 20 med
988 1102 44 18 rots
1047 1099 52 21 eller
1115 1098 90 28 spring-

591 1139 52 18 orm,
675 1133 45 21 der
750 1134 91 27 djuret
870 1134 109 27 företett
1004 1134 105 28 tydliga
1132 1133 72 28 sjuk-

590 1167 205 28 domssymptom.

661 1219 42 21 Om
734 1220 92 27 djuret
848 1220 43 21 vid
913 1220 178 21 obduktionen
1114 1220 90 27 befun-

589 1253 54 21 nits
659 1253 63 27 fritt
737 1254 64 27 från
816 1254 45 21 den
871 1255 167 27 ifrågasatta
1049 1254 155 28 sjukdomen

589 1294 54 14 men
662 1288 114 21 deremot
791 1289 124 28 angripet
930 1289 31 27 af
973 1296 88 14 annan
1077 1288 127 26 åkomma,

589 1329 52 13 som
671 1323 166 27 väsentligen
866 1324 137 20 nedsätter
1029 1324 58 20 dess
1113 1323 91 24 värde,

589 1357 79 27 utgår
694 1358 184 27 ersättningen
905 1358 92 20 endast
1019 1358 56 20 med
1098 1358 106 27 djurets

590 1391 79 20 värde
684 1391 9 20 i
707 1391 75 27 sjukt
797 1392 134 20 tillstånd.

656 1436 131 29 Ersättning
802 1438 36 27 för
853 1438 103 27 aflifvadt
971 1438 53 27 djur
1035 1437 97 21 minskas
1143 1436 60 26 dock,

589 1477 33 13 om
638 1471 75 25 djuret
728 1472 9 18 i
752 1472 48 19 dess
814 1472 68 19 helhet
897 1472 54 19 eller
965 1472 36 20 till
1016 1472 58 19 vissa
1085 1472 63 19 delar
1157 1471 45 19 kan

589 1504 35 20 till
642 1506 61 25 nyttä
722 1504 113 28 begagnas,
851 1505 48 20 med
914 1505 34 20 det
964 1504 82 29 belopp,
1062 1504 90 21 hvartill
1168 1504 34 21 de!

588 1537 143 22 användbara
747 1538 144 28 uppskattats.

519 1583 185 18 Ekonomiutskottets
716 1584 111 18 betänkande
838 1584 37 18 N:o
888 1585 17 17 5.
