1086 1745
204 143 32 38 38
418 148 29 22 U.
463 147 27 22 B.
505 161 28 2 —
547 148 74 28 Prop.
637 147 40 23 N:o
693 147 35 22 17.

204 215 40 28 ligt
265 223 28 14 nu
315 215 98 29 gäliande
431 216 132 28 lagstiftning
579 217 6 20 i
601 217 71 20 ämnet
686 215 41 22 kan
742 222 62 15 anses
819 214 86 29 skyldig
922 217 32 19 att

204 249 130 22 underkasta
349 251 33 27 sig
396 249 65 22 sådan
477 253 71 25 tunga,
562 253 51 18 utan
628 249 68 22 skulle
712 249 40 22 han
767 249 40 21 hos
817 249 93 22 domstol
921 256 33 14 er-

204 283 58 22 hålla
277 283 69 29 skydd
362 286 56 19 emot
434 285 50 20 slikt
499 285 111 21 missbruk.

521 377 25 20 15
562 377 45 26 (14)
623 377 19 26 $.

273 439 44 22 Det
332 439 118 28 föreslagna
464 439 125 28 stadgandet
603 440 8 20 i
626 439 64 21 slutet
704 439 22 21 af
740 439 125 29 paragrafen
881 441 22 19 är
918 446 35 14 en-

204 474 40 27 ligt
266 473 121 22 Utskottets
406 473 64 21 tanke
490 473 105 29 behöfligt
616 473 34 21 för
669 477 31 18 att
720 473 89 22 brukare
824 473 48 22 icke
887 473 65 22 måtte

204 508 86 28 åläggas
310 510 32 19 att
360 508 64 21 forsla
439 508 7 20 i
461 508 124 21 naturalster
599 508 104 28 utgående
717 507 147 29 legovederlag
877 508 34 21 till
926 510 26 18 än

204 542 42 22 den
260 550 39 13 ena
309 544 26 19 än
345 542 41 21 den
397 542 65 21 andra
470 545 64 23 orten,
541 542 38 21 der
586 542 64 28 högre
658 543 43 27 pris
709 542 34 21 för
750 542 62 22 dessa
819 542 64 22 alster
895 542 60 22 stode

205 579 32 19 att
253 576 84 26 erhålla,
351 576 135 29 hvarigenom
502 576 104 22 brukaren
615 576 85 22 utöfver
708 576 170 29 legovederlaget
888 576 67 22 skulle

205 611 111 22 åhvälfvas
336 611 81 28 oskälig
431 611 193 28 forslingskostnad.
656 611 109 22 Utskottet
779 612 34 21 får
827 611 72 21 derför
912 611 45 21 till-

204 645 74 29 styrka
300 644 152 30 godkännande
474 646 23 20 af
518 645 106 29 förslaget,
643 645 65 22 likväl
723 646 50 21 med
787 645 67 22 sådan
869 645 88 28 ändring

204 681 8 20 i
227 680 151 28 ordalydelsen,
394 688 44 13 som
452 680 97 28 betingas
563 680 66 25 deraf,
639 683 32 18 att
685 680 136 28 lagförslaget
831 680 83 21 komme
924 682 33 19 att

204 714 91 21 omfatta
315 714 77 28 jemväl
406 714 28 28 på
448 714 48 28 lega
510 714 100 28 upplåtna
624 714 47 21 hela
692 714 125 28 lägenheter.
846 714 109 28 Derjemte

204 748 41 22 har
258 749 7 20 i
279 748 125 29 paragrafen
427 749 85 28 intagits
527 751 31 19 ett
572 748 156 29 förtydligande
741 748 76 28 tillägg
831 748 77 27 derom,
924 751 32 19 att

203 786 99 26 parterne
322 785 23 19 är
361 782 98 29 obetaget
473 786 33 18 att
519 784 8 20 i
541 782 169 29 legokontraktet
724 782 65 22 träffa
803 782 53 22 aftal
871 790 33 14 om
919 783 36 21 be-

203 817 126 28 taloingsort
352 820 56 18 utom
430 817 169 28 hufvudgärdens
622 816 90 22 område.

525 910 25 20 16
566 909 42 26 (15)
624 909 17 28 $.

272 971 78 22 Denna
372 972 99 28 paragraf
493 972 105 21 erfordrar
620 979 24 14 en
663 971 218 29 tilläggsbestämning
899 973 7 19 i
924 972 33 21 så-

203 1006 54 21 dant
279 1006 62 28 syfte,
364 1009 32 18 att
415 1006 104 21 brukaren
541 1007 53 25 icke,
617 1009 50 18 utan
689 1006 89 21 särskild
799 1006 158 21 öfverenskom-

204 1041 72 26 melse,
297 1048 49 13 vore
366 1040 84 29 skyldig
464 1043 32 19 att
510 1041 8 20 i
533 1040 39 21 och
588 1041 33 20 för
635 1041 136 28 uppgörande
787 1040 22 21 af
824 1041 88 28 räkning
926 1041 31 20 in-

204 1075 61 21 finna
279 1075 32 28 sig
325 1075 33 21 till
373 1077 33 19 ort
420 1077 58 19 utom
493 1075 171 29 hufvudgårdens
678 1075 91 27 område,
784 1075 128 29 exempelvis
922 1075 33 21 till

204 1110 136 28 legogifvare,
362 1118 46 13 som
426 1110 65 21 vistas
506 1109 13 21 å
533 1118 67 13 annan
615 1112 38 19 ort.
682 1110 81 21 Vidare
778 1118 61 21 synes
856 1110 37 22 det
907 1110 49 21 icke

205 1152 52 13 vara
277 1144 101 28 tillfylles,
401 1147 31 18 att
447 1144 102 21 brukaren
565 1144 115 28 berättigas
696 1147 31 18 att
742 1144 79 22 erhålla
836 1144 74 22 endast
925 1148 33 17 ut-

204 1178 53 28 drag
279 1186 24 13 ur
323 1178 121 28 räkningen,
465 1178 110 22 utvisande
591 1178 37 22 det
643 1178 77 29 belopp
735 1178 77 22 endera
826 1182 75 25 parten
915 1178 41 22 kan

204 1212 66 22 hafva
284 1213 38 21 hos
337 1212 41 21 den
393 1212 65 22 andra
472 1213 33 21 till
520 1212 59 29 godo,
595 1215 49 19 utan
659 1212 28 22 då
701 1212 37 22 det
752 1212 34 22 för
800 1212 104 22 brukaren
915 1212 42 22 kan

204 1254 52 14 vara
277 1247 22 22 af
322 1247 44 27 vigt
384 1250 32 18 att
430 1254 39 20 ega
484 1247 117 21 kännedom
616 1254 34 14 om
665 1247 27 21 de
706 1248 8 20 i
725 1247 115 29 räkningen
855 1247 102 29 ingående

204 1280 103 21 särskilda
323 1284 103 24 posterna,
440 1280 40 20 bör
494 1280 95 26 brukare,
604 1281 27 20 då
647 1280 40 20 han
702 1280 75 21 sådant
792 1281 105 25 åstundar,
911 1281 47 19 utfå

191 1332 2 4 .
204 1313 125 28 fullständig
343 1313 86 21 afskrift
443 1313 23 20 af
480 1313 120 28 räkningen.

274 1497 45 22 Lag-
333 1497 32 18 och
378 1497 182 19 Ekonomiutskottets
572 1498 112 17 betänkande
698 1499 39 16 N:o
749 1499 17 16 4.
