1700 1920
659 253 72 23 Ständ.
748 254 34 23 Sv.
799 268 27 3 —
841 255 60 28 Prop.
918 256 33 22 N:o
967 256 38 22 20.
1182 256 25 20 11

455 316 102 22 skrifvet
579 317 39 21 det
639 317 83 28 vilkor,
746 320 35 19 att
803 318 40 21 det
864 318 27 21 af
907 326 30 13 en
953 319 71 21 andra
1039 320 98 20 stämma
1152 319 56 28 god-

456 350 95 28 kännes,
567 351 68 21 lände
651 351 39 21 det
705 351 38 21 till
758 352 161 21 efterrättelse.

799 414 28 22 20
841 416 20 26 8.

522 453 83 23 Beslut
627 462 37 14 om
686 455 100 28 ändring
809 455 26 22 af
855 455 124 29 stadgarne
995 463 41 21 ege
1051 456 21 28 ej
1088 455 118 29 giltighet,

453 488 73 21 innan
544 489 149 22 stadfästelse
708 489 13 22 å
737 489 129 30 ändringen
880 489 120 23 utverkats
1015 490 43 22 och
1073 490 134 22 densamma

453 522 135 23 inskrifvits
603 523 8 22 i
626 523 212 30 handelsregistret.

522 557 133 22 Innefattar
669 559 129 28 ändringen
814 559 151 29 nedsättning
981 559 26 22 af
1016 559 190 22 medlemmarnes

452 592 81 28 insats,
556 593 123 28 utdelning
701 594 27 21 af
740 594 167 21 reservfonden
922 593 57 22 eller
993 594 213 29 sammanslagning

454 627 53 22 med
522 629 73 20 annat
610 627 126 29 andelslag,
751 629 70 21 varde
835 629 48 27 ock,
895 629 72 21 innan
978 629 40 21 det
1028 629 59 28 sker,
1099 629 107 22 årsstäm-

453 661 59 30 ning
527 662 13 21 ä
556 662 217 29 fordringsegarene
788 663 53 22 sökt
856 663 43 22 och
915 663 31 21 all
961 663 55 28 gäld
1031 663 93 29 gulden.

797 727 26 21 21
839 728 20 26 8.

520 766 70 22 Hvad
611 767 9 21 i
642 766 65 29 fråga
730 774 37 14 om
790 767 134 28 aktiebolag
947 771 25 18 är
993 767 111 29 stadgadt
1126 767 9 22 i
1150 767 28 22 18
1192 769 13 26 S

452 801 73 21 andra
540 809 74 20 mom.,
630 801 28 22 25
673 801 43 22 och
731 801 28 22 26
775 803 32 26 $$,
823 803 29 20 28
866 804 13 25 &
895 802 74 21 första
985 802 43 21 och
1043 802 73 21 andra
1129 809 75 20 mom.,

451 835 44 22 och
513 836 29 21 30
556 837 13 26 8
585 836 26 21 af
624 836 70 29 lagen
709 843 37 14 om
761 836 80 29 dylika
857 837 75 28 bolag,
949 837 26 21 af
989 837 45 21 den
1049 837 13 20 2
1077 836 47 29 Maj
1141 837 62 27 1895,

451 877 43 21 ege
507 870 87 28 jemväl
609 871 150 28 tillämpning
769 871 13 21 &
793 871 129 28 andelslag;
936 871 44 22 och
991 871 141 21 tillkommer
1142 871 62 21 med-

451 904 97 22 lemmar
569 905 9 20 i
593 905 126 28 andelslag,
736 905 81 22 hvilka
833 905 152 22 tillsammans
1000 907 84 26 utgöra
1099 913 29 14 en
1144 906 60 21 tion-

451 938 68 21 dedel
535 939 25 21 af
575 939 51 22 dess
641 939 53 21 hela
709 939 181 28 medlemsantal,
904 939 88 29 jemväl
1007 940 72 21 sådan
1089 942 53 25 rätt,
1154 947 50 14 som

451 972 9 22 i
474 972 27 22 31
517 974 13 26 &
546 974 26 20 af
586 973 84 21 nämda
685 973 39 29 lag
739 977 59 25 sägs.

519 1008 49 21 Har
583 1008 122 28 utdelning
720 1008 27 21 af
760 1008 131 29 andelslags
906 1008 127 29 tillgångar
1048 1008 63 22 skett
1125 1008 7 22 i
1144 1008 59 22 strid

450 1044 50 20 mot
515 1042 62 22 hvad
593 1042 42 22 här
650 1042 72 22 ofvan
737 1043 8 21 i
762 1044 26 20 17
803 1044 13 26 &
832 1043 163 27 föreskrifvits,
1011 1042 69 22 lände
1090 1043 112 21 likaledes

451 1076 140 30 stadgandet
606 1078 8 20 i
629 1078 28 21 33
672 1079 13 25 S
701 1077 26 22 af
741 1078 128 28 åberopade
884 1078 39 28 lag
938 1078 38 21 till
991 1077 163 22 efterrättelse.

797 1142 27 21 22
840 1143 19 26 8.

518 1181 129 29 Andelslag
669 1181 128 23 företrädes
819 1185 48 19 mot
889 1182 74 28 tredje
983 1190 54 13 man
1052 1182 43 22 och
1110 1182 92 21 enskild

450 1215 98 22 medlem
564 1216 27 21 af
604 1216 44 21 den
664 1216 56 22 eller
735 1216 28 22 de
779 1217 134 29 sysslomän,
929 1224 49 14 som
992 1218 84 27 utgöra
1091 1217 52 21 dess
1154 1218 48 27 sty-

449 1249 66 22 relse.

518 1285 129 28 Angäende
673 1286 155 28 andelslagets
850 1286 98 28 styrelse
971 1285 43 21 och
1036 1285 165 21 företrädande

449 1318 9 21 i
480 1319 62 21 vissa
564 1319 43 21 fall
630 1320 27 21 af
677 1327 78 14 annan
773 1324 30 17 än
818 1320 119 28 styrelsen,
954 1320 69 21 lände
1037 1320 164 21 motsvarande

449 1353 149 22 föreskrifter
613 1353 8 22 i
636 1354 69 28 lagen
720 1361 37 14 om
773 1354 133 28 aktiebolag
921 1354 6 21 i
939 1353 140 29 tillämpliga
1090 1354 64 21 delar
1164 1353 37 22 till

450 1387 162 22 efterrättelse.

795 1452 28 21 23
838 1453 19 26 8.

517 1490 90 21 Aflider
628 1491 135 27 syssloman,
787 1491 56 21 eller
857 1491 68 27 afgär
939 1490 47 21 han
1000 1493 57 19 utan
1073 1492 35 20 att
1123 1498 77 14 annan

448 1524 10 20 i
480 1523 58 21 hans
560 1524 67 21 ställe
649 1526 92 26 utsetts,
765 1532 41 20 ege
822 1524 99 21 domstol
937 1524 61 28 eller,
1015 1524 29 28 pä
1059 1524 85 28 landet,
1161 1524 39 21 do-

448 1565 78 14 maren
550 1559 29 27 pä
602 1558 101 29 begäran
725 1558 28 22 af
773 1566 77 14 annan
872 1559 135 28 syssloman,
1030 1558 98 22 medlem
1144 1559 57 21 eller
