1081 1748
194 127 40 38 100
442 131 28 23 U.
486 131 25 23 B.
530 144 27 3 —
572 132 75 28 Prop.
664 131 42 23 N:o
722 131 34 22 17.

193 201 58 21 skall
267 201 47 21 han
331 202 103 26 uppsäga
452 200 114 21 brukaren
582 201 63 21 inom
661 207 38 14 sex
718 200 118 26 månader,
850 200 96 28 räknadt

192 234 34 21 uti
248 234 28 22 de
287 230 12 36 i
320 235 18 26 1,
354 235 19 24 5,
438 234 41 21 och
495 234 24 21 11
533 235 127 26 punkterna
682 233 142 22 omnämnda
840 233 42 22 fall
894 233 52 22 frän

194 269 44 21 den
253 269 44 26 dag
313 269 176 21 försummelsen
503 268 55 27 egde
573 275 52 14 rum
640 269 53 20 eller
711 268 177 21 öfverträdelsen
903 268 43 21 för-

193 303 104 25 öfvades;
319 303 7 20 i
341 302 28 21 de
392 302 126 26 händelser,
539 303 78 21 hvilka
639 303 150 20 omförmälas
803 302 8 21 i
827 303 19 26 2,
870 303 19 26 3,
902 303 20 26 4,
934 304 13 19 6

193 336 40 21 och
248 337 14 20 9
275 337 133 27 punkterna,
417 336 50 21 från
481 336 44 21 den
540 337 44 26 dag
599 337 176 21 öfverträdelsen
790 337 88 21 honom
889 337 57 20 kun-

193 371 38 27 nig
247 370 54 27 blef;
321 373 60 19 samt
395 370 7 21 i
417 370 72 27 öfriga
513 371 120 21 händelser
655 371 51 21 frän
725 371 44 21 den
784 371 44 27 dag
843 371 102 27 utslaget,

192 405 151 27 hvarigenom
365 405 115 21 brukaren
499 405 120 22 förklarats
634 405 33 21 till
683 405 149 27 förbrytelsen
849 405 96 28 skyldig,

193 439 82 21 vunnit
290 439 50 27 laga
355 439 69 25 kraft;
441 439 62 28 eljest
517 446 53 15 vare
585 439 127 27 legoaftalet
727 439 162 22 beständande.

534 544 29 20 47
580 543 20 28 $.

262 606 108 26 Brukare,
387 613 50 14 som
453 607 115 21 förverkat
583 607 35 20 sin
634 607 168 26 nyttjanderätt,
818 613 52 14 vare
886 607 60 27 skyl-

193 640 38 27 dig
246 642 32 19 att
292 640 51 21 från
359 640 126 27 lägenheten
499 641 87 26 afflytta
598 641 66 20 nästa
675 640 85 27 fardag,
769 640 40 21 der
817 640 19 27 ej
845 640 100 22 domstol

193 675 93 27 pröfvar
301 674 224 27 omständigheterna
541 681 53 14 vara
605 675 93 26 sädana,
709 677 32 18 att
751 675 47 20 han
809 675 38 20 mä
858 675 87 27 afflytta

194 711 55 18 utan
264 708 135 28 ätnjutande
414 709 25 21 af
451 709 85 27 fardag.

536 814 28 20 18
578 813 21 28 $.

260 876 123 27 Angäende
399 877 183 21 öfverexekutors
595 877 174 27 handräckning
781 879 49 19 mot
839 877 106 27 brukare,

193 917 50 15 som
258 911 116 21 förverkat
397 912 35 20 sin
453 911 168 28 nyttjanderätt,
645 913 58 19 samt
721 918 39 14 om
776 911 170 27 verkställighet

193 945 25 21 af
230 945 62 26 dom,
314 945 148 27 hvarigenom
484 945 99 21 brukare
601 945 71 27 ålagts
688 948 31 18 att
735 945 101 27 lägenhet
850 946 94 26 afträda,

193 979 57 27 gälle
265 979 62 21 hvad
343 979 79 21 derom
438 979 7 21 i
462 979 205 27 Utsökningslagen
683 980 98 26 stadgas.

527 1112 11 19 7
555 1112 55 20 Kap.

193 1173 35 23 Om
244 1173 117 27 ersättning
382 1173 39 22 och
437 1178 67 18 annan
520 1172 77 30 påföljd
613 1173 26 23 af
651 1173 136 28 legoaftalets
803 1174 140 28 upphörande.

502 1237 28 20 49
543 1237 21 26 $.

262 1298 48 21 Har
325 1298 99 21 brukare
439 1299 126 20 vanhäfdat
581 1299 132 26 lägenheten,
723 1299 54 20 eller
787 1299 110 21 åsidosatt
908 1299 35 21 sin

193 1331 130 27 skyldighet
345 1333 32 19 att
399 1331 135 21 underhälla
556 1332 51 21 dess
629 1333 145 26 äbyggnader
789 1333 44 21 och
848 1333 50 20 icke
914 1333 31 20 af-

192 1365 72 28 hjelpt
279 1365 119 27 bristerna,
414 1365 58 22 skall
487 1365 47 22 han
550 1365 35 22 för
599 1366 44 21 den
659 1365 78 28 skada,
754 1373 50 15 som
814 1366 66 22 deraf
888 1374 56 21 upp-

192 1399 105 28 kommit,
320 1400 38 21 vid
380 1399 139 28 legoaftalets
542 1400 151 28 upphörande
715 1401 86 26 utgifva
820 1402 125 27 ersättning

191 1433 34 22 till
241 1434 158 27 legogifvaren.

260 1481 49 23 Lag-
322 1481 33 18 och
367 1481 182 19 Ekonomiutskottets
563 1481 109 19 betänkande
685 1482 36 19 N:o
734 1483 17 18 4.
