1056 1748
322 149 28 23 U.
364 150 27 22 B.
407 162 26 4 —
450 150 71 28 Prop.
537 151 40 23 N:o
593 152 35 22 29.
796 152 25 21 13

236 218 121 28 sjuttiofem
379 219 36 21 till
434 220 39 20 och
492 221 47 20 med
557 220 119 22 trehundra
695 220 70 21 mark.
796 220 54 22 Sker

237 253 33 20 det
286 253 69 27 tredje
370 254 83 27 gången
469 254 52 20 eller
536 254 76 27 oftare,
628 261 50 14 vare
693 254 34 21 bot
743 254 53 27 från
811 254 38 21 och

236 287 48 20 med
306 287 114 21 etthundra
443 288 72 27 femtio
539 288 34 21 till
595 288 39 21 och
652 288 48 20 med
719 288 130 27 femhundra

235 321 69 20 mark.
328 321 50 21 Den
389 322 8 20 i
408 322 238 28 försäljningsrummet
657 322 110 28 befintliga
780 329 68 15 varan

234 362 50 14 vare
300 356 106 21 dessutom
421 356 76 28 hvarje
511 357 58 27 gång
583 356 117 28 förbruten.

304 390 129 21 Fördristar
456 391 33 27 sig
511 391 71 27 någon
605 393 32 18 att
659 390 59 28 sälja
742 391 52 21 eller
813 393 35 18 ut-

235 424 85 21 skänka
344 425 126 27 maltdryck,
494 428 52 18 utan
570 428 38 22 att,
629 425 32 28 på
683 427 43 19 sätt
749 425 8 20 i
777 426 71 20 denna

236 459 130 28 förordning
385 460 95 27 stadgas,
495 466 54 14 vara
569 460 73 21 dertill
659 459 127 29 berättigad,
803 459 45 21 böte

234 500 45 14 som
295 493 65 27 ofvan
379 496 58 26 sagts
457 494 37 20 och
510 501 50 13 vare
576 494 75 21 derhos
667 494 66 21 alltid
747 494 49 21 hela
813 494 35 21 det

234 528 38 20 hos
295 528 41 21 den
359 528 108 28 brottslige
486 529 138 27 öfverkomna
644 528 78 28 förråd
740 529 28 26 af
783 528 64 21 malt-

237 562 91 28 drycker
338 563 67 27 jemte
420 562 51 21 kärl
487 562 111 28 förbrutet.

306 596 85 22 Varder
415 598 78 26 någon,
517 597 84 21 hvilken
624 597 65 21 idkar
711 596 136 28 försäljning

234 630 52 21 eller
304 631 147 28 utskänkning
470 632 28 26 af
510 631 150 28 maltdrycker,
677 632 120 26 förvunnen
813 638 33 14 om

234 667 32 18 att
282 665 6 21 i
304 665 100 28 förening
420 666 87 20 dermed
523 666 51 20 idka
591 666 73 27 oloflig
675 666 135 27 försäljning
822 666 25 26 af

236 698 92 22 bränvin
354 700 51 20 eller
431 700 72 20 andra
528 700 85 21 brända
636 700 52 20 eller
710 699 136 21 distillerade

233 733 155 29 spritdrycker,
411 734 78 25 dömes,
513 736 56 19 utom
593 734 34 21 till
651 734 74 27 derför
743 734 103 28 stadgadt

220 764 100 30 ”ansvar,
343 768 40 21 den
405 769 95 21 sålunda
523 768 148 22 missbrukade
690 768 152 28 försäljnings-

233 803 51 21 eller
298 802 235 29 utskänkningsrätten
549 804 108 27 förlustig.

507 873 15 29 $
537 874 35 21 20.

300 925 79 28 Bryter
403 927 73 27 någon
501 928 43 19 mot
569 925 167 28 föreskrifterna
764 926 7 19 i
796 926 15 27 $
831 926 14 20 2

231 967 69 14 mom.
321 961 20 24 6,
360 961 14 27 $
394 962 27 19 11
441 968 62 15 mom.
522 962 15 19 2
556 961 52 20 eller
626 961 20 24 3,
665 961 15 26 $
696 961 27 20 14
739 967 69 14 mom.
825 961 20 24 1,

232 995 52 20 eller
306 995 8 20 i
336 995 31 28 $$
386 996 28 20 16
434 995 53 21 eller
505 996 28 20 17
552 1001 49 14 vare
621 994 34 21 bot
673 994 70 28 första
761 995 84 27 gången

230 1029 54 28 från
303 1029 38 21 och
360 1030 47 21 med
425 1030 108 28 tjugufem
552 1030 35 20 till
606 1029 38 21 och
663 1029 47 21 med
725 1029 120 28 sjuttiofem

231 1064 69 22 mark.
333 1064 53 21 Sker
409 1064 34 21 det
465 1065 71 20 andra
557 1065 92 27 gången,
672 1063 45 21 böte
735 1063 53 28 från
807 1063 38 21 och

232 1098 48 21 med
298 1099 74 27 femtio
388 1099 34 21 till
438 1099 37 20 och
491 1099 48 20 med
555 1098 116 21 etthundra
690 1098 72 27 femtio
782 1098 62 21 mark

231 1133 37 20 och
294 1140 50 14 vare
371 1133 34 21 sin
432 1133 195 28 försäljnings-
651 1133 64 20 eller
738 1132 106 21 utskänk-

230 1167 110 28 ningsrätt
356 1168 108 27 förlustig.

505 1231 16 27 $
535 1232 36 20 24.

298 1283 66 20 Hvad
379 1283 40 20 här
435 1283 64 26 ofvan
515 1285 26 18 är
551 1282 102 28 stadgadt
665 1289 34 13 om
710 1281 55 28 stad,
778 1282 65 27 gälle,

231 1317 53 20 med
300 1317 41 20 det
359 1317 9 21 i
386 1317 14 27 $
419 1318 12 19 1
452 1323 66 14 mom.
538 1318 15 19 2
568 1317 115 20 nämnda
698 1316 145 27 undantag,

230 1351 38 20 ock
290 1351 87 28 köping.
406 1351 17 21 I
441 1351 56 26 stad,
524 1351 37 21 der
584 1350 117 28 Magistrat
724 1351 21 26 ej
767 1349 76 28 finnes,

230 1385 109 26 äfvensom
358 1385 8 19 i
385 1385 87 26 köping,
491 1385 111 19 ankomme
618 1384 13 19 å
647 1384 38 20 der
700 1384 79 20 tillsatt
794 1385 49 18 sär-

230 1418 59 20 skild
310 1418 87 27 styrelse
417 1417 57 21 hvad
493 1425 32 13 om
544 1417 118 28 Magistrat
681 1417 8 20 i
709 1417 70 20 denna
799 1417 44 26 för-

230 1451 93 29 ordning
339 1453 27 20 är
380 1451 68 28 sagdt.
479 1451 100 28 Köpings
593 1450 178 29 röstberättigade
786 1451 56 21 med-

162 1498 182 19 Ekonomiutskottets
356 1497 110 19 betänkande
478 1497 36 18 N:o
531 1498 14 17 7.
