1075 1761
178 158 26 19 14
376 157 72 23 Ständ.
464 157 35 23 Sv.
514 171 28 3 —
558 158 60 27 Prop.
634 157 34 23 N:o
684 158 37 21 23.

176 219 126 21 obduktion
321 220 77 21 blifvit
413 220 121 26 verkstäld,
550 220 38 22 vid
603 220 103 21 befaradt
721 220 87 22 utbrott
823 220 25 21 af
861 220 7 21 i
885 222 10 19 1
912 220 15 28 &

178 254 10 19 1
205 253 73 27 punkt
302 254 70 20 nämd
387 254 111 28 sjukdom,
523 262 54 13 vore
599 254 91 28 skyldig
712 256 34 19 att
760 254 35 21 till
811 254 117 21 Guvernö-

176 294 40 13 ren
239 287 43 21 och
304 288 232 27 Medicinalstyrelsen
558 288 94 21 insända
667 288 260 28 obduktionsprotokoll.

176 320 87 21 Endast
277 323 30 26 pä
323 321 62 21 detta
399 324 46 19 sätt
460 321 43 22 blir
525 322 37 21 det
577 321 114 28 nämligen
706 321 37 22 för
757 321 171 22 vederbörande

176 355 160 28 myndigheter
361 355 90 29 möjligt
473 358 33 19 att
528 355 85 29 afgöra,
632 363 37 14 om
684 355 44 22 den
743 355 26 22 af
782 355 145 28 djurläkaren

176 389 74 21 stälda
274 389 125 28 diagnosen
424 393 25 18 är
471 390 69 28 riktig
555 390 53 21 eller
624 389 28 28 ej,
667 386 72 32 nägot
753 397 48 14 som
816 390 8 21 i
839 390 90 21 betrak-

176 423 69 22 tande
260 423 26 22 af
299 424 28 21 de
342 427 92 26 stränga
450 425 110 28 ätgärder,
576 431 48 15 som
639 424 8 21 i
662 424 109 21 särskilda
786 424 40 21 fall
840 424 39 22 vid
894 427 35 19 ut-

177 457 81 22 bruten
273 459 125 21 smittosam
414 459 105 28 sjukdom
534 462 38 19 äro
587 458 90 29 nödiga,
693 458 36 22 för
740 459 188 28 kreatursegaren

176 499 55 14 vore
246 492 26 21 af
284 493 178 28 utomordentlig
476 493 123 28 betydelse.

244 527 102 21 Emedan
371 527 8 21 i
403 529 82 27 mänga
499 527 41 22 fall
556 535 28 14 en
599 527 53 22 fullt
666 527 66 21 säker
747 527 94 28 diagnos
857 527 70 22 äfven

177 560 57 22 efter
249 561 116 22 verkstäld
381 562 125 22 obduktion
529 563 79 20 endast
622 562 45 21 kan
682 561 77 22 ställas
774 569 83 21 genom
871 570 56 20 nog-

176 602 87 20 granna
277 595 182 29 mikroskopiska
475 596 42 22 och
533 596 175 29 experimentala
722 596 205 29 undersökningar,

176 628 35 22 till
225 628 89 22 hvilkas
329 630 120 22 utförande
465 638 28 14 en
507 630 170 29 praktiserande
692 630 113 22 veterinär
819 631 109 28 vanligen

176 662 42 22 har
232 663 103 22 hvarken
349 664 34 22 tid
398 665 55 21 eller
468 665 95 26 tillfälle,
580 664 42 22 och
638 664 29 21 dä
682 664 114 22 dessutom
812 665 43 21 alla
866 668 64 19 vete-

177 697 85 22 rinärer
283 698 51 22 icke
356 699 78 21 kunna
456 699 131 22 förutsättas
604 706 41 21 ega
660 698 123 30 tillräcklig
797 700 131 22 kännedom

177 738 37 15 om
229 732 77 22 härför
322 732 149 30 erforderliga
481 734 289 27 undersökningsmetoder,
781 733 70 23 hafva
861 734 69 22 Stän-

178 766 69 21 derna
271 770 74 18 ansett
371 768 106 28 önskligt,
497 770 32 19 att
544 768 7 21 i
566 769 13 20 4
595 767 14 30 &
624 767 100 22 infördes
737 767 86 29 jemväl
837 770 33 19 ett
885 768 43 21 till-

176 800 55 29 lägg
254 801 82 26 derom,
360 804 33 19 att
409 801 127 29 djurläkare
551 802 39 21 vid
605 801 103 22 befaradt
723 802 87 21 utbrott
825 803 46 20 af
864 796 10 39 i
887 805 10 18 1
914 803 15 28 &

178 836 11 19 1
205 835 74 28 punkt
301 836 69 21 nämd
393 835 105 29 sjukdom
521 837 63 20 alltid
606 836 70 21 borde
690 836 8 21 i
712 836 161 29 tvifvelaktiga
887 836 42 22 fall

177 868 35 21 till
236 869 232 29 Medicinalstyrelsen
493 871 94 20 insända
612 870 103 28 lämpligt
737 870 194 29 undersöknings-

177 903 107 21 material.

246 938 113 28 Slutligen
384 938 69 22 hafva
478 939 126 21 Ständerna
628 939 8 21 i
658 939 163 28 sammanhang
835 939 95 22 härmed

177 974 74 19 ansett
266 973 36 27 sig
317 972 55 22 böra
387 973 125 25 framhälla,
534 973 108 21 hurusom
658 972 37 22 det
710 980 55 14 vore
780 974 55 25 skäl,
851 976 33 19 att
899 976 29 26 pä

176 1007 108 28 lämpliga
310 1007 81 21 ställen
416 1008 7 20 i
448 1008 152 28 kungörelsen
624 1007 78 28 intaga
727 1007 142 29 bestämning
885 1015 46 19 om,

177 1042 59 21 huru
251 1042 49 21 ofta
314 1041 130 29 djurläkare
467 1042 69 22 borde
551 1042 84 21 besöka
653 1041 114 29 lägenhet,
782 1049 48 14 som
844 1042 85 22 förkla-

177 1078 46 19 rats
248 1076 91 21 smittad
366 1076 25 21 af
411 1078 77 26 någon
503 1076 26 22 af
542 1076 27 21 de
584 1076 8 21 i
608 1078 10 19 1
635 1076 13 28 8
666 1078 10 18 1
692 1076 74 28 punkt
780 1077 152 28 uppräknade

178 1110 165 28 sjukdomarne.
375 1111 36 21 En
434 1111 69 21 sådan
523 1110 143 28 bestämning
681 1113 24 18 är
720 1110 8 21 i
743 1110 65 29 fråga
823 1118 36 14 om
874 1111 58 21 flere

177 1144 41 22 här
233 1145 82 21 nämda
330 1145 135 28 sjukdomar
488 1145 26 21 af
527 1147 46 19 stor
587 1144 124 28 betydelse,
727 1145 94 21 emedan
836 1147 32 19 ett
883 1152 46 14 om-

178 1178 60 26 råde,
262 1185 48 15 som
332 1179 97 28 tidigare
446 1179 120 21 förklarats
582 1179 107 24 smittadt,
705 1178 50 21 icke
769 1179 65 20 torde
849 1179 79 21 kunna

177 1212 111 25 förklaras
311 1213 50 20 fritt
384 1213 51 20 från
451 1213 110 28 sjukdom,
577 1215 55 19 utan
648 1215 32 18 att
696 1212 127 28 djurläkare
838 1213 91 21 konsta-

177 1249 59 19 terat
250 1249 34 19 att
298 1246 135 29 sjukdomen
448 1247 104 28 upphört.

511 1333 13 19 2
538 1331 59 28 Kap.

246 1383 40 22 Uti
303 1385 10 18 1
330 1389 65 15 mom.
413 1384 11 19 7
441 1383 14 28 $
468 1383 99 32 stadgas,
591 1384 33 19 att
639 1390 66 21 egare
721 1382 26 22 af
760 1382 57 29 djur,
834 1390 48 14 som
897 1383 36 21 in-

179 1417 92 29 sjuknat
285 1417 33 21 uti
333 1419 78 26 någon
426 1417 26 21 af
465 1417 27 21 de
507 1417 8 21 i
529 1417 14 28 $
560 1419 10 19 1
586 1417 75 28 punkt
677 1419 10 19 1
704 1417 119 21 omnämda
838 1417 93 28 sjukdo-

178 1459 54 19 mar,
258 1451 57 22 skall
339 1451 80 22 härom
444 1451 89 21 anmäla
557 1451 50 21 icke
633 1451 57 21 blott
715 1451 40 22 hos
771 1451 160 22 ordförande
915 1446 18 36 i
