1700 1906
498 259 12 19 6
707 256 72 23 Ständ.
795 256 34 22 Sv.
845 269 28 3 —
889 256 60 27 Prop.
966 255 35 22 N:o
1015 256 28 21 17.

497 322 58 26 torp,
571 320 116 28 nämligen
697 326 36 15 om
743 319 106 21 frihetsär
858 318 36 22 för
904 318 174 29 nybyggestorp
1089 319 21 26 (2
1129 318 6 28 $
1151 320 5 19 3
1166 318 83 28 mom.);

498 361 52 14 men
565 354 62 21 detta
642 353 125 29 stadgande
783 356 23 18 är
822 353 48 21 icke
886 352 25 22 af
925 352 44 22 den
984 352 162 28 beskaffenhet,
1156 354 34 19 att
1200 352 50 21 icke

499 388 134 28 afgörandet
649 388 26 21 af
691 388 61 21 hvad
775 388 78 22 dervid
869 388 50 21 med
934 389 51 27 torp
1003 387 58 21 skall
1076 387 82 21 förstäs
1174 386 76 22 kunde

498 423 85 21 lemnas
599 422 112 22 beroende
725 424 30 28 pä
769 423 76 28 praxis
861 422 42 22 och
919 422 43 21 den
978 424 13 19 å
1006 421 79 29 hvarje
1101 424 35 19 ort
1150 421 100 22 rådande

499 457 154 29 uppfattning.

827 550 13 19 2
856 549 30 27 (1)
901 548 20 28 5

566 594 53 22 Med
641 594 166 31 godkännande
830 594 26 21 af
870 596 10 18 1
897 600 66 15 mom.
979 594 8 20 i
1003 593 182 29 propositionens
1201 595 12 19 2
1229 593 21 28 $,

498 629 158 21 motsvarande
673 631 10 19 1
700 629 13 28 8
729 629 8 20 i
752 628 167 22 nedanstående
941 628 130 28 lagförslag,
1094 627 70 22 hafva
1185 627 66 22 Stän-

499 663 70 21 derna
591 664 87 28 antagit
700 665 74 19 såsom
789 663 82 21 allmän
887 662 67 29 regel,
977 664 33 19 att
1024 662 110 28 legoaftal
1149 669 36 15 om
1198 662 53 28 jord

500 698 57 21 skall
572 698 65 28 ingås
658 698 135 28 skriftligen.
823 698 53 20 Men
891 697 72 21 ehuru
978 697 38 21 det
1030 699 55 19 utan
1100 696 82 22 tvifvel
1196 704 55 14 vore

498 732 122 28 högeligen
643 732 129 26 önskvärdt,
796 734 33 19 att
851 732 43 21 alla
909 732 84 21 sådana
1011 731 56 21 aftal
1083 731 76 22 blefve
1174 731 76 21 skrift-

498 767 52 27 liga,
573 767 61 21 hålla
657 766 126 22 Ständerna
799 766 70 22 likväl
883 766 56 26 före,
960 768 33 20 att
1008 766 44 21 den
1067 766 119 28 möjlighet
1201 766 50 21 icke

498 801 36 21 får
554 801 101 25 förbises,
679 803 32 19 att
732 801 95 21 berörda
850 801 25 21 af
896 801 68 27 lagen
978 800 121 29 uppstälda
1121 800 93 22 fordran
1230 800 20 28 ej

499 835 62 21 alltid
584 836 117 27 iakttages.
730 836 13 20 I
760 835 149 21 betraktande
931 834 70 26 deraf,
1025 837 32 19 att
1080 835 38 21 det
1139 835 112 27 muntliga

498 870 132 28 legoaftalet
652 870 41 21 har
714 870 56 21 häfd
792 870 36 20 för
849 870 35 28 sig
899 869 44 21 och
958 872 61 18 ännu
1031 869 166 28 jemförelsevis
1212 869 40 21 all-

499 906 62 19 mänt
581 904 121 27 användes,
725 904 45 22 kan
793 904 113 28 svärligen
921 904 139 26 förutsättas,
1080 906 33 18 att
1128 904 124 21 detsamma

499 939 50 21 med
574 946 39 14 ens
636 939 75 21 kunde
733 946 83 21 genom
838 941 32 19 ett
886 938 77 22 enkelt
978 938 83 22 förbud
1077 938 115 26 afskaffas,
1215 946 37 14 om

498 973 50 21 icke
563 974 67 28 lagen
645 974 72 21 tillika
732 974 125 21 innehäller
872 973 148 29 stadganden,
1041 980 48 15 som
1104 976 56 26 göra
1174 973 77 22 förbu-

500 1008 38 21 det
551 1008 110 22 effektivt.

567 1043 12 21 I
594 1043 79 21 sädant
689 1043 106 21 afseende
809 1043 94 21 föresläs
917 1044 6 20 i
934 1044 43 20 den
988 1043 83 28 nädiga
1081 1043 171 28 propositionen

502 1078 117 28 angäende
641 1078 111 28 muntliga
775 1078 239 21 öfverenskommelser
1037 1085 37 14 om
1089 1078 52 28 lega
1156 1077 26 21 af
1192 1077 59 28 jord,

501 1114 33 18 att
556 1112 28 21 de
607 1112 63 21 skola
693 1119 64 14 anses
779 1119 54 15 vara
849 1112 111 22 afslutade
975 1112 37 21 för
1027 1112 31 21 tio
1074 1114 25 19 är
1114 1112 43 21 och
1172 1114 33 19 att
1220 1112 32 21 fe-

500 1146 66 21 lande
583 1146 53 21 eller
651 1146 89 28 otydlig
750 1146 156 22 bestämmelse
916 1146 141 22 beträffande
1067 1146 185 28 legovederlaget

500 1180 57 21 skall
579 1180 133 28 hänskjutas
734 1180 34 21 till
784 1180 124 28 afgörande
923 1180 26 21 af
962 1180 152 28 synenämnd;
1140 1182 32 19 att
1188 1180 28 21 de
1231 1180 20 28 ej

500 1214 24 21 fä
538 1214 167 28 inregistreras;
727 1215 43 21 och
785 1217 33 18 att
833 1215 28 21 de
876 1217 38 19 äro
930 1215 114 21 bindande
1055 1215 79 20 endast
1144 1214 36 22 för
1192 1215 60 27 lego-

500 1247 105 29 gifvaren
619 1248 59 28 sjelf,
694 1256 51 14 men
761 1251 54 19 utan
831 1249 85 22 verkan
932 1251 47 19 mot
994 1256 32 21 ny
1042 1256 73 21 egare,
1131 1256 37 14 om
1178 1249 74 21 denne

500 1283 20 28 ej
536 1283 118 21 förbundit
669 1283 35 28 sig
719 1286 33 18 att
767 1283 119 22 efterlefva
901 1283 132 28 legoaftalet
1050 1283 43 22 och
1107 1283 62 22 inom
1184 1285 33 20 ett
1228 1285 24 20 är

501 1317 57 21 efter
573 1317 115 28 köpslutet
703 1321 113 25 uppsäger
832 1318 128 21 detsamma.

568 1352 68 21 Emot
659 1352 61 21 detta
742 1352 86 27 förslag
853 1353 45 20 kan
922 1352 123 21 emellertid
1071 1352 125 25 anmärkas,
1220 1354 32 19 att

500 1384 85 25 aftalet,
609 1385 39 20 der
670 1385 160 27 legokontrakt
853 1385 19 28 ej
893 1385 146 28 uppgjordes,
1055 1385 89 21 komme
1160 1387 33 19 att
1207 1385 46 21 lida

500 1418 26 21 af
546 1425 84 14 samma
653 1418 118 21 osäkerhet
793 1419 43 20 och
858 1419 87 25 brister,
969 1425 48 14 som
1039 1419 7 20 i
1069 1419 122 20 allmänhet
1205 1419 48 21 vid-

500 1452 51 21 låda
577 1452 38 21 det
641 1452 110 28 rhuntliga
776 1452 84 21 aftalet.
890 1453 112 28 Beloppet
1025 1453 25 20 af
1070 1453 183 28 legovederlaget

501 1489 68 26 utgör
587 1489 48 19 äter
650 1494 28 13 en
694 1488 24 19 sä
733 1487 113 28 väsentlig
861 1487 168 28 omständighet
1043 1487 8 21 i
1065 1487 139 29 legoaftalet,
1220 1489 33 20 att

502 1521 123 21 detsamma
656 1521 41 21 bör
727 1521 25 21 af
778 1521 192 22 kontrahenterna
1000 1521 81 29 sjelfva
1111 1522 141 26 bestämmas,

500 1555 49 22 ifall
571 1555 20 29 ej
615 1556 154 29 uttryckligen
792 1556 141 22 annorlunda
957 1556 223 27 öfverenskommits;
1210 1557 44 22 och
