1070 1720
360 113 28 22 U.
406 112 25 23 B.
449 126 26 3 —
491 111 73 30 Prop.
581 113 41 22 N:o
638 113 37 22 25.
880 114 13 22 5

209 180 30 22 Pä
253 180 67 28 grund
335 180 23 22 af
372 181 61 21 dessa
456 182 129 27 antaganden
607 181 88 21 erhälles
710 180 93 29 följande
818 180 76 22 beräk-

140 215 49 27 ning
206 214 23 22 af
243 214 160 28 ifrägavarande
418 216 131 27 anslagspost

210 272 52 20 1901
280 284 27 3 —
323 272 109 26 1,460,000
447 273 27 26 +
491 272 88 27 166,000
595 281 28 10 =
639 272 109 27 1,626,000
763 272 59 20 mark

209 306 53 21 1902
280 320 22 2 —
323 306 109 26 1,626,000
448 307 27 26 +
492 306 88 26 166,000
595 315 27 11 =
639 306 108 26 1,792,000
784 314 9 11 >

209 341 53 21 1903
280 354 25 2 —
322 341 109 25 1,792,000
446 342 27 26 +
490 341 89 26 166,000
594 350 27 9 =
639 340 109 27 1,958,000
783 349 9 10 >»

209 375 54 21 1904
280 387 26 3 —
323 375 107 26 1,958,000
446 376 27 26 +
490 375 88 25 166,000
593 384 28 10 =
636 375 110 25 2,124,000
783 384 9 10 >

536 415 88 20 Summa
639 415 109 26 7,500,000
763 414 60 21 mark

140 471 7 20 i
162 471 72 20 stället
248 471 33 21 för
298 472 108 25 7,804,000
422 471 65 25 mark,
507 479 42 14 som
565 471 8 21 i
587 471 39 21 den
646 468 76 31 nädiga
736 471 156 28 propositionen

139 504 118 23 beräknats.

208 539 115 22 Utskottet
337 539 33 21 får
384 539 61 22 alltså
460 540 108 21 vördsamt
582 539 118 22 hemställa:

414 605 32 20 att
463 603 124 22 Ständerna
601 603 67 21 måtte
681 603 116 28 godkänna
813 605 29 19 ett
852 611 39 13 an-

344 638 48 26 slag
404 638 28 27 af
449 639 123 26 7,500,000
587 637 62 22 mark
663 638 35 27 för
712 638 178 27 finansperioden

344 673 56 20 1901
413 673 73 20 —1904
505 673 72 20 såsom
594 672 76 28 bidrag
686 672 34 21 till
735 672 116 27 aflönande
866 671 29 28 af

346 707 201 27 lärarepersonalen
562 707 37 20 vid
613 706 146 27 folkskolorna
767 706 32 28 pä
809 706 79 21 landet.

210 833 38 22 Uti
263 833 40 21 den
324 833 23 21 af
362 833 118 22 Ständerna
495 833 23 21 är
538 834 53 21 1897
607 832 112 29 godkända
734 832 157 22 folkskolebud-

138 869 63 25 geten
224 867 33 21 för
278 875 26 13 nu
326 867 90 28 löpande
439 866 142 30 finansperiod
603 867 49 28 ingå
673 866 34 22 för
728 866 117 28 aflönande
866 867 29 27 af

139 901 262 22 handarbetslärarinnor
422 902 36 21 vid
479 902 78 21 sådana
574 901 35 21 för
622 909 72 21 gossar
708 901 40 22 och
763 900 77 22 flickor
854 909 37 21 ge-

139 943 127 15 mensamma
289 936 75 27 skolor,
379 944 44 14 som
446 936 88 22 förestäs
557 936 23 22 af
598 936 90 28 manliga
708 936 67 22 lärare
790 939 55 19 samt
858 936 35 22 för

137 970 134 22 anordnande
306 971 23 21 af
364 972 215 27 =slöjdundervisning
615 972 38 20 vid
681 972 116 20 enahanda
812 971 77 28 skolor,

137 1012 47 14 som
206 1005 93 28 förestäs
321 1006 29 27 af
369 1006 122 26 lärarinna,
513 1005 161 29 anslagsbelopp
697 1005 23 21 af
741 1012 53 22 resp.
814 1006 77 26 99,000

139 1039 57 21 mark
212 1039 40 21 och
268 1040 75 26 54,000
358 1040 66 25 mark,
435 1040 50 21 eller
499 1040 138 21 tillsammans
653 1040 89 26 153,000
757 1039 65 21 mark.
847 1039 45 21 För

138 1074 61 21 dessa
214 1074 78 28 anslag,
305 1074 34 21 för
353 1074 23 21 sä
391 1074 48 21 vidt
453 1074 26 21 de
495 1074 65 21 under
575 1073 45 22 året
635 1074 54 21 1898
704 1077 59 25 togos
773 1074 8 20 i
793 1074 96 28 anspråk,

138 1108 106 22 redovisas
267 1109 29 21 uti
319 1108 41 21 den
382 1108 109 26 öfversikt,
506 1116 43 14 som
565 1108 7 20 i
587 1108 41 21 den
643 1107 77 29 nådiga
734 1108 156 28 propositionen

138 1142 107 22 meddelas
264 1142 66 22 under
344 1142 40 22 den
399 1149 155 21 gemensamma
569 1142 98 21 rubriken
683 1143 35 20 till
732 1142 117 27 aflönande
864 1142 30 27 af

138 1178 69 19 lärare
228 1177 39 21 och
286 1177 127 20 lärarinnor
427 1177 36 27 för
477 1177 56 27 slöjd
547 1176 39 21 och
601 1176 154 27 handarbeten,
771 1176 39 21 och
825 1176 66 21 fram-

137 1211 37 27 går
189 1210 61 21 däraf
264 1213 33 18 att
310 1211 23 20 af
347 1210 37 21 det
398 1210 34 21 för
446 1211 65 27 sagda
526 1210 23 21 år
564 1209 119 22 beräknade
698 1209 101 30 beloppet
813 1211 78 25 42,500

138 1245 65 26 mark,
218 1245 77 21 endast
305 1245 75 26 22,169
389 1245 59 20 mark
457 1245 26 20 53
492 1245 62 28 penni
562 1244 102 29 utgifvits.
685 1243 74 30 Enligt
773 1244 114 29 uppgifter,

138 1286 43 14 som
202 1279 52 21 stått
276 1278 110 22 Utskottet
399 1278 33 21 till
448 1278 58 26 buds,
523 1278 115 28 beviljades
653 1278 23 20 år
692 1279 54 20 1899
762 1285 40 21 nya
816 1277 75 28 anslag

137 1312 34 22 för
184 1312 244 22 handarbetslärarinnor
441 1312 33 21 till
489 1315 31 18 ett
534 1312 77 28 belopp
626 1311 22 21 af
663 1312 63 26 4,650
737 1311 58 22 mark
805 1311 40 21 och
855 1311 37 21 för

138 1347 66 20 Kirare
219 1347 8 19 i
242 1346 54 27 slöjd
316 1346 62 25 8,240
392 1346 66 20 mark.
487 1346 85 26 Läggas
587 1346 61 20 dessa
663 1346 91 20 tillskott
768 1345 31 21 till
815 1345 76 21 ofvan-

136 1376 78 25 nämda
228 1386 85 19 summa,
328 1379 92 27 framgår
434 1382 32 18 att
480 1380 59 20 detta
553 1378 73 28 anslag
640 1378 24 22 är
679 1379 54 21 1899
749 1378 92 28 uppgick
857 1377 33 22 till

136 1414 76 26 35,059
228 1413 58 22 mark
302 1414 26 21 53
343 1420 27 22 p.,
384 1412 84 22 hvadän
484 1412 81 22 således
580 1412 37 22 det
631 1412 33 22 för
679 1412 65 57 soya
757 1412 7 7 4
755 1420 22 13 år
789 1410 100 24 anvisade

209 1460 143 18 Statsutskottets
364 1459 109 18 betänkande
486 1458 37 18 N:o
535 1460 18 16 4.
