1078 1786
31 331 138 22 3tämpelafgift

31 361 26 18 ör
62 361 106 17 afhandlin-

31 396 30 17 sar
87 391 82 18 emellan

52 420 93 19 enskilda.

175 148 28 21 52
405 148 22 23 U.
444 149 22 22 B.
483 161 30 3 —
528 149 62 26 Prop.
608 149 35 21 N:o
657 148 38 22 24.

253 331 40 20 tivt
308 330 83 21 medels
408 330 90 21 auktion
514 329 109 28 försäljes,
647 336 53 15 vare
717 331 32 26 sig
765 337 33 20 ge-

253 372 53 15 nom
322 365 98 27 offentlig
430 365 127 28 myndighet
568 365 52 22 eller
633 366 7 20 i
652 365 85 22 enskild
749 367 48 25 väg,

255 401 55 22 skall
327 400 104 27 salubref,
448 401 88 26 belagdt
550 401 50 22 med
612 401 93 27 stämpel
719 401 34 22 till
769 401 30 22 of-

254 443 43 16 van
314 436 105 27 stadgade
435 436 87 27 belopp,
539 437 32 22 till
580 437 99 26 köparen
692 437 105 22 utfärdas.

255 472 190 27 Stämpelafgiften
461 472 63 27 utgår
535 479 26 15 ur
572 473 226 27 auktionsskillingen,

255 508 77 22 såvida
348 508 139 21 annorlunda
503 509 19 26 ej
540 509 70 21 blifvit
626 508 137 22 förbehållet.

195 543 239 28 Leveranskontrakt,
451 550 24 15 se
492 544 12 21 3
520 544 21 28 8,
558 544 113 22 Kontrakt.

195 579 232 29 Löftesförbindelse,
442 580 95 21 tecknad
554 580 13 21 å
583 580 119 26 behörigen
718 582 81 26 stämp-

226 616 36 20 lad
278 615 106 27 handling
534 632 78 5 e.
760 614 41 31 fri

226 651 28 22 Se
270 652 7 20 i
294 651 66 26 öfrigt
374 651 153 27 Borgesskrift,
544 652 14 20 4
573 651 21 29 8.

199 686 166 29 Obligationer,
382 686 50 22 med
456 687 112 27 undantag
589 687 23 21 af
628 686 27 22 de
671 688 70 21 under
757 687 14 21 3
786 687 15 29 &

226 723 140 25 omnämnda,
384 722 106 28 stämplas
506 722 74 22 såsom
596 723 157 27 Förskrifning.

196 757 121 30 Pantbref
328 759 106 26 stämplas
450 758 74 22 såsom
541 758 116 28 Köpebret.

196 793 210 23 Postremissvexel
429 794 78 26 drager
530 794 93 27 stämpel
653 794 74 22 såsom
751 794 50 22 För-

228 830 114 26 skrifning.

198 865 96 27 Revers,
311 872 24 15 se
352 866 156 26 Förskrifning.

199 900 99 29 Ritning
313 901 33 21 till
362 907 38 22 ny-
417 901 54 21 eller
487 900 153 29 tillbyggnad,
663 907 48 15 som
728 901 23 22 af
767 907 35 15 en-

228 937 63 25 skild,
309 937 7 20 i
332 937 105 20 afseende
454 936 13 22 å
483 936 147 27 fastställelse,
647 937 32 21 till
697 936 105 22 vederbö-

228 972 68 22 rande
312 972 128 27 myndighet
455 973 103 25 ingifves:

257 1007 32 22 till
305 1007 135 28 boningshus
457 1007 23 22 af
496 1010 48 19 sten
559 1009 8 20 i
577 1008 53 21 flere
641 1009 28 20 än
684 1014 27 15 en
722 1008 81 27 våning

257 1043 32 22 till
305 1043 71 22 andra
390 1043 43 21 hus
449 1043 41 22 och
502 1043 132 28 byggnader,
645 1044 114 22 äfvensom
770 1044 33 21 till

288 1079 128 26 förändring
431 1079 23 21 af
469 1079 144 28 inredningen
628 1079 53 22 eller
692 1079 111 22 fasaden
792 1075 15 37 i

288 1114 62 22 såväl
366 1117 57 19 sten-
438 1121 47 15 som
501 1115 77 21 trähus
687 1132 40 4 äs

199 1149 115 30 Räkning
330 1150 106 27 stämplas
452 1149 73 22 såsom
545 1150 156 27 Förskrifning.

201 1184 118 31 Salubref,
336 1192 24 15 se
376 1185 116 27 Köpebret.

202 1220 146 27 Skuldsedel,
364 1228 24 14 se
404 1220 157 27 Förskrifning.

205 1256 147 27 Testamente,
368 1263 48 15 som
425 1257 6 20 i
440 1256 106 22 afseende
554 1256 13 21 ä
577 1257 125 27 bevakning
709 1257 93 22 företes
792 1252 12 36 :

230 1292 22 28 a)
268 1291 13 22 å
292 1292 108 27 egendom
411 1292 50 21 med
474 1292 40 21 full
528 1293 129 26 eganderätt
667 1293 42 21 och
720 1292 28 22 dä
759 1293 45 22 viss

260 1334 87 14 summa
362 1328 7 19 i
385 1328 122 26 penningar
522 1329 26 18 är
563 1330 74 23 utsatt,
649 1328 79 26 drager
740 1330 65 19 stäm-

260 1363 36 26 pel
313 1363 11 20 1
342 1363 62 20 mark
421 1363 33 20 för
477 1362 77 27 hvarje
573 1363 55 21 fulla
645 1363 43 21 100
703 1363 63 21 mark
782 1363 23 22 af

261 1399 148 26 egendomens
424 1398 78 27 värde;
518 1405 52 15 men
586 1400 24 21 är
626 1399 19 27 ej
662 1399 44 22 viss
718 1405 87 16 summa

260 1435 54 21 eller
328 1435 57 20 visst
399 1434 69 22 värde
491 1437 68 20 utsatt
582 1435 134 22 bestämmes
739 1437 66 20 stäm-

260 1470 139 28 pelafgiftens
421 1471 80 27 belopp
524 1471 55 22 efter
606 1471 58 22 hvad
691 1472 112 26 domaren,

254 1512 206 24 Bevillningsutskottets
472 1512 109 19 betänkande
593 1513 38 18 N:o
642 1514 17 17 3.
