1073 1717
373 128 26 22 U.
415 128 24 22 B.
455 141 26 3 —
497 128 72 28 Prop.
585 129 38 21 N:o
639 128 36 22 22.
884 128 23 20 11

158 198 45 21 den
227 198 141 29 utläggning
385 199 9 20 i
412 201 83 25 ämnet,
514 207 48 13 som
581 200 8 20 i
607 199 44 21 den
670 199 85 28 nådiga
773 199 137 28 propositio-

158 239 45 14 nen
222 232 124 28 meddelas,
366 233 36 21 till
420 233 108 28 pröfning
547 233 114 28 upptagit,
679 233 116 22 huruvida
807 230 52 24 icke
871 232 40 21 det

159 266 103 21 önskade
289 267 120 21 resultatet
435 267 50 21 lika
512 267 39 21 väl
569 267 56 21 eller
643 267 36 20 till
697 267 43 21 och
758 267 51 21 med
827 266 84 22 fördel-

158 300 105 29 aktigare
290 301 77 21 kunde
391 302 67 20 ernås
481 309 83 20 genom
590 309 27 13 en
636 301 79 22 vidare
733 301 136 28 utveckling
887 301 24 21 af

158 335 45 21 den
224 335 153 28 verksamhet,
395 343 49 14 som
462 336 93 21 utöfvas
573 335 23 22 af
613 335 45 21 den
676 335 71 22 redan
766 335 144 22 existerande

158 369 44 22 och
214 369 9 22 i
235 370 39 21 det
286 369 138 29 föregående
437 370 51 27 (sid.
500 371 13 20 2
524 378 19 13 0.
555 371 23 26 3)
591 369 101 22 nämnda
703 369 208 30 ,pensionsanstal-

157 406 40 19 ten
224 405 37 20 till
287 405 89 21 förmån
398 405 37 20 för
452 405 158 21 befälhafvare
628 404 43 22 och
689 407 72 19 annat
779 404 84 29 sjöfolk
881 405 30 28 på

156 438 76 22 finska
249 438 100 29 fartyg".

227 473 106 21 Inträdet
350 473 8 21 i
377 472 76 22 denna
481 473 93 27 anstalt,
601 480 48 14 som
676 473 74 29 enligt
770 474 11 20 1
802 474 13 25 $
833 473 8 20 i
859 472 51 22 dess

158 507 141 28 reglemente
323 511 26 17 är
372 507 127 28 medgifvet
519 507 269 28 ,fartygsbefälhafvare,
807 511 103 24 styrmän

160 541 43 22 och
222 541 71 29 öfrigt
311 541 84 29 sjöfolk
414 544 59 19 samt
491 541 148 22 maskinister
657 541 42 22 och
718 541 76 22 eldare
813 542 29 27 pä
855 542 56 28 äng-

157 576 86 28 fartyg,
267 576 80 21 hvilka
374 579 39 19 äro
431 576 114 21 inskrifne
562 576 8 21 i
588 576 174 29 sjömanshusen
780 576 8 21 i
806 576 104 27 landet”,

159 614 25 18 är
202 611 114 28 frivilligt.
352 610 112 29 Delegare
483 611 105 29 erlägger
606 611 37 21 till
661 611 116 21 anstalten
790 611 62 21 vissa
866 612 45 20 ärs-

158 645 94 29 afgifter
279 645 42 22 och
347 646 84 21 undfär
458 645 70 22 därur
554 644 40 22 vid
611 645 111 29 uppnädd
741 645 31 21 55
792 646 36 20 ärs
847 644 65 22 älder

157 680 195 28 lifstidspension;
371 680 36 22 till
426 680 60 22 enka
505 680 43 21 och
566 680 58 22 barn
636 680 58 21 efter
707 679 84 22 afliden
804 680 106 28 delegare

157 714 117 22 utbetalas
297 715 96 28 pension
417 714 75 29 onligt
510 714 44 22 den
574 714 97 22 aflidnes
689 714 62 22 klass
769 714 25 22 sä
812 714 44 22 ock
873 714 38 22 till

158 748 113 29 delegare,
299 756 48 14 som
373 752 58 18 utan
455 752 52 25 eget
524 748 145 22 förvällande
687 756 82 21 genom
787 748 124 29 olycksfall

158 783 57 21 eller
239 783 105 29 sjukdom
368 783 49 22 före
435 782 111 30 uppnädd
563 782 175 30 pensionsälder
755 783 79 22 blifvit
852 783 59 21 oför-

157 821 84 25 mögen
268 820 35 19 att
328 818 97 28 försörja
444 818 35 28 sig
497 818 60 28 själf,
576 817 59 22 dock
653 817 52 21 med
723 817 130 27 reduktion,
872 824 37 14 om

157 852 126 28 afgifterna
310 852 51 21 icke
387 852 72 21 redan
480 852 37 21 till
534 852 58 21 fullo
611 852 92 28 erlagts.
739 852 125 21 Anstalten
885 855 25 17 är

157 886 88 22 säledes
263 894 29 14 en
310 886 138 28 fullständig
465 887 118 28 pensions-
601 889 59 18 samt
678 886 68 22 enke-
764 886 43 22 och
825 886 84 28 pupill-

156 921 74 22 kassa.
267 922 142 28 Delegarene
436 921 64 22 bilda
527 924 35 18 tre
585 920 88 22 klasser
689 921 51 21 med
759 921 75 21 nedan
853 928 56 20 upp-

157 959 72 25 tagna
246 956 127 28 indelning,
392 956 95 28 afgifter
504 956 43 21 och
565 954 132 22 understöd.

690 1038 5 5 A
816 1020 93 17 Pensions-

684 1039 96 31 Arsafgift.
827 1043 71 23 belopp.

183 1082 18 21 I
238 1081 152 30 Sjökaptener
441 1098 4 3 =.
482 1098 3 3 .
565 1097 3 4 <
606 1097 4 4 <
649 1097 4 3 <
690 1081 31 20 60
734 1080 39 21 mk
809 1080 48 21 390
870 1079 40 22 mk

168 1116 30 21 11.
234 1113 231 30 Kofferdiskeppare;'
483 1098 103 45 sbyrmän
611 1114 42 21 och

260 1150 147 21 maskinister
443 1167 4 3 .
607 1165 4 4 +
649 1165 3 4 <
689 1149 32 20 40
747 1165 10 11 ,
801 1148 48 20 260
881 1165 9 11 ,

157 1185 43 21 III.
219 1178 11 40 —
237 1182 76 31 Öfrigt
331 1184 83 28 sjöfolk
433 1183 42 22 och
485 1165 86 40 ”eldars
607 1200 4 3 -
649 1200 4 4 .
690 1183 31 21 20
747 1199 10 12 ,
803 1182 46 21 130
881 1199 10 12 ,

227 1265 136 22 Anstaltens
389 1265 128 20 inkomster
543 1266 101 26 utgöras,
671 1263 101 22 förutom
799 1263 22 20 af
839 1263 72 21 redan

158 1299 101 22 nämnda
277 1299 84 28 bidrag
378 1306 27 14 ur
423 1299 117 20 allmänna
558 1298 75 21 medel
651 1297 43 22 och
712 1297 149 28 delegarenes
877 1297 33 20 in-

158 1334 155 27 betalningar,
341 1333 22 20 af
390 1333 145 27 lästafgifter,
563 1339 49 14 som
630 1332 74 27 enligt
722 1331 79 21 därom
818 1331 92 28 utgifna

158 1368 41 21 tvä
226 1366 114 21 särskilda
364 1366 161 28 förordningar
544 1365 23 21 af
585 1365 44 21 den
648 1365 15 21 4
681 1372 60 14 mars
763 1364 62 21 1879
845 1364 66 21 skola

159 1401 49 22 dels
235 1401 23 22 af
284 1400 91 22 landets
402 1399 165 29 skeppsredare
593 1399 106 28 erläggas
718 1398 52 21 med
790 1399 31 20 20
840 1398 71 29 penni

159 1436 89 29 ärligen
274 1435 35 22 för
335 1435 80 29 hvarje
439 1434 46 22 läst
511 1434 57 21 eller
585 1434 90 21 hälften
694 1433 65 22 däraf
777 1433 36 22 för
830 1433 80 28 hvarje

228 1480 52 22 Lag-
293 1479 34 18 och
339 1479 194 18 Ekonomiutskottets
546 1478 118 18 betänkande
676 1478 39 17 N:o
728 1479 16 16 6.
