1700 1917
617 230 30 22 U.
663 231 27 21 B.
706 244 27 2 —
749 231 73 28 Prop.
840 232 40 21 N:o
894 231 36 21 17.
1171 231 29 20 95

446 296 63 25 Ökas
532 300 72 21 under
627 301 111 26 legotiden
763 301 144 26 lägenhetens
931 300 117 26 utskylder
1069 306 82 20 genom
1168 307 32 20 ny

446 334 66 27 skatt,
528 341 64 14 svare
608 334 150 27 legogifvaren
776 334 34 21 för
824 334 157 26 tillökningen,
997 341 38 13 om
1046 336 104 25 parterne
1163 334 37 20 be-

446 368 112 21 träffande
573 368 52 21 dess
641 368 125 27 utgörande
782 368 18 27 ej
818 368 134 22 annorledes
968 368 105 27 åsämjas.

793 473 27 20 35
836 472 20 27 $.

516 541 47 21 Har
579 541 98 21 brukare
694 541 63 21 räkat
768 541 28 28 pä
809 542 81 20 sädant
901 541 117 26 obeständ,
1029 543 32 18 att
1072 541 129 27 uppenbart

446 577 26 19 är
492 576 38 21 det
551 576 46 20 han
619 575 18 28 ej
661 575 45 21 kan
728 576 95 26 fullgöra
840 575 159 27 legovilkoren,
1015 575 54 21 eller
1084 576 42 19 har
1141 575 59 20 hans

447 610 111 27 egendom
581 610 109 27 upplåtits
713 610 33 21 till
763 610 109 26 konkurs,
889 610 42 20 och
952 609 127 21 innehåller
1094 609 106 26 legokon-

447 645 82 20 traktet
551 645 50 20 icke
622 645 145 26 bestämning
781 651 37 14 om
835 647 32 18 att
881 645 123 26 legorätten
1021 644 34 20 fär
1071 646 54 19 utan
1139 643 62 28 jord-

447 685 93 21 egarens
567 679 64 21 bifall
656 679 31 20 till
714 685 77 14 annan
817 679 126 26 öfverlätas,
966 685 53 14 vare
1042 678 160 27 legogifvaren,

447 714 40 21 der
510 714 45 20 han
578 713 19 28 ej
621 713 61 21 förut
706 714 41 20 har
764 714 38 20 full
820 714 104 21 säkerhet
939 713 36 21 för
990 713 139 26 legoaftalets
1145 719 58 21 upp-

448 748 107 27 fyllande,
563 748 126 27 berättigad
704 751 31 18 att
751 748 71 21 sådan
839 748 105 21 säkerhet
957 747 88 21 fordra.-
1064 747 80 21 Ställes
1156 747 44 21 den

448 783 18 26 ej
484 783 63 20 inom
563 785 33 18 tre
612 783 116 26 månader,
745 782 68 21 sedan
833 783 44 20 den
892 782 84 26 begärd
992 782 52 25 blef,
1061 782 67 21 hafve
1144 782 59 26 lego-

448 817 102 26 gifvaren
566 817 64 20 makt
645 819 32 18 att
693 817 102 26 uppsäga
811 817 113 19 brukaren
941 816 32 20 till
991 816 130 27 afflyttning
1136 817 66 19 nästa

449 851 84 26 fardag.

784 978 12 19 5
813 978 53 20 Kap.

452 1052 35 23 Om
504 1052 95 26 orsaker,
616 1057 45 17 som
677 1052 68 22 kunna
759 1051 96 23 medföra
868 1051 123 27 förändring
1006 1051 53 22 eller
1071 1050 134 28 upphörande

712 1086 25 22 af
749 1084 195 29 legoförhällandet.

797 1174 28 19 36
840 1173 20 26 $.

520 1237 87 21 Varder
622 1237 111 26 lägenhet,
749 1243 46 14 som
812 1236 7 21 i
833 1237 33 20 sin
883 1236 71 21 helhet
968 1236 49 20 eller
1033 1235 65 21 delvis
1111 1236 30 27 pä
1158 1236 47 27 lega

453 1270 107 29 upplåtits,
577 1271 169 26 utmätningsvis
764 1271 49 20 eller
830 1271 7 20 i
851 1271 54 27 följd
919 1271 27 27 af
958 1271 98 20 konkurs
1070 1270 90 27 försäld,
1176 1271 28 20 dä

453 1307 71 25 bryter
539 1306 43 27 köp
597 1306 148 27 legostämma,
762 1312 35 13 om
814 1306 95 26 köparen
925 1305 64 20 inom
1005 1307 30 18 ett
1051 1305 25 20 är
1091 1305 55 20 efter
1160 1305 45 26 för-

452 1339 122 28 säljningen
593 1339 127 27 legoaftalet
736 1340 121 26 uppsäger;
878 1339 59 20 dock
953 1339 50 20 sitte
1018 1338 115 21 brukaren
1150 1345 56 20 gvar

452 1374 33 21 till
508 1374 50 26 laga
581 1374 85 26 fardag.
697 1373 55 21 Sker
773 1374 85 25 ombyte
877 1373 28 26 af
917 1379 63 20 egare
992 1373 30 26 pä
1039 1373 74 26 grund
1127 1373 28 26 af
1165 1373 41 26 fri-

453 1408 59 27 villig
534 1408 138 27 försäljning,
696 1409 47 25 byte
761 1409 50 19 eller
823 1409 62 26 pant,
901 1414 45 14 som
964 1408 127 25 lagständen
1108 1409 31 23 är,
1156 1414 52 13 vare

454 1443 103 27 legoaftal
578 1443 50 20 med
643 1443 98 23 brukare,
757 1449 46 13 som
821 1444 60 18 ännu
898 1441 45 21 icke
959 1441 90 21 tillirädt
1063 1441 40 21 den
1121 1441 31 21 till
1167 1441 39 21 ho-

453 1482 52 15 nom
522 1477 85 26 uilegda
624 1476 133 26 lägenheten,
773 1476 101 26 förfallet.

522 1510 119 26 Angående
657 1510 108 20 beståndet
779 1509 28 27 af
819 1509 123 20 intecknadt
959 1508 103 27 legoaftal
1075 1509 58 25 gälle
1148 1508 61 20 hvad

454 1545 72 20 derom
544 1545 26 19 är
584 1543 104 21 särskildt
701 1543 106 27 stadgadi.

524 1590 47 23 Lag-
585 1590 30 18 och
629 1589 183 19 Ekonomiutskottets
825 1589 110 18 betänkande
947 1589 38 17 N:o
998 1590 17 16 4.
