1073 1717
371 106 30 22 U.
417 106 27 22 E.
460 119 27 2 —
502 107 75 27 Prop.
593 106 41 22 N:o
650 106 38 22 22.
898 106 10 20 J

158 178 36 21 far
221 177 44 22 den
289 185 16 14 s.
327 178 22 21 k.
372 178 123 27 frivakten,
513 177 61 22 skall
592 177 117 22 betraktas
728 178 74 21 såsom
821 177 88 29 olycks-

158 212 42 21 fall
219 212 8 21 i
245 212 95 22 arbetet.
377 212 41 21 Om
437 214 15 19 t.
472 220 34 13 ex.
525 212 40 22 vid
584 220 28 14 en
631 212 109 22 kollision
751 212 79 28 fartyg
840 212 69 28 plöts-

158 246 45 28 ligt
232 246 94 28 sjunker
353 246 42 22 och
423 247 163 27 besättningen
610 246 52 21 icke
679 246 47 22 kan
744 246 90 27 räddas,
852 253 58 21 upp-

158 280 48 21 står
225 280 65 28 fråga
308 280 115 22 huruvida
441 280 44 22 den
504 280 38 22 del
561 280 22 22 af
603 280 170 28 besättningen,
793 288 47 13 som
859 280 50 21 icke

157 314 52 22 haft
231 314 147 29 vaktgöring,
404 314 41 22 bör
465 314 120 22 betraktas
604 315 74 21 såsom
695 313 136 29 förolyckad
849 314 8 21 i
875 322 34 13 ar-

157 348 65 22 betet
241 349 55 21 eller
315 350 29 28 ej;
364 349 43 21 och
425 356 36 14 om
479 350 78 28 fartyg
575 349 98 28 spårlöst
690 349 137 27 försvinner,
841 350 24 20 så
875 350 35 20 att

157 383 169 21 underrättelse
353 391 38 14 om
416 386 72 19 sättet
508 384 37 21 för
569 383 51 22 dess
638 382 138 30 undergång
793 383 52 21 icke
863 383 46 21 kan

158 417 107 28 erhållas,
293 422 25 17 är
345 417 39 22 det
404 418 44 21 ock
467 418 71 22 ovisst
557 417 114 22 huruvida
690 418 89 21 skadan
798 418 59 21 skall
875 417 35 22 in-

156 452 109 29 begripas
291 452 75 21 under
393 452 186 29 ansvarigheten,
607 453 71 20 sådan
703 452 76 22 denna
801 452 82 21 fixeras
902 452 8 21 i

157 487 68 27 lagen
249 487 22 21 af
293 486 44 22 den
357 488 14 20 5
390 487 48 21 dec.
460 487 71 22 1895.
567 486 82 22 Redan
667 486 66 23 dessa
751 487 102 28 exempel
869 486 40 22 be-

156 521 58 28 lysa,
243 523 34 19 att
297 528 29 14 en
349 521 116 28 väsentlig
489 521 88 22 olikhet
595 521 122 21 förefinnes
735 521 8 20 i
763 520 147 29 ansvarighe-

157 557 52 19 tens
228 557 35 19 art
281 555 30 20 då
329 555 39 21 det
385 555 74 28 gäller
477 555 132 28 skeppsfart
626 555 43 21 och
687 555 30 21 då
734 555 39 21 det
791 555 73 28 gäller
875 555 34 21 in-

157 589 123 21 dustriella
298 589 97 28 företag,
409 589 77 22 därest
497 589 81 29 hvarje
597 591 36 19 art
651 589 23 21 af
685 589 122 28 olycksfall
821 590 28 27 på
859 589 50 28 sjön

157 623 61 22 skall
245 623 51 22 häri
323 623 139 28 inbegripas.
498 623 82 22 Denna
608 623 87 22 olikhet
722 622 137 23 framträder
881 627 29 17 än

157 657 116 30 tydligare
292 657 53 22 med
363 657 106 22 afseende
488 659 13 20 å
520 657 123 30 olycksfall
661 658 23 21 af
696 657 156 28 öfvermäktig
863 657 47 21 till-

157 692 114 28 dragelse,
298 692 81 22 hvilka
406 691 60 23 dock
487 695 85 26 utgöra
593 692 44 22 den
655 692 128 29 viktigaste
801 691 66 22 delen
887 692 23 21 af

157 727 205 28 sjömannarisken.

226 761 80 22 Under
324 761 39 22 det
381 763 13 20 å
413 769 44 14 ena
475 763 67 20 sidan
563 761 42 22 här
623 761 98 22 berörda
739 761 170 28 omständighe-

156 797 37 19 ter
211 795 83 22 bereda
313 796 143 29 svårigheter
474 797 40 21 vid
532 803 29 14 en
583 796 69 21 exakt
670 795 43 22 och
730 795 53 22 med
800 795 109 22 industri-

157 829 176 22 förhållandena
351 831 30 28 på
399 830 55 22 land
472 831 132 28 kongruent
622 830 108 28 tolkning
748 829 43 22 och
809 829 101 28 tillämp-

156 864 59 28 ning
233 864 23 21 af
274 864 205 29 bestämningarna
496 864 97 22 rörande
612 864 189 29 ansvarighetens
818 864 92 21 omfatt-

157 899 65 28 ning,
243 899 36 21 får
298 899 13 20 å
329 899 45 22 den
393 899 72 22 andra
483 899 66 22 sidan
568 899 51 21 icke
639 898 97 22 förbises
755 901 41 24 att,
815 905 37 14 om
869 898 41 21 nä-

157 940 46 20 gon
227 933 37 21 del
287 933 22 21 af
327 934 114 28 sjölifvets
459 934 74 21 risker
551 933 110 22 uteslötes
678 933 51 21 från
749 931 161 23 skadestånds-

157 967 171 29 skyldigheten,
356 968 44 21 den
425 968 89 21 förmån
542 975 54 14 man
618 968 63 21 velat
699 967 84 22 bereda
801 967 109 28 sjöfolket

157 1002 75 21 skulle
251 1002 73 21 blifva
342 1002 123 28 illusorisk,
484 1003 101 21 förutom
604 1004 35 20 att
657 1001 39 22 det
713 1002 9 21 i
740 1002 27 21 de
786 1001 67 22 flesta
868 1001 42 22 fall

157 1036 76 22 blefve
261 1037 102 28 ogörligt
390 1040 35 19 att
452 1038 29 28 på
508 1040 34 19 ett
573 1036 214 23 tillfredsställande
810 1039 47 18 sätt
874 1038 35 19 ut-

157 1071 62 28 reda,
246 1071 115 22 huruvida
383 1074 34 19 ett
439 1072 122 28 olycksfall
579 1071 106 22 inträffat
702 1071 73 22 under
793 1071 90 22 arbetet
901 1070 8 21 i

158 1108 94 25 trängre
270 1105 141 22 bemärkelse
431 1107 55 21 eller
503 1106 72 22 icke."

227 1140 11 21 I
261 1140 135 28 anslutning
414 1141 37 21 till
470 1141 65 21 dessa
555 1140 144 29 synpunkter
717 1140 42 21 har
778 1139 68 22 äfven
865 1139 44 22 den

158 1174 157 28 ansvarighet,
335 1182 48 14 som
401 1175 74 28 enligt
487 1175 44 21 den
542 1174 87 29 nådiga
638 1175 172 28 propositionen
820 1175 89 20 komme

159 1210 35 19 att
206 1208 79 29 åligga
300 1209 172 28 skeppsredare,
486 1209 81 28 gifvits
581 1216 28 14 en
621 1209 36 21 för
670 1209 39 20 det
721 1208 106 28 åsyftade
840 1208 70 21 ända-

158 1243 82 21 målets
259 1243 114 21 ernående
391 1243 134 29 nödvändig
543 1243 163 28 utsträckning
721 1243 91 21 utöfver
827 1242 62 21 hvad
902 1242 8 21 i

157 1277 69 29 lagen
245 1277 24 22 af
285 1277 45 22 den
350 1279 13 20 5
383 1277 120 23 december
517 1278 64 21 1895
595 1277 100 28 stadgas.
722 1277 187 28 Ansvarigheten

158 1312 90 22 komme
267 1314 36 20 att
316 1313 95 21 omfatta
423 1312 80 29 hvarje
517 1315 36 19 art
566 1312 22 22 af
601 1312 122 29 olycksfall
736 1312 71 21 bland
817 1312 93 27 pämön-

158 1346 76 20 stradt
244 1346 141 28 skeppsfolk,
399 1346 126 22 oberoende
540 1347 71 26 däraf,
621 1354 36 12 om
667 1347 89 20 skadan
767 1346 62 20 skett
838 1345 72 21 under

159 1380 102 21 arbetets
282 1380 116 28 utöfning,
420 1380 151 28 hvarigenom
592 1379 243 29 skadeståndsplikten
853 1379 58 21 såle-

233 1464 48 22 Lag-
294 1464 31 16 och
339 1464 182 18 Ekonomiutskottets
534 1464 111 18 betänkande
657 1465 40 17 N:o
710 1466 17 16 6.
