1700 1953
685 232 30 23 U.
733 232 28 24 B.
777 245 28 4 —
821 233 73 29 Prop.
909 232 46 23 N:o
971 232 39 23 24.
1216 235 13 20 3

482 300 106 27 vanligen
605 300 109 27 angäfvos
730 300 81 21 endast
827 300 77 21 såsom
921 300 131 27 spirituosa,
1068 300 105 28 utgjorde
1189 308 39 14 an-

482 336 117 27 gifningen
619 336 51 21 icke
690 336 76 26 nägon
786 336 129 27 tillförlitlig
930 336 75 26 grund
1020 336 35 21 för
1071 336 158 28 debiteringen

482 372 25 21 af
520 372 199 27 stämpelafgiften.
745 371 52 21 Med
813 372 91 27 hänsyn
918 371 77 21 härtill
1007 372 42 21 har
1059 372 65 21 inom
1136 372 92 21 Utskot-

481 409 31 19 tet
528 407 127 27 föreslagits
671 413 29 14 en
715 406 134 28 förändring
864 407 25 20 af
902 406 138 22 hithörande
1055 408 175 27 bestämningar

480 443 8 20 i
505 443 82 21 sädant
603 443 65 27 syfte,
684 445 32 19 att
731 443 34 21 till
781 449 70 15 mom.
869 449 18 14 a.
905 443 74 21 skulle
995 444 118 27 hänföras,
1126 444 103 21 förutom

480 478 124 22 inländska
627 479 162 28 spritdrycker,
813 479 81 21 endast
917 479 87 21 sädana
1019 479 126 22 utländska
1160 480 68 28 sprit-

480 514 104 28 drycker,
601 521 51 15 som
670 514 75 21 blifvit
759 513 188 23 tullbehandlade
963 515 72 21 innan
1051 515 177 28 förpassningen

480 557 52 21 eger
547 557 58 15 rum.
638 551 125 21 Utskottets
779 551 73 21 flertal
867 551 44 21 har
927 550 60 22 dock
1002 551 51 22 icke
1069 551 90 22 kunnat
1178 559 39 14 om

479 587 57 22 fatta
551 587 62 22 detta
628 587 84 28 förslag
727 587 34 22 till
777 586 192 29 undanrödjande
981 587 25 22 af
1021 588 153 22 osäkerheten
1184 581 43 29 vid

480 624 163 27 debiteringen,
654 624 97 21 emedan
761 624 126 27 ändringen
898 623 74 22 skulle
985 624 118 27 innebära,
1115 626 32 20 att
1158 625 67 23 äfven

478 667 29 14 en
528 661 78 20 såsom
627 660 129 28 spritdryck
772 660 105 27 angifven
892 660 110 21 utländsk
1017 661 113 27 rusdryck
1146 660 79 29 borde,

479 697 29 20 då
529 697 146 27 förpassning
697 697 52 20 sker
764 696 48 21 före
827 696 221 28 tullbehandlingen,
1064 697 111 21 hänföras
1191 697 34 22 till

478 739 70 15 mom.
566 732 22 22 b.
620 733 53 21 Men
684 732 97 22 emedan
793 733 69 26 enligt
873 731 126 23 Utskottets
1013 733 70 21 tanke
1094 733 70 27 något
1174 733 52 22 skäl

477 769 51 21 icke
544 769 123 21 förefinnes
683 769 36 20 för
735 769 136 27 åtskiljande
887 768 25 21 af
925 769 28 20 de
970 768 62 22 olika
1048 769 77 27 slagen
1142 769 25 21 af
1175 776 50 14 rus-

478 805 98 27 drycker
599 805 33 21 uti
655 811 33 14 nu
711 804 172 27 ifrågavarande
907 804 114 28 afseende,
1043 804 43 22 har
1102 804 122 28 Utskottet;

477 841 55 21 med
547 841 92 27 hänsyn
653 840 86 27 jemväl
754 840 34 21 till
802 840 153 22 omförmälda
972 841 123 20 osäkerhet
1105 840 40 22 vid
1161 839 63 23 debi-

476 876 109 28 teringen,
603 876 82 22 ändrat
700 876 174 28 bestämningen
891 876 95 28 derhän,
1000 878 32 20 att
1043 876 46 22 den
1099 876 8 22 i
1118 883 70 15 mom.
1202 884 21 14 a.

476 913 139 22 föreskrifna
630 913 70 27 högre
715 913 163 28 stämpelafgift
892 912 59 22 skall
961 913 54 27 utgå
1026 912 39 22 vid
1076 912 147 29 förpassning

476 950 26 21 af
522 950 46 21 alla
591 950 60 27 slags
674 950 144 27 rusdrycker,
842 949 53 22 eller
917 950 54 21 med
993 949 72 22 andra
1081 950 42 20 ord
1136 949 86 28 jemväl

476 986 40 22 vid
530 986 147 28 förpassning
692 986 25 21 af
730 986 124 22 utländska
870 992 93 21 svagare
979 985 144 29 rusdrycker.

547 1035 65 27 Intyg
628 1041 19 14 o.
663 1041 16 15 s.
698 1041 19 15 v.
749 1034 9 21 I
775 1034 44 22 den
840 1034 76 22 finska
936 1036 75 20 texten
1028 1034 25 21 af
1066 1034 156 28 författnings-

475 1071 107 27 förslaget
605 1070 86 22 saknas
713 1070 76 30 denna
811 1070 154 28 bestämning,
989 1070 95 21 hvilken
1107 1070 77 22 derför
1199 1070 25 22 af

476 1107 115 21 Utskottet
606 1107 41 21 der
662 1106 99 27 intagits.

547 1155 105 27 Salubref
672 1155 13 20 &
705 1154 173 27 utmätningsvis
894 1154 87 21 försäld
996 1154 119 27 fastighet.
1144 1154 78 21 Under

479 1191 135 28 »köpebref>
640 1191 8 21 i
672 1191 13 20 6
715 1190 22 28 &,
767 1190 92 22 hvartill
890 1189 76 22 denna
996 1189 81 22 rubrik
1104 1190 117 27 hänvisar,

474 1228 40 20 äro
546 1227 113 21 särskilda
691 1227 48 26 slag
765 1227 23 20 af
819 1226 111 27 egendom
947 1225 38 22 vid
1009 1225 142 22 öfverlätelse
1176 1226 45 21 och

474 1263 135 28 försäljning
624 1263 8 21 i
648 1263 107 22 afseende
771 1263 14 21 &
797 1262 230 28 stämpelskyldighet
1042 1262 109 22 likstäldä
1167 1262 54 21 med

473 1299 113 28 fastighet.
621 1299 114 22 Utskottet
758 1299 43 22 har
823 1299 8 21 i
854 1298 238 22 öfverensstämmelse
1123 1297 98 22 härmed

473 1336 35 21 till
526 1335 150 22 förevarande
691 1335 81 22 rubrik
786 1335 73 27 tillagt
874 1335 82 21 orden:
978 1335 73 27 fartyg
1069 1335 55 20 eller
1142 1339 79 16 annan

473 1370 7 20 i
497 1370 13 21 6
526 1369 15 29 &
556 1370 74 21 under
645 1368 113 30 köpebref
771 1370 128 21 omnämnd
915 1370 119 26 egendom.

544 1418 14 20 4
574 1417 22 27 $.
627 1417 26 21 A.
677 1416 183 28 Hufvudskrifter.
882 1434 1 11 .
893 1413 67 24 Inom
985 1377 183 67 idea
1174 1414 45 22 och

472 1452 73 22 Adeln
569 1455 60 19 samt
654 1452 190 27 Borgareståndet
866 1447 43 25 har
931 1451 110 28 påyrkats
1059 1451 121 21 införande
1197 1451 25 21 af

473 1488 146 26 bestämning
639 1488 87 26 derom,
749 1490 32 18 att
796 1487 125 21 märkrulla
935 1487 70 27 jemte
1021 1487 125 27 åtföljande
1161 1487 58 21 kon-

472 1525 140 24 nässement,
636 1523 79 21 hvilka
737 1522 98 27 ingifvas
858 1521 34 22 till
916 1522 169 26 tullkammare,
1109 1522 51 40 icke
1180 1522 40 40 mä

472 1565 55 14 vara
543 1558 169 21 underkastade
729 1558 165 27 stämpelskatt.

543 1605 205 24 Bevillmingsutskottets
760 1605 109 18 betänkande
881 1604 34 19 N:o
928 1605 17 17 3.
