1092 1742
221 147 26 19 16
425 145 29 22 U.
470 146 27 22 B.
515 158 26 3 —
556 146 74 28 Prop.
645 146 41 21 N:o
702 145 34 22 17.

289 214 80 20 Ehuru
385 214 37 20 det
437 214 97 20 sålunda
551 216 53 18 utan
621 213 76 21 tvifvel
714 220 53 14 vore
778 212 118 27 högeligen
904 212 68 20 önsk-

219 248 72 26 värdt,
307 250 31 18 att
353 248 45 20 alla
411 247 157 27 jordlegoaftal
584 247 73 21 blefve
673 246 117 27 skriftliga,
799 246 72 21 håller
879 246 91 21 Utskot-

217 284 33 19 tet
266 282 71 20 likväl
360 282 53 25 före,
429 284 32 19 att
481 282 44 20 den
547 282 118 27 möjlighet
680 281 49 21 icke
745 281 34 20 får
794 281 25 20 af
832 280 138 27 lagstiftaren

219 316 102 27 förbises,
341 318 32 19 att
395 316 97 21 berörda
507 315 25 21 af
545 315 65 28 lagen
626 316 121 27 uppstälda
764 315 92 21 fordran
872 315 19 27 ej
908 314 64 21 alltid

219 350 116 27 iakttages.

288 385 42 21 Vid
346 385 49 26 lega
410 386 25 20 af
448 386 36 19 hel
501 385 105 26 lägenhet
620 385 64 20 torde
699 385 136 26 legoaftalen
850 384 71 21 redan
938 384 35 20 för

219 420 143 21 närvarande
386 420 96 20 allmänt
504 421 118 26 upprättas
638 419 136 26 skriftligen;
790 419 44 21 och
850 419 121 20 enahanda

218 455 64 20 torde
308 455 13 20 å
345 454 62 21 vissa
432 456 60 19 orter
517 454 61 21 fallet
598 460 54 14 vara
676 454 66 21 äfven
758 453 140 21 beträffande
913 455 58 26 torp.

219 489 53 20 Men
280 489 60 20 detta
349 489 69 26 gäller
430 489 125 26 ingalunda
566 489 76 20 såsom
654 489 85 20 allmän
749 489 65 26 regel.
836 487 135 28 Visserligen

219 523 43 21 har
276 523 70 21 redan
363 529 81 20 genom
460 523 162 26 förordningen
638 523 43 21 den
693 524 25 19 27
732 523 54 20 Juni
800 524 54 19 1775
866 522 106 27 stadgats,

218 560 33 19 att
266 558 37 21 vid
329 557 138 27 anläggning
491 558 24 20 af
537 559 51 25 torp
614 557 104 26 skriftligt
733 557 108 20 kontrakt
856 557 43 20 bör
914 563 59 21 upp-

219 594 79 24 rättas;
314 592 81 21 sådant
411 592 108 20 kontrakt
534 592 42 20 har
591 592 6 20 i
613 591 161 27 förordningen
791 592 25 20 af
828 591 44 21 den
882 592 26 19 13
916 592 55 20 Juni

221 628 54 19 1800
297 627 69 27 gjorts
388 627 33 20 till
444 626 74 21 vilkor
540 627 35 20 för
593 626 135 26 legorättens
744 626 152 21 intecknande
913 629 59 18 samt

218 662 129 21 sedermera
369 661 149 21 föreskrifvits
540 661 35 20 för
598 661 48 26 lega
669 661 25 20 af
712 660 153 27 lägenhetsdel
882 661 89 20 äfven
958 656 17 36 i

218 696 190 27 förordningarna
436 696 25 20 af
483 696 43 20 den
554 696 25 20 19
607 695 124 21 December
755 696 54 20 1864
824 695 44 21 och
884 695 44 21 den
946 696 26 19 19

220 731 108 20 Februari
353 731 60 25 1883,
429 730 126 27 hvarjemte
571 730 74 21 denna
663 729 91 21 fordran
770 730 44 20 den
832 731 26 19 10
874 729 97 22 Novem-

218 765 41 21 ber
275 765 54 20 1892
344 764 122 21 utsträckts
479 765 85 26 jemväl
579 764 34 21 till
628 765 49 26 lega
692 764 25 20 af
729 764 37 21 hel
777 764 110 27 lägenhet.
919 765 52 20 Men

217 799 40 21 det
271 799 94 21 oaktadt
382 798 144 21 bebrukades
541 800 63 19 ännu
620 799 38 20 vid
674 798 83 21 medlet
772 799 25 20 af
811 799 117 20 1890-talet
943 805 28 14 en

220 833 99 27 betydlig
342 833 36 21 del
401 833 25 20 af
446 833 104 26 samtliga
572 835 50 25 torp
646 833 6 20 i
675 833 44 20 den
742 833 36 21 del
794 833 26 20 af
832 833 83 26 landet,
931 833 41 20 der

218 867 210 27 torpinstitutionen
445 867 81 21 vunnit
542 867 33 20 sin
593 869 80 19 största
690 867 143 26 utbredning,
849 867 80 21 endast
942 867 28 27 på

218 901 74 27 grund
308 901 25 21 af
345 900 107 27 muntligt
467 901 60 20 aftal.

288 936 49 20 Den
359 935 110 26 egentliga
490 934 97 21 orsaken
609 935 81 25 dertill,
712 937 31 19 att
758 935 113 27 muntliga
886 935 84 24 aftal,
959 930 14 36 i

219 969 55 21 strid
297 969 52 21 med
372 969 42 20 den
436 969 7 20 i
459 969 63 26 lagen
547 969 99 21 uttalade
662 969 82 26 regeln,
760 969 141 21 fortfarande
917 970 55 20 före-

219 1004 101 26 komma,
336 1004 46 20 kan
398 1003 19 27 ej
433 1009 96 15 numera
549 1009 66 15 anses
631 1003 58 26 ligga
704 1003 7 21 i
727 1003 115 21 bristande
858 1004 115 20 skrifkun-

219 1038 83 26 nighet.
333 1037 104 21 Orsaken
457 1037 64 21 torde
537 1038 47 20 ofta
600 1037 55 20 böra
672 1038 68 20 sökas
756 1037 6 20 i
779 1037 134 27 likgiltighet
929 1038 43 20 och

219 1072 89 26 tröghet
331 1074 31 18 att
383 1077 82 21 genom
481 1072 109 20 kontrakt
604 1071 73 21 ordna
692 1071 167 24 förhållanden,
876 1072 96 21 hvarvid

219 1106 64 21 såväl
298 1106 152 26 legogifvaren
466 1112 49 14 som
532 1105 114 21 brukaren
662 1105 74 21 blifvit
751 1112 60 14 vana
826 1106 44 21 och
881 1106 91 21 hvilkas

220 1140 158 26 bristfällighet
401 1140 56 20 först
480 1140 38 20 vid
537 1140 148 20 förefallande
700 1140 140 26 tvistigheter
855 1140 95 21 komma
965 1141 6 19 i

219 1174 80 26 dagen.
323 1174 111 26 Derjemte
448 1174 45 20 kan
510 1174 49 21 icke
575 1174 114 24 förnekas,
706 1176 31 18 att
752 1174 98 26 mången
866 1174 106 25 brukare,

220 1214 50 15 som
286 1208 73 21 skulle
374 1208 83 20 önskat
473 1208 95 26 skriftlig
584 1208 140 27 uppgörelse,
740 1208 19 26 ej
776 1208 89 20 kunnat
878 1209 95 21 utverka

219 1242 72 21 sådan
315 1242 7 20 i
345 1242 56 27 följd
423 1242 25 20 af
466 1242 146 26 jordegarens
631 1242 157 26 obenägenhet
806 1244 32 19 att
853 1242 71 21 binda
940 1243 33 26 sig

219 1282 81 20 genom
325 1277 105 25 skriftligt
453 1276 60 20 aftal.
544 1277 10 18 I
575 1276 103 20 enskilda
694 1276 38 19 fall
748 1277 79 19 kunna
844 1277 70 19 också
929 1280 43 16 tor-

220 1316 54 21 pare
289 1310 69 20 hafva
373 1311 93 19 motsatt
481 1309 33 26 sig
529 1310 153 26 upprättande
698 1310 24 19 af
733 1310 106 26 skriftligt
849 1310 61 25 aftal,
920 1317 52 14 men

220 1343 63 21 torde
299 1343 28 21 de
342 1343 70 21 likväl
428 1343 126 21 merendels
570 1349 54 15 vara
640 1350 52 14 ense
708 1343 86 27 derom,
803 1346 32 18 att
850 1346 31 18 ett
892 1344 81 21 sådant

220 1385 53 14 vore
289 1380 32 18 att
337 1377 117 27 föredraga
469 1377 95 21 framför
580 1379 30 19 ett
625 1378 111 26 muntligt.

289 1412 9 21 I
314 1412 149 22 betraktande
486 1412 69 27 deraf,
572 1414 31 19 att
618 1412 38 21 det
671 1412 110 28 muntliga
797 1413 127 27 legoaftalet
939 1414 34 20 så-

220 1447 61 21 ledes
304 1447 43 20 har
369 1446 54 21 häfd
446 1447 35 20 för
503 1447 34 26 sig
559 1447 42 20 och
618 1448 63 19 ännu
694 1447 167 27 jemförelsevis
877 1449 96 20 allmänt

291 1493 46 22 Lag-
350 1493 32 17 och
397 1493 180 17 Ekonomiutskottets
590 1493 110 17 betänkande
712 1493 38 18 N:o
762 1494 17 17 4.
