1084 1742
207 147 41 21 102
453 145 29 23 U.
497 146 29 22 B.
543 158 26 4 —
583 146 75 28 Prop.
673 146 42 22 N:o
731 145 34 23 17.

206 214 85 21 arbetet
313 214 82 21 utförts
418 214 51 21 med
488 213 147 27 jordegarens
657 213 106 27 skriftligt
777 212 105 21 lemnade
898 218 59 15 sam-

206 248 72 28 tycke.
309 248 49 21 Har
372 248 74 21 dervid
459 247 103 29 skriftligt
579 248 56 27 aftal
649 248 85 26 träffats
744 247 85 28 jemväl
843 246 115 27 angäende

206 282 158 27 ersättningens
386 282 75 28 belopp
483 282 49 21 eller
553 282 127 27 grunderna
698 282 36 26 för
749 281 46 21 dess
810 280 146 25 beräknande,

206 323 51 15 vare
271 316 35 21 det
318 316 109 27 gällande.

275 349 47 28 Lag
338 356 88 15 samma
441 357 59 20 vare,
516 357 39 14 om
567 350 116 21 brukaren
693 348 120 23 förbättrat
822 349 134 27 lägenheten

205 383 139 29 derigenom,
352 385 32 20 att
399 384 47 21 han
460 385 82 27 (utesl.)
557 384 94 28 uppfört
665 385 49 26 nytt
728 383 45 22 hus
785 382 54 22 eller
848 383 109 21 verkstält

206 417 146 30 ombyggnad
368 419 25 20 af
405 418 14 21 &
434 418 133 27 lägenheten
583 418 60 21 förut
657 417 112 27 befintligt
783 417 88 26 /utesl.).

274 452 83 28 (Utesl)

458 551 38 27 (60
509 550 15 29 $
540 551 8 20 i
559 557 62 22 prop.
639 551 69 25 utesl.)

547 649 28 20 53
589 649 19 27 $.

274 711 48 21 Har
336 711 98 21 brukare
450 711 26 21 af
488 713 48 25 eget
550 711 63 22 virke
629 711 93 28 uppfört
736 713 51 25 nytt
801 712 44 20 hus
858 713 55 19 utan
924 711 35 21 lof

204 745 55 22 eller
280 745 13 21 å
316 751 78 15 annan
416 746 60 27 plats
498 747 30 19 än
549 745 151 28 legogifvaren
723 745 117 27 medgifvit
858 745 44 22 och
916 745 39 22 vill

204 779 75 22 denne
294 779 20 28 ej
330 780 50 21 lösa
394 780 74 26 huset,
488 786 53 15 vare
556 780 115 21 brukaren
687 779 78 28 pligtig
780 782 32 19 att
826 779 39 22 vid
880 779 76 27 legoti-

203 813 58 22 dens
283 813 46 22 slut
350 813 38 22 det
409 813 126 28 bortflytta;
558 813 112 22 återställe
693 813 43 22 ock
754 814 94 27 platsen,
864 813 92 22 hvarest

203 848 67 21 huset
293 848 59 26 stått,
375 847 7 21 i
404 848 82 26 (utesl)
501 848 71 21 skick.
602 844 31 25 Är
647 847 62 22 detta
724 848 19 27 ej
759 847 117 28 fullgjordt
890 848 65 21 inom

204 884 30 19 ett
249 882 25 21 år
296 882 55 21 efter
366 881 37 22 det
421 882 113 27 legotiden
549 882 148 27 tilländagått,
713 882 87 21 tillfalle
815 882 67 22 huset
897 882 59 27 lego-

203 916 102 27 gifvaren
320 918 56 19 utan
392 916 69 21 lösen.

547 1015 27 20 54
589 1013 21 27 $.

272 1076 132 26 Fruktträn,
412 1076 77 21 ädlare
499 1076 315 28 prydnadsträn,;bärbuskar
821 1076 54 22 eller
882 1076 73 22 andra

203 1109 152 22 värdefullare
377 1110 84 26 växter,
480 1110 53 21 dem
549 1110 98 21 brukare
662 1110 113 28 planterat
789 1110 89 22 utöfver
893 1110 62 22 hvad

203 1144 14 22 å
232 1145 134 27 lägenheten
388 1146 60 20 förut
463 1146 94 26 funnits,
573 1146 66 21 skola
653 1146 40 21 vid
707 1146 144 22 afträdandet
866 1147 89 27 legogif-

202 1186 69 15 varen
297 1179 144 28 hembjudas.
471 1180 45 22 Vill
539 1180 48 21 han
605 1180 18 28 ej
640 1180 50 22 lösa
714 1180 38 22 det
774 1182 132 26 planterade
920 1181 34 21 till

202 1210 84 36 skäligt
299 1210 68 36 pris,
370 1214 38 21 må
423 1214 114 22 brukaren
554 1215 64 21 inom
633 1217 31 19 ett
678 1215 26 21 år
719 1215 54 21 efter
782 1215 125 26 legotidens
922 1218 33 18 ut-

202 1248 60 27 gång
276 1248 116 27 bortflytta
407 1248 43 27 det,
466 1249 54 21 eller
534 1256 53 14 vare
603 1249 36 27 lag
654 1256 50 14 som
720 1249 7 20 i
743 1250 28 20 53
785 1251 14 25 $£
815 1250 69 26 säges.

545 1350 28 20 55
588 1350 21 27 $.

272 1412 42 22 Till
335 1412 137 28 lägenhetens
494 1413 102 28 bonings-
611 1414 50 21 eller
677 1414 64 22 uthus
756 1414 100 23 hörande
871 1415 82 22 innan-

201 1448 53 25 rede,
276 1453 47 15 som
343 1448 26 20 är
382 1447 84 28 fästadt
479 1447 37 22 vid
529 1453 51 16 mur
595 1448 50 21 eller
660 1449 61 27 vägg,
737 1449 73 21 säsom
825 1449 70 28 spjäll,
913 1450 39 25 läs,

271 1493 48 23 Lag-
331 1493 33 18 och
376 1493 183 19 Ekonomiutskotteis
571 1494 110 18 betänkande
692 1494 38 19 N:o
742 1496 17 17 4.

973 878 10 11 EN
