1073 1761
453 139 54 22 N:o
525 138 50 23 25.

344 439 71 25 Hans
439 440 169 32 Kejserliga
634 440 149 32 Majestäts
810 439 80 33 nådiga

274 486 139 31 proposition
449 486 33 25 till
512 486 104 25 Finlands
644 486 102 31 Ständer,
775 485 115 31 angående

274 531 121 25 anvisande
421 532 27 24 af
463 532 69 24 medel
550 531 34 25 till
602 532 170 24 folkskolornas
790 532 7 23 i
816 532 73 24 landet

276 576 116 25 underhåll
409 577 70 24 under
497 576 55 26 åren
572 577 176 24 1901—1904.

207 644 36 21 Uti
266 645 41 20 den
330 644 32 21 till
381 645 52 20 1897
451 646 35 20 års
502 645 104 26 landtdag
622 645 80 21 aflåtna
716 645 82 26 Nådiga
814 651 76 20 propo-

140 679 90 21 sitionen
245 679 109 27 angående
370 679 118 21 anvisande
503 679 24 22 af
541 679 69 21 medel
625 679 33 21 till
674 679 216 22 folkskoleväsendets

138 713 112 21 underbåll
266 714 66 21 under
348 713 51 22 åren
416 714 140 21 1898—1900
572 713 136 22 meddelades
724 713 120 22 Ständerna
859 715 32 19 att

138 747 149 28 behållningen
303 749 8 20 i
326 749 26 20 de
368 748 121 22 beräknade
505 749 102 26 anslagen
624 748 33 21 för
672 748 218 21 folkskoleväsendets

138 782 113 21 underhåll
274 782 35 21 vid
333 783 55 21 1895
411 782 36 21 års
469 783 81 27 utgång
572 783 97 26 utgjorde
693 783 89 27 101,078
801 783 61 21 mark
878 784 12 19 9

138 817 65 26 penni
218 819 55 19 samt
288 819 34 19 att
334 817 78 27 jemväl
428 817 32 21 för
476 817 50 21 åren
544 819 54 20 1896
614 817 39 21 och
666 818 53 20 1897
731 824 26 14 en
767 817 124 27 ytterligare

138 851 82 21 mindre
236 851 121 28 behållning
372 852 70 21 kunde
457 854 99 19 emotses.

207 885 70 22 Sedan
293 886 173 26 räkenskaperna
481 886 33 21 för
530 886 50 21 åren
598 886 53 21 1896
668 886 40 21 och
720 886 53 21 1897
784 885 106 25 afslutats,

138 920 39 22 har
194 920 37 22 det
246 920 56 22 visat
318 920 32 27 sig
365 922 33 20 att
413 920 68 21 under
493 921 62 21 dessa
566 920 24 22 år
600 926 25 16 en
636 919 123 27 behållning
770 920 22 20 af
800 920 92 21 tillsam-

139 961 60 15 mans
224 956 87 26 142,691
328 955 62 21 mark
405 956 28 20 84
448 955 63 27 penni
527 954 107 28 uppstått;
650 954 39 22 och
704 954 40 21 har
758 954 110 22 skilnaden
885 954 7 20 i

140 990 25 22 de
181 990 60 22 olika
256 990 183 27 anslagsposterna
455 990 81 21 utfallit
551 991 28 26 på
595 990 92 27 följande
702 991 52 19 sätt:

487 1069 9 17 f
501 1069 105 17 Ständerna|
889 1059 1 28 |

471 1098 91 22 beviljade
576 1102 30 13 an-|
624 1098 78 23 Verklig
714 1099 28 16 ut-
889 1089 1 33 |

470 1126 41 23 slag
525 1126 29 18 för
562 1126 88 23 ärenlgift
661 1127 29 17 för
704 1131 45 13 sam-|
786 1125 81 18 Skilnad.
889 1134 2 11 |

140 1161 2 17 i
466 1157 2 19 |
495 1156 43 17 1896
551 1155 33 17 och
648 1161 29 12 ma
689 1155 26 18 är.
889 1153 2 12 |

466 1179 2 34 |
516 1184 48 16 1897.

510 1235 34 18 e
584 1235 18 16 nå
653 1235 34 17 m
732 1224 13 40 |
794 1201 34 67 me
849 1201 42 67 [mi

467 1280 1 13 |
861 1279 2 12 I

142 1304 1 35 |
152 1316 35 17 Till
205 1316 96 18 underhåll
320 1314 21 18 af
360 1312 108 21 städernas
458 1300 12 47 |
723 1271 3 69 |
861 1308 2 20 |

142 1341 1 31 |
175 1350 101 18 folkskolor
294 1364 4 4 .
317 1363 27 5 ..
363 1362 94 6 so...
466 1340 2 26 i
486 1336 8 42 =
504 1350 101 22 925,000/—|
648 1351 38 20 801,
683 1341 66 59 sa
757 1350 22 22 4.
787 1347 100 26 195,576
875 1335 15 42 —

142 1380 46 26 Till
204 1384 96 18 aflönande
317 1383 20 17 af
351 1370 117 30 folkskolä-
460 1366 12 44 |

174 1422 42 12 rare
229 1417 34 17 och
274 1417 106 17 lärarinnor
388 1416 23 22 pä
419 1416 38 17 lan-
466 1427 2 3 |
724 1401 2 49 |

142 1454 1 21 |
169 1452 32 17 deff
226 1464 231 5 «momimisn
359 1440 13 39 %
385 1440 30 39 508
427 1440 33 39 MIB
467 1459 1 14 |
488 1452 118 21 2,127,000|—|
631 1451 119 21 2.130,277/72]
775 1460 21 2 —
809 1428 79 43 3,om|72

861 1414 2 24 |
