1078 1745
340 152 71 25 Ständ.
428 153 33 23 Sv.
480 167 23 3 —
521 153 60 29 Prop.
597 154 37 23 N:o
651 155 31 22 17.
857 156 26 19 41

203 214 36 21 De
254 215 103 22 formella
372 216 121 28 ändringar
506 216 7 22 i
523 217 154 28 lagförslaget,
688 217 34 20 till
731 216 78 23 hvilka
820 217 64 21 Stän-

135 249 70 20 derna
226 249 92 22 utöfver
341 250 37 21 det
394 251 68 20 ofvan
477 251 94 22 anförda
585 251 77 22 funnit
676 251 129 28 anledning,
821 251 63 21 torde

135 282 50 22 icke
201 283 101 22 erfordra
318 284 95 21 särskild
428 285 142 28 motivering.

203 420 34 21 På
246 421 73 28 grund
328 420 26 22 af
362 421 38 21 det
410 422 96 21 anförda
515 422 24 21 få
550 422 126 21 Ständerna
685 422 8 21 i
703 422 182 27 underdånighet

120 463 4 4 -
134 454 94 27 anmäla,

408 532 31 20 att
453 531 128 22 Ständerna
591 531 43 22 icke
643 531 88 22 kunnat
741 531 143 27 oförändradt

337 564 118 28 godkänna
477 565 35 21 det
534 565 126 22 Ständerna
677 565 112 28 förelagda
806 565 78 28 lagför-

339 598 73 29 slaget,
422 600 55 21 utan
488 599 35 28 för
533 599 35 22 sin
580 599 33 22 del
623 599 86 28 antagit
722 606 26 15 en
763 598 121 29 sälydande

231 766 67 33 Lag
316 772 52 21 om
385 767 72 32 lega
474 767 36 26 af
521 767 72 32 jord
610 765 41 33 pä
668 766 115 26 landet.

466 847 9 18 1
493 845 58 28 Kap.

353 907 120 24 Allmänna
487 907 182 25 bestämmelser.

485 965 48 29 18.

201 1004 65 22 Aftal
281 1012 37 15 om
331 1005 51 28 lega
393 1005 25 21 af
424 1005 51 28 jord
486 1007 30 27 pä
525 1005 77 22 landet
613 1005 57 22 skall
679 1005 65 28 ingäs
754 1005 129 28 skriftligen

133 1039 44 22 och
191 1039 51 22 med
256 1039 90 22 vittnen
360 1042 58 19 samt
432 1039 131 22 kontraktet
577 1039 166 22 undertecknas
755 1039 26 21 af
789 1039 94 28 legogif-

133 1081 76 18 varen,
225 1073 113 22 brukaren
353 1073 42 22 och
410 1073 109 22 vittnena.

493 1139 13 18 2
522 1137 20 28 8.

201 1176 126 29 Legoaftal,
343 1175 95 22 hvarom
453 1176 7 21 i
470 1177 74 21 denna
554 1176 37 29 lag
601 1176 97 28 stadgas,
711 1178 37 19 mä
758 1175 20 29 ej
790 1175 93 22 afslutas

133 1210 141 22 annorlunda
293 1213 29 18 än
340 1209 36 23 för
392 1210 100 22 bestämd
508 1211 39 25 tid,
563 1211 68 28 högst
646 1210 78 22 femtio
740 1212 30 24 är,
786 1210 53 22 eller
854 1212 30 27 pä

132 1243 79 27 lifstid,
227 1247 57 19 samt
299 1244 52 22 med
366 1245 129 22 utfästande
511 1245 26 22 af
549 1245 46 22 viss
606 1245 42 22 och
658 1245 90 28 verklig
758 1245 57 28 ärlig
825 1245 56 28 lega.

201 1279 121 22 Förbehäll
344 1279 82 26 derom,
450 1282 33 19 att
505 1280 43 21 den
571 1279 70 29 ärliga
656 1279 68 28 legan
739 1279 58 22 skall
811 1280 72 21 under

133 1313 115 29 legotiden
263 1313 58 21 efter
335 1313 57 22 visst
406 1314 62 21 antal
483 1316 24 19 är
522 1321 83 21 genom
618 1321 43 21 syn
672 1316 58 26 ånyo
741 1314 141 25 bestämmas,

132 1355 55 14 vare
200 1347 50 22 icke
265 1347 122 29 förbjudet.

201 1381 110 28 Upplätes
326 1381 166 28 nyttjanderätt
506 1382 35 20 till
555 1382 113 27 lägenhet,
684 1389 47 14 som
747 1382 42 20 öde
803 1382 79 27 ligger,

133 1414 53 22 eller
201 1414 35 21 till
249 1414 122 29 nybygges
386 1417 58 26 torp,
459 1422 54 14 vare
523 1415 49 21 icke
582 1415 130 21 förmenadt
724 1417 34 19 att
767 1414 116 28 medgifva

132 1448 113 22 brukaren
260 1450 33 19 ett
308 1448 54 22 eller
376 1448 54 22 flere
445 1448 112 23 frihetsär.
