1092 1723
175 103 40 35 8
358 116 83 23 Ständ.
459 116 39 24 Sv.
516 130 27 2 —
558 116 72 28 Prop.
649 117 41 22 N:o
706 116 38 23 29.

175 187 158 28 fullmäktiges
360 187 56 21 eller
439 187 194 21 rådhusstämmas
655 190 59 18 samt
732 188 195 28 poliskammares,

175 221 42 21 der
235 220 72 22 sådan
323 220 82 28 finnes,
422 220 111 29 yttrande
551 221 64 22 öfver
633 221 161 29 ansökningen
813 222 43 22 och
873 222 54 21 den-

176 262 93 21 samma,
288 255 59 21 efter
364 254 116 30 pröfning,
499 255 82 22 bifalla
599 255 56 21 eller
673 255 64 21 afslå.
772 256 97 22 Bifalles
889 264 39 14 an-

175 290 137 28 sökningen,
339 289 92 22 utfärde
452 290 151 28 magistraten
621 289 105 23 deröfver
743 290 184 22 tillståndsbevis

175 323 53 23 med
254 323 135 22 utsättande
413 324 24 21 af
458 324 45 22 den
521 324 41 28 tid,
581 324 133 22 hvarunder
731 324 43 22 och
793 324 45 22 den
856 325 71 28 trakt,

175 358 64 22 inom
265 358 97 22 hvilken
389 358 167 29 försäljningen
580 359 37 21 må
637 358 99 28 utöfvas,
758 359 120 22 äfvensom
899 359 28 21 de

176 392 75 29 öfriga
277 392 150 28 föreskrifter,
449 400 49 14 som
520 393 38 21 till
575 392 47 29 god
640 392 111 29 ordnings
769 393 159 29 befrämjande

175 426 81 22 kunna
273 426 76 22 finnas
366 426 35 22 för
419 427 115 22 särskilda
550 427 43 22 fall
610 434 56 15 vara
684 428 24 21 af
726 426 82 23 nöden.

245 461 71 22 Göres
335 461 130 29 ansökning
483 461 25 22 af
523 461 77 29 bolag,
618 461 43 22 bör
678 461 77 22 tillika
774 462 44 21 den
837 470 90 21 person,

175 502 49 15 som
250 495 91 22 komme
368 497 35 20 att
429 495 102 22 rörelsen
552 496 93 27 förestå,
664 500 96 17 nämnas
778 496 44 21 och
841 496 86 22 dennes

175 529 62 29 goda
254 529 61 29 frejd
333 529 125 29 behörigen
475 530 98 28 styrkas.

243 564 65 22 Utan
329 564 162 29 magistratens
513 563 107 23 tillstånd
640 564 38 21 må
699 564 51 22 icke
767 565 161 29 försäljnings-

176 598 67 21 ställe
260 598 80 29 flyttas
359 598 55 22 eller
432 607 78 14 annan
527 598 157 23 föreståndare
703 601 104 27 antagas.

244 633 36 22 Då
299 633 83 22 ärende
401 633 121 28 angående
539 633 139 29 försäljning
696 633 38 22 till
747 633 145 30 afhemtning
904 635 24 21 af

175 667 158 28 maltdrycker
353 667 144 30 handlägges
519 668 23 22 af
564 667 211 30 stadsfullmäktige
800 668 55 22 eller
875 668 52 22 råd-

175 701 148 28 husstämma,
342 703 37 20 må
397 709 68 22 egare
483 703 57 21 eller
558 710 78 15 annan
652 702 152 23 innehafvare
823 703 23 22 af
858 703 69 30 bryg-

175 736 50 28 geri
243 736 36 22 för
296 736 153 29 tillverkning
468 737 22 22 af
511 737 157 28 maltdrycker
686 741 64 24 samt,
768 745 37 14 om
817 738 110 29 bryggeri

175 771 80 21 tillhör
281 771 140 28 aktiebolag,
449 771 98 22 medlem
570 772 8 21 i
600 771 52 22 dess
679 772 102 28 styrelse,
809 772 119 22 äfvensom

175 805 120 28 försäljare
317 805 23 22 af
357 805 88 22 sådana
466 805 98 29 drycker
580 806 52 21 icke
650 805 8 22 i
676 806 178 29 öfverläggning
872 807 56 21 eller

175 839 76 22 beslut
269 839 99 29 deltaga.

526 910 13 26 8
559 910 21 20 6.

243 977 30 29 Ej
299 977 38 21 må
363 978 78 28 någon
466 977 72 22 forsla
564 977 156 29 maltdrycker
742 978 52 22 från
814 978 58 29 gård
890 978 37 22 till

175 1010 58 29 gård
254 1011 35 21 för
311 1013 34 19 att
366 1011 37 21 till
421 1011 50 22 salu
492 1012 120 29 utbjudas;
630 1012 60 22 dock
708 1016 25 18 är
751 1012 39 22 det
808 1012 119 30 bryggeri-

175 1045 152 22 innehafvare
351 1045 109 29 obetaget
481 1048 35 20 att
533 1046 8 22 i
559 1046 86 22 sådana
663 1047 93 28 partier,
775 1054 49 14 som
841 1047 8 21 i
873 1048 13 26 $
913 1048 12 21 1

175 1083 73 24 säges,
266 1080 31 28 på
319 1079 142 29 beställning
487 1080 37 22 till
551 1081 116 21 afnämare
685 1081 110 22 försända
812 1081 51 22 sina
881 1081 46 22 till-

174 1114 149 28 verkningar.

525 1184 12 26 s
557 1183 22 21 8.

242 1244 37 22 Då
305 1244 23 22 öl
351 1244 56 21 eller
433 1246 77 26 porter
536 1245 38 21 till
595 1245 50 21 salu
666 1245 74 21 hålles
758 1245 8 22 i
784 1246 77 21 sluten
879 1246 48 22 hel-

175 1277 55 21 eller
256 1277 130 28 halfbutelj,
414 1278 60 21 skall
500 1277 111 29 helbutelj
642 1278 118 22 innehålla
789 1279 71 21 minst
887 1280 40 22 två

175 1310 124 29 tredjedels
319 1312 54 21 liter
391 1311 44 22 och
452 1312 124 29 halfbutelj
594 1312 72 22 minst
684 1320 28 14 en
730 1312 124 30 tredjedels
865 1314 61 21 liter.

174 1345 121 23 Utlemnas
323 1346 66 22 dessa
415 1345 99 29 drycker
540 1347 52 21 från
617 1346 219 30 försäljningsställe
862 1350 64 21 ttom

173 1380 111 30 bryggeri
301 1381 36 22 uti
355 1382 72 21 annat
444 1381 58 29 kärl,
521 1385 29 19 än
568 1381 77 22 sluten
662 1381 48 23 hel-
728 1382 56 22 eller
795 1382 130 31 halfbutelj,

174 1416 38 22 må
229 1415 109 30 beloppet
355 1416 51 22 icke
424 1416 136 29 understiga
578 1416 40 22 två
636 1416 43 22 och
697 1424 29 14 en
744 1416 50 24 half
810 1418 60 22 liter.
