1073 1756
465 136 40 21 N:o
519 135 34 22 21.
843 137 12 20 7

202 204 24 27 d)
241 204 132 27 beskrifning
387 204 58 22 öfver
457 205 40 21 den
513 205 116 21 elektriska
644 205 129 26 generatorn
785 204 38 21 och
835 204 48 21 dess

133 237 53 27 läge,
203 238 85 27 uppgift
304 244 33 15 om
353 239 128 21 strömmens
496 238 107 27 spänning
617 238 36 21 vid
668 239 140 26 generatorns
823 237 60 28 poler

134 271 108 22 äfvensom
258 273 13 20 å
285 272 78 27 högsta
378 273 143 26 strömstyrka
537 272 38 21 och
590 272 113 27 spänning,
720 278 45 15 som
780 271 33 22 får
827 271 56 22 före-

132 306 86 21 komma
233 306 7 21 i
255 306 170 27 ledningsnätets
441 307 56 20 olika
513 306 67 26 delar;

200 341 22 26 e)
237 340 148 27 specifikation
399 340 58 22 öfver
467 341 111 27 ledningar
589 340 38 22 och
639 340 25 21 de
674 339 208 28 försigtighetsmått,

132 381 45 15 som
192 375 85 21 komma
293 376 33 21 att
341 375 108 28 iakttagas
464 375 33 21 för
513 377 33 19 att
560 375 78 22 isolera
649 374 46 22 dem
707 374 38 22 och
756 374 127 22 säkerställa

132 409 149 26 allmänheten,
297 409 148 22 innefattande
465 410 102 21 särskildt
587 409 108 28 uppgifter
718 415 34 16 om
775 409 108 22 afståndet

99 441 122 24 -”emellan
237 444 152 27 ledningarnas
405 444 165 28 stödjepunkter
578 444 39 21 och
632 443 89 22 stödens
736 443 146 22 beskaffenhet

130 480 57 19 samt
202 478 152 27 ledningarnas
370 479 79 21 minsta
463 479 51 27 höjd
529 478 59 22 öfver
600 478 102 27 jordytan
713 477 39 22 och
762 478 119 27 byggnads-

131 513 43 26 tak,
191 512 86 22 afständ
291 513 47 21 frän
355 515 53 25 vägg
424 513 50 22 eller
490 513 50 27 djup
552 513 68 21 under
630 513 99 25 marken;
744 512 69 22 likasä
828 519 53 20 upp-

130 546 39 27 gift
185 553 34 15 om
235 546 151 27 ledningarnas
406 547 79 22 minsta
505 547 86 21 afständ
608 547 48 20 frän
672 546 105 27 telegraf-,
793 546 88 22 telefon-

130 581 51 22 eller
197 581 68 21 andra
281 581 116 22 elektriska
411 581 118 28 ledningar,
541 581 48 22 med
599 581 72 21 hvilka
681 581 26 21 de
722 580 50 27 löpa
783 581 98 26 parallelt

130 616 51 21 eller
202 616 73 21 hvilka
297 616 26 21 de
339 617 70 26 korsa,
433 618 56 20 samt
511 615 109 28 uppgifter
635 615 110 28 angäende
760 615 121 22 isolations-

130 651 129 21 konstanter
274 650 39 22 och
328 650 123 27 isolatorer;

193 685 28 26 £)
236 685 64 21 karta
314 685 7 21 i
336 684 87 28 lämplig
437 685 61 22 skala
513 685 59 22 öfver
587 685 36 21 det
637 685 116 21 elektriska
774 685 106 26 lednings-

129 721 67 24 nätet,
213 719 139 27 upptagande
364 719 79 28 jemväl
459 719 41 22 alla
514 720 58 21 inom
588 721 71 20 nätets
673 719 86 22 område
769 719 59 22 förut
839 719 41 21 till-

129 753 107 27 äfventyrs
251 753 129 28 förefintliga
394 754 106 22 likartade
516 754 161 28 anläggningar,
693 755 56 20 samt

196 790 25 26 g)
237 788 57 22 bevis
310 788 48 22 från
371 789 160 21 vederbörande
541 789 138 21 kommunala
689 788 123 28 myndighet
822 788 58 22 öfver

129 824 141 20 kommunens
294 823 96 21 tillstånd
409 823 34 21 till
458 824 163 27 anläggningen,
637 824 71 21 derest
723 823 156 27 anläggningen

128 860 25 19 är
168 857 74 22 afsedd
258 859 33 19 att
306 857 83 22 utföras
405 858 6 21 i
427 858 49 21 stad
491 858 51 22 eller
560 858 80 27 köping
663 858 38 22 och
724 858 154 27 anläggningen

128 892 46 22 icke
189 892 45 22 helt
249 892 38 22 och
303 892 66 22 hållet
384 893 95 21 kommer
495 894 33 20 att
542 893 57 27 ligga
613 893 59 21 inom
687 899 90 21 egarens
793 892 86 22 område

128 926 51 22 eller
194 926 86 22 tillhöra
295 927 136 21 kommunen.

479 991 47 27 38

196 1030 69 22 Innan
281 1030 140 22 Guvernören
436 1031 62 27 ingär
513 1032 7 20 i
535 1031 100 28 pröfning
650 1031 23 21 af
681 1032 126 26 ansökning,
817 1031 61 21 hvar-

127 1071 34 15 om
176 1064 63 22 ofvan
262 1068 94 24 nämnes,
380 1066 53 21 skall
453 1066 101 27 yttrande
572 1066 107 22 infordras
699 1066 23 21 af
738 1066 139 26 Industristy-

127 1099 75 27 relsen,
222 1099 84 21 hvilken
323 1106 49 21 eger
386 1100 79 22 föreslä
480 1100 25 22 de
525 1100 75 27 vilkor,
621 1106 45 16 som
686 1100 7 21 i
714 1100 40 22 den
770 1100 108 22 allmänna

126 1133 140 22 säkerhetens
288 1134 91 22 intresse
394 1135 7 20 i
416 1134 73 28 hvarje
504 1134 102 22 särskildt
628 1134 36 22 fall
686 1135 73 21 kunna
781 1135 96 21 befinnas

127 1168 144 27 erforderliga.

194 1198 31 26 Är
240 1203 87 28 ledning
342 1204 72 21 afsedd
431 1205 33 21 att
475 1204 77 27 dragas
563 1210 77 21 genom
650 1205 95 21 kronans
755 1204 61 22 mark
827 1204 50 22 eller

127 1237 57 21 inom
200 1238 97 20 omrädet
312 1237 34 22 för
361 1238 78 21 allmän
454 1240 47 25 väg,
517 1238 67 22 farled
600 1238 51 21 eller
664 1239 89 27 jernväg
773 1238 54 22 skall
843 1240 34 19 ut-

125 1271 89 32 lätande
229 1271 59 22 öfver
303 1272 147 27 ansökningen
466 1272 106 22 inhemtas
579 1273 79 27 jemväl
669 1272 23 22 af
699 1272 177 28 Forststyrelsen,

126 1304 169 28 Ofverstyrelsen
313 1306 34 21 för
363 1308 50 25 väg-
429 1306 39 22 och
485 1307 239 27 vattenbyggnaderna,
739 1308 137 26 Jernvägsty-

125 1339 69 21 relsen
211 1339 50 21 eller
277 1346 70 16 annan
371 1341 67 21 sädan
461 1341 129 27 myndighet,
609 1341 64 21 hvars
690 1341 186 27 förvaltningsom-

125 1374 52 21 räde
192 1374 23 20 af
228 1374 141 26 ledningarna
383 1375 94 21 beröres.

192 1407 12 21 I
218 1407 37 21 fall
274 1408 141 27 ledningarna
437 1408 62 22 skola
521 1409 123 21 utsträckas
663 1408 32 22 till
715 1411 67 19 annat
797 1410 35 21 län
849 1412 27 19 än

126 1441 42 27 det,
184 1441 39 22 der
239 1441 40 22 den
295 1442 115 22 elektriska
425 1444 129 25 generatorn
570 1442 112 28 förlägges,
701 1443 54 22 skall
775 1443 101 28 derjemte
