1075 1767
116 696 13 29 8
146 697 19 21 2.

117 1382 14 30 8
147 1384 20 22 5.

218 146 25 20 14
410 144 27 23 U.
452 144 28 22 B.
497 155 25 4 —
539 144 72 27 Prop.
626 143 41 22 N:o
682 143 35 22 23.

187 212 39 22 vid
253 212 26 21 så
302 212 57 28 tidig
384 212 70 26 ålder,
478 214 31 19 att
536 212 105 27 möjligen
666 212 122 27 förefintlig
811 211 130 21 tuberkulos

189 248 60 21 ännu
263 247 8 21 i
289 246 77 28 regeln
382 246 50 22 icke
448 246 80 22 hunnit
550 246 137 22 framskrida
711 246 144 28 synnerligen
872 245 69 28 långt,

189 283 24 19 är
236 282 37 20 det
291 281 60 22 klart
373 282 32 20 att
424 281 73 21 denna
521 281 104 27 sjukdom
648 280 50 21 icke
718 280 40 21 lätt
774 280 45 21 kan
835 280 106 21 utbredas

188 323 80 21 genom
292 316 86 21 sådana
402 315 56 27 djur.
488 316 75 20 Annat
585 315 76 21 kunde
676 314 37 22 väl
729 315 81 21 tänkas
825 321 56 14 vara
896 314 46 21 för-

188 350 115 22 hållandet.
326 350 52 22 med
400 350 132 26 afvelssvin,
549 356 50 15 men
616 349 67 21 äfven
699 349 41 21 här
756 351 25 19 är
800 349 64 21 faran
885 348 57 22 dock

189 385 90 28 mycket
298 385 72 28 ringa,
386 386 24 27 ty
429 384 24 22 få
472 384 173 28 kreatursegare
670 384 62 21 torde
756 384 59 21 finna
839 384 37 21 det
891 384 51 20 med

189 420 34 20 sin
242 419 72 21 fördel
336 419 107 28 förenligt
459 420 40 20 "att
516 418 91 22 behålla
625 420 30 19 ett
675 418 130 27 afvelsdjur,
825 425 48 15 som
891 418 52 21 icke

188 454 86 26 trifves,
300 454 88 21 hvilket
410 454 7 20 i
440 454 76 28 regeln
543 455 24 20 är
592 453 63 21 fallet
681 454 51 20 med
758 453 49 27 djur
833 453 110 28 angripna

189 488 24 22 af
228 488 63 28 långt
305 488 150 21 framskriden
471 488 137 21 tuberkulos.
639 487 36 22 Då
692 488 115 21 Utskottet
825 487 28 28 på
869 488 74 28 grund

189 523 24 21 af
228 522 160 22 ofvanstående
406 524 73 20 ansett
499 522 91 28 onödigt
609 524 32 19 att
659 522 8 20 i
681 522 65 28 fråga
761 529 34 14 om
811 522 132 21 tuberkulos

189 558 42 20 hos
247 557 50 21 svin
311 557 73 21 införa
399 556 71 28 några
486 558 92 26 stränga
590 556 186 28 lagstadganden,
789 556 41 22 har
843 556 14 28 $
871 558 9 19 1
895 563 47 14 om-

190 591 117 22 stiliserats
314 591 92 26 derhän,
413 593 32 19 att
453 591 198 28 bestämningarna
663 590 140 22 beträffande
813 590 130 22 tuberkulos

190 626 60 28 gälla
266 626 79 21 endast
364 626 135 21 nötkreatur.
529 625 43 22 För
587 627 32 19 att
636 625 123 28 förtydliga
774 625 55 21 sista
844 632 99 14 momen-

190 663 31 19 tet
236 660 23 22 af
275 660 14 29 &
307 662 9 20 1
333 660 42 21 har
390 660 7 21 i
413 661 61 21 detta
491 660 62 21 ordet
570 660 150 25 ,smittosam*
739 660 86 21 införts.

258 694 100 22 Emedan
381 694 301 28 anmälningsskyldigheten
706 694 70 22 måste
799 702 66 14 anses
880 694 63 22 inne-

190 730 55 21 fatta
261 737 26 13 en
303 729 50 21 icke
365 729 65 28 ringa
441 729 166 29 inskränkning
619 729 24 21 af
654 729 146 28 djuregarens
810 729 134 28 handlings-

190 764 74 26 frihet,
284 764 80 21 medan
381 763 13 22 å
409 764 70 21 andra
499 764 64 21 sidan
583 771 26 14 en
629 764 128 21 omedelbar
780 764 104 21 anmälan
908 771 35 13 om

190 798 119 22 inträffade
335 798 158 28 misstänkliga
519 798 157 28 sjukdomsfall
699 800 24 19 är
746 800 30 19 ett
801 798 144 28 oeftergifligt

190 833 74 21 vilkor
283 833 34 21 för
335 834 31 20 ett
383 833 116 21 verksamt
517 832 156 28 bekämpande
693 833 23 21 af
732 832 133 22 hithörande
881 832 63 28 sjuk-

191 868 84 26 domar,
295 868 41 20 har
354 867 113 22 Utskottet
486 868 3 20 i
513 867 7 29 $
539 869 12 20 2
567 867 66 21 infört
653 874 27 14 en
697 867 144 28 bestämning
859 867 85 21 härom.

259 902 80 21 Såsom
358 903 69 20 redan
447 902 97 28 tidigare
564 901 142 27 framhållits,
723 902 80 28 skiljer
819 902 34 28 sig
868 902 76 21 tuber-

191 936 93 22 kulosen
301 936 63 22 såväl
383 936 7 22 i
414 936 107 22 afseende
545 936 14 22 å
581 936 34 22 sin
635 939 64 19 natur
719 943 48 15 som
783 936 7 21 i
809 936 105 22 afseende
931 936 14 21 å

191 973 65 20 sättet
274 972 35 21 för
327 971 149 22 smittämnets
493 971 117 28 spridning
625 971 141 28 väsentligen
782 970 51 22 från
849 971 72 28 öfriga
938 970 7 22 i

191 1006 60 21 detta
266 1006 126 28 lagförslag
406 1008 116 26 upptagna
538 1005 137 28 sjukdomar.
698 1006 11 21 I
724 1005 15 29 8
754 1007 13 20 3
783 1006 112 28 ingående
906 1006 39 21 be-

191 1040 138 28 stämningar
351 1048 36 14 om
411 1040 165 28 inskränkning
598 1040 6 21 i
623 1040 186 28 nyttjanderätten
832 1040 33 22 till
887 1040 58 28 djur,

190 1074 50 22 från
259 1075 120 21 besmittad
399 1075 111 28 ladugård
526 1074 54 22 eller
599 1074 129 22 besmittadt
743 1075 97 27 område,
860 1077 38 19 äro
917 1075 30 27 på

190 1110 73 27 grund
294 1109 68 22 häraf
387 1110 103 20 hvarken
520 1109 135 28 tillämpliga
684 1109 54 21 eller
766 1110 147 27 erforderliga
938 1110 7 20 i

190 1143 65 28 fråga
277 1151 35 13 om
335 1143 139 22 tuberkulos.
505 1143 34 21 Då
563 1144 114 20 dessutom
696 1144 147 28 stadganden,
859 1144 87 21 sådana

191 1185 47 14 som
255 1179 73 26 dessa,
344 1178 75 22 kunde
435 1178 102 22 medföra
553 1178 160 28 oberäkneliga
729 1178 106 22 förluster
850 1178 35 22 för
900 1178 45 22 alla

191 1214 28 20 de
242 1213 81 21 talrika
345 1213 179 28 kreatursegare,
547 1220 48 14 som
619 1213 7 21 i
649 1213 48 21 sina
720 1213 137 29 ladugårdar
875 1213 70 21 hafva

191 1248 145 21 tuberkulösa
355 1248 99 25 kreatur,
470 1248 41 20 har
530 1247 113 21 Utskottet
654 1249 72 20 ansett
739 1247 36 29 sig
787 1248 54 21 böra
853 1248 8 20 i
873 1248 72 21 denna

190 1282 107 28 paragraf
313 1284 55 26 göra
385 1284 31 19 ett
428 1282 82 28 tillägg
525 1282 84 26 derom,
625 1284 32 19 att
670 1282 71 22 sådan
757 1282 166 28 inskränkning
938 1282 7 20 i

191 1316 188 26 nyttjanderätten
397 1316 7 19 i
419 1315 67 27 fråga
503 1322 35 13 om
554 1316 132 20 tuberkulos
702 1317 80 20 endast
798 1316 71 51 gäller
880 1316 67 26 sjuka

192 1348 42 22 och
249 1348 34 21 för
299 1348 103 27 sjukdom
419 1348 133 21 misstänkta
568 1348 56 28 djur.

260 1382 10 22 I
287 1390 66 14 mom.
370 1384 10 20 1
397 1382 24 22 af
437 1382 14 29 8
468 1383 13 21 5
496 1382 41 21 har
553 1383 63 21 ordet
630 1383 146 29 ,rengöring*
792 1383 35 21 för
833 1364 113 40 fullstän-

193 1417 88 28 dighets
300 1417 60 21 skull
379 1416 107 29 tillagts
482 1412 13 37 i
504 1417 98 21 svenska
617 1419 74 20 texten
707 1418 43 21 och
766 1417 181 26 ,desinfisioimi-

192 1454 72 19 sesta*
281 1451 7 21 i
304 1452 43 20 den
363 1451 79 21 finska.

261 1497 185 19 Ekonomiutskottets
458 1498 111 18 betänkande
581 1498 37 18 N:o
631 1498 17 18 5.
