1084 1725
185 118 14 20 2
365 115 83 24 Ständ.
465 116 39 22 Sv.
519 128 27 3 —
562 115 75 29 Prop.
653 116 41 22 N:o
710 114 38 23 29.

186 186 115 23 särskilda
324 186 144 28 stadganden
489 186 9 21 i
519 185 108 29 gällande
654 184 137 29 förordning
818 185 120 29 angående

185 221 139 29 försäljning
342 220 44 22 och
403 220 162 27 utskänkning
583 220 23 21 af
623 218 163 29 maltdrycker.

255 254 46 22 Vid
319 254 173 29 granskningen
512 254 24 21 af
549 253 64 22 detta
625 253 87 29 förslag
723 252 71 23 hafva
807 253 131 22 Ständerna

186 289 9 21 i
216 288 133 23 hufvudsak
367 287 105 30 godkänt
490 288 132 27 detsamma,
640 287 74 22 likväl
731 287 52 22 med
800 288 73 28 några
891 287 47 22 till-

186 323 57 29 lägg
269 323 43 22 och
333 322 133 29 ändringar,
484 323 36 21 för
540 322 82 22 hvilka
640 321 131 22 Ständerna
788 321 96 30 utbedja
902 321 38 30 sig

187 360 36 20 att
240 358 42 22 här
300 357 77 22 nedan
395 357 23 22 få
436 356 170 30 underdånigst
623 356 118 29 redogöra.

255 392 37 22 Då
313 391 74 30 enligt
412 391 40 22 det
473 391 204 29 tilläggsmoment,
695 398 49 15 som
762 391 8 22 i
789 390 44 23 den
851 390 87 29 nådiga

187 427 175 29 propositionen
386 426 95 22 föreslås
499 426 37 22 till
557 427 10 20 1
589 427 13 25 $
621 426 23 21 af
661 425 109 29 gällande
788 425 152 28 maltdrycks-

187 461 143 28 förordning,
348 460 235 22 landskommunerna
604 460 77 22 blefve
698 459 141 22 tillerkända
856 460 83 29 rättig-

187 495 70 23 heten
284 497 35 20 att
339 495 77 22 tillåta
438 495 56 22 eller
511 495 110 29 förbjuda
637 494 133 22 inrättande
788 494 24 22 af
829 494 111 29 bryggeri

187 530 36 22 för
250 529 154 29 tillverkning
430 529 24 22 af
480 529 157 28 maltdrycker
657 529 63 22 inom
740 529 52 21 sina
808 529 131 28 respektive

187 563 116 29 områden,
321 563 70 22 hafva
412 563 131 23 Ständerna
565 565 77 21 ansett
661 563 175 29 konsegvensen
854 563 85 28 fordra,

188 601 36 21 att
241 606 86 15 samma
339 598 112 29 rättighet
466 598 128 29 beviljades
605 598 85 29 jemväl
702 597 237 23 stadskommunerna.

187 632 214 31 Afgöranderätten
418 632 141 23 härutinnan
579 633 43 22 har
639 633 8 21 i
665 632 52 22 stad
733 634 87 20 ansetts
832 633 57 21 böra
901 640 39 14 an-

187 668 92 22 komma
303 668 14 22 &
339 667 211 30 stadsfullmäktige
573 668 61 28 eller,
653 666 41 23 der
711 667 77 22 denna
805 667 135 22 institution

187 703 92 27 saknas,
296 703 14 21 å
327 702 189 23 rådhusstämma.

255 736 266 30 Bryggeriinnehafvare
538 737 10 21 i
566 736 53 22 stad
635 736 91 22 komme
744 736 74 29 enligt
836 736 46 22 den
899 737 41 21 nå-

188 772 55 28 diga
268 771 174 29 propositionen
469 771 143 22 fortfarande
637 773 35 19 att
693 770 71 23 hafva
780 772 48 20 rätt
847 772 35 20 att
898 770 41 22 vid

187 806 110 29 bryggeri
323 806 59 28 sälja
406 805 179 29 ifrågavarande
612 806 98 28 drycker
732 805 67 22 äfven
822 805 117 29 buteljvis.

187 841 64 21 Enär
275 840 128 21 emellertid
422 840 118 28 klagomål
562 840 51 21 från
631 847 29 14 en
678 840 37 21 del
733 840 78 21 städer
827 840 113 27 försports

188 874 105 23 deröfver
315 876 35 20 att
371 874 75 22 denna
467 874 114 29 rättighet
598 874 71 29 gifvit
686 873 128 29 anledning
831 874 38 21 till
888 881 53 14 ena-

187 908 78 23 handa
283 909 88 28 oskick,
389 916 49 15 som
455 909 41 22 vid
514 909 137 29 bryggerier
668 909 12 21 å
695 908 81 22 landet
787 908 153 29 förekommit,

187 943 71 23 hafva
285 943 137 28 Ständerna,
440 943 53 22 med
514 943 88 22 fästadt
621 943 107 22 afseende
747 943 54 22 derå
820 945 34 20 att
871 943 69 28 bryg-

187 978 81 29 gerier,
292 978 9 21 i
321 977 75 23 likhet
422 978 52 22 med
496 978 73 22 andra
585 977 146 23 industriella
749 977 164 29 inrättningar,
932 977 8 22 i

188 1012 28 22 de
233 1012 67 23 festa
318 1012 78 22 städer
413 1012 67 22 torde
497 1020 58 15 vara
572 1012 106 29 förlagda
693 1012 38 22 till
743 1011 93 23 stadens
848 1012 92 28 utkant,

187 1047 94 22 hvarest
307 1047 129 28 ordningen
464 1051 25 18 är
516 1048 92 21 svårare
633 1049 34 20 att
686 1047 128 27 öfvervaka
836 1050 30 18 än
883 1047 9 21 i
911 1045 28 23 de

188 1081 103 22 centrala
315 1081 102 28 delarna,
435 1081 61 22 varit
517 1081 23 22 af
559 1081 44 22 den
621 1081 67 28 åsigt,
707 1083 35 20 att
759 1081 140 28 försäljning
916 1081 24 22 af

187 1115 157 29 maltdrycker
364 1115 110 28 buteljvis
498 1115 53 22 från
571 1115 109 28 bryggeri
698 1115 9 21 i
724 1115 53 22 stad
798 1115 52 22 icke
868 1115 72 22 borde

187 1149 132 30 tillstädjas.
354 1149 37 22 Då
411 1152 35 19 ett
463 1149 76 29 dylikt
557 1150 9 21 i
584 1149 141 29 ordningens
743 1149 97 22 intresse
858 1149 82 29 nödig-

189 1184 81 22 ansedt
289 1184 92 22 .förbud
405 1184 128 22 emellertid
555 1184 78 22 kunde
651 1184 96 22 beröfva
764 1184 177 29 bryggeriinne-

187 1218 96 23 hafvare
307 1218 8 22 i
339 1218 52 22 stad
417 1218 123 29 möjlighet
567 1220 35 20 att
624 1220 64 20 utom
711 1218 112 29 bryggeri
842 1218 24 22 få
889 1218 52 22 sina

187 1253 182 27 tillverkningar
395 1254 30 26 på
452 1260 87 14 samma
565 1255 37 19 ort
627 1253 38 21 till
688 1253 51 21 salu
764 1252 86 28 hållna,
869 1252 71 22 hafva

189 1286 131 22 Ständerna
337 1286 36 22 uti
391 1287 14 20 2
424 1288 14 24 S
456 1286 72 22 infört
547 1288 34 20 ett
597 1288 55 26 nytt
669 1288 107 25 moment,
788 1286 153 28 hvarigenom

187 1321 25 21 åt
233 1320 268 29 bryggeriinnehafvare,
522 1320 101 21 förutom
644 1319 44 23 den
708 1322 48 19 rätt
778 1320 37 21 till
832 1320 109 29 partiför-

188 1354 109 30 säljning,
324 1354 96 23 hvilken
447 1355 74 29 enligt
544 1355 12 21 1
580 1356 13 26 $
616 1354 142 23 tillkommer
780 1354 92 29 honom,
893 1354 48 22 till-

187 1390 95 22 erkänts
308 1391 47 21 rätt
382 1391 35 21 att
442 1392 65 20 utom
534 1389 109 29 bryggeri
667 1390 30 28 pä
715 1389 105 23 ansökan
838 1390 13 21 ä
868 1390 74 28 något

188 1424 67 23 ställe
272 1425 9 21 i
299 1424 88 29 staden,
412 1424 82 22 såvida
514 1424 66 22 detta
597 1424 52 22 icke
667 1424 103 23 befinner
788 1424 36 29 sig
841 1424 9 21 i
868 1424 72 22 sådan
