1078 1750
389 148 29 22 U.
433 148 27 22 B.
476 161 28 3 —
518 148 74 29 Prop.
608 149 42 22 N:o
665 149 32 22 19.
893 151 11 19 7

149 218 56 21 vida
222 218 46 21 den
285 219 20 28 ej
325 218 115 22 brukades
457 219 38 20 till
512 219 118 28 trädgård,
649 219 54 21 åker
715 219 56 22 eller
783 224 52 23 äng,
849 220 56 21 eller

150 252 118 21 användes
286 253 37 20 till
342 252 183 29 byggnadstomt
543 253 55 21 eller
616 255 72 18 annat
699 253 78 28 dylikt
789 253 114 28 ändamål,

149 285 89 22 fröträd
256 286 175 29 qvarlemnades
449 285 56 22 eller
520 294 77 14 annan
610 286 81 29 åtgärd
703 287 36 22 för
751 287 153 22 befordrande

150 320 23 21 af
200 320 99 29 skogens
326 321 106 21 återväxt
458 320 112 28 vidtoges.
607 320 54 21 Men
682 321 73 21 ehuru
772 321 40 21 det
829 321 75 29 enligt

149 354 138 29 skogslagen
294 355 121 21 ankomme
425 355 10 20 å
444 354 173 22 vederbörande
624 354 163 29 myndigheter
797 357 35 20 att
843 355 61 22 vaka

149 389 65 21 öfver
241 391 35 20 att
300 389 66 22 dessa
388 388 145 29 stadganden
554 389 137 28 efterlefdes,
710 389 59 22 hade
788 389 116 23 desamma

149 423 60 22 dock
226 423 116 22 förblifvit
359 427 57 18 nära
434 430 47 22 nog
498 431 29 14 en
545 423 46 22 död
609 423 99 22 bokstaf.
744 424 43 22 Om
805 424 44 22 ock
861 423 43 24 här

148 457 44 22 och
220 458 41 21 der
284 459 8 20 i
310 457 80 22 landet
407 465 28 14 en
454 458 8 21 i
480 459 76 28 någon
575 458 53 21 mån
646 458 93 29 stegrad
757 466 91 21 omsorg
866 466 36 14 om

148 492 127 29 skogarnas
299 491 136 30 skyddande
458 493 78 21 kunde
554 492 100 29 skönjas,
676 492 64 23 stode
759 493 60 21 dock
837 493 65 22 deras

149 527 151 29 användning
318 527 43 22 och
379 527 57 22 vård
453 527 9 21 i
480 527 126 22 allmänhet
624 527 51 22 icke
692 527 9 21 i
718 527 89 29 rimligt
818 527 85 22 förhål-

148 561 69 23 lande
243 561 37 23 till
306 561 45 22 den
375 561 195 29 utomordentliga
588 561 125 29 betydelse,
731 561 171 29 skogshushåll-

148 597 87 28 ningen
258 604 96 14 numera
377 596 58 29 egde
458 596 36 22 för
518 596 90 22 landets
627 596 112 22 ekonomi.
775 596 47 21 Vid
839 599 63 26 nytt-

148 631 80 28 jandet
246 631 23 21 af
287 631 114 28 skogarna
419 631 77 28 afsågs
508 631 73 21 sällan
600 638 28 14 en
640 631 109 28 varaktig
761 631 141 28 afkastning,

148 665 43 21 och
214 665 144 28 jordegaren,
382 672 49 14 som
452 665 101 28 upplåtit
570 664 35 22 sin
625 665 58 28 skog
701 665 36 21 till
756 665 145 28 afverkning,

148 699 96 22 återfick
262 699 49 22 ofta
329 699 36 22 sin
384 699 135 28 skogsmark
538 699 99 28 ödelagd
650 699 42 22 och
705 701 57 20 utan
774 699 126 22 växtkraft.

147 734 46 21 För
212 735 35 20 att
264 733 9 22 i
290 734 78 28 någon
385 734 54 21 mån
457 733 56 22 råda
530 733 41 22 bot
589 735 30 27 på
637 733 103 28 antydda
761 733 141 22 missförhål-

147 767 85 22 landen
258 767 60 22 hade
339 768 8 21 i
368 775 31 14 nu
420 767 159 29 föreliggande
598 768 143 28 proposition
759 767 141 29 rättigheten

147 802 38 21 till
220 802 132 22 erhållande
386 803 23 21 af
440 802 137 29 inteckning
606 802 36 22 för
671 802 230 29 skogsafverknings-

148 836 111 22 kontrakt
276 837 68 22 stälts
362 837 8 21 i
388 837 111 21 samband
514 837 52 21 med
579 836 113 21 särskilda
704 836 198 29 inskränkningar

148 871 143 22 beträffande
318 871 99 28 skogens
442 871 144 28 afverkning,
605 870 80 22 hvilka
703 871 199 28 inskränkningar

147 905 71 29 gingo
247 905 55 22 vida
320 905 91 22 utöfver
429 905 61 22 hvad
509 905 139 29 skogslagen
666 905 8 21 i
692 904 84 23 sådant
793 905 107 21 afseende

146 939 147 22 föreskrefve.
328 939 136 22 Emellertid
482 939 60 22 hade
560 940 8 21 i
581 939 126 28 anledning
723 939 22 22 af
759 939 141 22 Ständernas

146 974 41 21 vid
216 974 64 22 1894
307 975 37 20 års
367 973 113 29 landtdag
507 974 87 22 aflätna
621 973 159 29 underdäniga
801 973 99 29 petition

147 1008 83 27 derom,
250 1011 34 19 att
302 1016 29 13 en
348 1015 123 22 noggrann
488 1008 175 28 undersökning
679 1009 71 20 mätte
762 1007 138 22 verkställas

146 1043 9 21 i
173 1042 60 29 syfte
252 1045 35 19 att
304 1042 83 22 utreda
404 1042 114 22 huruvida
540 1042 28 21 de
594 1042 133 29 upprepade
754 1041 146 29 klagomälen

147 1077 64 21 öfver
228 1085 29 13 en
275 1076 144 29 obegränsad
437 1076 172 29 skogssköfling
626 1083 54 14 vore
691 1076 154 28 berättigade,
857 1075 44 22 och

146 1113 35 19 att
207 1111 51 22 med
286 1110 126 29 anledning
430 1111 23 22 af
472 1111 44 21 den
537 1110 132 22 verkstälda
695 1110 205 28 undersökningen

146 1145 29 21 de
202 1145 108 30 åtgärder
334 1146 72 20 måtte
432 1146 114 28 vidtagas,
569 1145 37 21 till
626 1144 80 23 hvilka
724 1144 176 22 förhållandena

145 1180 79 21 kunde
250 1180 126 27 föranleda,
405 1187 29 15 en
454 1180 87 21 komité
567 1179 80 22 blifvit
664 1180 8 21 i
691 1179 84 29 antydt
792 1179 106 22 afseende

145 1214 100 22 nedsatt.
290 1214 49 21 Och
366 1214 29 21 då
425 1214 98 21 sålunda
550 1221 28 14 en
604 1214 100 21 revision
737 1214 23 21 af
791 1213 108 28 gällande

146 1248 109 29 skogslag
290 1255 95 15 numera
417 1256 55 14 vore
506 1248 123 28 ifrågasatt
664 1250 59 19 samt
753 1247 39 22 det
822 1247 77 22 kunde

145 1283 95 21 inträffa
267 1285 35 19 att
329 1282 81 22 dervid
431 1282 87 22 sådana
538 1282 175 28 bestämningar
739 1281 98 22 rörande
864 1281 35 21 in-

146 1317 145 28 skränkning
321 1317 23 21 af
374 1317 45 21 den
448 1315 116 22 enskildes
594 1315 172 30 nyttjanderätt
796 1315 38 22 till
862 1315 37 22 sin

145 1351 137 28 skogsmark
308 1351 112 22 befunnes
444 1350 93 29 nödiga,
555 1349 81 23 hvilka
653 1350 52 21 icke
723 1350 177 22 öfverensstäm-

145 1385 28 21 de
199 1384 52 22 med
275 1385 185 28 propositionens
484 1384 144 28 stadganden
645 1385 9 20 i
673 1384 64 21 detta
760 1383 138 28 hänseende,

145 1426 54 15 vore
218 1418 39 22 det
274 1419 52 20 icke
343 1419 109 28 lämpligt
470 1420 35 20 att
522 1418 30 28 på
570 1417 65 22 detta
652 1417 91 22 område
761 1425 33 14 nu
806 1417 93 22 utfärda

145 1453 149 28 föreskrifter,
313 1453 28 22 de
360 1453 39 21 der
417 1452 115 23 måhända
550 1451 82 23 endast
649 1451 76 23 blefve
745 1451 22 22 af
788 1451 111 23 interimi-

214 1497 132 23 Lagutskottets
359 1497 110 18 betänkande
481 1496 37 18 N:o
534 1497 15 17 7.
