1059 1734
174 135 14 20 4
396 135 25 21 U.
436 135 26 21 B.
479 147 24 3 —
520 135 72 27 Prop.
613 135 42 21 N:o
670 134 36 22 26.

174 204 118 29 stadgade,
311 207 35 19 att
364 205 80 29 hvarje
468 205 60 21 finsk
551 205 151 28 medborgare
719 205 75 21 skulle
812 205 8 21 i
838 206 88 20 mantal

173 241 116 27 upptagas
308 240 13 21 &
339 238 46 22 den
411 241 43 25 ort,
480 238 40 22 dor
546 239 47 22 han
619 239 59 21 hade
696 239 42 21 sitt
755 239 29 21 bo
804 238 42 22 och
864 239 62 21 hem-

173 274 53 21 vist.
262 273 70 22 Hvad
358 273 111 22 särskildt
495 274 127 21 beträffade
648 273 84 29 frågan
758 280 37 15 om
816 273 110 22 mantals-

174 308 116 28 skrifning
309 308 23 21 af
350 308 44 21 och
415 308 75 21 forum
510 308 36 21 för
567 308 74 21 finske
663 307 157 29 medborgare,
845 307 81 22 hvilka

173 342 80 29 flyttat
270 342 53 22 från
340 342 102 22 Finland
460 342 42 21 och
520 342 78 22 bosatt
622 342 36 28 sig
676 342 8 21 i
701 342 181 29 Kejsaredömet,
901 342 25 21 så

173 376 69 30 gälde
260 377 39 21 väl
316 376 145 22 fortfarande
479 376 45 22 den
542 376 100 29 ordning
660 378 35 20 att
711 376 87 22 sådana
810 383 115 21 personer,

174 411 89 23 oafsedt
292 411 60 21 huru
378 411 56 27 lång
460 410 36 22 tid
523 410 65 22 deras
611 410 94 22 vistelse
723 410 9 22 i
749 410 177 30 Kejsaredömet

174 445 92 28 varade,
291 445 75 22 skulle
392 445 110 22 förblifva
528 445 190 22 mantalsskrifna
735 445 64 21 inom
816 444 28 22 de
862 444 63 22 kom-

173 487 81 15 muner
271 480 8 20 i
297 480 108 27 Finland,
432 480 38 21 till
494 480 80 21 hvilka
600 479 28 21 de
658 482 78 19 senast
760 479 52 22 hört
830 480 95 28 (nådiga

173 514 157 29 kungörelsen
354 514 22 21 af
400 514 46 21 den
465 514 31 22 30
514 514 63 22 Mars
598 514 80 27 1848).
714 514 54 21 Men
787 515 35 21 att
839 514 87 28 ifråga-

172 548 104 23 varande
300 556 108 21 personer
424 548 82 22 endast
523 549 31 28 på
572 548 45 22 den
637 548 82 28 grund,
740 550 35 20 att
792 548 29 22 de
838 555 55 15 voro
911 550 14 20 å

173 584 79 28 någon
270 585 36 19 ort
323 584 9 21 i
349 582 101 22 Finland
468 583 196 27 mantalsskrifna,
677 583 74 21 skulle
763 583 81 21 kunna
856 585 68 20 stäm-

172 625 49 15 mas
248 618 36 21 till
311 617 77 22 denna
414 620 36 19 ort
473 618 74 21 såsom
569 618 65 21 deras
652 617 76 22 forum
746 617 118 28 domicilii,
884 624 42 15 var

173 652 51 22 icke
242 652 84 28 riktigt
344 652 43 21 och
405 651 65 22 torde
488 652 21 29 ej
527 652 73 22 heller
621 652 61 21 varit
700 652 8 20 i
726 652 126 28 praktiken
869 659 55 15 van-

172 687 51 28 ligt.
259 686 36 22 Då
323 686 40 22 det
381 686 129 22 emellertid
533 694 55 14 vore
606 685 153 29 obestridligt,
778 688 35 20 att
830 693 29 15 en
876 686 48 22 viss

175 720 121 22 osäkerhet
313 720 99 22 rörande
430 722 62 20 rätta
510 720 138 29 tolkningen
666 720 23 22 af
707 720 119 29 uttrycket
838 720 30 22 bo
881 720 43 22 och

172 755 102 22 hemvist
302 756 70 28 jemte
398 754 87 30 böjelse
512 757 36 20 att
574 755 128 22 bestämma
728 754 40 22 det
791 754 134 30 personliga

172 790 76 21 forum
275 789 75 29 enligt
366 789 298 29 mantalsskrifningsorten
681 790 63 28 gjort
762 789 36 29 sig
815 789 109 29 gällande

172 823 41 22 vid
231 824 157 21 domstolarna
404 824 9 20 i
430 824 87 28 landet,
536 824 59 22 hade
614 824 102 21 Senaten
736 823 69 22 hållit
822 823 48 22 före
889 826 35 20 att

172 858 161 29 stadgandena
354 858 9 21 i
383 858 11 21 1
423 858 13 27 $&
466 858 30 21 10
523 858 52 29 kap.
602 857 223 30 rättegångsbalken
852 858 71 22 borde

173 893 165 28 kompletteras
356 892 52 21 med
426 899 30 14 en
472 893 130 28 uttrycklig
620 893 148 28 bestämning
786 892 78 22 derom
882 895 41 25 att,

172 927 30 21 då
220 934 29 14 en
266 934 83 21 person
368 926 51 21 icke
432 926 75 22 bodde
525 928 14 20 å
557 927 45 22 den
620 929 43 25 ort,
682 926 40 22 der
739 926 47 22 han
804 924 45 34 var;
860 934 64 15 man-

172 961 156 28 talsskrifven,
354 961 45 21 den
420 961 105 29 verkliga
542 961 168 28 boningsorten
728 960 71 22 borde
817 968 56 15 vara
892 961 32 22 af-

172 995 104 29 görande
302 995 35 22 för
362 995 81 21 forum.
480 995 90 22 Genom
593 997 34 19 ett
645 994 83 23 sådant
747 995 84 28 tillägg
848 995 76 22 skulle

172 1030 52 21 icke
242 1029 61 22 blott
327 1029 123 22 omordade
473 1030 79 27 praxis
575 1029 144 28 fullkomligt
739 1029 109 28 hämmas,
866 1032 58 19 utan

174 1064 68 21 äfven
260 1064 40 21 det
317 1063 66 29 syfte,
402 1071 49 14 som
473 1064 77 29 afsågs
574 1063 52 23 med
646 1064 220 21 Justitieministerii
884 1072 39 14 an-

172 1098 158 29 märkningar,
358 1097 77 23 såvidt
461 1098 98 29 möjligt,
585 1097 143 30 tillgodoses,
751 1098 9 21 i
781 1098 39 21 det
849 1098 75 22 finske

172 1132 157 29 medborgare,
348 1139 49 14 som
414 1139 56 15 voro
489 1133 90 21 bosatte
597 1133 9 20 i
623 1132 124 28 Ryssland,
769 1133 51 21 icke
839 1133 85 27 kunde,

173 1168 29 28 på
220 1167 76 28 grund
322 1166 66 22 deraf
414 1169 35 18 att
476 1167 28 21 de
526 1174 56 15 voro
607 1167 13 20 å
638 1167 77 28 någon
742 1169 37 19 ort
796 1167 9 20 i
822 1166 102 23 Finland

173 1201 197 26 mantalsskrifna,
388 1203 109 19 stämmas
515 1201 38 22 till
571 1201 76 21 denna
666 1203 41 20 ort.
744 1201 108 21 Deremot
864 1200 60 23 hade

174 1235 107 28 Senaten,
309 1239 55 18 enär
390 1234 46 22 den
459 1235 70 28 ryska
553 1235 217 28 -civilprocesslagen
792 1235 52 22 icke
866 1235 58 29 egde

172 1269 111 28 giltighet
301 1269 8 21 i
327 1269 107 27 Finland,
459 1269 77 21 funnit
561 1269 39 21 det
617 1269 52 21 icke
687 1277 56 13 vara
761 1264 92 37 riktigt.
859 1272 39 19 att
916 1270 8 21 i

176 1304 10 20 1
208 1303 13 26 8
241 1303 31 21 10
290 1303 52 28 kap.
363 1303 222 28 rättegångsbalken
603 1302 76 22 införa
697 1304 33 20 ett
752 1303 84 22 sådant
862 1303 62 22 stad-

172 1337 76 29 gande
258 1332 10 38 -
276 1338 35 21 att
328 1337 9 21 i
354 1336 66 29 fråga
447 1343 37 15 om
509 1336 75 23 forum
610 1337 36 21 för
672 1336 124 28 tvistemål,
818 1344 48 14 som
885 1345 39 14 an-

172 1371 182 30 hängiggjordes
384 1374 61 19 emot
471 1371 61 22 finsk
559 1379 59 20 man,
643 1371 96 22 hvilken
756 1371 60 22 hade
835 1372 41 21 sitt
894 1372 30 22 bo

172 1406 44 23 och
234 1407 100 22 hemvist
352 1407 8 21 i
378 1406 183 30 Kejsaredömet,.
585 1405 75 23 skulle
683 1406 63 29 gälla
764 1406 160 29 stadgandena

174 1442 8 21 i
200 1441 85 24 nämda
303 1441 45 29 lag.
608 1440 5 3 ;

242 1486 132 22 Lagutskottets
386 1486 110 17 betänkande
508 1486 38 17 N:o
559 1487 17 16 8.
