1700 1914
649 220 70 24 U::B.
735 234 29 3 —
778 222 75 29 Prop.
869 222 41 23 N:o.
927 222 34 26 17;
1155 224 27 24 33

743 292 32 24 +9
787 292 33 27 (8)
831 293 20 26 $-

497 342 60 22 Inom
570 343 130 21 "Utskottet
721 342 44 22 har
787 344 44 20 den
854 344 145 28 uppfattning
1021 344 98 25 uttalats,
1144 343 38 27 att,

423 373 96 31 jemlikt
538 378 13 20 9
566 377 31 27 (8)
611 378 14 26 $
639 377 8 21 i
662 377 149 27 lagförslaget,
819 378 127 22 brukarens
955 378 166 27 sidoarfvingar
1128 375 54 30 vois

426 411 82 21 endast
523 411 145 28 berättigade,
684 418 53 15 men
753 412 18 27 ej
788 412 104 28 skyldiga
908 415 31 19 att
954 412 115 28 öfvertaga
1084 411 98 29 nyttjän-

425 446 103 21 derätten
543 446 34 21 till
593 447 66 21 nästa
675 446 88 28 fardag;
779 447 44 21 och
839 447 42 21 har
892 447 34 21 till
937 447 51 21 stöd
999 448 78 20 härför
1087 447 95 27 anförts,

426 483 34 19 att
480 480 38 22 det
541 479 74 23 blefve
638 477 144 31 betungande
805 482 35 20 för
863 482 106 27 möjligen
985 482 93 27 aflägset
1092 482 90 21 boende

426 515 117 26 arfvingar
564 517 32 19 att
619 512 61 24 ända
701 516 33 20 till
758 517 66 19 nästa
846 516 79 26 'fardag
943 516 96 26 fullgöra
1054 516 128 21 brukarens

426 549 144 27 åligganden.
601 550 53 21 Men
669 549 125 22 Utskottets
809 550 71 21 flertal
896 550 75 21 finner
985 550 70 21 likväl
1067 547 115 30 naturligt,

427 586 33 19 att
482 583 204 28 sidoarfvingarna,
709 591 38 14 om'
768 585 28 20 de
817 584 55 27 vilja
886 585 66 20 träda
966 584 8 21 i
989 584 128 22 brukarens
1132 586 50 25 rätt,

426 618 68 21 äfven
517 618 57 21 böra
595 625 67 14 svara
683 619 35 20 för
733 619 86 21 dennes
834 619 153 28 förpligtelser.
1019 619 58 28 Vilja
1092 619 28 21 de
1136 619 48 21 åter

426 653 81 27 fritaga
531 653 33 27 sig
580 651 51 23 från
653 653 72 27 dessa,
745 655 40 20 äro
800 653 28 22 de
843 653 7 21 i
865 653 88 22 tillfälle
968 654 76 21 härtill
1060 653 69 27 enligt
1144 653 39 22 all-

428 683 88 26 männa
541 688 141 27 stadganden
707 688 117 27 angående
849 688 184 27 urarfvagörelse.
1071 687 113 22 Utskottet

428 722 35 21 får
487 723 88 21 således
597 723 100 27 förorda,
721 725 32 18 att
768 723 133 28 paragrafen
917 723 69 21 måtte
1001 723 136 26 godkännas
1152 725 32 19 att

426 751 62 33 gälla
506 757 63 22 såväl
584 760 51 25 torp
651 764 51 15 som
717 757 72 27 öfriga
804 757 90 28 utlegda
910 758 134 27 lägenheter.

769 897 13 20 2
797 897 56 28 Kap.

693 947 36 24 Om
745 947 176 29 legovederlaget.

751 1002 27 20 14
793 1002 42 27 (13)
850 1001 17 29 &.

499 1060 77 21 Denna
598 1060 105 28 paragraf,
721 1060 101 21 hvarmed
838 1060 146 28 stadgandena
999 1059 111 29 angående
1126 1060 60 27 lego-

430 1094 124 28 vederlaget
574 1094 95 29 vidtaga,
691 1094 38 22 bör
750 1094 67 28 enligt
832 1094 123 23 Utskottets
971 1094 65 22 tanke
1051 1094 133 21 förfullstän-

430 1130 61 28 digas
512 1130 48 20 med
582 1129 117 29 uttrycklig
721 1129 134 29 bestämning
873 1129 79 27 derom,
967 1131 31 19 att
1013 1128 173 29 legovederlaget

430 1164 32 22 till
484 1164 33 21 sin
540 1163 148 23 beskaffenhet
710 1164 41 21 kan
774 1165 85 26 utgöras
881 1163 24 22 af
919 1164 124 28 penningar,
1057 1163 129 21 naturalster

429 1199 53 21 eller
504 1198 79 27 arbete,
605 1198 65 28 något
688 1205 45 15 som
749 1198 78 28 jemväl
841 1198 118 22 medelbart
973 1198 94 28 framgår
1081 1198 37 20 vid
1133 1198 53 28 jem-

430 1233 79 21 förelse
530 1233 23 20 af
571 1234 28 20 14
613 1233 41 21 och
671 1234 25 20 15
712 1234 25 26 $$
753 1234 6 20 i
777 1234 164 27 propositionen.
971 1232 108 28 Derjemte
1095 1232 39 21 har
1149 1240 37 13 an-

429 1269 61 24 setts,
514 1269 31 18 att
567 1268 6 20 i
597 1267 126 21 naturalster
740 1267 106 28 utgäende
862 1266 151 29 legovederlag
1027 1266 78 29 jemväl
1120 1266 66 22 fram-

426 1304 57 25 'gent
504 1300 67 22 borde
585 1301 24 21 få
625 1301 126 21 bestämmas
767 1301 32 21 till
815 1302 44 20 viss
875 1301 36 22 del
927 1301 22 21 af
964 1301 138 28 lägenhetens
1118 1300 67 29 ärliga

430 1331 102 36 afkomst.
1160 1351 2 2 i

502 1369 76 22 Denna
600 1370 55 21 form
678 1370 23 21 af
722 1370 54 28 lega,
798 1370 37 21 det
855 1378 15 13 s.
886 1370 19 21 k.
920 1369 157 26 andelsbruket,
1097 1369 88 21 hvilken

431 1404 66 22 äfven
521 1404 136 21 härförinnan
681 1407 80 19 ansetts
777 1404 89 26 tillåten,
881 1404 66 22 ehuru
962 1404 115 28 uttrycklig
1091 1403 96 22 bestäm-

432 1439 52 27 ning
499 1438 72 21 derom
587 1439 48 21 icke
651 1446 57 14 mera
719 1438 64 28 ingår
798 1440 6 20 i
821 1440 55 20 1734
891 1439 33 21 års
940 1438 35 28 lag
990 1438 51 21 eller
1054 1445 75 14 senare
1142 1438 45 20 för-

432 1472 119 27 fattningar
565 1472 90 20 rörande
669 1472 101 28 jordlega,
785 1473 142 19 förekommer
941 1474 57 17 ännu
1008 1472 82 26 ganska
1099 1472 89 19 allmänt

427 1506 11 20 +
452 1506 58 21 vissa
525 1505 60 21 delar
599 1505 23 21 af
636 1505 79 26 landet,
730 1505 142 28 synnerligast
887 1506 6 19 i
909 1504 104 22 Savolaks
1029 1504 40 21 och
1084 1504 102 21 Karelen.

431 1539 145 28 Jordegarens
599 1539 40 22 och
660 1539 148 28 legotagarens
828 1539 62 21 andel
905 1540 6 20 i
928 1539 150 27 afkastningen
1094 1539 95 21 bestäm-

503 1586 48 23 Lag-
564 1586 32 17 och
608 1585 184 19 Ekonomiutskottets
804 1585 110 18 betänkande
926 1585 68 18 N:o.4.
1132 1585 10 18 3
