1075 1761
181 162 27 21 14
384 160 72 23 Ständ.
472 160 35 23 Sv.
522 174 28 3 —
565 160 61 28 Prop.
643 160 34 22 N:o
693 159 37 23 20.

180 223 40 22 het
242 223 87 28 räcker,
345 223 43 22 och
402 223 8 21 i
427 223 45 22 den
487 223 8 21 i
510 223 28 22 29
553 225 13 26 &
581 223 112 28 stadgade
709 222 100 29 ordning
825 221 37 22 till
876 222 56 21 kon-

180 257 112 22 kursboet
306 258 114 29 indraget.

527 321 27 21 31
570 322 19 26 &.

248 360 129 29 Andelslag
391 368 55 14 vare
461 361 109 29 obetaget
584 362 35 20 att
634 360 121 22 samverka
770 360 52 22 med
834 360 99 22 hvaran-

180 396 43 21 dra
245 396 36 22 för
303 395 131 30 främjande
452 396 27 21 af
492 398 34 20 ett
541 395 194 30 ändamälsenligt
750 394 183 23 handhafvande

180 430 27 22 af
227 431 68 21 deras
309 431 150 22 verksamhet
474 433 60 19 samt
548 430 187 29 förvaltningens
750 430 42 22 och
807 430 126 22 räkenska-

179 473 84 21 pernas
285 465 121 29 sakenliga
428 465 147 29 granskande
591 465 121 22 äfvensom
728 464 204 29 ävägabringande

179 499 28 22 af
223 507 171 21 gemensamma
408 500 57 29 köp-
480 500 44 21 och
539 499 267 29 försäljningsuppdrag;
822 499 21 29 ej
859 499 74 22 heller

179 541 56 14 vare
251 533 121 29 andelslag
386 534 132 21 förmenadt
530 536 35 20 att
575 535 37 20 för
622 534 131 29 främjande
764 533 27 22 af
800 534 51 21 dess
861 533 71 22 ända-

179 568 46 21 mål
241 569 123 21 samverka
379 569 53 21 med
448 569 91 21 enskild
554 576 83 22 person
653 568 56 22 eller
726 568 74 29 bolag.

524 633 28 21 32
568 634 19 26 8.

248 669 71 25 Öfver
334 672 131 28 andelslags
480 672 148 22 medlemmar
643 671 60 22 skall
713 679 83 21 genom
807 671 126 29 styrelsens

179 706 92 29 försorg
292 706 76 22 hällas
390 706 155 30 förteckning.
577 706 42 22 Om
639 706 131 29 antagande
786 706 26 22 af
825 706 104 28 medlem,

178 741 150 29 uppsägning
343 741 45 22 och
402 740 110 23 medlems
528 742 88 28 afgäng
631 740 60 22 skall
706 743 83 26 genast
804 740 127 22 antecknas

178 776 8 21 i
201 776 140 22 densamma.

247 811 34 21 Af
298 810 179 30 förteckningen
492 818 42 22 ege
550 810 89 23 enhvar
653 811 30 28 pä
698 810 105 30 begäran
817 812 55 27 taga
887 810 44 22 del.

524 875 27 21 33
566 876 20 26 &.

246 914 157 29 Afhandling,
430 915 114 28 anmälan,
567 914 148 30 uppsägning
739 914 43 22 och
804 914 127 30 samtycke,

178 950 96 21 hvarom
288 950 9 21 i
312 950 19 27 2,
347 950 20 28 9,
385 950 32 27 11,
435 950 33 26 12,
485 950 27 21 15
527 950 42 21 och
585 950 27 21 19
627 950 27 26 $$
669 952 71 26 sagts,
756 948 61 23 skall
826 956 57 15 vara
895 950 36 20 be-

178 984 89 22 sannad
289 984 27 22 af
333 984 77 22 kända
426 984 42 22 och
483 984 135 29 trovärdiga
632 984 100 28 vittnen,
748 986 59 20 samt
822 984 109 22 anmälan

178 1019 43 21 och
235 1019 156 28 uppsägning,
407 1018 42 22 der
458 1018 157 30 andelslagets
625 1018 149 22 medlemmar
784 1019 89 29 äligger
884 1018 47 28 till-

178 1052 142 30 skottspligt,
335 1052 104 30 ingifvas
454 1052 107 23 tvefaldt.

524 1117 28 22 34
567 1118 20 26 8.

245 1152 97 33 Äligger
352 1156 9 21 i
372 1157 120 28 andelslag
500 1157 177 21 medlemmarno
686 1157 180 28 tillskottspligt,
875 1164 55 13 vare

178 1191 112 28 styrelsen
313 1190 95 29 skyldig
430 1192 35 19 att
488 1191 89 29 ärligen
599 1191 63 21 inom
679 1191 100 21 Januari
794 1191 84 21 mänad
893 1191 38 21 till

176 1225 161 28 kronofogden
360 1225 9 20 i
391 1227 66 19 orten
479 1225 61 28 eller,
557 1226 8 20 i
580 1225 58 28 stad,
654 1225 37 21 till
706 1225 153 28 magistraten
875 1225 55 22 eller

176 1259 192 28 ordningsrätten
385 1259 92 28 ingifva
496 1259 26 21 af
535 1259 113 29 styrelsen
663 1260 9 20 i
687 1259 52 21 dess
754 1259 79 22 helhet
848 1259 81 22 under-

176 1293 107 27 tecknad,
299 1293 8 20 i
322 1293 169 27 bokstafsföljd
506 1293 88 22 ordnad
605 1293 148 28 förteckning
764 1294 66 21 öfver
840 1293 90 22 andels-

176 1327 74 27 lagets
273 1326 109 29 samtliga
403 1326 149 22 medlemmar
574 1326 41 22 vid
629 1327 61 20 ärets
705 1327 96 28 utgäng,
815 1327 72 28 jemte
901 1327 29 22 de

176 1360 74 22 under
273 1360 141 29 föregäende
437 1360 26 21 är
477 1360 111 22 inkomna
603 1361 43 21 och
661 1360 124 29 godkända
800 1361 129 21 anmälnin-

176 1402 78 22 gama.

243 1430 162 28 Uppsägning,
416 1429 147 29 uteslutning
574 1429 43 22 och
626 1430 110 21 medlems
747 1430 88 29 afgäng
845 1438 83 20 genom

176 1464 101 22 dödsfall
299 1464 61 22 skall
382 1464 26 21 af
421 1464 114 28 styrelsen
549 1466 84 27 genast
647 1464 42 22 hos
705 1464 71 29 sagda
791 1464 138 29 myndighet
