1073 1761
202 146 12 19 6
502 144 40 21 N:o
559 145 32 20 27.

173 218 77 21 genom
272 212 116 21 mälsmans
410 211 85 27 försorg
517 212 93 21 erhäller
632 211 64 27 nödig
714 211 212 27 religionsundervis-

174 246 57 27 ning.
260 246 138 22 Försummar
419 245 111 28 mälsman,
546 246 55 21 efter
623 245 93 22 erhällen
732 245 137 28 päminnelse,
892 245 33 21 sin

173 280 122 27 skyldighet
317 280 139 26 härutinnan,
479 280 40 21 bör
540 280 78 21 barnet
638 279 86 27 deltaga
738 280 7 20 i
761 279 40 21 den
816 279 110 21 undervis-

173 315 53 26 ning
241 314 7 21 i
263 314 242 27 evangelisk-lutherska
519 314 69 26 läran,
603 320 45 16 som
664 314 7 20 i
686 313 74 22 skolan
776 313 114 22 meddelas.

528 378 11 27 8
555 380 19 20 6.

243 418 126 28 Utländing,
392 424 45 16 som
460 418 69 22 blifvit
551 418 33 22 till
603 418 55 21 finsk
674 417 138 27 medborgare
828 419 99 25 antagen,

175 460 48 14 men
246 452 46 22 icke
315 452 73 22 tillhör
406 453 68 27 nägot
488 453 7 20 i
510 453 74 21 landet
600 452 113 27 behörigen
728 452 108 21 inrättadt
850 452 78 27 kyrko-

175 486 99 22 samfund
298 486 40 22 och
356 487 19 27 ej
394 486 67 23 heller
477 486 34 22 vill
526 486 7 22 i
549 487 78 21 sådant
641 486 93 26 inträda,
750 486 55 22 skall
819 486 57 21 inom
892 492 36 15 sex

175 522 102 21 mänader
294 521 92 21 derefter
401 521 85 21 anmäla
501 521 32 27 sig
548 520 39 22 hos
602 520 160 22 vederbörande
777 520 151 27 registermyn-

176 556 73 27 dighet
263 555 34 22 för
313 556 32 20 att
361 554 80 22 införas
456 554 7 22 i
479 555 105 27 offentligt
598 555 96 27 register.

529 636 11 27 8
558 637 17 20 7.

246 671 85 26 Önskar
346 675 7 21 i
369 675 104 28 offentligt
488 677 91 26 register
595 675 70 22 införd
681 681 76 21 person
768 675 32 22 uti
814 675 116 22 bestäende

177 710 170 27 kyrkosamfund
368 711 87 21 inträda
478 711 38 21 och
540 711 85 28 styrker
640 711 42 21 han
698 712 33 20 att
746 710 97 22 tillständ
859 710 71 22 dertill

176 745 78 22 honom
277 745 106 28 beviljats,
406 745 27 21 dä
456 745 54 22 skall
533 745 23 22 af
576 745 215 28 registermyndighet
809 744 121 28 flyttnings-

176 780 65 27 betyg
255 780 34 21 för
303 780 78 21 honom
396 779 105 22 utfärdas.
527 781 23 27 Ej
567 781 35 21 mä
616 780 42 21 han
674 780 54 21 dock
743 787 26 14 ur
784 779 101 28 registret
900 780 30 21 af-

176 814 65 27 föras,
250 815 66 20 innan
327 812 115 29 utredning
451 815 113 21 inkommit
575 816 33 20 att
618 814 42 21 han
670 814 68 22 blifvit
751 814 3 21 i
761 815 70 26 nägon
841 813 90 22 försam-

177 848 55 27 lings
246 849 147 26 kyrkoböcker
408 848 51 21 eller
474 848 160 28 förteckningar
648 847 77 23 införd.

532 924 11 26 $
559 924 19 20 8.

245 963 34 21 Då
294 969 86 21 person,
396 970 44 15 som
464 962 67 22 finnes
547 964 7 20 i
570 963 104 27 offentligt
689 964 89 26 register
793 964 77 27 införd,
886 963 45 22 afli-

180 998 38 26 dit,
235 998 54 21 skall
304 998 74 22 derom
394 998 152 27 ofördröjligen
561 998 38 22 hos
611 998 215 27 registermyndighet
836 998 96 22 anmälas

178 1033 7 21 i
201 1032 101 22 afseende
318 1034 12 20 å
345 1032 64 28 nödig
425 1033 135 27 anteckning.

246 1066 71 22 Sådan
341 1066 76 22 afliden
440 1068 40 25 må,
504 1067 38 21 der
566 1068 53 21 hans
640 1067 103 27 anhöriga
758 1068 36 21 det
810 1068 67 22 önska
893 1068 39 22 och

179 1102 104 27 stadgade
300 1101 84 28 afgifter
400 1102 92 27 erlägga,
507 1102 113 27 begrafvas
632 1102 13 21 å
655 1101 179 28 kyrkosamfunds
848 1102 84 28 begraf-

179 1136 126 27 ningsplats,
322 1136 54 21 dock
391 1138 51 19 utan
460 1137 116 26 anstötliga
592 1137 150 32 ceremonier.

532 1205 12 27 $
560 1206 19 20 9.

248 1244 105 22 Anmälan
370 1244 31 22 till
417 1244 104 28 offentligt
537 1245 90 27 register
643 1247 23 19 är
682 1245 26 21 fri
723 1245 48 21 från
782 1245 100 27 stämpel-
894 1246 38 20 och

180 1280 72 26 hvarje
268 1285 71 16 annan
356 1278 65 28 afgift.

527 1342 12 25 8
557 1342 31 20 10.

248 1380 223 27 Registermyndighet
494 1380 81 27 åligger
598 1382 32 19 att
654 1380 34 21 vid
711 1380 116 22 anfordran
843 1381 90 27 register

180 1414 107 22 äfvensom
306 1414 70 22 andra
398 1414 22 22 af
441 1415 242 27 registermyndigheten
698 1415 61 21 förda
774 1415 160 27 förteckningar

179 1449 58 21 inför
260 1449 92 22 domstol
376 1449 50 21 eller
445 1452 107 24 guvernör
567 1450 68 21 förete
650 1452 56 19 samt
721 1450 79 27 utdrag
815 1450 64 21 derur
894 1451 40 21 och
