1011 1673
440 94 81 22 Ständ.
537 94 56 23 Skr.
609 95 40 21 N:o
665 95 20 23 2.

460 345 130 25 Finlands
609 346 135 24 Ständers
763 344 120 26 skrifvelse
904 344 34 26 till

392 385 207 32 bankfullmäktige,
618 384 114 33 angående
750 385 144 33 upprättande
915 385 27 24 af

393 426 87 31 förslag
499 426 34 24 till
556 428 46 28 nytt
626 426 136 31 reglemente
782 426 37 24 för
837 425 102 25 Finlands

393 465 58 25 bank
469 466 39 24 och
528 473 26 23 ny
573 466 133 24 instruktion
726 466 36 24 för
777 465 162 25 bankfallmäk-

393 506 55 30 tige.

218 573 58 21 Till
298 572 142 22 Finlands
462 572 143 22 Ständers
627 572 283 27 Bankfullmäktige.

256 624 96 21 Emedan
375 624 123 21 Ständerna
519 626 73 20 ansett
611 631 26 15 en
657 624 127 28 fullständig
806 624 91 21 revision
918 623 24 21 af

188 659 140 27 reglementet
342 658 34 21 för
390 658 105 22 Finlands
511 658 57 22 bank
579 658 26 22 af
611 660 41 20 den
663 660 27 20 27
700 659 53 21 Juni
764 659 54 21 1878
830 658 110 22 äfvensom

188 693 25 22 af
226 694 42 20 den
282 692 33 22 för
330 693 132 21 Ständernas
478 693 195 28 bankfullmäktige
683 694 115 23 utfärdade
808 692 132 22 instruktion

188 735 52 15 vara
260 728 25 20 af
297 727 100 22 behofvet
412 728 111 27 päkallad,
539 728 64 22 hafva
618 728 123 22 Ständerna
756 728 57 22 velat
834 728 23 20 ät
872 727 68 21 bank-

191 762 134 27 fullmäktige
340 762 121 27 uppdraga,

451 804 32 20 att
497 803 8 21 i
519 803 90 21 samräd
628 803 48 21 med
688 802 137 28 sakkunniga
836 809 104 19 personer

394 839 98 26 uppgöra
513 838 50 21 eller
581 838 44 21 låta
643 838 28 28 af
686 838 86 21 sådana
787 843 104 21 personer
911 838 30 19 ut

395 872 84 21 arbetas
489 872 88 27 förslag
592 873 33 21 till
639 874 46 25 nytt
698 872 125 27 reglemente
833 871 40 28 för
887 870 53 22 Fin-

395 906 63 21 lands
473 906 55 21 bank
543 906 37 22 och
595 912 28 22 ny
638 906 130 22 instruktion
778 905 40 28 för
836 905 105 28 vankfull-

395 940 99 28 mäktige,
507 942 32 20 att
543 940 128 29 föreläggas
680 943 50 20 näst
739 939 203 23 sammanträdande

396 974 99 22 Ständer.

260 1014 87 22 Hvilket
361 1013 197 29 bankfullmäktige
570 1015 33 20 till
617 1015 123 21 kännedom
750 1014 40 21 och
800 1013 142 27 iakttagande

193 1048 126 28 härigenom
333 1048 116 22 meddelas.

261 1094 139 28 Helsingfors,
416 1095 41 21 den
474 1096 12 18 5
502 1094 51 22 Juni
571 1095 62 21 1882.

549 1208 34 18 K

319 1430 116 23 Helsingfors,
449 1431 17 17 J.
480 1431 66 18 Simelii
559 1431 96 22 arfvingars
666 1431 82 22 tryckeri,
765 1431 49 17 1882.
