1017 1664
193 128 13 19 2
531 127 16 21 I

166 196 31 20 sin
214 195 142 26 verksamhet,
377 196 38 21 har
435 196 59 21 Hans
515 196 121 27 Kejserliga
653 196 102 27 Majestät
770 196 50 21 låtit
835 197 39 20 den
892 197 26 20 15

165 230 59 21 Mars
243 231 53 20 1880
312 231 7 20 i
335 232 71 19 ämnet
421 231 87 20 utfärda
527 231 126 26 förordning
673 231 23 20 af
711 231 41 21 den
768 231 88 26 lydelse,
872 237 45 15 som

166 265 70 20 blifvit
252 265 23 20 af
290 264 120 21 Ständerna
425 265 127 26 föreslagen.

237 300 38 19 4:0.
307 299 69 20 Sedan
393 299 120 21 Ständerna
528 299 32 21 uti
576 299 90 26 afgifvet
681 306 51 14 svar
742 300 28 26 på
780 299 78 27 nådiga
869 305 49 21 pro-

165 333 128 27 positionen,
310 333 109 26 angående
435 334 151 26 upphäfvande
601 333 23 21 af
638 334 26 20 de
679 340 77 20 genom
775 334 59 21 10:de
850 334 68 26 punk-

165 370 36 18 ten
217 368 31 20 uti
269 367 75 26 Kongl.
364 368 152 26 privilegierna
536 368 39 21 den
598 370 25 19 16
640 368 98 21 Oktober
755 370 53 19 1723
825 371 93 24 prester-

166 402 87 27 skapets
273 402 39 21 och
331 402 146 21 läroständets
496 403 139 20 medlemmar
654 403 164 20 tillförsäkrade
838 403 80 20 undan-

165 436 159 26 tagsförmäner
339 437 33 20 för
388 437 63 20 deras
467 437 79 26 gårdar
562 437 38 21 och
616 437 125 26 lägenheter
757 438 6 20 i
780 437 54 26 stad,
855 437 7 21 i
880 443 38 15 un-

166 471 142 26 derdänighet
324 471 85 26 anmält,
426 473 32 19 att
476 471 164 21 Presteständet
659 472 108 26 samtyckt
786 472 33 20 till
836 474 31 18 att
882 472 36 20 be-

165 506 65 20 rörda
246 505 230 26 undantagsförmäner
487 505 119 27 upphäfdes
618 506 6 20 i
636 506 223 21 öfverensstämmelse
870 506 48 21 med

165 539 23 22 af
206 539 120 22 Ständerna
346 542 92 24 antagen
458 540 128 27 författning
606 541 6 20 i
632 542 78 23 ämnet,
730 541 40 20 har
789 541 60 20 Hans
869 540 49 27 Kej-

165 575 80 26 serliga
263 575 103 25 Majestät
384 575 49 20 lätit
452 575 41 20 den
512 576 27 19 22
559 575 119 21 December
699 575 53 21 1879
773 575 87 21 utfärda
876 575 42 20 för-

165 609 98 26 ordning,
280 609 91 30 lydande
387 609 71 21 såsom
475 609 121 21 Ständerna
611 609 120 26 föreslagit.

236 645 41 19 5:0.
308 643 58 21 Enär
382 643 121 22 Ständerna
519 645 84 25 antagit
613 644 79 26 nådiga
703 644 169 26 propositionen,
884 650 34 14 om

165 677 116 27 aflyftande
300 677 22 21 af
340 678 40 21 den
400 679 6 19 i
423 678 65 21 Wasa
504 679 39 20 och
559 678 121 27 Uleåborgs
697 679 35 20 län
749 679 68 20 under
833 679 85 20 benäm-

165 713 50 25 ning
239 712 177 27 fraktpenningar
439 713 107 25 utgående
570 713 65 25 skatt,
659 713 39 20 har
718 713 61 20 Hans
799 712 121 27 Kejserliga

164 746 104 27 Majestät
287 747 49 20 låtit
355 747 39 20 den
415 748 27 20 29
462 747 118 21 December
602 748 52 20 1877
674 747 88 21 utfärda
782 747 86 20 dermed
888 747 30 20 öf-

164 781 212 21 verensstämmande
392 781 126 26 förordning
533 781 7 21 i
556 783 78 19 ämnet.

237 817 39 19 6:0.
308 815 70 21 Sedan
394 815 121 21 Ständerna
531 816 5 20 i
553 815 116 27 anledning
684 815 23 21 af
722 815 60 21 Hans
798 815 121 27 Kejserliga

164 850 115 27 Majestäts
294 850 33 20 till
344 850 46 20 dem
407 849 80 21 aflåtna
502 850 78 26 nådiga
596 850 141 27 proposition,
754 850 110 26 angående
876 850 42 20 för-

165 885 91 25 ändring
280 884 22 21 af
324 884 25 21 de
372 884 48 21 med
444 884 117 25 Kuusamo,
585 884 124 21 Kemiträsk
734 884 39 21 och
795 884 123 27 Kuolajärvi

164 919 133 21 sockneboer
320 919 108 20 afslutade
451 919 189 25 knektek&ntrakt,
664 919 6 20 i
690 919 172 26 underdånighet
882 925 36 14 an-

164 954 58 25 mält,
244 956 32 18 att
296 953 120 21 Ständerna
436 954 48 21 icke
502 954 84 25 antagit
605 953 40 20 den
660 953 80 26 nädiga
756 953 162 27 propositionen

164 988 137 25 oförändrad,
318 989 51 19 utan
385 987 34 22 för
435 988 33 21 sin
484 988 33 21 del
533 988 90 21 beslutit
638 988 32 20 till
687 987 82 21 sädana
784 987 134 26 stadganden

164 1023 7 20 i
194 1025 78 23 ämnet,
296 1029 45 14 som
365 1021 69 22 finnas
458 1023 6 20 i
488 1022 132 21 Ständernas
639 1022 112 21 svarsbref
769 1022 95 26 intagna,
880 1021 39 21 har

164 1057 61 20 Hans
249 1057 122 26 Kejserliga
393 1056 105 27 Majestät
517 1057 49 20 lätit
585 1057 40 20 den
646 1057 12 20 5
678 1057 61 26 April
762 1057 54 20 1879
832 1056 87 21 utfärda

164 1091 137 26 kungörelse,
325 1091 148 21 innefattande
496 1091 92 21 berörda
611 1091 141 26 stadganden.
787 1090 45 21 Och
856 1090 63 21 hafva

164 1125 108 21 särskilda
288 1125 157 21 förberedande
464 1125 103 27 ätgärder
583 1125 33 20 för
632 1125 192 26 verkställigheten
841 1124 23 21 af
878 1125 40 20 den

164 1166 77 20 genom
257 1159 93 21 nämnda
369 1159 130 26 kungörelse
520 1159 114 22 anbefalda
652 1159 146 27 provisionela
813 1159 105 20 afrösnin-

164 1200 40 21 gen
221 1194 23 21 af
258 1194 61 21 mark
335 1194 33 21 för
384 1194 94 21 kronans
494 1194 92 26 räkning
606 1193 144 22 föreskrifvits
772 1194 31 20 uti
820 1193 47 21 bref
886 1193 33 20 till

164 1228 141 21 Guvernören
321 1229 7 20 i
344 1228 122 27 Uleäborgs
482 1229 41 20 län.

236 1262 43 21 För
295 1262 66 27 öfrigt
376 1263 39 20 har
431 1263 60 20 Hans
507 1263 121 26 Kejserliga
642 1262 104 27 Majestät
761 1262 71 21 täckts
848 1261 71 21 tilläta

164 1297 136 20 anställande
316 1296 23 21 af
353 1297 73 20 vidare
442 1297 162 26 undersökning
620 1297 6 20 i
642 1298 73 19 ämnet
729 1296 34 21 till
780 1296 40 21 den
833 1295 85 21 omfatt-

164 1331 52 26 ning
232 1331 39 21 och
287 1331 7 20 i
310 1331 37 21 det
362 1331 63 27 syfte,
440 1331 89 21 hvarom
546 1330 121 22 Ständerna
682 1331 7 20 i
705 1331 155 25 sammanhang
871 1329 48 22 med

165 1365 63 21 deras
252 1371 50 15 svar
323 1365 28 27 pä
374 1365 40 21 den
437 1365 79 26 nädiga
539 1365 161 27 propositionen
721 1365 6 20 i
746 1364 174 26 underdänighet

164 1399 109 23 hemstält.

238 1435 39 20 7:0.
308 1434 42 21 Vid
373 1434 143 21 besvarandet
538 1433 24 21 af
581 1433 61 21 Hans
660 1433 123 27 Kejserliga
803 1433 115 26 Majestäts
