1025 1664
221 132 26 22 18

190 196 168 26 väsendtligaste
376 196 61 22 delar
451 196 105 27 afböjdes,
571 196 84 22 beslöto
673 196 205 28 Bankfullmäktige,
894 202 52 20 som,

191 230 49 22 med
255 230 42 21 den
310 230 136 27 uppfattning
461 230 144 28 Fullmäktige
620 230 61 28 hyste
699 230 112 27 angående
826 230 121 28 åberopade

191 264 12 28 8
218 264 7 21 i
240 264 129 28 myntlagen,
384 265 47 21 icke
455 264 68 22 skulle
546 266 72 20 ansett
640 265 34 27 sig
695 265 136 27 berättigade
851 267 32 19 att
897 266 50 20 utan

191 298 104 22 domstols
316 299 71 27 utslag
409 299 46 21 låta
475 299 88 21 Banken
585 299 118 21 vidkännas
725 299 50 21 hela
797 300 41 21 den
862 300 85 25 förlust,

191 338 46 16 som
256 332 128 28 uppkomme
403 339 76 21 genom
495 334 35 21 det
546 332 120 28 obehöfliga
680 333 83 21 silfrets
778 334 168 25 nedsmältande,

191 373 49 15 men
255 367 13 21 å
282 368 68 21 andra
365 368 60 21 sidan
441 368 47 21 icke
502 368 72 21 kunde
588 367 81 22 förbise
685 368 38 20 det
737 368 116 27 olämpliga
867 368 24 21 af
904 368 43 21 frå-

190 407 54 21 gans
266 402 118 26 bringande
402 402 69 22 under
489 402 105 22 dömande
613 402 136 27 myndighets
768 402 124 26 afgörande,
908 404 39 24 att,

190 436 50 22 med
254 436 103 22 afseende
371 436 60 22 såväl
446 436 13 21 &
474 436 142 27 rättsfrägans
631 436 47 22 icke
694 436 51 21 fullt
755 436 63 21 klara
829 436 118 22 beskaffen-

191 470 37 22 het
250 476 46 16 som
319 470 40 22 ock
380 470 13 22 å
415 471 42 21 den
479 470 187 27 omständigheten
689 472 34 19 att
744 470 141 22 statsverkets
908 470 39 22 och

190 504 100 22 Bankens
306 505 105 22 intressen
426 506 84 26 ytterst,
522 511 35 15 om
573 505 39 21 ock
627 505 47 21 icke
686 504 93 27 formelt,
792 505 155 26 sammanfölle,

190 539 8 20 i
213 539 134 26 underdånig
364 539 113 21 skrifvelse
495 539 24 21 af
536 539 41 21 den
592 539 30 21 30
636 539 50 21 Juni
702 539 57 21 1879
774 539 33 21 till
822 539 61 21 Hans
896 539 51 27 Kej-

191 573 80 26 serliga
289 572 103 27 Majestät
413 573 119 26 hemställa,
552 573 105 22 huruvida
679 573 48 22 icke
749 573 62 28 giltig
833 574 114 26 anledning

190 613 52 16 vore
264 607 34 21 för
320 607 85 22 handen
427 609 32 20 att
477 607 44 22 låta
540 607 131 22 statsverket
689 607 40 22 och
744 607 88 22 Banken
851 608 33 21 till
903 608 44 21 lika

191 641 61 22 delar
270 641 67 27 draga
356 647 82 16 samma
452 641 83 22 förlust.
566 642 42 21 Till
624 648 49 15 svar
687 641 54 22 härå
759 641 63 22 hafva
836 642 111 21 Bankfull-

191 675 95 27 mäktige
301 675 48 27 fått,
363 675 8 22 i
386 675 113 22 skrifvelse
514 675 48 22 från
577 676 80 21 Finans
671 675 157 28 Expeditionen
844 675 23 22 af
881 676 41 21 den
933 676 14 21 2

192 709 97 23 Oktober
304 710 62 27 1879,
381 712 109 25 emottaga
508 711 36 21 det
562 710 148 27 meddelande,
726 712 32 20 att
772 711 122 26 Kejserliga
909 710 38 22 Se-

191 745 65 21 naten
270 744 70 21 funnit
354 744 93 22 berörda
461 745 88 27 förslag,
565 745 49 22 med
628 745 102 21 afseende
745 745 14 21 &
773 745 107 21 särskilda
891 745 56 21 före-

190 778 128 22 kommande
334 778 47 22 skäl
396 779 40 21 och
451 779 189 27 omständigheter,
652 779 113 27 antagligt,
773 785 48 16 men
833 779 54 21 dock
899 779 46 21 der-

190 813 37 21 vid
241 813 67 22 fästat
323 813 36 21 det
373 813 76 27 vilkor,
465 815 32 20 att
512 813 39 22 allt
566 813 36 22 det
617 813 7 21 i
638 813 89 22 Banken
742 813 111 27 befintliga
867 813 78 27 belopp

190 847 141 27 silfvermynt,
347 853 45 16 som
410 847 35 22 för
459 847 95 22 rörelsen
572 847 72 22 kunde
662 847 115 26 undvaras,
792 847 40 22 och
847 853 46 16 som
908 847 36 22 be-

190 881 89 21 räknats
296 881 34 21 till
345 881 14 22 5
375 881 100 27 miljoner
493 881 67 27 mark,
583 881 70 22 skulle
668 881 131 22 nedsmältas
815 881 39 22 och
869 881 76 22 försäl-

188 915 45 27 jas;
256 916 53 21 derå
326 916 202 26 Bankfullmäktige,
543 916 84 21 hvilkas
649 916 100 27 yttrande
772 916 91 21 rörande
885 916 60 21 detta

190 950 71 20 vilkor
282 949 141 27 infordrades,
441 950 8 21 i
465 949 111 22 skrifvelse
594 950 24 21 af
638 950 41 21 den
701 950 26 21 17
742 950 8 20 i
767 955 82 16 samma
868 949 76 21 månad

190 984 35 21 väl
244 984 127 21 meddelade
392 984 74 21 hvilka
483 984 171 27 betänkligheter
668 984 146 26 Fullmäktige
829 984 62 27 hyste
906 990 38 14 an-

190 1018 84 26 gående
291 1018 158 27 nedsmältning
468 1018 23 22 af
507 1018 49 22 hela
572 1018 60 22 detta
646 1018 85 27 belopp,
746 1018 139 26 hvarigenom
900 1016 44 22 för-

189 1052 63 21 rådet
267 1052 23 21 af
303 1052 100 27 prägladt
417 1052 134 28 silfvermynt
565 1052 71 22 kunde
652 1052 86 22 komma
749 1054 32 20 att
791 1051 74 22 alltför
876 1051 71 22 starkt

189 1086 123 26 reduceras,
327 1092 49 15 men
397 1086 86 22 likvisst
504 1086 124 22 förklarade
646 1087 33 26 sig
699 1086 94 22 beredde
812 1087 33 20 att
858 1086 88 26 vidtaga

190 1120 27 22 de
231 1120 35 21 för
280 1120 147 27 fullgörandet
444 1120 25 22 af
484 1120 92 22 berörda
594 1120 70 22 vilkor
679 1120 144 27 erforderliga
837 1120 107 26 åtgärder.

189 1152 103 23 Härefter
306 1154 47 21 blef
365 1154 91 22 ärendet
470 1154 106 22 beroende
590 1155 29 27 på
629 1154 60 22 Hans
701 1154 123 27 Kejserliga
832 1154 113 27 Majestäts

189 1189 50 26 eget
254 1188 78 26 nådiga
347 1188 124 27 afgörande.

258 1222 127 21 Emellertid
407 1223 145 27 uppmanades
574 1222 195 22 Bankdirektionen
788 1224 32 19 att
838 1222 108 21 inkomma

188 1256 50 21 med
260 1256 145 27 beräkningar
423 1256 40 22 och
480 1256 82 28 förslag
580 1257 92 22 rörande
687 1256 125 22 realisation
827 1256 24 22 af
865 1256 79 26 silfver,

188 1290 111 21 hvarefter
316 1290 204 28 Bankfullmäktige,
534 1291 8 21 i
560 1291 96 27 enlighet
673 1291 50 21 med
738 1290 207 22 Bankdirektionens

187 1324 131 27 tillstyrkan,
333 1324 8 21 i
356 1325 134 27 underdånig
505 1325 113 22 skrifvelse
633 1325 24 22 af
670 1325 42 22 den
723 1325 14 22 4
748 1324 60 22 Mars
820 1325 56 21 1880
887 1325 58 21 hem-

188 1358 71 22 stälde
275 1364 34 15 om
324 1357 130 28 vidtagande
469 1359 24 21 af
506 1359 68 22 sådan
588 1360 84 27 åtgärd,
688 1361 33 20 att
734 1359 15 21 4
764 1359 99 26 miljoner
884 1358 61 21 mark

187 1392 8 21 i
210 1398 28 15 en
253 1392 40 21 och
307 1392 36 21 två
358 1393 73 21 marks
445 1393 88 27 stycken
543 1393 72 22 kunde
626 1399 78 21 genom
715 1393 70 21 finska
795 1392 150 22 statssekreta-

187 1426 79 21 riatets
280 1426 122 27 bemedling
421 1427 101 27 erbjudas
540 1427 65 28 ryska
620 1427 131 22 riksbanken
766 1427 33 21 till
814 1426 82 22 inlösen
911 1427 33 21 till

188 1461 32 20 ett
233 1460 53 26 pris,
301 1459 110 23 bestämdt
424 1461 8 20 i
447 1463 32 19 ett
493 1461 33 22 för
541 1461 40 22 allt
595 1462 7 21 i
614 1462 54 21 visst
679 1461 78 27 belopp
769 1460 176 27 halfimperialer.
