1025 1673
210 124 13 21 8

336 124 82 24 Ständ.
433 125 55 23 Skr.
503 138 28 4 —
545 126 28 22 U.
588 126 28 22 B.
631 138 28 4 —
674 125 98 23 XXIII.

386 190 110 25 sorgfälligi
509 190 74 20 vårdas
598 190 34 20 och
645 190 128 20 underkastas
783 196 110 19 noggranna
902 190 28 20 in-

385 225 126 25 venteringar,
524 225 30 25 pä
568 226 40 18 sätt
622 225 37 19 här
673 224 62 21 nedan
749 226 61 24 säges.

441 260 157 24 Hufvudkassan
618 260 9 19 i
642 260 84 20 bankens
748 260 59 24 hvalf
823 260 108 20 inventeras

384 294 59 20 minst
456 294 34 20 två
502 294 73 25 gånger
587 294 62 20 under
663 294 43 20 året
719 294 26 24 af
763 294 168 25 bankfullmäktige

381 328 29 25 pä
432 329 35 19 den
487 329 34 23 tid,
544 329 120 25 fullmäktige
684 329 54 24 finna
760 329 65 20 dertill
847 330 82 24 lämplig.

384 363 46 20 Men
444 364 41 20 alla
506 364 66 24 öfriga
585 364 76 24 kassor,
677 364 57 20 såväl
747 363 23 20 de
783 364 10 19 i
806 364 72 20 banken
890 370 41 14 som

385 398 22 19 de
420 398 8 19 i
442 398 83 20 bankens
546 399 69 19 kontor
629 398 34 20 och
677 400 106 24 agenturer,
799 398 55 20 skola
867 399 62 19 inven-

384 433 52 19 teras
450 433 60 20 minst
523 440 22 13 en
558 433 51 25 gång
622 433 68 25 hvarje
698 433 78 24 månad,
785 433 146 20 handkassorna

383 467 9 19 i
406 467 72 21 banken
499 468 26 24 af
545 468 177 20 bankdirektionens
743 467 124 25 ordförande,
886 467 43 20 kas-

384 508 59 14 sorna
457 502 33 20 vid
503 502 92 20 kontoren
609 503 34 20 och
658 504 127 24 agenturerna
799 503 51 19 inom
865 502 64 20 landet

384 536 26 25 af
421 536 193 21 diskontkomiterade
633 537 45 20 eller
700 537 22 20 de
736 537 62 20 andre
808 543 94 19 personer
917 537 13 20 &

384 573 58 22 orten,
466 578 41 14 som
528 572 170 25 bankfullmäktige
717 572 29 19 till
760 572 170 24 inventerinysmän

383 608 63 22 utsett,
469 608 53 19 samt
535 606 96 20 kassorna
645 606 33 20 vid
692 606 87 20 kontoret
792 606 9 20 i
813 606 31 20 S:t
857 606 72 20 Peters-

384 641 46 25 burg
445 641 26 25 af
482 648 23 13 en
518 642 49 24 utaf
581 640 92 21 Senatens
688 640 242 26 Ekonomie-departement

384 675 64 21 dertill
462 676 109 24 förordnad
585 676 58 25 högre
650 676 52 24 finsk
711 676 114 20 embetsman
830 676 30 24 pä
869 677 58 18 orten.

440 711 47 19 Alla
508 711 57 19 dessa
587 711 99 24 äfvensom
708 712 57 18 extra
782 710 145 24 inventeringar,

383 745 82 20 hvarvid
479 745 36 20 den
529 746 84 24 befunna
627 746 101 24 tillgången
738 746 9 19 i
755 745 72 20 kassan
837 745 34 19 bör
880 751 49 18 noga

379 780 98 24 jemföras
497 780 44 20 med
555 780 162 25 räkenskaperna,
732 779 116 20 verkställas
862 780 9 18 i
883 780 44 18 när-

382 820 48 14 varo
444 814 27 25 af
482 814 48 25 dem,
546 821 41 13 som
602 816 35 18 äro
652 814 34 25 för
699 814 73 20 kassan
786 814 33 20 och
831 814 98 19 närmaste

381 849 88 24 tillsynen
483 849 55 24 öfver
553 849 110 20 densamma
677 849 108 25 ansvarige,
801 851 47 18 utan
863 850 28 19 att
905 849 23 19 de

381 883 46 20 dock
448 884 33 19 mä
497 884 30 25 pä
541 884 85 24 förhand
641 884 45 20 eller
701 884 82 25 tidigare
797 885 25 19 än
837 885 36 18 när
887 883 40 25 för-

380 919 108 24 rättningen
494 919 97 24 påbörjas
602 919 65 20 derom
676 919 131 20 underrättas.
831 918 38 20 Och
879 918 50 19 skall

379 953 133 20 instrumentet
521 953 56 24 öfver
584 953 140 26 inventeringen
732 953 139 24 ofördröjligen
877 953 50 19 med-

380 987 53 20 delas
455 987 172 25 bankdirektionen,
651 995 42 13 som
714 988 48 19 derå
783 989 47 18 utan
844 987 87 26 uppskof

379 1022 88 24 vidtager
489 1022 35 20 den
545 1023 75 25 åtgärd,
641 1023 80 19 hvartill
735 1022 141 24 förrättningen
889 1022 38 19 kan

379 1055 109 25 föranleda.

440 1090 77 24 Vezxlar,
533 1090 158 26 länehandlingar
705 1090 34 20 och
749 1092 78 23 panter,
836 1096 41 14 som
886 1090 41 24 för-

378 1130 61 14 varas
453 1126 9 18 i
475 1125 78 23 banken,
573 1126 47 19 böra
634 1126 60 19 minst
708 1125 33 19 två
754 1125 72 25 gånger
840 1131 30 13 om
885 1124 43 20 året

378 1159 108 20 inventeras
503 1160 34 20 och
545 1160 97 24 granskas
652 1160 26 24 af
686 1159 175 25 bankfullmäktige.
881 1159 46 19 Men

379 1194 116 24 inventering
517 1194 33 20 och
568 1194 118 24 granskning
700 1194 27 24 af
738 1194 74 23 vexlar,
829 1193 97 20 skuldsed-

379 1227 31 20 lar
432 1228 33 20 och
483 1230 78 23 panter,
580 1234 41 14 som
634 1228 66 24 finnas
714 1228 34 20 hos
762 1228 96 24 kontoren,
873 1228 53 19 verk-

379 1262 71 24 ställes,
467 1263 23 19 sä
505 1263 42 24 ofta
561 1263 120 24 fullmäktige
695 1262 53 24 finna
759 1262 91 25 lämpligt,
861 1262 26 24 af
893 1262 32 20 wå-

377 1303 38 18 gon
430 1297 25 24 af
476 1297 119 25 fullmäktige
618 1297 65 20 dertill
704 1297 111 24 förordnad
833 1302 72 20 person
919 1297 9 19 i

379 1333 59 18 orten.

616 1390 17 24 $
647 1389 43 19 114.

436 1436 127 20 Revisorerne
591 1436 153 24 sammanträda,
770 1436 49 24 efter
843 1435 83 21 erhållen

378 1470 86 25 skriftlig
478 1470 79 20 kallelse
571 1470 26 24 af
615 1470 176 25 bankfullmäktige,
802 1470 65 24 första
877 1470 48 25 helg-
