986 1664
421 133 32 22 II

134 345 157 24 Relation
314 346 30 21 till
366 346 93 21 Finlands
479 345 22 22 är
517 345 53 22 1882
586 345 125 22 församlade
727 345 86 22 Ständer

59 387 32 16 om
114 381 139 22 Statsverkets
277 381 98 22 tillstånd.
406 381 89 26 Afgifven
514 381 21 21 af
555 381 73 21 Finans
648 380 143 27 Expeditionen
808 379 4 22 i

60 416 113 27 Kejserliga
189 416 88 21 Senaten
293 416 31 21 för
342 416 88 26 Finland,
447 416 37 21 den
501 415 22 22 31
541 415 81 22 Januari
638 415 61 22 1882.

542 479 27 20 På
584 480 112 24 befallning:

523 514 75 21 Frith.
614 514 95 21 Flodin.

133 596 31 20 På
182 596 70 26 grund
275 595 23 21 af
316 596 31 20 27
364 596 11 27 8
394 596 6 20 i
419 596 80 26 nådiga
513 594 247 28 Landtdagsordningen
776 594 41 20 den

63 631 25 21 15
104 630 31 27 (3)
152 630 61 26 April
230 630 53 21 1869
300 630 142 21 öfverlemnas
458 636 30 15 nu
503 631 71 20 såsom
590 629 142 26 fortsättning
743 628 23 21 af
775 628 40 21 den

63 664 34 22 till
112 664 85 21 landets
213 665 24 20 år
255 665 52 21 1877
324 664 130 22 församlade
471 664 92 22 Ständer
578 664 82 27 afgifna
670 663 99 27 relation,
779 669 37 14 an-

63 699 83 27 gående
162 699 142 21 statsverkets
320 699 109 21 tillstånd:

63 733 208 27 Kapitalräkningar
294 734 58 21 öfver
376 735 66 19 stats-
460 734 40 21 och
519 733 183 21 militiefonderna
718 732 32 22 för
766 733 52 21 åren

123 768 62 27 1874,
203 768 61 27 1875,
282 769 60 26 1876,
361 769 60 26 1877,
440 769 53 20 1878
510 768 39 21 och
567 769 60 20 1879.

65 802 132 22 Summarisk
213 802 92 27 räkning
322 802 60 22 öfver
398 803 109 21 allmänna
522 802 136 22 statsfonden
674 802 33 21 för
723 802 24 21 år
757 802 60 20 1880.

63 837 78 27 Kalkyl
158 836 59 22 öfver
232 837 147 21 statsfondens
395 837 117 27 tillgångar
527 837 34 21 till
576 836 140 22 bestridande
733 836 22 21 af
764 837 51 20 1881

121 872 36 20 års
172 873 61 19 extra
248 871 96 27 utgifter.

63 905 133 22 Summarisk
219 906 103 27 öfversigt
345 906 23 21 af
389 906 169 21 militiefondens
582 906 103 27 ställning
709 906 32 20 för
766 906 51 20 åren

123 941 60 26 1874,
202 941 60 26 1875,
280 941 61 27 1876,
360 942 60 26 1877,
438 941 61 27 1878,
517 941 54 21 1879
588 940 38 22 och
644 942 61 20 1880.

65 974 133 22 Summarisk
213 975 104 27 öfversigt
332 975 23 21 af
369 975 263 22 militieboställskassans
648 976 39 20 och

63 1010 262 26 Krigsmanshuskassans
342 1010 105 27 ställning
462 1010 33 21 för
511 1016 81 15 samma
608 1011 31 20 år.

63 1044 32 22 De
111 1045 22 20 at
147 1044 60 21 Hans
223 1044 121 27 Kejserliga
359 1044 104 28 Majestät
479 1045 6 21 i
501 1045 67 21 nåder
584 1044 125 22 fastställda
719 1044 100 22 statsför-

121 1079 47 27 slag
183 1078 33 22 för
232 1080 25 20 år
273 1080 61 20 1881.

65 1113 125 21 Relationer
215 1120 34 14 om
274 1114 284 28 kommunikationsfonden,
585 1114 232 26 bränvinsbrännings-

123 1148 92 26 skatten,
239 1148 223 28 bevillningsmedlen,
482 1151 60 19 extra
562 1149 146 27 bevillningen
728 1148 34 21 till
777 1148 42 21 för-

121 1183 50 21 mån
194 1182 33 21 för
247 1183 53 21 röda
315 1183 81 27 korset,
411 1183 408 28 lagmanstingsgästningsspanmälen,

123 1217 78 21 fonden
224 1217 33 21 för
280 1217 82 23 inlösen
386 1218 23 20 af
430 1218 177 28 donationsgods,
623 1218 197 27 stämpelpappers-

121 1251 168 28 medelsfonden,
301 1252 196 22 amortissements-
509 1253 40 21 och
560 1253 260 27 undsättningsfonderna

122 1288 56 19 samt
193 1286 156 27 statsskulden,
365 1286 110 22 äfvensom
492 1287 92 21 relation
600 1294 34 14 om
644 1288 57 20 hvad
712 1286 108 27 tillgjordt

122 1319 71 22 blifvit
212 1320 7 21 i
235 1320 115 27 anledning
366 1320 24 21 af
404 1320 132 22 Ständernas
553 1321 156 22 Statsutskotts
721 1321 35 21 vid
766 1321 53 20 1877

125 1355 35 20 års
175 1354 104 27 landtdag
295 1355 75 26 gjorda
390 1355 168 28 anmärkningar
574 1358 57 19 emot
646 1356 28 21 då
690 1355 82 27 afgifna
788 1361 32 15 re-

125 1388 67 21 lation
207 1395 34 14 om
257 1389 143 21 statsverkets
416 1389 105 22 tillstånd.
