1028 1670
382 126 25 18 U.
418 126 23 18 B.
455 136 22 2 —
490 126 66 18 XXIII.
805 126 20 18 15

91 191 64 15 raren
171 184 39 22 och
226 183 190 26 ombudsmannen,
431 183 104 22 behötver
550 183 19 27 ej
585 190 51 14 vara
651 183 60 22 fallet
726 186 56 19 samt
795 184 53 20 mot-

92 220 62 26 säges
176 218 107 22 dessutom
306 218 24 21 af
350 218 158 25 erfarenheten,
531 217 40 22 och
590 220 32 18 att
636 217 162 23 öfverkassören
815 216 31 22 ät-

91 253 72 27 njuter
188 252 65 28 högre
283 252 36 21 lön
348 253 28 20 än
401 252 69 22 förste
500 252 138 21 kamreraren
667 252 40 22 har
737 253 33 21 sin
799 251 48 22 fullt

91 287 134 27 berättigade
247 286 69 29 grund
333 286 8 21 i
361 286 40 22 den
420 286 49 22 fara
487 286 36 22 för
537 286 101 22 förluster
653 294 77 20 genom
746 286 100 22 missräk-

91 321 58 27 ning,
170 321 82 22 hvilken
276 321 42 21 han
341 321 71 21 städse
435 320 63 28 löper
520 320 68 22 under
610 321 32 21 sin
665 321 181 27 tjensteutöfning.

91 355 40 21 Väl
153 356 25 20 är
200 355 36 22 det
257 357 55 24 sant,
335 357 32 19 att
389 355 186 21 ombudsmannen
593 355 67 21 under
680 356 25 21 de
725 356 52 21 sista
795 354 51 22 åren

91 390 55 21 varit
164 390 131 27 öfverhopad
313 390 48 21 med
381 389 64 28 drygt
461 389 80 26 arbete,
561 389 76 22 liksom
652 390 110 22 Utskottet
777 389 68 25 äfven,

91 424 55 21 hvad
161 424 104 22 beträffar
279 423 66 22 förste
360 424 140 21 kamreraren
516 426 33 19 vet
565 424 117 27 uppskatta
697 424 72 27 vigten
785 423 62 22 deraf

91 461 32 19 att
146 466 36 21 jen
205 458 73 28 duglig
296 465 85 20 person,
399 465 47 14 som
466 458 141 28 tilläfventyrs
626 458 55 21 hade
701 459 66 26 utsigt
783 457 61 22 äfven

91 493 33 21 till
148 500 71 15 annan
241 492 126 28 befattning,
390 493 72 21 kunde
485 491 123 29 gvarhällas
630 491 29 29 pä
681 491 165 30 ifrägavarande

92 527 187 28 maktpäliggande
294 529 65 25 post".
385 527 50 21 Men
451 527 37 21 det
506 527 39 21 bör
560 527 46 21 icke
621 528 96 27 förgätas
733 529 32 19 att
779 527 67 21 bank-

92 562 103 28 styrelsen
209 562 7 20 i
233 562 25 21 de
273 569 16 14 s.
306 562 19 26 k,
341 562 221 26 diskretionsmedlen,
577 561 71 21 hvilka
664 560 73 29 uppgä
751 561 32 21 till
793 562 53 20 nära

91 596 47 28 fyra
153 595 82 29 gänger
249 596 49 22 hela
313 603 96 15 summan
426 596 25 21 af
466 596 26 21 de
505 596 96 28 begärda
614 596 231 28 löneförhöjningarna,

91 631 40 21 har
147 633 31 19 ett
192 630 68 22 medel
275 633 33 19 att
323 630 95 28 utjemna
433 630 110 28 tillfälliga
558 630 200 22 missförhållanden
769 629 77 22 mellan

91 665 26 22 de
137 665 57 22 olika
212 665 179 28 tjenstemännens
409 665 160 21 löneförmoner
587 667 56 19 samt
665 666 119 26 temporärt
802 664 43 21 för-

91 699 73 22 bättra
178 700 146 21 inkomsterna
338 700 33 21 för
385 698 73 29 nägon
474 700 71 26 tjenst,
561 700 63 20 hvars
639 699 138 21 innehafvare
792 698 54 22 varit

91 734 135 28 synnerligen
250 734 109 28 betungad
381 734 49 21 med
453 734 75 21 arbete
550 734 51 21 eller
623 734 55 21 visat
700 732 144 23 framstående

92 768 115 28 duglighet.
238 768 66 28 Giltig
319 768 116 28 anledning
451 770 32 20 att
498 767 91 23 sälunda
604 768 82 22 fördela
702 768 62 22 dessa
777 767 69 22 medel

91 802 40 22 har
145 802 47 22 icke
206 802 67 22 heller
288 803 93 25 saknats,
397 802 138 22 alldenstund
551 805 71 19 senast
637 802 130 22 församlade
782 802 62 21 Stän-

92 836 43 26 der,
148 835 28 22 dä
184 836 25 21 de
220 836 97 28 förhöjde
328 837 101 27 beloppet
441 837 25 21 af
475 837 218 26 diskretionsmedlen,
702 837 75 28 gjorde
786 836 58 21 detta

92 871 7 20 i
115 871 36 20 det
166 871 141 28 uttryckligen
323 871 96 21 uttalade
435 871 65 28 syftet
515 873 32 19 att
563 871 25 22 de
603 871 28 28 pä
646 871 59 22 detta
720 872 43 21 sätt
777 870 69 22 skulle

91 905 115 22 användas.
222 917 27 4 —
264 905 49 22 Med
333 905 101 22 afseende
452 904 70 29 härpä
540 906 39 21 och
599 905 27 22 dä
645 905 39 22 den
700 913 29 14 nu
745 905 99 28 gällande

86 941 75 20 "staten
176 939 33 22 för
223 939 102 22 Finlands
339 939 58 22 bank
412 939 35 22 för
463 940 75 21 endast
557 940 42 21 fem
614 939 24 22 är
653 940 66 21 sedan
734 940 112 27 upprätta-

92 973 37 21 des
143 973 49 21 med
206 974 7 20 i
228 973 117 22 allmänhet
362 974 107 27 betydligt
487 974 100 27 förhöjda
604 975 124 25 lönesatser,
744 976 56 19 samt
814 980 32 14 se-

91 1008 42 20 dan
150 1007 46 21 dess
211 1007 95 22 hvarken
321 1008 230 22 lefnadskostnaderna
566 1009 59 27 stigit
635 1009 51 21 eller
694 1008 71 28 nägon
775 1015 71 14 annan

92 1042 158 27 omständighet
264 1042 87 26 inträdt,
367 1042 87 22 hvilken
469 1042 68 22 skulle
551 1042 87 28 päkalla
653 1050 26 14 en
694 1043 80 27 ökning
788 1042 23 22 af
820 1042 26 21 de

92 1076 27 21 dä
141 1076 114 22 faststälda
273 1076 112 28 beloppen,
405 1084 64 14 anser
488 1077 109 21 Utskottet
613 1078 31 27 sig
659 1078 55 21 böra
729 1078 39 20 hos
783 1076 63 22 Stän-

91 1111 67 21 derna
172 1111 113 21 hemställa
300 1114 32 19 att
346 1110 166 29 ifrägavarande
527 1112 80 28 förslag
622 1111 66 22 mätte
701 1112 82 21 lemnas
794 1113 52 19 utan

91 1145 105 22 afseende.

159 1213 34 22 Då
214 1214 165 22 Bankutskottet
399 1215 122 22 sedermera
540 1216 32 20 till
587 1216 100 27 pröfning
703 1214 94 22 förehaft
811 1214 37 22 be-

91 1248 162 21 stämmelserna
268 1249 6 20 i
290 1256 28 13 nu
333 1249 102 27 gällande
450 1250 128 21 instruktion
589 1250 34 21 för
633 1250 132 21 Ständernas
775 1248 72 22 Bank-

91 1281 139 29 fullmäktige,
246 1283 39 21 har
301 1283 121 22 Utskottets
433 1284 191 27 uppmärksamhet
634 1284 8 21 i
653 1284 90 21 främsta
753 1284 95 20 rummet

90 1315 77 23 fästats
182 1317 34 21 vid
232 1324 62 14 mom.
310 1318 20 27 c)
346 1318 7 20 i
369 1318 69 27 sagda
453 1318 135 22 instruktion.
617 1317 170 28 Ifrägavarande
802 1323 46 14 mo-

90 1353 60 18 ment
170 1350 87 29 älägger
275 1351 197 29 Bankfullmäktige
492 1354 31 20 att
542 1353 75 27 ,minst
632 1351 36 22 tvä
682 1351 82 28 gänger
779 1351 8 20 i
802 1348 44 23 mä-

91 1384 70 22 naden
176 1384 105 29 genomgä
295 1386 40 21 och
347 1387 95 26 granska
454 1387 26 21 de
491 1387 68 21 under
570 1386 163 23 mellantiderna
744 1385 24 22 af
777 1385 71 21 Bank-

92 1418 132 22 direktionen
249 1419 104 22 belånade
376 1420 143 22 förbindelser
543 1421 40 21 och
606 1419 242 27 säkerhetshandlingar

161 1459 136 18 Bankutskottets
309 1460 105 17 betänkande
427 1461 35 16 N:o
474 1462 16 16 4.
