1017 1664
197 135 25 20 12
435 137 20 19 U.
471 136 20 20 B.
507 147 28 3 —
551 136 103 20 111—XXII.

167 198 202 24 tissementsfonden
387 200 84 27 upphör
491 201 39 21 och
549 200 50 22 dess
613 200 128 27 tillgängar,
756 200 74 22 sävidt
845 200 27 21 de
886 201 39 20 äro

168 232 121 28 disponibla
310 234 53 21 eller
383 234 76 22 kunna
477 234 100 28 frigöras,
598 234 112 23 användas
725 234 33 21 till
774 241 43 21 nya
832 234 91 27 företag,

167 267 71 22 säsom
253 267 234 30 jernvägsbyggnader
505 269 54 22 eller
576 269 69 22 andra
660 269 75 27 dylika
750 269 106 22 ändamäl.
886 268 40 22 Ut-

167 301 83 22 skottet
268 307 64 17 anser
348 303 35 27 sig
401 303 86 22 derföre
502 303 54 22 böra
569 303 72 22 uttala
656 303 42 22 den
713 303 89 27 önskan,
818 305 34 20 att
864 309 60 21 rege-

168 335 76 28 ringen
259 336 50 23 ville
328 337 47 22 läta
392 338 102 21 utarbeta
509 338 39 21 och
563 338 254 21 nästsammanträdande
831 337 95 22 Ständer

168 369 114 29 förelägga
296 371 83 28 förslag
393 372 8 21 i
415 372 80 22 sädant
510 372 65 27 syfte.

236 404 74 23 Skulle
333 406 25 21 af
377 413 27 14 en
426 406 53 22 eller
494 413 72 15 annan
581 406 119 27 anledning
716 406 71 22 denna
801 406 124 22 Utskottets

168 438 59 28 äsigt
240 439 49 22 icke
303 440 68 22 vinna
385 441 140 28 regeringens
540 441 165 28 godkännande,
721 441 26 21 sä
760 447 52 16 vore
822 441 38 22 det
869 441 8 21 i
887 441 39 22 Ut-

168 473 93 28 skottets
283 475 67 22 tanke
371 475 106 28 riktigast
496 477 35 20 att
550 475 273 22 amortissementsfondens
838 475 86 28 tillgän-

168 514 46 21 gar,
229 508 8 21 i
252 509 43 21 den
308 515 50 16 mon
373 509 27 22 de
415 510 72 22 blefve
502 510 127 27 disponibla,
647 510 110 22 användes
772 510 34 21 till
821 510 40 22 sitt
874 517 51 20 upp-

168 542 61 27 gifna
246 543 101 22 ändamål
365 544 53 22 eller
435 545 114 27 betalning
563 544 26 22 af
603 547 54 19 1862
674 545 36 21 års
725 545 37 21 län
777 551 77 21 genom
868 546 58 26 steg-

168 576 50 28 ring
232 577 24 21 af
271 577 26 21 de
312 578 71 27 ärliga
398 579 256 27 amorteringsbeloppen.

390 654 22 20 2.
448 652 249 29 Undsättningsfonden.

236 691 12 21 I
263 691 102 23 afseende
380 693 13 21 ä
409 692 70 22 denna
494 693 53 22 fond
561 693 36 22 får
611 693 170 22 Statsutskottet
791 694 77 21 endast
876 694 50 21 äbe-

167 730 53 22 ropa
234 725 59 23 hvad
307 726 8 21 i
329 726 190 23 finansrelationen
533 728 93 21 anföres.
657 728 82 21 Genom
756 728 78 31 nådigt
844 728 81 22 förord-

168 760 70 22 nande
253 760 41 22 har
309 761 79 22 fonden
402 762 74 22 blifvit
490 762 98 22 bestämd
599 764 34 20 att
644 764 80 26 utgöra
734 763 64 27 högst
811 764 113 26 3,000,000

167 794 67 27 mark,
259 795 38 21 och
314 795 57 22 skall
391 796 144 22 öfverskottet
554 797 83 27 årligen
657 797 34 21 till
705 796 135 22 statsfonden
856 796 68 23 öfver-

167 828 65 22 föras.
254 829 69 22 Detta
334 830 82 22 skedde
426 830 71 22 första
507 832 88 26 gången
607 832 26 20 år
647 833 56 20 1880
710 831 49 22 med
767 831 158 28 sammanlagdt

168 864 93 25 428,024
275 864 62 22 mark
352 866 27 20 65
394 865 72 27 penni.
495 865 44 22 Vid
554 866 112 27 utgången
681 865 25 22 af
719 866 26 21 år
758 868 54 19 1881
824 865 101 28 utgjorde

169 896 38 22 det
222 897 120 27 disponibla
357 898 144 23 öfverskottet
517 902 92 25 521,213
624 900 62 22 mark
702 902 11 19 7
729 900 71 27 penni.

530 1044 26 20 B.

166 1100 18 22 I.
214 1100 87 24 Allmän
316 1102 128 30 bevillning,
461 1104 27 22 II.
505 1104 317 29 Stämpelpappersbevillning
832 1104 41 22 och
882 1104 42 23 III:

373 1138 125 29 Bevillning
513 1138 36 23 för
563 1139 56 23 röda
631 1139 85 22 korset.

234 1192 11 22 I
260 1193 109 23 särskilda
383 1195 150 28 underdåniga
548 1196 189 22 svarsskrifvelser
751 1196 26 21 af
785 1196 42 22 den
838 1198 26 20 31
877 1196 45 28 Maj

166 1227 55 20 1877
244 1228 57 20 samt
318 1228 42 21 den
380 1230 19 26 2,
421 1231 26 19 16
464 1230 39 22 och
519 1232 26 20 18
561 1230 92 22 Januari
669 1233 56 20 1878
741 1231 93 21 anmälte
850 1232 74 20 senast

163 1259 131 24 församlade
309 1261 94 23 Ständer
421 1264 28 21 de
464 1264 76 28 beslut,
555 1265 92 22 medelst
661 1265 76 22 hvilka
751 1265 27 21 de
793 1264 81 22 bifallit
887 1265 35 21 till

164 1294 78 28 anslag
267 1295 34 22 för
323 1296 219 29 dårvårdsanstalter,
565 1299 116 27 fängelser,
704 1298 218 28 folkskoleväsendet,

163 1327 238 30 landtdagskostnader
415 1331 39 22 och
464 1332 151 23 härväsendet.
645 1333 109 27 Samtliga
765 1333 63 22 dessa
839 1333 82 27 anslag,

160 1361 68 28 jemte
248 1369 26 16 en
294 1365 101 22 eventuel
409 1366 138 27 anslagspost
561 1367 35 22 för
610 1373 44 21 nya
668 1367 162 28 finskspråkiga
844 1367 77 27 skolor,

162 1395 73 23 blefvo
250 1397 115 29 dessutom,
381 1399 35 22 till
427 1401 160 28 sammanlagdt
599 1401 78 28 belopp
690 1401 25 22 af
726 1403 127 26 11,955,400
861 1401 61 22 mark

162 1430 36 21 för
216 1431 53 22 åren
290 1434 149 27 1878—1882,
455 1437 113 26 upptagna
583 1436 39 21 och
636 1435 171 22 sammanstälda
820 1435 8 22 i
844 1441 26 16 en
885 1442 37 15 un-

233 1471 150 19 Statsutskottets
396 1473 117 19 betänkande
525 1475 36 18 N:o
573 1476 16 16 9.
