<?xml version="1.0" encoding="UTF-8"?>
<alto xmlns="http://www.loc.gov/standards/alto/ns-v3#" xmlns:xlink="http://www.w3.org/1999/xlink" xmlns:xsi="http://www.w3.org/2001/XMLSchema-instance" xsi:schemaLocation="http://www.loc.gov/standards/alto/ns-v3# http://www.loc.gov/alto/v3/alto-3-0.xsd">
	<Description>
		<MeasurementUnit>pixel</MeasurementUnit>
		<sourceImageInformation>
			<fileName>/tmp/tess__a9lvcaz_input.PNG</fileName>
		</sourceImageInformation>
		<OCRProcessing ID="OCR_0">
			<ocrProcessingStep>
				<processingSoftware>
					<softwareName>tesseract 5.3.4</softwareName>
				</processingSoftware>
			</ocrProcessingStep>
		</OCRProcessing>
	</Description>
	<Layout>
		<Page WIDTH="995" HEIGHT="1667" PHYSICAL_IMG_NR="0" ID="page_0">
			<PrintSpace HPOS="0" VPOS="0" WIDTH="995" HEIGHT="1667">
				<GraphicalElement ID="cblock_0" HPOS="68" VPOS="201" WIDTH="16" HEIGHT="1219"></GraphicalElement >
				<GraphicalElement ID="cblock_1" HPOS="67" VPOS="192" WIDTH="684" HEIGHT="8"></GraphicalElement >
				<GraphicalElement ID="cblock_2" HPOS="641" VPOS="198" WIDTH="14" HEIGHT="1276"></GraphicalElement >
				<GraphicalElement ID="cblock_3" HPOS="818" VPOS="199" WIDTH="15" HEIGHT="1260"></GraphicalElement >
				<GraphicalElement ID="cblock_4" HPOS="783" VPOS="196" WIDTH="15" HEIGHT="1279"></GraphicalElement >
				<ComposedBlock ID="cblock_5" HPOS="88" VPOS="124" WIDTH="739" HEIGHT="1350">
					<TextBlock ID="block_0" HPOS="88" VPOS="124" WIDTH="739" HEIGHT="1350">
						<TextLine ID="line_0" HPOS="435" VPOS="124" WIDTH="354" HEIGHT="20">
							<String ID="string_0" HPOS="435" VPOS="124" WIDTH="19" HEIGHT="20" WC="0.72" CONTENT="x"/><SP WIDTH="297" VPOS="124" HPOS="454"/>
							<String ID="string_1" HPOS="751" VPOS="124" WIDTH="38" HEIGHT="20" WC="0.96" CONTENT="177"/>
						</TextLine>
						<TextLine ID="line_1" HPOS="683" VPOS="216" WIDTH="128" HEIGHT="30">
							<String ID="string_2" HPOS="683" VPOS="216" WIDTH="59" HEIGHT="30" WC="0.95" CONTENT="Mark."/><SP WIDTH="51" VPOS="216" HPOS="742"/>
							<String ID="string_3" HPOS="793" VPOS="224" WIDTH="18" HEIGHT="18" WC="0.65" CONTENT="P-"/>
						</TextLine>
						<TextLine ID="line_2" HPOS="191" VPOS="272" WIDTH="341" HEIGHT="33">
							<String ID="string_4" HPOS="191" VPOS="272" WIDTH="44" HEIGHT="26" WC="0.86" CONTENT="1:0."/><SP WIDTH="37" VPOS="272" HPOS="235"/>
							<String ID="string_5" HPOS="272" VPOS="272" WIDTH="260" HEIGHT="33" WC="0.89" CONTENT="Bevillningsmedlen."/>
						</TextLine>
						<TextLine ID="line_3" HPOS="277" VPOS="341" WIDTH="167" HEIGHT="27">
							<String ID="string_6" HPOS="277" VPOS="341" WIDTH="167" HEIGHT="27" WC="0.92" CONTENT="Afkortning."/>
						</TextLine>
						<TextLine ID="line_4" HPOS="88" VPOS="392" WIDTH="728" HEIGHT="28">
							<String ID="string_7" HPOS="88" VPOS="392" WIDTH="43" HEIGHT="21" WC="0.93" CONTENT="För"/><SP WIDTH="15" VPOS="392" HPOS="131"/>
							<String ID="string_8" HPOS="146" VPOS="392" WIDTH="114" HEIGHT="27" WC="0.92" CONTENT="fattigdom"/><SP WIDTH="16" VPOS="392" HPOS="260"/>
							<String ID="string_9" HPOS="276" VPOS="392" WIDTH="39" HEIGHT="22" WC="0.93" CONTENT="och"/><SP WIDTH="14" VPOS="392" HPOS="315"/>
							<String ID="string_10" HPOS="329" VPOS="392" WIDTH="147" HEIGHT="27" WC="0.92" CONTENT="hvarjehanda"/><SP WIDTH="10" VPOS="392" HPOS="476"/>
							<String ID="string_11" HPOS="486" VPOS="392" WIDTH="49" HEIGHT="27" WC="0.93" CONTENT="laga"/><SP WIDTH="11" VPOS="392" HPOS="535"/>
							<String ID="string_12" HPOS="546" VPOS="393" WIDTH="89" HEIGHT="21" WC="0.96" CONTENT="orsaker"/><SP WIDTH="73" VPOS="393" HPOS="635"/>
							<String ID="string_13" HPOS="708" VPOS="394" WIDTH="74" HEIGHT="26" WC="0.26" CONTENT="10,000|"/><SP WIDTH="9" VPOS="394" HPOS="782"/>
							<String ID="string_14" HPOS="791" VPOS="404" WIDTH="25" HEIGHT="4" WC="0.82" CONTENT="—"/>
						</TextLine>
						<TextLine ID="line_5" HPOS="313" VPOS="489" WIDTH="95" HEIGHT="27">
							<String ID="string_15" HPOS="313" VPOS="489" WIDTH="95" HEIGHT="27" WC="0.91" CONTENT="Utgift."/>
						</TextLine>
						<TextLine ID="line_6" HPOS="89" VPOS="547" WIDTH="546" HEIGHT="27">
							<String ID="string_16" HPOS="89" VPOS="547" WIDTH="84" HEIGHT="27" WC="0.91" CONTENT="Skjuts-"/><SP WIDTH="16" VPOS="547" HPOS="173"/>
							<String ID="string_17" HPOS="189" VPOS="547" WIDTH="39" HEIGHT="21" WC="0.93" CONTENT="och"/><SP WIDTH="16" VPOS="547" HPOS="228"/>
							<String ID="string_18" HPOS="244" VPOS="547" WIDTH="188" HEIGHT="26" WC="0.92" CONTENT="dagtraktamente"/><SP WIDTH="18" VPOS="547" HPOS="432"/>
							<String ID="string_19" HPOS="450" VPOS="547" WIDTH="32" HEIGHT="20" WC="0.92" CONTENT="för"/><SP WIDTH="16" VPOS="547" HPOS="482"/>
							<String ID="string_20" HPOS="498" VPOS="547" WIDTH="137" HEIGHT="26" WC="0.92" CONTENT="bevillnings-"/>
						</TextLine>
						<TextLine ID="line_7" HPOS="118" VPOS="581" WIDTH="518" HEIGHT="27">
							<String ID="string_21" HPOS="118" VPOS="581" WIDTH="39" HEIGHT="22" WC="0.89" CONTENT="och"/><SP WIDTH="24" VPOS="581" HPOS="157"/>
							<String ID="string_22" HPOS="181" VPOS="581" WIDTH="217" HEIGHT="27" WC="0.84" CONTENT="pröfningskomit6er"/><SP WIDTH="21" VPOS="581" HPOS="398"/>
							<String ID="string_23" HPOS="419" VPOS="581" WIDTH="66" HEIGHT="27" WC="0.93" CONTENT="jemte"/><SP WIDTH="25" VPOS="581" HPOS="485"/>
							<String ID="string_24" HPOS="510" VPOS="583" WIDTH="126" HEIGHT="25" WC="0.92" CONTENT="expenseut-"/>
						</TextLine>
						<TextLine ID="line_8" HPOS="118" VPOS="615" WIDTH="699" HEIGHT="28">
							<String ID="string_25" HPOS="118" VPOS="615" WIDTH="64" HEIGHT="28" WC="0.91" CONTENT="gifter"/><SP WIDTH="20" VPOS="615" HPOS="182"/>
							<String ID="string_26" HPOS="202" VPOS="632" WIDTH="4" HEIGHT="4" WC="0.90" CONTENT="."/><SP WIDTH="103" VPOS="632" HPOS="206"/>
							<String ID="string_27" HPOS="309" VPOS="633" WIDTH="4" HEIGHT="4" WC="0.76" CONTENT="N"/><SP WIDTH="394" VPOS="633" HPOS="313"/>
							<String ID="string_28" HPOS="707" VPOS="616" WIDTH="110" HEIGHT="27" WC="0.39" CONTENT="48,500|—"/>
						</TextLine>
						<TextLine ID="line_9" HPOS="89" VPOS="632" WIDTH="548" HEIGHT="45">
							<String ID="string_29" HPOS="89" VPOS="650" WIDTH="42" HEIGHT="21" WC="0.93" CONTENT="Till"/><SP WIDTH="15" VPOS="650" HPOS="131"/>
							<String ID="string_30" HPOS="146" VPOS="650" WIDTH="133" HEIGHT="27" WC="0.93" CONTENT="uppförande"/><SP WIDTH="16" VPOS="650" HPOS="279"/>
							<String ID="string_31" HPOS="295" VPOS="651" WIDTH="39" HEIGHT="20" WC="0.96" CONTENT="och"/><SP WIDTH="11" VPOS="651" HPOS="334"/>
							<String ID="string_32" HPOS="345" VPOS="632" WIDTH="132" HEIGHT="39" WC="0.63" CONTENT="&quot;inrättande"/><SP WIDTH="11" VPOS="632" HPOS="477"/>
							<String ID="string_33" HPOS="488" VPOS="632" WIDTH="30" HEIGHT="39" WC="0.66" CONTENT="af"/><SP WIDTH="6" VPOS="632" HPOS="518"/>
							<String ID="string_34" HPOS="524" VPOS="632" WIDTH="57" HEIGHT="39" WC="0.14" CONTENT="kur-"/><SP WIDTH="14" VPOS="632" HPOS="581"/>
							<String ID="string_35" HPOS="595" VPOS="632" WIDTH="42" HEIGHT="39" WC="0.96" CONTENT="och"/>
						</TextLine>
						<TextLine ID="line_10" HPOS="118" VPOS="685" WIDTH="699" HEIGHT="27">
							<String ID="string_36" HPOS="118" VPOS="685" WIDTH="160" HEIGHT="21" WC="0.92" CONTENT="värdanstalter"/><SP WIDTH="15" VPOS="685" HPOS="278"/>
							<String ID="string_37" HPOS="293" VPOS="685" WIDTH="33" HEIGHT="20" WC="0.93" CONTENT="för"/><SP WIDTH="16" VPOS="685" HPOS="326"/>
							<String ID="string_38" HPOS="342" VPOS="685" WIDTH="150" HEIGHT="26" WC="0.88" CONTENT="sinnessjuke"/><SP WIDTH="-12" VPOS="685" HPOS="492"/>
							<String ID="string_39" HPOS="480" VPOS="681" WIDTH="15" HEIGHT="36" WC="0.88" CONTENT="."/><SP WIDTH="201" VPOS="681" HPOS="495"/>
							<String ID="string_40" HPOS="696" VPOS="685" WIDTH="121" HEIGHT="27" WC="0.83" CONTENT="180,000|"/><SP WIDTH="-11" VPOS="685" HPOS="817"/>
							<String ID="string_41" HPOS="806" VPOS="681" WIDTH="15" HEIGHT="36" WC="0.83" CONTENT="—"/>
						</TextLine>
						<TextLine ID="line_11" HPOS="90" VPOS="701" WIDTH="734" HEIGHT="45">
							<String ID="string_42" HPOS="90" VPOS="719" WIDTH="184" HEIGHT="22" WC="0.92" CONTENT="Folkskollärare-"/><SP WIDTH="19" VPOS="719" HPOS="274"/>
							<String ID="string_43" HPOS="293" VPOS="719" WIDTH="39" HEIGHT="21" WC="0.95" CONTENT="och"/><SP WIDTH="16" VPOS="719" HPOS="332"/>
							<String ID="string_44" HPOS="348" VPOS="719" WIDTH="266" HEIGHT="21" WC="0.0" CONTENT="Jamrnnessmamesna"/><SP WIDTH="17" VPOS="719" HPOS="614"/>
							<String ID="string_45" HPOS="631" VPOS="701" WIDTH="4" HEIGHT="4" WC="0.75" CONTENT="1"/><SP WIDTH="-5" VPOS="701" HPOS="635"/>
							<String ID="string_46" HPOS="630" VPOS="719" WIDTH="7" HEIGHT="21" WC="0.96" CONTENT="i"/><SP WIDTH="184" VPOS="719" HPOS="637"/>
							<String ID="string_47" HPOS="821" VPOS="716" WIDTH="3" HEIGHT="30" WC="0.91" CONTENT="|"/>
						</TextLine>
						<TextLine ID="line_12" HPOS="120" VPOS="753" WIDTH="517" HEIGHT="28">
							<String ID="string_48" HPOS="120" VPOS="753" WIDTH="124" HEIGHT="27" WC="0.96" CONTENT="Jyväskylä,"/><SP WIDTH="15" VPOS="753" HPOS="244"/>
							<String ID="string_49" HPOS="259" VPOS="753" WIDTH="86" HEIGHT="22" WC="0.96" CONTENT="Ekenäs"/><SP WIDTH="16" VPOS="753" HPOS="345"/>
							<String ID="string_50" HPOS="361" VPOS="754" WIDTH="40" HEIGHT="20" WC="0.96" CONTENT="och"/><SP WIDTH="15" VPOS="754" HPOS="401"/>
							<String ID="string_51" HPOS="416" VPOS="753" WIDTH="123" HEIGHT="28" WC="0.96" CONTENT="Nykarleby"/><SP WIDTH="16" VPOS="753" HPOS="539"/>
							<String ID="string_52" HPOS="555" VPOS="756" WIDTH="55" HEIGHT="19" WC="0.92" CONTENT="samt"/><SP WIDTH="15" VPOS="756" HPOS="610"/>
							<String ID="string_53" HPOS="625" VPOS="754" WIDTH="12" HEIGHT="20" WC="0.84" CONTENT="ä"/>
						</TextLine>
						<TextLine ID="line_13" HPOS="119" VPOS="788" WIDTH="701" HEIGHT="27">
							<String ID="string_54" HPOS="119" VPOS="788" WIDTH="91" HEIGHT="27" WC="0.92" CONTENT="Kymölä"/><SP WIDTH="15" VPOS="788" HPOS="210"/>
							<String ID="string_55" HPOS="225" VPOS="788" WIDTH="99" HEIGHT="21" WC="0.92" CONTENT="hemman"/><SP WIDTH="16" VPOS="788" HPOS="324"/>
							<String ID="string_56" HPOS="340" VPOS="788" WIDTH="59" HEIGHT="21" WC="0.91" CONTENT="invid"/><SP WIDTH="16" VPOS="788" HPOS="399"/>
							<String ID="string_57" HPOS="415" VPOS="788" WIDTH="117" HEIGHT="21" WC="0.92" CONTENT="Sordavala"/><SP WIDTH="16" VPOS="788" HPOS="532"/>
							<String ID="string_58" HPOS="548" VPOS="788" WIDTH="48" HEIGHT="21" WC="0.96" CONTENT="stad"/><SP WIDTH="99" VPOS="788" HPOS="596"/>
							<String ID="string_59" HPOS="695" VPOS="788" WIDTH="125" HEIGHT="26" WC="0.20" CONTENT="301,208/33"/>
						</TextLine>
						<TextLine ID="line_14" HPOS="91" VPOS="822" WIDTH="728" HEIGHT="27">
							<String ID="string_60" HPOS="91" VPOS="822" WIDTH="123" HEIGHT="22" WC="0.92" CONTENT="Understöd"/><SP WIDTH="15" VPOS="822" HPOS="214"/>
							<String ID="string_61" HPOS="229" VPOS="822" WIDTH="34" HEIGHT="21" WC="0.93" CONTENT="för"/><SP WIDTH="15" VPOS="822" HPOS="263"/>
							<String ID="string_62" HPOS="278" VPOS="822" WIDTH="119" HEIGHT="21" WC="0.92" CONTENT="folkskolor"/><SP WIDTH="21" VPOS="822" HPOS="397"/>
							<String ID="string_63" HPOS="418" VPOS="839" WIDTH="4" HEIGHT="4" WC="0.93" CONTENT="."/><SP WIDTH="68" VPOS="839" HPOS="422"/>
							<String ID="string_64" HPOS="490" VPOS="839" WIDTH="4" HEIGHT="5" WC="0.3" CONTENT="Ä"/><SP WIDTH="201" VPOS="839" HPOS="494"/>
							<String ID="string_65" HPOS="695" VPOS="823" WIDTH="124" HEIGHT="26" WC="0.53" CONTENT="388,860|—"/>
						</TextLine>
						<TextLine ID="line_15" HPOS="92" VPOS="835" WIDTH="547" HEIGHT="52">
							<String ID="string_66" HPOS="92" VPOS="857" WIDTH="68" HEIGHT="21" WC="0.91" CONTENT="Andel"/><SP WIDTH="28" VPOS="857" HPOS="160"/>
							<String ID="string_67" HPOS="188" VPOS="857" WIDTH="6" HEIGHT="20" WC="0.92" CONTENT="i"/><SP WIDTH="28" VPOS="857" HPOS="194"/>
							<String ID="string_68" HPOS="222" VPOS="852" WIDTH="183" HEIGHT="31" WC="0.89" CONTENT="Öfverstyrelsens"/><SP WIDTH="27" VPOS="852" HPOS="405"/>
							<String ID="string_69" HPOS="432" VPOS="857" WIDTH="33" HEIGHT="21" WC="0.95" CONTENT="för"/><SP WIDTH="23" VPOS="857" HPOS="465"/>
							<String ID="string_70" HPOS="488" VPOS="835" WIDTH="151" HEIGHT="52" WC="0.89" CONTENT="skolväsendet"/>
						</TextLine>
						<TextLine ID="line_16" HPOS="120" VPOS="891" WIDTH="700" HEIGHT="27">
							<String ID="string_71" HPOS="120" VPOS="893" WIDTH="44" HEIGHT="20" WC="0.96" CONTENT="stat"/><SP WIDTH="548" VPOS="893" HPOS="164"/>
							<String ID="string_72" HPOS="712" VPOS="891" WIDTH="108" HEIGHT="27" WC="0.21" CONTENT="11,000/—"/>
						</TextLine>
						<TextLine ID="line_17" HPOS="92" VPOS="904" WIDTH="547" HEIGHT="62">
							<String ID="string_73" HPOS="92" VPOS="922" WIDTH="174" HEIGHT="35" WC="0.91" CONTENT="Resekostnader"/><SP WIDTH="10" VPOS="922" HPOS="266"/>
							<String ID="string_74" HPOS="276" VPOS="908" WIDTH="39" HEIGHT="39" WC="0.92" CONTENT="för"/><SP WIDTH="8" VPOS="908" HPOS="315"/>
							<String ID="string_75" HPOS="323" VPOS="904" WIDTH="204" HEIGHT="53" WC="0.92" CONTENT="skolinspektioner,"/><SP WIDTH="0" VPOS="904" HPOS="527"/>
							<String ID="string_76" HPOS="527" VPOS="908" WIDTH="4" HEIGHT="4" WC="0.51" CONTENT="|"/><SP WIDTH="7" VPOS="908" HPOS="531"/>
							<String ID="string_77" HPOS="538" VPOS="908" WIDTH="101" HEIGHT="58" WC="0.53" CONTENT="förslags-"/>
						</TextLine>
						<TextLine ID="line_18" HPOS="120" VPOS="960" WIDTH="701" HEIGHT="27">
							<String ID="string_78" HPOS="120" VPOS="960" WIDTH="31" HEIGHT="21" WC="0.88" CONTENT="vis"/><SP WIDTH="18" VPOS="960" HPOS="151"/>
							<String ID="string_79" HPOS="169" VPOS="977" WIDTH="4" HEIGHT="4" WC="0.88" CONTENT="."/><SP WIDTH="539" VPOS="977" HPOS="173"/>
							<String ID="string_80" HPOS="712" VPOS="960" WIDTH="109" HEIGHT="27" WC="0.53" CONTENT="12,000—"/>
						</TextLine>
						<TextLine ID="line_19" HPOS="93" VPOS="973" WIDTH="547" HEIGHT="54">
							<String ID="string_81" HPOS="93" VPOS="991" WIDTH="80" HEIGHT="36" WC="0.91" CONTENT="Anslag"/><SP WIDTH="25" VPOS="991" HPOS="173"/>
							<String ID="string_82" HPOS="198" VPOS="977" WIDTH="47" HEIGHT="38" WC="0.82" CONTENT="för"/><SP WIDTH="11" VPOS="977" HPOS="245"/>
							<String ID="string_83" HPOS="256" VPOS="973" WIDTH="174" HEIGHT="54" WC="0.90" CONTENT="folkskolmöten,"/><SP WIDTH="26" VPOS="973" HPOS="430"/>
							<String ID="string_84" HPOS="456" VPOS="977" WIDTH="127" HEIGHT="39" WC="0.92" CONTENT="honorarier"/><SP WIDTH="15" VPOS="977" HPOS="583"/>
							<String ID="string_85" HPOS="598" VPOS="977" WIDTH="42" HEIGHT="38" WC="0.79" CONTENT="för"/>
						</TextLine>
						<TextLine ID="line_20" HPOS="121" VPOS="1029" WIDTH="518" HEIGHT="21">
							<String ID="string_86" HPOS="121" VPOS="1029" WIDTH="174" HEIGHT="21" WC="0.92" CONTENT="folkskolböcker"/><SP WIDTH="18" VPOS="1029" HPOS="295"/>
							<String ID="string_87" HPOS="313" VPOS="1031" WIDTH="57" HEIGHT="19" WC="0.96" CONTENT="samt"/><SP WIDTH="10" VPOS="1031" HPOS="370"/>
							<String ID="string_88" HPOS="380" VPOS="1029" WIDTH="68" HEIGHT="21" WC="0.96" CONTENT="andra"/><SP WIDTH="10" VPOS="1029" HPOS="448"/>
							<String ID="string_89" HPOS="458" VPOS="1029" WIDTH="139" HEIGHT="21" WC="0.93" CONTENT="oförutsedda"/><SP WIDTH="10" VPOS="1029" HPOS="597"/>
							<String ID="string_90" HPOS="607" VPOS="1031" WIDTH="32" HEIGHT="19" WC="0.93" CONTENT="ut-"/>
						</TextLine>
						<TextLine ID="line_21" HPOS="121" VPOS="1063" WIDTH="702" HEIGHT="27">
							<String ID="string_91" HPOS="121" VPOS="1063" WIDTH="64" HEIGHT="27" WC="0.92" CONTENT="gifter"/><SP WIDTH="20" VPOS="1063" HPOS="185"/>
							<String ID="string_92" HPOS="205" VPOS="1080" WIDTH="4" HEIGHT="4" WC="0.92" CONTENT="."/><SP WIDTH="517" VPOS="1080" HPOS="209"/>
							<String ID="string_93" HPOS="726" VPOS="1063" WIDTH="97" HEIGHT="27" WC="0.45" CONTENT="4,000|—|"/>
						</TextLine>
						<TextLine ID="line_22" HPOS="93" VPOS="1080" WIDTH="548" HEIGHT="39">
							<String ID="string_94" HPOS="93" VPOS="1098" WIDTH="99" HEIGHT="21" WC="0.92" CONTENT="Arvoden"/><SP WIDTH="16" VPOS="1098" HPOS="192"/>
							<String ID="string_95" HPOS="208" VPOS="1099" WIDTH="23" HEIGHT="20" WC="0.96" CONTENT="ät"/><SP WIDTH="15" VPOS="1099" HPOS="231"/>
							<String ID="string_96" HPOS="246" VPOS="1080" WIDTH="165" HEIGHT="39" WC="0.96" CONTENT="folkskollärare"/><SP WIDTH="10" VPOS="1080" HPOS="411"/>
							<String ID="string_97" HPOS="421" VPOS="1080" WIDTH="45" HEIGHT="39" WC="0.84" CONTENT="och"/><SP WIDTH="11" VPOS="1080" HPOS="466"/>
							<String ID="string_98" HPOS="477" VPOS="1080" WIDTH="121" HEIGHT="39" WC="0.90" CONTENT="Järarinnor"/><SP WIDTH="2" VPOS="1080" HPOS="598"/>
							<String ID="string_99" HPOS="600" VPOS="1080" WIDTH="41" HEIGHT="39" WC="0.79" CONTENT="för"/>
						</TextLine>
						<TextLine ID="line_23" HPOS="122" VPOS="1132" WIDTH="519" HEIGHT="21">
							<String ID="string_100" HPOS="122" VPOS="1132" WIDTH="127" HEIGHT="21" WC="0.92" CONTENT="utbildande"/><SP WIDTH="23" VPOS="1132" HPOS="249"/>
							<String ID="string_101" HPOS="272" VPOS="1132" WIDTH="23" HEIGHT="21" WC="0.93" CONTENT="af"/><SP WIDTH="20" VPOS="1132" HPOS="295"/>
							<String ID="string_102" HPOS="315" VPOS="1133" WIDTH="72" HEIGHT="20" WC="0.92" CONTENT="lärare"/><SP WIDTH="23" VPOS="1133" HPOS="387"/>
							<String ID="string_103" HPOS="410" VPOS="1133" WIDTH="39" HEIGHT="20" WC="0.93" CONTENT="och"/><SP WIDTH="23" VPOS="1133" HPOS="449"/>
							<String ID="string_104" HPOS="472" VPOS="1132" WIDTH="121" HEIGHT="21" WC="0.92" CONTENT="lärarinnor"/><SP WIDTH="16" VPOS="1132" HPOS="593"/>
							<String ID="string_105" HPOS="609" VPOS="1132" WIDTH="32" HEIGHT="21" WC="0.96" CONTENT="för"/>
						</TextLine>
						<TextLine ID="line_24" HPOS="122" VPOS="1166" WIDTH="701" HEIGHT="27">
							<String ID="string_106" HPOS="122" VPOS="1167" WIDTH="121" HEIGHT="20" WC="0.92" CONTENT="smäskolor"/><SP WIDTH="144" VPOS="1167" HPOS="243"/>
							<String ID="string_107" HPOS="387" VPOS="1183" WIDTH="4" HEIGHT="4" WC="0.46" CONTENT="ä"/><SP WIDTH="68" VPOS="1183" HPOS="391"/>
							<String ID="string_108" HPOS="459" VPOS="1183" WIDTH="4" HEIGHT="4" WC="0.77" CONTENT="E"/><SP WIDTH="264" VPOS="1183" HPOS="463"/>
							<String ID="string_109" HPOS="727" VPOS="1166" WIDTH="62" HEIGHT="27" WC="0.84" CONTENT="2,000|"/><SP WIDTH="9" VPOS="1166" HPOS="789"/>
							<String ID="string_110" HPOS="798" VPOS="1178" WIDTH="25" HEIGHT="3" WC="0.91" CONTENT="—"/>
						</TextLine>
						<TextLine ID="line_25" HPOS="95" VPOS="1183" WIDTH="547" HEIGHT="44">
							<String ID="string_111" HPOS="95" VPOS="1201" WIDTH="124" HEIGHT="21" WC="0.92" CONTENT="Understöd"/><SP WIDTH="23" VPOS="1201" HPOS="219"/>
							<String ID="string_112" HPOS="242" VPOS="1202" WIDTH="22" HEIGHT="20" WC="0.93" CONTENT="ät"/><SP WIDTH="20" VPOS="1202" HPOS="264"/>
							<String ID="string_113" HPOS="284" VPOS="1201" WIDTH="119" HEIGHT="22" WC="0.92" CONTENT="folkskolor"/><SP WIDTH="15" VPOS="1201" HPOS="403"/>
							<String ID="string_114" HPOS="418" VPOS="1183" WIDTH="33" HEIGHT="39" WC="0.94" CONTENT="för"/><SP WIDTH="15" VPOS="1183" HPOS="451"/>
							<String ID="string_115" HPOS="466" VPOS="1183" WIDTH="139" HEIGHT="39" WC="0.0" CONTENT="naene"/><SP WIDTH="25" VPOS="1183" HPOS="605"/>
							<String ID="string_116" HPOS="630" VPOS="1183" WIDTH="11" HEIGHT="44" WC="0.95" CONTENT="i"/><SP WIDTH="-6" VPOS="1183" HPOS="641"/>
							<String ID="string_117" HPOS="635" VPOS="1201" WIDTH="7" HEIGHT="21" WC="0.97" CONTENT="i"/>
						</TextLine>
						<TextLine ID="line_26" HPOS="123" VPOS="1235" WIDTH="701" HEIGHT="27">
							<String ID="string_118" HPOS="123" VPOS="1235" WIDTH="83" HEIGHT="27" WC="0.93" CONTENT="verklig"/><SP WIDTH="14" VPOS="1235" HPOS="206"/>
							<String ID="string_119" HPOS="220" VPOS="1235" WIDTH="137" HEIGHT="27" WC="0.52" CONTENT="handslöjd"/><SP WIDTH="-13" VPOS="1235" HPOS="357"/>
							<String ID="string_120" HPOS="344" VPOS="1231" WIDTH="15" HEIGHT="36" WC="0.93" CONTENT="."/><SP WIDTH="101" VPOS="1231" HPOS="359"/>
							<String ID="string_121" HPOS="460" VPOS="1252" WIDTH="4" HEIGHT="4" WC="0.52" CONTENT="e"/><SP WIDTH="31" VPOS="1252" HPOS="464"/>
							<String ID="string_122" HPOS="495" VPOS="1252" WIDTH="5" HEIGHT="5" WC="0.26" CONTENT="sa"/><SP WIDTH="228" VPOS="1252" HPOS="500"/>
							<String ID="string_123" HPOS="728" VPOS="1235" WIDTH="96" HEIGHT="27" WC="0.67" CONTENT="6,000/—"/>
						</TextLine>
						<TextLine ID="line_27" HPOS="94" VPOS="1251" WIDTH="548" HEIGHT="45">
							<String ID="string_124" HPOS="94" VPOS="1270" WIDTH="82" HEIGHT="26" WC="0.96" CONTENT="Bidrag"/><SP WIDTH="15" VPOS="1270" HPOS="176"/>
							<String ID="string_125" HPOS="191" VPOS="1270" WIDTH="34" HEIGHT="21" WC="0.96" CONTENT="till"/><SP WIDTH="16" VPOS="1270" HPOS="225"/>
							<String ID="string_126" HPOS="241" VPOS="1276" WIDTH="26" HEIGHT="15" WC="0.93" CONTENT="en"/><SP WIDTH="16" VPOS="1276" HPOS="267"/>
							<String ID="string_127" HPOS="283" VPOS="1270" WIDTH="169" HEIGHT="26" WC="0.92" CONTENT="pensionskassa"/><SP WIDTH="18" VPOS="1270" HPOS="452"/>
							<String ID="string_128" HPOS="470" VPOS="1270" WIDTH="34" HEIGHT="21" WC="0.97" CONTENT="för"/><SP WIDTH="14" VPOS="1270" HPOS="504"/>
							<String ID="string_129" HPOS="518" VPOS="1251" WIDTH="124" HEIGHT="40" WC="0.81" CONTENT="folkskollä-"/>
						</TextLine>
						<TextLine ID="line_28" HPOS="123" VPOS="1303" WIDTH="702" HEIGHT="27">
							<String ID="string_130" HPOS="123" VPOS="1310" WIDTH="61" HEIGHT="15" WC="0.91" CONTENT="rares"/><SP WIDTH="16" VPOS="1310" HPOS="184"/>
							<String ID="string_131" HPOS="200" VPOS="1304" WIDTH="67" HEIGHT="22" WC="0.91" CONTENT="enkor"/><SP WIDTH="16" VPOS="1304" HPOS="267"/>
							<String ID="string_132" HPOS="283" VPOS="1304" WIDTH="39" HEIGHT="22" WC="0.96" CONTENT="och"/><SP WIDTH="15" VPOS="1304" HPOS="322"/>
							<String ID="string_133" HPOS="337" VPOS="1304" WIDTH="54" HEIGHT="21" WC="0.96" CONTENT="barn"/><SP WIDTH="104" VPOS="1304" HPOS="391"/>
							<String ID="string_134" HPOS="495" VPOS="1321" WIDTH="5" HEIGHT="4" WC="0.69" CONTENT="N"/><SP WIDTH="216" VPOS="1321" HPOS="500"/>
							<String ID="string_135" HPOS="716" VPOS="1303" WIDTH="109" HEIGHT="27" WC="0.64" CONTENT="10,000|—"/>
						</TextLine>
						<TextLine ID="line_29" HPOS="95" VPOS="1338" WIDTH="730" HEIGHT="28">
							<String ID="string_136" HPOS="95" VPOS="1338" WIDTH="43" HEIGHT="22" WC="0.93" CONTENT="För"/><SP WIDTH="15" VPOS="1338" HPOS="138"/>
							<String ID="string_137" HPOS="153" VPOS="1338" WIDTH="208" HEIGHT="28" WC="0.92" CONTENT="fängelseväsendet,"/><SP WIDTH="16" VPOS="1338" HPOS="361"/>
							<String ID="string_138" HPOS="377" VPOS="1338" WIDTH="125" HEIGHT="28" WC="0.93" CONTENT="förslagsvis"/><SP WIDTH="199" VPOS="1338" HPOS="502"/>
							<String ID="string_139" HPOS="701" VPOS="1338" WIDTH="124" HEIGHT="26" WC="0.0" CONTENT="300,000/-—"/>
						</TextLine>
						<TextLine ID="line_30" HPOS="95" VPOS="1354" WIDTH="549" HEIGHT="40">
							<String ID="string_140" HPOS="95" VPOS="1373" WIDTH="124" HEIGHT="21" WC="0.92" CONTENT="Kostnader"/><SP WIDTH="22" VPOS="1373" HPOS="219"/>
							<String ID="string_141" HPOS="241" VPOS="1373" WIDTH="33" HEIGHT="21" WC="0.93" CONTENT="för"/><SP WIDTH="23" VPOS="1373" HPOS="274"/>
							<String ID="string_142" HPOS="297" VPOS="1373" WIDTH="80" HEIGHT="21" WC="0.92" CONTENT="värden"/><SP WIDTH="21" VPOS="1373" HPOS="377"/>
							<String ID="string_143" HPOS="398" VPOS="1373" WIDTH="23" HEIGHT="21" WC="0.93" CONTENT="af"/><SP WIDTH="14" VPOS="1373" HPOS="421"/>
							<String ID="string_144" HPOS="435" VPOS="1372" WIDTH="132" HEIGHT="22" WC="0.90" CONTENT="Ständernas"/><SP WIDTH="16" VPOS="1372" HPOS="567"/>
							<String ID="string_145" HPOS="583" VPOS="1354" WIDTH="61" HEIGHT="40" WC="0.96" CONTENT="arkiv"/>
						</TextLine>
						<TextLine ID="line_31" HPOS="125" VPOS="1406" WIDTH="702" HEIGHT="28">
							<String ID="string_146" HPOS="125" VPOS="1414" WIDTH="27" HEIGHT="14" WC="0.93" CONTENT="m."/><SP WIDTH="16" VPOS="1414" HPOS="152"/>
							<String ID="string_147" HPOS="168" VPOS="1414" WIDTH="34" HEIGHT="20" WC="0.87" CONTENT="m.,"/><SP WIDTH="17" VPOS="1414" HPOS="202"/>
							<String ID="string_148" HPOS="219" VPOS="1407" WIDTH="138" HEIGHT="27" WC="0.90" CONTENT="förslagsvis."/><SP WIDTH="32" VPOS="1407" HPOS="357"/>
							<String ID="string_149" HPOS="389" VPOS="1424" WIDTH="4" HEIGHT="4" WC="0.83" CONTENT="."/><SP WIDTH="32" VPOS="1424" HPOS="393"/>
							<String ID="string_150" HPOS="425" VPOS="1424" WIDTH="3" HEIGHT="5" WC="0.69" CONTENT="."/><SP WIDTH="32" VPOS="1424" HPOS="428"/>
							<String ID="string_151" HPOS="460" VPOS="1423" WIDTH="5" HEIGHT="5" WC="0.47" CONTENT="«&lt;"/><SP WIDTH="31" VPOS="1423" HPOS="465"/>
							<String ID="string_152" HPOS="496" VPOS="1423" WIDTH="5" HEIGHT="5" WC="0.60" CONTENT="&lt;"/><SP WIDTH="31" VPOS="1423" HPOS="501"/>
							<String ID="string_153" HPOS="532" VPOS="1423" WIDTH="4" HEIGHT="5" WC="0.44" CONTENT="»"/><SP WIDTH="31" VPOS="1423" HPOS="536"/>
							<String ID="string_154" HPOS="567" VPOS="1423" WIDTH="5" HEIGHT="5" WC="0.28" CONTENT="+»"/><SP WIDTH="31" VPOS="1423" HPOS="572"/>
							<String ID="string_155" HPOS="603" VPOS="1423" WIDTH="5" HEIGHT="5" WC="0.48" CONTENT="«+"/><SP WIDTH="30" VPOS="1423" HPOS="608"/>
							<String ID="string_156" HPOS="638" VPOS="1422" WIDTH="5" HEIGHT="6" WC="0.15" CONTENT="&amp;"/><SP WIDTH="88" VPOS="1422" HPOS="643"/>
							<String ID="string_157" HPOS="731" VPOS="1406" WIDTH="96" HEIGHT="26" WC="0.36" CONTENT="1,200|—"/>
						</TextLine>
						<TextLine ID="line_32" HPOS="526" VPOS="1447" WIDTH="117" HEIGHT="27">
							<String ID="string_158" HPOS="526" VPOS="1447" WIDTH="117" HEIGHT="27" WC="0.96" CONTENT="Transport"/>
						</TextLine>
					</TextBlock>
				</ComposedBlock>
				<ComposedBlock ID="cblock_6" HPOS="681" VPOS="1447" WIDTH="151" HEIGHT="50">
					<TextBlock ID="block_1" HPOS="681" VPOS="1447" WIDTH="151" HEIGHT="50">
						<TextLine ID="line_33" HPOS="681" VPOS="1447" WIDTH="151" HEIGHT="27">
							<String ID="string_159" HPOS="681" VPOS="1447" WIDTH="151" HEIGHT="27" WC="0.65" CONTENT="1,274,768/33!"/>
						</TextLine>
						<TextLine ID="line_34" HPOS="743" VPOS="1481" WIDTH="21" HEIGHT="16">
							<String ID="string_160" HPOS="743" VPOS="1481" WIDTH="21" HEIGHT="16" WC="0.96" CONTENT="12"/>
						</TextLine>
					</TextBlock>
				</ComposedBlock>
			</PrintSpace>
		</Page>
	</Layout>
</alto>
