1031 1673
212 128 25 21 14
399 128 183 24 Ständerhuset.
600 140 24 4 —
640 128 42 23 N:o
696 128 21 22 2.

181 193 60 19 utom
263 191 165 27 tidsutdrägten,
449 198 46 15 som
516 192 69 21 måste
605 191 123 22 förorsakas
743 191 46 21 dels
805 191 22 21 af
841 190 97 28 platsens

181 226 134 26 reglerande,
331 226 46 21 dels
392 226 25 21 af
429 226 137 28 mynthusets
581 225 194 26 undanskaffande,
789 225 148 27 väsendtligen

180 260 79 21 endast
274 260 105 22 närheten
395 260 33 22 till
443 260 66 28 ryska
524 260 85 28 kyrkan
625 260 40 22 och
681 261 48 21 dess
745 260 120 22 klocktorn.

252 300 132 28 Helsingfors
400 302 41 20 den
457 302 29 20 22
502 301 42 28 maj
561 301 63 21 1882.

250 398 10 20 I
279 398 71 21 denna
368 398 73 27 frågas
462 398 134 27 behandling
614 398 65 21 hafva
699 397 98 28 deltagit:
822 398 36 21 hrr
874 397 22 21 C.
913 397 25 21 G.

182 432 122 25 Estlander,
325 432 136 26 ordförande,
480 433 25 21 A.
521 432 129 26 Schauman,
667 432 32 21 W.
715 433 79 27 Lagus,
811 432 27 21 M.
855 432 84 21 Tande-

182 466 45 26 felt,
243 467 24 20 F.
284 466 32 21 W.
332 467 149 26 Fredriksson,
499 467 25 21 A.
542 467 31 21 W.
589 467 64 27 Lyra,
668 467 25 21 L.
709 467 130 27 Borgström,
856 467 23 21 V.
896 461 43 26 Öh-

182 500 59 28 berg,
264 501 23 21 F.
304 501 83 26 Heikel,
410 501 24 22 B.
450 501 24 22 E.
491 501 128 26 Hollmerus,
642 502 15 21 I.
674 501 24 22 E.
711 501 127 28 Rosenberg
858 501 39 22 och
913 501 25 22 K.

183 535 96 22 Hannus.

427 629 265 18 Reservation.

253 672 78 22 Kallad
346 675 33 19 att
394 680 46 15 som
455 673 118 28 suppleant
584 673 104 28 deltaga
681 668 13 38 i
701 673 120 22 Utskottets
831 680 107 14 samman-

183 708 62 21 träde
263 707 34 22 för
317 707 131 28 behandling
464 708 25 22 af
502 709 37 20 det
554 708 33 21 till
602 708 149 22 betänkandet
771 707 76 28 fogade
868 707 70 26 tilläg-

182 744 43 25 get,
241 749 64 14 anser
317 742 38 27 jag
375 742 44 27 mig
438 742 53 22 böra
510 742 176 22 reservationsvis
709 742 93 26 anmäla,
817 744 34 19 att
863 742 38 27 jag
917 742 19 27 ej

183 775 84 22 kunnat
283 775 50 22 dela
348 776 121 22 Utskottets
483 777 143 28 uppfattning
642 777 80 24 derom,
735 778 32 19 att
781 783 78 20 genom
874 776 62 21 Stän-

183 809 113 22 derhusets
312 809 101 29 flyttning
429 811 66 27 något
510 811 23 21 åt
549 812 58 19 öster
622 810 169 28 olägenheterna
801 810 25 21 af
834 811 47 20 dess
892 810 45 28 pla-

184 844 73 27 cering
272 845 30 27 på
317 844 209 28 Myntverkstomten
545 852 51 14 vore
616 844 149 28 väsendtligen
788 845 148 21 undanrödda.

181 878 160 22 Ständerhuset
356 879 85 22 komme
456 880 30 27 på
501 880 72 20 denna
588 879 58 27 plats
661 878 134 22 fortfarande
811 881 32 19 att
854 880 33 20 stå
897 879 41 21 iso-

182 912 71 22 leradt
268 912 48 22 från
332 912 43 22 alla
389 914 70 21 andra
473 913 125 28 byggnader
614 914 48 20 med
672 912 104 22 likartadt
787 913 100 21 ändamål
898 913 40 21 och

182 946 106 28 omgifvas
308 948 29 26 på
351 954 27 14 en
394 948 47 21 sida
459 948 24 21 af
501 948 64 27 ryska
588 947 83 28 kyrkan
690 947 41 22 och
749 948 28 26 på
793 948 26 20 de
835 947 68 28 öfriga
917 948 25 21 af

180 981 161 27 jernvägsspår,
357 982 126 27 lyftkranar,
500 982 123 27 magasiner
637 981 40 22 och
693 981 104 27 packhus,
812 982 73 21 hvilka
897 982 43 22 alla

183 1015 53 22 hvar
255 1015 33 21 för
308 1016 32 26 sig
355 1019 150 24 representera
526 1016 63 28 högst
609 1016 135 27 berättigade
767 1016 172 26 samhällsbehof,

184 1056 49 16 men
249 1050 19 27 ej
284 1049 66 22 hafva
367 1051 42 20 den
428 1051 80 21 minsta
529 1050 133 28 gemenskap
681 1051 50 20 med
750 1052 32 19 ett
798 1050 140 27 parlaments-

184 1084 46 21 hus.
260 1084 133 28 Byggnaden
411 1084 85 22 komme
512 1084 64 22 äfven
591 1084 46 26 här,
653 1091 35 14 om
703 1084 41 21 ock
759 1084 6 20 i
780 1084 83 21 mindre
879 1085 59 26 grad.

183 1120 29 20 än
228 1120 28 26 på
272 1120 42 20 den
329 1119 25 21 af
368 1119 110 21 Utskottet
497 1119 92 27 tidigare
612 1118 107 28 påtänkta
738 1118 93 28 platsen,
849 1120 32 20 att
897 1120 42 20 stö-

184 1154 66 20 rande
266 1153 90 21 inverka
371 1154 29 26 på
415 1154 139 21 Skatuddens
569 1154 34 21 för
613 1154 26 20 de
650 1153 159 22 kommersiella
819 1153 121 21 intressena

181 1186 93 22 afsedda
288 1188 109 21 ändamål.
428 1188 201 27 Stadsfullmäktige
640 1188 7 20 i
657 1187 134 27 Helsingfors
807 1187 64 22 hafva
881 1189 59 20 näm-

183 1221 58 27 ligen
261 1222 68 27 jemte
348 1222 160 27 godkännande
524 1222 25 21 af
561 1229 26 14 en
603 1222 118 21 förändrad
744 1221 89 28 kajlinie
849 1222 13 20 å
877 1221 62 22 Skat-

184 1256 84 20 uddens
283 1256 65 20 södra
365 1257 83 22 strand,
464 1256 33 22 för
512 1256 25 21 så
551 1256 46 21 vidt
613 1256 13 20 å
641 1256 48 21 dem
704 1255 133 25 ankommer,
852 1255 88 21 beslutit

182 1291 47 20 ”att
244 1289 50 21 hela
308 1290 37 21 det
361 1291 95 25 område,
473 1297 44 14 som
534 1290 67 27 enligt
615 1290 101 27 gällande
733 1289 112 27 stadsplan
861 1292 78 25 uppto-

182 1330 39 21 ges
239 1324 24 21 af
279 1326 115 25 gvarteren
415 1324 52 21 n:ris
486 1324 49 25 150,
554 1324 41 21 151
614 1324 40 21 och
671 1324 43 21 152
731 1324 68 28 jemte
821 1324 119 28 mellanlig-

182 1358 72 27 gande
277 1357 176 28 trädplantering
471 1358 39 22 och
530 1358 111 26 båthamn,
660 1358 111 28 äfvensom
787 1360 105 25 qvarteret
906 1366 35 14 n:o

183 1394 46 19 142
243 1392 112 28 (Rönnen)
371 1392 50 22 eller
437 1393 128 21 åtminstone
580 1388 34 36 sår
621 1394 44 20 stor
680 1393 33 21 del
728 1392 69 28 deraf,
812 1399 45 14 som
867 1393 21 26 ej
897 1393 43 21 kan

182 1433 65 15 anses
262 1426 149 28 behöfligt
378 1422 38 37 för
421 1427 135 27 myntverket,
569 1434 120 15 reserveras
699 1427 134 21 uteslutande
839 1426 40 28 för
889 1427 51 21 han-

182 1460 62 22 delns
258 1460 37 22 och
310 1460 119 28 sjöfartens
445 1460 66 29 behof,
523 1461 7 21 i
541 1461 81 22 hvilket
638 1461 102 22 afseende
756 1460 72 22 dertill
837 1460 105 28 lämpliga
