1025 1670
199 123 11 17 2
471 122 23 19 U.
506 122 24 19 B.
544 132 23 3 —
579 121 65 20 XXIII

176 180 81 27 frågor,
282 187 44 14 som
349 181 71 21 kunde
442 180 113 22 föranleda
577 181 32 20 till
633 180 116 27 ändringar
764 180 7 21 i
786 180 149 27 Reglementet

175 214 33 21 för
232 215 103 21 Finlands
358 215 57 20 bank
437 215 23 21 af
478 215 41 21 den
539 215 27 21 27
585 215 50 21 Juni
655 214 62 26 1878,
737 216 56 19 samt
811 215 6 20 i
837 213 98 28 gällande

176 249 133 21 Instruktion
335 249 34 21 för
395 249 197 27 Bankfullmäktige
618 249 28 26 pä
672 249 41 21 den
735 249 69 26 grund
829 249 40 21 här
890 249 45 20 ute-

174 283 78 26 slutna,
282 285 32 20 att
344 283 112 22 Utskottet
485 283 34 22 för
545 283 106 21 vinnande
677 283 23 21 af
725 285 74 19 större
821 283 52 21 reda
897 282 38 22 och

176 317 154 27 sammanhang
355 317 70 22 funnit
447 318 99 26 lämpligt
569 319 31 20 att
622 317 91 22 rörande
733 317 19 27 ej
768 317 83 21 mindre
870 317 26 21 de
915 316 22 22 af

177 351 197 27 Bankfullmäktige
404 352 77 21 väckta
511 351 63 22 äfven
600 352 27 21 de
654 352 58 21 inom
739 351 111 22 Utskottet
872 351 63 22 fram-

178 386 70 21 stälda
271 386 81 27 förslag
366 386 33 21 till
423 386 72 27 dylika
517 387 116 26 ändringar
647 386 109 21 inkomma
771 386 48 21 med
835 385 101 22 särskildt

176 420 142 21 betänkande.

246 489 35 21 Då
296 489 102 21 Finlands
413 489 57 21 bank
486 489 68 27 enligt
571 490 9 20 1
598 489 11 27 $
625 489 7 21 i
643 489 200 26 bankreglementet
852 488 39 21 har
901 488 34 21 till

176 523 33 21 sin
232 523 92 21 främsta
345 523 84 27 uppgift
452 525 31 19 att
503 523 147 27 upprätthälla
665 523 77 27 stadga
757 522 39 22 och
812 522 101 22 säkerhet
928 522 7 20 i

177 557 85 21 landets
284 558 178 26 penningeväsen,
485 558 37 21 vill
545 558 168 20 Bankutskottet
733 557 62 27 börja
817 557 32 21 sin
871 556 64 21 fram-

176 592 104 27 ställning
302 592 49 21 med
374 594 31 19 att
427 592 83 27 päpeka
528 592 68 27 nägra
611 592 66 21 bland
693 592 26 21 de
734 591 115 27 vigtigaste
865 590 70 27 ätgär-

176 626 45 26 der,
244 626 74 21 hvilka
340 627 68 20 under
431 629 84 19 senaste
532 627 155 26 femärsperiod
703 627 7 20 i
725 626 76 21 sädant
817 625 54 28 syfte
886 625 49 21 blif-

175 660 31 21 vit
222 660 23 21 af
259 660 215 28 bankförvaltningen
494 661 108 27 vidtagna.
632 661 117 27 Angäende
767 660 70 21 denna
852 659 46 22 sida
913 659 24 21 af

175 695 98 21 bankens
295 695 137 22 verksamhet
453 696 42 21 kan
514 695 112 22 Utskottet
640 695 70 21 uttala
725 695 36 21 det
775 694 158 25 totalomdöme,

176 730 38 25 att,
228 729 68 27 jemte
312 729 37 21 det
363 729 95 22 bankens
474 730 98 27 förmäga
587 731 31 20 att
633 730 36 21 vid
680 729 114 22 anfordran
810 729 68 21 inlösa
889 729 46 20 sina

176 763 74 22 sedlar
275 764 47 21 med
346 764 117 27 guldmynt,
487 765 31 20 alt
537 765 65 20 sedan
619 765 59 20 detta
693 763 46 22 blef
753 764 36 21 det
803 763 80 26 lagliga
898 763 36 20 be-

175 797 185 27 talningsmedlet,
376 798 70 27 aldrig
461 799 75 21 behöft
551 805 37 15 ens
604 800 68 20 sättas
687 799 8 20 i
710 798 67 27 fräga,
791 797 142 22 allmänheten

176 831 19 27 ej
219 831 69 22 heller
308 832 35 20 vid
360 833 69 26 nägon
444 833 100 27 tidpunkt
559 833 91 21 förlorat
665 833 37 21 det
717 832 117 27 tryggande
849 831 85 21 medve-

175 866 75 21 tandet
271 867 31 19 att
322 866 96 22 bankens
434 867 102 27 ställning
550 867 79 27 jemväl
645 867 62 21 alltid
722 866 74 21 tillätit
811 866 124 21 densamma

176 901 32 19 att
230 902 46 19 mot
299 900 90 27 behörig
411 901 101 21 säkerhet
535 901 131 26 tillmötesgå
689 900 102 22 behofvet
813 900 23 21 af
857 899 76 21 kredit.

175 934 66 21 Detta
257 934 135 22 förhällande
408 936 23 20 är
447 935 23 21 af
483 936 24 20 sä
523 936 85 26 mycket
622 937 71 19 större
703 934 116 28 betydelse,
831 940 45 15 som
887 934 48 20 värt

175 968 51 21 land
242 968 69 22 under
326 969 37 21 det
378 976 50 20 nyss
443 970 157 27 tilländalupna
616 970 75 20 skiftet
705 968 124 28 genomgätt
845 968 18 27 ej
879 968 56 20 blott

176 1008 26 15 en
225 1002 51 21 svär
295 1002 110 22 affärskris
421 1006 51 19 utan
488 1004 40 22 ock
544 1005 26 21 de
586 1004 132 26 rubbningar
732 1004 27 26 pä
775 1004 36 20 det
827 1002 107 22 ekonomi-

175 1036 39 22 ska
238 1037 104 26 omrädet,
362 1038 73 21 hvilka
454 1038 61 22 alltid
535 1038 76 28 ätfölja
627 1038 144 27 öfvergängen
786 1038 47 20 frän
850 1043 25 15 en
891 1042 42 16 me-

174 1070 40 21 tall
230 1070 34 21 till
280 1077 26 15 en
322 1077 70 16 annan
409 1072 71 21 säsom
495 1073 39 21 bas
549 1073 34 21 för
598 1073 169 27 myntväsendet.

245 1105 126 22 Införandet
395 1106 24 21 af
439 1107 145 27 guldmyntfot
607 1108 6 20 i
629 1108 74 20 landet
718 1109 24 19 är
757 1106 127 26 säkerligen,
901 1105 33 21 sä-

175 1144 47 16 som
246 1139 40 21 ock
308 1139 24 21 af
352 1140 198 28 Bankfullmäktige
572 1142 121 26 anmärkes,
717 1142 40 20 den
779 1140 34 21 för
831 1140 102 21 Finlands

173 1173 59 21 bank
254 1174 116 26 vigtigaste
392 1175 134 27 tilldragelse
550 1176 65 21 sedan
635 1176 53 21 sista
707 1176 150 20 ständermöte.
891 1174 43 20 Det

174 1208 69 21 mäste
272 1208 106 22 erkännas
401 1211 32 19 att
456 1210 69 21 denna
551 1210 139 27 myntreform
713 1209 47 21 icke
783 1208 151 22 ästadkommit

174 1242 68 26 nägra
265 1242 134 27 betydligare
423 1244 108 21 allmänna
553 1244 136 21 kalamiteter
708 1244 7 21 i
733 1244 48 20 värt
796 1242 138 22 ekonomiska

174 1275 32 21 lif.
244 1276 32 27 Ty
292 1282 34 15 om
342 1277 41 21 den
399 1278 39 21 ock
454 1279 101 20 störande
570 1279 75 26 ingrep
661 1279 6 20 i
683 1278 78 26 många
776 1277 98 22 enskilda
884 1277 49 21 eko-

174 1310 100 22 nomiska
289 1310 156 27 förhällanden,
462 1312 70 22 säsom
548 1313 37 21 det
600 1313 79 21 mellan
694 1313 128 27 gäldenärer
837 1311 39 21 och
891 1311 42 21 for-

174 1344 141 28 dringsegare
339 1346 54 21 eller
412 1347 78 21 mellan
506 1348 112 26 löntagare
634 1347 39 21 och
689 1347 126 27 löngifvare,
831 1346 24 21 sä
870 1346 64 20 hafva

175 1378 67 22 likväl
258 1379 47 21 icke
320 1379 68 27 nägra
403 1380 86 22 svärare
505 1381 79 27 följder
598 1382 64 21 häraf
675 1382 59 21 trädt
748 1382 7 20 i
771 1381 75 27 dagen,
862 1379 73 21 hvilka

175 1412 70 22 skulle
268 1413 72 22 kunna
362 1415 137 22 uteslutande
522 1416 127 21 tillskrifvas
667 1416 174 28 myntreformen.
871 1413 62 23 Hvad

244 1453 139 18 Bankutskottets
394 1455 91 17 berättelse.
