1014 1664
464 122 16 21 I.
794 122 25 20 13

91 190 43 21 kan
150 191 31 20 uti
197 190 89 27 afgifvet
301 197 49 15 svar
365 192 28 26 på
409 192 79 26 nådiga
509 192 162 26 propositionen
691 192 110 26 angående
816 191 31 20 in-

91 224 90 22 förande
197 224 23 22 af
234 225 59 21 skatt
311 225 34 21 för
365 226 91 26 hundar,
477 226 39 20 har
532 226 60 20 Hans
608 226 121 26 Kejserliga
745 226 103 26 Majestät

93 259 50 21 låtit
158 260 40 20 den
215 260 27 20 20
258 260 42 26 Maj
320 260 52 20 1878
389 260 89 21 utfärda
492 260 127 26 förordning
634 262 7 19 i
657 262 78 19 ämnet.

165 294 53 20 30:0.
249 294 75 21 Såsom
346 300 48 15 svar
414 294 28 27 på
458 294 78 26 nådiga
552 295 169 26 propositionen,
738 294 109 26 angående

92 328 119 26 utgörande
234 328 22 21 af
278 328 116 26 bevillning
414 329 33 20 för
469 330 54 20 1878
544 329 38 21 och
598 329 123 27 påföljande
737 329 30 25 år,
784 328 64 21 hafva

93 362 120 21 Ständerna
228 363 6 20 i
251 363 171 26 underdånighet
438 364 82 20 anmält
535 365 33 19 att
584 364 32 30 de,
633 364 32 20 för
681 362 134 22 betäckande
826 362 23 20 af

93 397 26 21 de
135 398 80 25 anslag,
232 403 45 15 som
293 398 22 20 af
330 398 47 20 dem
393 398 35 20 vid
446 398 114 20 sisthållna
572 398 102 26 landtdag
685 398 13 20 å
709 398 138 25 bevillnings-

91 431 108 27 budgeten
216 432 104 26 uppförts,
337 434 72 19 ansett
425 434 32 19 att
473 432 84 21 utöfver
574 432 25 21 de
615 432 75 26 medel,
712 432 72 21 hvilka
800 432 47 20 dels

92 466 66 21 redan
174 472 50 14 vore
240 466 33 20 för
292 466 123 21 ändamålet
434 466 123 27 disponibla
573 467 45 21 dels
636 467 115 21 beräknats
771 465 76 27 inflyta

92 506 75 21 genom
184 500 23 21 af
221 500 121 22 Ständerna
356 501 6 20 i
375 501 65 26 öfrigt
451 502 103 24 vidtagna
564 502 152 26 anordningar,
728 508 25 14 en
765 506 82 15 summa

91 534 24 21 af
129 535 97 26 omkring
242 536 91 24 900,000
349 536 61 20 mark
426 542 35 14 om
478 538 47 18 äret
540 536 52 20 eller
608 536 34 20 för
657 536 41 20 fem
715 536 24 20 år
759 535 87 26 vidpass

91 570 114 25 4,500,000
222 570 59 20 mark
292 570 66 21 borde
370 570 186 26 sammanbringas
567 577 76 20 genom
654 571 79 20 allmän
743 570 104 20 inkomst-

91 603 124 27 bevillning,
231 604 54 20 efter
300 604 181 26 hufvudsakligen
497 605 112 21 enahanda
625 605 100 26 grunder,
742 610 46 15 som
805 604 42 20 hit-

91 638 45 20 tills
153 638 56 20 varit
224 639 6 19 i
247 638 73 21 landet
334 638 106 26 gällande,
458 641 57 19 samt
530 641 33 19 att
578 638 121 22 Ständerna
715 638 85 22 derföre
813 638 34 20 för

90 672 183 27 femårsperioden
298 673 140 21 1878—1882
461 673 69 26 åtagit
554 674 33 26 sig
608 674 41 20 slik
670 673 116 26 bevillning
805 672 40 21 lik-

92 707 79 26 mätigt
185 713 25 14 en
227 707 6 20 i
254 707 76 21 sådant
350 707 101 21 afseende
470 707 24 21 af
508 708 47 20 dem
575 710 91 24 antagen
683 708 82 26 stadga.
795 706 50 22 Med

91 740 153 22 föranledande
260 741 63 21 häraf
341 742 38 20 har
399 741 61 21 Hans
480 742 122 26 Kejserliga
621 742 103 26 Majestät
739 742 50 20 låtit
805 741 40 20 den

90 776 29 20 26
133 776 45 20 Juli
196 776 53 20 1878
266 776 86 20 utfärda
367 776 47 21 icke
430 776 93 21 allenast
538 776 129 27 kungörelse
683 776 110 26 angående
804 775 41 21 den

90 809 25 21 af
129 809 119 22 Ständerna
267 810 33 21 för
321 810 50 21 åren
394 811 54 21 1878
468 811 33 21 till
521 811 39 21 och
580 811 49 21 med
646 812 53 20 1882
716 811 79 25 åtagna
811 810 35 20 be-

90 844 96 26 villning,
203 847 50 18 utan
270 845 39 21 ock
325 845 127 27 förordning
468 846 92 20 rörande
576 846 58 20 vissa
644 844 155 27 iakttaganden
810 844 34 20 vid

91 879 150 27 tillämpandet
256 880 23 20 af
288 880 92 20 nämnda
392 880 136 26 kungörelse,
540 880 117 27 hvarjemte
669 879 109 27 Styrelsen
795 878 50 22 aflå-

90 913 28 21 tit
133 914 142 20 cirkulärbref
289 914 33 21 till
338 914 100 26 samtlige
454 914 138 22 Guvernörer
609 914 110 26 angående
740 913 105 21 verkstäl-

90 948 93 26 ligheten
201 948 22 21 af
237 954 81 15 samma
333 948 139 27 kungörelse.

163 982 108 26 Derjemte
297 983 64 21 hafva
384 982 122 22 Ständerna
529 983 97 25 anhållit,
650 985 32 19 att
707 982 138 26 bevillnings-

89 1016 118 27 längderna
222 1017 115 21 framdeles
357 1017 71 21 blefve
448 1018 130 26 upprättade
597 1018 5 20 i
621 1016 223 22 öfverensstämmelse

90 1051 49 21 med
155 1051 33 21 för
204 1051 77 21 sådant
292 1052 100 20 ändamål
404 1052 116 26 afpassade
531 1052 38 21 och
580 1052 24 20 af
613 1051 161 22 vederbörande
785 1056 60 22 myn-

89 1085 75 27 diglet
179 1086 121 26 uppgjorda
315 1086 111 26 formulär,
443 1088 57 20 samt
515 1088 33 20 att
562 1086 61 21 Hans
639 1086 123 27 Kejserliga
777 1085 67 27 Maje-

89 1122 45 19 stät
151 1121 83 20 täcktes
254 1121 44 21 låta
318 1121 32 21 till
370 1121 70 21 denna
463 1121 102 27 landtdag
580 1121 119 21 verkställa
714 1120 93 21 revision
824 1120 23 20 af

88 1154 65 22 redan
170 1154 110 27 befintliga
296 1156 135 25 stadganden
448 1156 6 20 i
471 1158 72 19 ämnet
558 1155 109 22 äfvensom
683 1155 102 21 utarbeta
801 1160 41 21 nya

87 1189 95 26 grunder
205 1189 33 21 för
258 1190 128 26 bevillnings
405 1191 127 26 utgörande.
563 1190 10 21 I
594 1190 115 27 anledning
728 1189 64 21 häraf
806 1189 39 20 har

89 1223 108 27 Styrelsen
221 1224 49 21 låtit
292 1226 98 28 uppgöra
414 1224 40 21 och
474 1225 33 20 till
528 1224 145 21 efterrättelse
688 1224 99 21 faststält
802 1229 43 21 nya

87 1257 104 21 formulär
207 1258 31 21 till
255 1258 227 27 bevillningslängder,
495 1259 91 21 hvarhos
598 1265 26 14 en
636 1258 79 21 komité
726 1259 57 20 varit
793 1257 51 21 ned-

88 1293 45 20 satt
147 1291 33 22 för
195 1293 141 26 uppgörande
355 1293 23 20 af
396 1293 84 26 förslag
499 1293 34 21 till
553 1299 41 21 nya
608 1293 95 26 grunder
720 1292 33 21 för
769 1291 74 22 bevill-

87 1326 63 27 nings
170 1327 126 26 utgörande.
327 1327 71 26 Nådig
422 1328 136 26 proposition
581 1328 6 20 i
611 1329 72 19 ämnet
701 1329 25 18 är
747 1326 12 21 å
775 1327 70 20 denna

87 1360 104 27 landtdag
207 1361 120 21 Ständerna
342 1361 106 26 förelagd.

158 1395 171 22 Vidkommande
349 1395 135 22 Ständernas
504 1396 70 21 tillika
592 1396 76 27 gjorda
688 1395 99 21 anhållan
805 1396 38 24 att,

87 1429 25 21 så
127 1430 61 26 länge
204 1429 66 22 finskt
286 1430 20 21 öl
322 1430 40 21 och
382 1432 75 25 porter
478 1431 6 20 i
500 1431 91 20 Finland
607 1430 147 24 beskattades,
771 1428 73 28 dylika
