1014 1661
345 128 19 20 U.
380 128 20 20 B.
417 139 25 3 —
459 128 103 20 111--XXIL

284 435 234 22 Statsutskottets
536 435 178 22 betänkande
734 435 46 22 N:o
800 435 36 22 9i

215 469 121 29 anledning
361 469 26 23 af
406 469 249 29 Finansexpeditionens
678 469 8 22 i
708 469 128 29 Kejserliga

217 499 95 28 Senaten
327 504 35 22 till
378 504 125 23 Ständerna
518 504 86 29 afgifna
618 504 97 22 relation
725 510 34 17 om
770 503 64 23 stats-

216 539 90 21 verkets
322 539 110 21 tillständ.
594 539 3 2 |

147 602 90 22 Jemlikt
253 604 26 19 27
293 601 13 29 8
317 602 8 21 i
334 602 102 27 gällande
446 602 222 27 Landtdagsordning
678 602 40 22 har
728 602 34 22 till
772 601 63 22 Stän-

79 636 68 22 derna
168 636 152 22 öfverlemnats
344 642 28 16 en
391 636 25 22 af
433 636 234 27 Finansexpeditionen
686 636 8 22 i
712 636 124 28 Kejserliga

79 671 95 23 Senaten
189 671 41 22 den
245 673 26 19 31
287 671 99 22 sistlidne
401 670 92 22 Januari
508 670 99 28 afgifven
621 670 92 22 relation
729 677 33 15 om
772 672 64 20 stats-

79 706 88 21 verkets
188 705 106 26 tillstånd,
315 705 135 22 omfattande
468 705 205 28 kapitalräkningar
692 705 61 22 öfver
772 706 65 21 stats-

81 740 38 21 och
132 739 182 22 militiefonderna
324 739 34 22 för
368 740 53 21 ären
433 741 61 26 1874,
508 741 62 26 1875,
583 741 61 26 1876,
657 741 62 26 1877,
732 741 54 20 1878
797 739 40 22 och

81 775 62 26 1879,
163 774 126 21 summarisk
304 774 94 27 räkning
413 774 61 22 öfver
489 775 109 21 allmänna
612 774 137 22 statsfonden
763 773 35 22 för
811 774 25 21 är

81 810 62 25 1880,
158 809 75 26 kalkyl
249 808 61 23 öfver
324 809 148 22 statsfondens
487 809 121 27 tillgångar
620 809 35 22 till
665 809 139 22 bestridande
814 807 25 22 af

81 844 54 20 1881
152 843 35 21 ärs
203 842 160 28 extrautgifter,
377 843 129 22 summarisk
520 843 107 28 öfversigt
638 843 24 22 af
670 842 166 23 militiefondens

79 877 105 27 ställning
202 877 35 22 för
254 878 53 21 åren
326 879 62 25 1874,
410 880 62 25 1875,
490 880 62 25 1876,
569 880 61 25 1877,
648 880 62 25 1878,
727 879 55 20 1879
798 877 39 21 och

82 913 61 25 1880,
168 912 142 22 summariska
331 912 131 28 öfversigter
480 912 24 22 af
519 912 259 22 militieboställskassans
798 911 39 22 och

81 946 253 27 krigsmanshuskassans
352 946 105 28 ställning
474 946 34 22 för
528 952 81 16 samma
624 947 31 27 är,
671 946 166 27 statsförslagen

81 980 34 22 för
137 981 25 21 år
181 982 54 20 1881
256 980 110 23 äfvensom
385 981 107 22 särskilda
512 980 117 22 relationer
644 988 34 14 om
692 980 146 22 kommunika-

82 1014 141 28 tionsfonden,
239 1015 319 27 bränvinsbränningsskatten,
573 1015 220 27 bevillningsmedlen,
804 1020 34 16 ex-

82 1049 182 28 trabevillningen
286 1049 34 22 till
342 1049 83 22 förmon
449 1049 33 22 för
501 1050 54 21 röda
574 1050 80 27 korset,
674 1048 165 29 lagmanstings-

82 1084 246 27 gästningsspanmälen,
354 1084 79 22 fonden
459 1084 34 22 för
514 1084 84 22 inlösen
620 1084 25 22 af
665 1082 173 28 donationsgods,

83 1118 351 28 stämpelpappersmedelsfonden,
465 1118 190 22 amortissements-
680 1119 40 21 och
743 1117 97 22 undsätt-

82 1152 169 28 ningsfonderna
269 1154 57 20 samt
342 1153 148 22 statsskulden
503 1153 67 27 jemte
586 1159 27 16 en
628 1153 91 22 relation
735 1159 33 15 om
782 1151 59 22 hvad

83 1186 108 28 tilgjordt
205 1187 72 22 blifvit
292 1187 8 22 i
316 1187 117 28 anledning
448 1187 25 22 af
486 1187 179 22 Statsutskottets
680 1187 38 22 vid
734 1188 55 20 1877
804 1186 36 21 års

83 1221 106 28 landtdag
208 1222 77 27 gjorda
300 1221 170 28 anmärkningar
484 1223 58 20 emot
557 1222 29 21 dä
600 1221 86 28 afgifna
700 1221 93 22 relation
808 1227 33 15 om

83 1256 144 22 statsverkets
242 1256 106 22 tillstånd.

153 1290 74 22 Säsom
241 1291 93 21 resultat
349 1291 25 21 af
387 1291 42 22 den
444 1291 136 28 granskning
595 1291 113 22 Utskottet
722 1292 66 25 egnat
798 1295 44 16 om-

84 1323 105 23 förmälda
199 1325 25 21 af
231 1325 103 27 samtliga
344 1325 94 21 ständen
448 1325 34 21 till
492 1325 114 22 Utskottet
615 1325 140 21 remitterade
762 1324 78 21 finans-

84 1358 93 22 relation
191 1359 39 21 och
245 1359 146 22 statsverkets
406 1360 154 26 räkenskaper,
576 1359 75 23 hvilka
663 1361 54 20 utan
730 1358 114 27 undantag

84 1392 59 22 varit
163 1392 35 22 för
216 1393 114 22 Utskottet
348 1393 147 28 tillgängliga,
516 1400 64 15 anser
599 1393 114 22 Utskottet
727 1392 8 22 i
750 1392 93 22 främsta

84 1428 91 20 rummet
189 1427 54 21 böra
257 1427 50 22 med
321 1427 191 22 tillfredsställelse
526 1427 138 22 framhällas:

155 1467 150 18 Statsutskottets
319 1467 117 18 betänkande
449 1467 36 18 N:o
497 1469 17 16 9.
