1031 1656
817 84 13 20 5

119 159 43 15 nen
177 152 33 21 till
226 151 142 28 uppgörande
383 151 24 21 af
421 152 31 21 ett
466 150 190 28 täflingsprogram
671 150 35 22 för
721 150 139 22 anskaffande

119 187 22 21 at
163 186 192 28 projektritningar
378 186 40 21 och
438 184 187 28 kostnadsförslag
647 184 34 22 till
697 184 162 26 Ständerhuset,

120 220 89 22 hvarvid
224 219 156 27 Delegationen
396 219 113 21 biträddes
524 219 24 21 af
562 226 26 14 en
603 218 34 22 för
653 218 124 22 ändamålet
792 218 68 22 vidta-

119 254 37 22 lad
178 254 106 25 fackman,
300 254 51 20 herr
372 253 121 21 arkitekten
516 253 38 21 Th.
577 252 92 23 Decker.
687 252 43 22 Det
744 252 116 22 faststälda

120 288 146 28 programmet
282 287 68 21 erhöll
365 287 97 28 följande
477 287 92 28 lydelse:

177 368 213 22 PROGRAM
411 364 86 26 FÖR
516 363 287 27 PRISTÄFLAN.

189 425 41 21 Till
252 424 28 22 fri
301 424 67 22 täflan
391 424 91 22 emellan
504 424 32 21 in-
556 424 41 21 och
614 424 116 21 utländske
745 424 117 21 arkitekter

123 459 142 21 öfverlemnas
288 458 131 22 härmedelst
441 460 33 19 att
493 459 98 26 uppgöra
613 458 193 27 projektritningar
821 458 40 21 och

122 492 225 28 kostnadsberäkning
362 492 33 21 till
410 499 26 14 en
451 491 100 29 byggnad
566 491 35 22 för
615 491 102 23 Finlands
733 492 100 22 Ständer.

192 527 77 21 Denna
288 526 100 28 byggnad
408 526 97 21 kommer
523 527 32 20 att
569 526 7 20 i
591 526 137 27 Helsingfors
743 526 49 21 stad
808 533 54 21 upp-

122 561 60 21 föras
204 562 29 26 på
255 561 7 20 i
282 560 88 27 bilagda
393 560 168 27 situationsplan
581 561 100 20 närmare
697 560 87 28 angifna
798 560 64 28 plats,

123 595 91 27 belägen
238 594 91 22 emellan
351 594 161 28 Riddaregatan
533 594 7 21 i
562 595 71 20 vester
653 594 40 21 och
707 594 157 28 Mariegatan
852 590 17 36 i

124 630 58 21 öster
196 631 57 19 samt
272 628 184 28 Regeringsgatan
471 628 7 21 i
493 628 64 21 söder
572 628 41 21 och
627 628 142 28 Kyrkogatan
783 628 8 21 i
805 635 58 19 norr,

126 663 89 21 hvarvid
230 663 107 27 iakttages
347 664 33 19 att
389 662 128 28 byggnaden
527 662 108 27 förlägges
646 662 13 21 å
670 663 119 26 qvarterets
800 662 65 22 södra

124 697 35 21 del
174 697 41 21 och
236 696 40 21 den
291 703 66 23 norra
372 696 82 21 lemnas
470 696 28 20 fri
512 696 34 21 för
561 696 132 27 anläggning
707 696 24 21 af
744 702 27 16 en
785 703 79 20 square

124 731 7 20 i
146 731 68 21 likhet
228 730 49 21 med
293 730 41 21 den
349 730 90 21 framför
454 729 147 21 Riddarhuset
616 730 98 27 belägna.

193 764 132 28 Byggnaden
340 764 103 26 uppföres
459 764 24 20 af
496 764 63 26 tegel,
575 764 57 21 helst
647 764 110 27 orappade
768 764 40 21 och
819 764 46 28 fog-

126 798 96 26 strukna,
239 799 29 26 på
283 798 73 21 sockel
371 798 24 20 af
403 798 77 27 granit.
510 797 75 22 Under
595 798 156 28 förutsättning
761 800 32 20 att
800 798 67 28 bygg-

125 832 71 22 naden
218 832 83 21 utföres
321 832 7 20 i
343 832 36 20 två
393 832 104 27 våningar
509 832 68 27 jemte
592 832 156 26 subassement,
764 832 55 22 böra
833 832 34 22 1o-

126 866 90 21 kalerna
230 866 95 21 fördelas
341 866 29 26 på
384 865 96 27 töljande
495 866 54 20 sätt:

196 900 20 27 1)
232 899 281 28 Hufvudväningen
535 900 40 21 bör
596 900 110 22 innehålla
725 900 96 28 följande
835 900 33 22 lo-

127 934 68 22 kaler:

228 968 24 28 a)
267 967 33 21 En
315 968 70 20 större
400 967 93 27 plenisal
507 967 34 22 för
557 968 66 21 minst
639 969 40 20 120
689 974 104 21 personer
800 968 68 27 jemte

263 1001 84 21 förrum
361 1002 41 20 och
417 1001 127 23 kanslirum.

229 1035 21 28 db)
266 1035 44 21 Två
325 1035 85 21 mindre
425 1035 118 27 plenisalar
557 1035 108 22 hvardera
674 1035 75 22 afsedd
760 1035 34 21 för
803 1035 67 21 minst

266 1070 25 20 75
308 1075 104 21 personer
424 1069 67 28 jemte
506 1069 34 21 till
555 1069 106 22 hvardera
675 1069 96 22 hörande
786 1069 83 22 förrum

266 1103 40 21 och
322 1103 126 22 kanslirum.

232 1138 20 27 c)
267 1137 110 27 Begväma
391 1138 90 26 trappor
492 1137 48 20 med
551 1137 72 21 skilda
632 1137 105 27 ingångar
746 1137 49 22 från
805 1138 65 26 gatan

266 1171 34 21 till
318 1170 157 28 plenisalarnes
495 1170 187 27 ähörareläktare;
701 1171 63 21 dessa
781 1172 91 25 trappor

267 1205 74 20 kunna
362 1204 71 21 tillika
455 1204 162 21 kommunicera
639 1205 49 21 med
711 1204 60 22 såväl
792 1204 79 22 vinden

268 1245 47 15 som
329 1238 184 27 källarvåningen,
529 1238 75 21 såvida
618 1238 48 22 icke
678 1238 35 22 för
723 1239 64 21 dessa
797 1245 76 15 senare

268 1273 101 21 ändamål
381 1272 104 21 särskildt
495 1272 90 21 afsedda
594 1274 91 26 trappor
694 1273 75 21 kunna
777 1273 23 20 få
807 1272 65 28 plats.

199 1307 178 22 Kanslirummen
397 1305 40 22 och
453 1305 133 22 förrummen
601 1306 55 21 böra
669 1307 25 20 så
709 1306 116 25 anordnas,
841 1307 33 20 att

132 1342 71 22 direkt
225 1340 188 23 kommunikation
435 1339 92 22 emellan
549 1339 120 28 plenisalen
691 1340 41 21 och
747 1339 128 23 förrummet

132 1377 43 20 kan
190 1382 40 21 ega
244 1382 54 14 rum.
