1017 1664
221 124 25 20 12
559 123 21 21 H

245 191 74 28 Enligt
327 192 56 21 hvad
391 192 307 27 prokuratorsexpeditionens
708 192 81 21 diarier
798 192 78 26 utvisa,
884 190 65 22 hafva

190 225 108 28 klagomål
321 227 38 20 der
381 227 70 21 blifvit
475 227 90 21 anförda
587 227 40 21 och
651 227 45 21 åtal
715 227 98 21 derifrän
832 227 72 26 utgått
918 226 29 26 pä

190 260 95 27 följande
301 263 54 18 sätt:

467 415 74 18 1876.

210 473 115 26 Klagomål
341 473 90 22 anförda
446 474 39 21 hos
501 473 162 21 Prokuratorn
652 469 14 35 .

191 526 1 3 '
209 507 67 21 bland
291 507 74 22 hvilka
380 508 33 21 till
430 508 44 21 åtal
485 514 76 21 genom
577 507 159 22 advokatfiskal
747 488 74 48 öfver.

238 542 100 27 lemnats,
355 544 57 19 emot
427 543 131 20 underrätt
560 538 13 35 .
590 559 3 3 .
661 559 3 3 <
733 559 41 4 0.0.
800 534 21 37 ai

210 578 58 19 emot
283 577 142 26 länestyrelse
445 592 5 4 .
589 593 3 3 .

191 625 1 3 »
210 610 39 21 och
266 612 57 20 emot
339 611 68 21 andra
422 592 150 46 myndigheter
588 627 3 4 4
697 627 4 4 N

210 647 56 19 samt
281 645 34 21 till
331 645 134 27 fullföljande
481 646 39 20 hos
537 645 113 21 Guvernör
665 645 54 21 eller
730 626 79 40 under-
819 645 2 23 |

238 681 46 19 rätt
299 680 111 21 hänvisats

190 712 2 2 :
209 720 50 15 men
283 714 26 21 de
327 714 76 28 öfriga,
421 721 46 15 som
483 692 83 55 ansetts
583 696 47 40 icke
646 696 113 40 föranleda
768 696 41 39 till

238 748 74 27 dylika
328 749 108 27 åtgärder,
452 750 102 26 utgjort
553 744 12 36 .
586 765 4 5 .
623 766 3 3 .
658 764 5 5 .
695 765 4 4 <
732 766 4 4 .
768 765 6 4 .

190 841 2 3 *
209 817 58 21 Från
283 818 124 26 Kejserliga
422 818 93 21 Senaten
531 818 34 21 till
579 818 149 20 Prokuratorn
740 817 69 21 öfver-

190 850 1 3 :
237 851 100 22 lemnade
360 852 43 21 mål
427 858 45 15 som
494 852 89 21 utstälts
607 852 34 21 till
671 852 45 20 åtal
732 858 77 20 genom

238 882 156 36 advokatfiskal
410 903 4 4 .
552 903 5 4 E

210 920 23 21 af
246 920 74 21 hvilka
335 923 44 19 mot
395 921 142 27 länestyrelse
553 937 4 4 .

209 955 40 21 och
266 957 57 19 emot
339 956 68 20 andra
423 956 173 20 administrativa
611 937 163 45 myndigheter.

805 902 16 38 N

190 1026 1 4 '
209 1023 57 21 Frän
283 1024 122 26 Kejserliga
421 1024 94 22 Senaten
531 1024 33 21 till
578 1024 150 26 Prokuratorn
739 1024 69 20 öfver-
819 997 2 72 |

237 1058 98 21 lemnadt
357 1058 49 28 mål,
427 1065 45 15 som
499 1058 88 22 utstälts
606 1058 34 21 till
657 1058 45 21 åtal
717 1058 37 21 vid
770 1064 38 14 un-
819 1071 2 15 |

238 1092 104 21 derrätt
334 1085 14 39 .
374 1110 4 3 .
769 1108 5 4 =
804 1088 17 24 al

210 1126 28 21 Af
251 1127 155 21 Prokurators-
408 1105 94 55 embetet
517 1109 112 39 särskilöt
643 1108 116 40 anmärkta
770 1126 51 29 och
809 1122 15 37 |

237 1161 35 21 till
289 1162 44 20 åtal
349 1168 77 20 genom
441 1161 158 22 advokatfiskal
613 1161 142 21 remitterade
766 1161 55 21 mål
812 1157 12 36 |

238 1198 59 18 emot
312 1196 139 21 underrätter
804 1212 3 3 s

189 1227 2 30 |
209 1230 39 20 och
265 1232 58 19 emot
339 1231 67 20 andra
422 1212 174 40 administrativa
611 1207 162 55 mytidiglieter,

471 1299 69 18 1872.

208 1338 116 27 Klagomål
340 1339 90 20 anförda
445 1339 40 21 hos
500 1339 163 21 Prokuratorn
654 1334 12 36 .
696 1353 3 4 -

208 1372 68 21 bland
290 1373 75 21 hvilka
379 1373 35 21 till
425 1373 45 21 åtal
481 1379 77 21 genom
569 1373 158 21 advokatfiskal
733 1353 76 40 öfver-

237 1407 100 28 lemnats,
354 1410 57 19 emot
427 1408 143 27 länestyrelse
589 1424 4 4 .
733 1423 4 5 a
769 1423 40 4 EON

208 1444 59 19 emot
283 1442 69 21 andra
367 1442 152 27 myndigheter

850 572 25 24 Ov
857 543 9 14 i

856 1407 12 54 vw

904 472 28 21 30
