1028 1664
380 148 19 19 U.
412 148 19 18 B.
445 157 20 4 —
478 147 107 18 11I—XXII.

352 456 127 22 Finlands
510 455 137 23 Ständers
677 454 187 28 underdäniga

276 490 153 23 skrifvelse
451 490 36 22 till
509 490 59 22 Hans
591 489 126 30 Kejserliga
740 488 124 30 Majestät
853 484 14 41 i

276 525 120 29 anledning
414 525 25 22 af
453 524 247 29 Finansexpeditionens
716 524 7 22 i
739 522 126 30 Kejserliga

278 560 93 22 Senaten
397 560 36 22 till
456 559 124 22 Ständerna
607 558 86 29 afgifna
715 558 95 22 relation
833 563 32 15 om

278 594 149 22 statsverkets
443 593 109 23 tillstånd.

212 669 209 27 Stormäktigste,
438 668 202 28 Allernådigste
655 667 112 28 Kejsare

369 704 46 21 och
438 703 166 22 Storfurste!

181 762 11 22 I
207 762 97 27 enlighet
318 761 48 22 med
383 763 26 19 27
424 761 13 29 8
453 761 7 21 i
475 761 102 27 gällande
592 760 221 28 Landtdagsordning
827 760 40 21 har

113 796 144 22 statsverkets
279 796 99 21 tillständ
401 796 73 22 blifvit
496 796 116 27 uppvisadt
634 795 34 22 för
689 802 29 15 nu
738 794 128 22 församlade

115 831 98 27 Ständer,
229 830 75 22 hvilka
319 830 7 22 i
340 830 80 22 sädant
436 830 101 22 afseende
552 830 45 22 fätt
612 832 97 26 mottaga
724 829 107 23 särskilda
846 828 25 22 af

115 865 232 27 Finansexpeditionen
362 865 8 21 i
384 865 70 22 Eders
476 865 124 27 Kejserliga
621 865 116 27 Majestäts
755 864 67 22 Senat
836 863 34 21 för

115 900 93 21 Finland
224 900 120 27 uppgjorda
359 900 120 27 räkningar
494 900 39 21 och
548 900 123 21 relationer.

185 934 73 28 Sagda
273 934 119 28 räkningar
408 934 38 22 och
461 934 117 22 relationer
593 934 67 22 hafva
670 933 122 23 Ständerna
802 933 68 22 öfver-

116 969 79 21 lemnat
208 969 33 21 till
256 968 156 22 förberedande
428 968 164 28 handläggning
606 968 25 22 af
640 968 175 27 Statsutskottet,
826 974 44 15 som

117 1004 48 21 med
187 1003 88 27 ledning
298 1003 24 21 af
342 1004 144 21 statsverkets
509 1003 147 27 räkenskaper
678 1004 39 20 och
741 1002 130 28 handlingar

117 1040 56 20 samt
188 1038 56 21 efter
259 1038 36 21 det
310 1037 113 22 Utskottet
438 1038 104 21 särskildt
557 1038 106 27 granskat
678 1038 28 26 pä
721 1037 58 22 hvad
789 1038 45 20 sätt
844 1036 26 22 de

118 1072 37 22 vid
169 1074 87 20 senaste
270 1072 106 28 landtdag
391 1072 108 28 beviljade
515 1072 77 28 anslag
607 1072 72 22 blifvit
694 1072 106 26 använda,
817 1071 7 21 i
839 1078 33 14 sa-

118 1107 42 21 ken
183 1106 87 28 afgifvit
284 1107 144 27 betänkande,
450 1106 150 22 innefattande
614 1107 80 27 jemväl
709 1106 113 28 ätskilliga
836 1112 36 15 an-

119 1141 139 27 märkningar
279 1141 92 21 rörande
393 1141 178 27 räkenskaperna
586 1142 39 21 och
640 1141 161 27 förvaltningen
816 1142 56 20 samt

120 1176 81 27 förslag
216 1176 33 21 till
264 1176 130 21 förändrade
409 1176 147 27 anordningar
571 1176 33 21 för
619 1176 123 21 framtiden.

188 1211 35 20 Då
239 1210 121 22 Ständerna
375 1210 34 21 till
424 1210 74 27 slutlig
514 1211 81 27 åtgärd
609 1210 96 22 förehaft
715 1211 61 21 detta
787 1209 85 27 ärende,

119 1245 66 22 hafva
206 1245 122 22 Ständerna
350 1245 98 27 godkänt
471 1245 26 21 de
522 1245 24 21 af
559 1245 169 22 Statsutskottet
746 1244 76 29 gjorda
838 1251 36 14 an-

119 1279 139 28 märkningar
273 1280 39 21 och
327 1279 82 28 förslag
424 1280 6 21 i
446 1279 74 28 öfrigt,
536 1286 48 15 men
600 1281 72 20 ansett
687 1280 124 21 Utskottets
818 1280 56 20 utta-

120 1314 63 21 lande
198 1320 33 15 om
247 1314 118 21 förändrad
380 1314 126 27 disposition
517 1314 25 22 af
550 1314 262 22 amortissementsfonden
822 1313 52 22 böra

120 1348 93 22 förfalla.

188 1383 32 21 Pä
231 1383 37 22 det
276 1385 33 20 att
317 1383 180 22 Statsutskottets
505 1383 141 22 förenämnda
654 1383 137 22 betänkande
799 1383 74 27 mätte,

121 1417 6 21 i
143 1417 26 22 de
186 1417 60 22 delar
260 1418 80 21 sädant
355 1420 25 19 är
395 1418 25 21 af
432 1418 77 25 nöden,
526 1418 68 22 varda
610 1418 24 21 af
647 1417 160 23 vederbörande
818 1424 58 21 myn-

121 1451 99 27 digheter
235 1452 217 27 uppmärksammadt,
469 1452 73 22 tilläta
556 1452 35 27 sig
611 1452 122 22 Ständerna
748 1454 33 19 att
797 1452 78 21 härhos
