1025 1667
219 140 28 22 52

192 203 93 26 mäktige
304 205 31 19 att
353 204 71 21 erinra
442 204 102 22 hurusom
563 206 41 20 den
619 205 167 26 väsendtligaste
801 204 141 27 anledningen

191 237 33 22 till
239 237 212 23 kostnadssummans
466 239 56 26 höga
537 239 77 28 belopp
630 239 69 28 ligger
714 239 76 26 deruti,
806 241 32 20 att
849 240 93 27 byggna-

192 272 39 21 den
254 271 97 28 uppförts
374 274 47 20 med
444 273 138 27 iakttagande
605 274 24 21 af
649 275 37 20 det
707 274 77 21 brand-
800 274 38 21 och
853 273 89 22 fuktfria

190 306 198 27 byggnadssystem,
411 314 45 15 som
479 309 65 20 redan
561 308 71 21 blifvit
647 308 23 22 af
688 307 119 22 Ständerna
825 308 116 27 godkändt,

191 340 38 21 och
245 342 33 19 att
291 341 8 20 i
315 341 52 27 följd
382 342 63 21 häraf
459 343 65 26 något
539 345 65 18 annat
618 343 209 28 byggnadsmaterial
842 343 19 26 ej
872 342 70 21 blifvit

191 375 93 20 användt
298 377 26 19 än
340 378 46 19 sten
402 377 38 20 och
454 376 54 27 jern,
525 379 59 19 utom
600 377 33 21 för
648 377 66 26 några
725 377 81 26 dörrar,
817 383 45 14 som
873 377 68 26 gjorts

190 409 23 21 af
226 411 41 19 trä.
866 423 2 2 :

257 444 44 21 Det
320 444 142 27 honorarium,
482 451 45 16 som
548 445 196 27 Bankfullmäktige
762 445 110 21 tillerkänt
889 445 52 20 Pro-

190 477 69 22 fessor
273 478 119 22 Bohnstedt
407 479 33 22 för
455 480 52 21 hans
523 480 104 27 ritningar
638 480 38 21 och
688 479 190 26 kostnadsförslag,
889 485 52 20 upp-

190 512 38 27 går
243 513 33 21 till
295 513 78 26 26,125
392 514 66 26 mark,
477 515 48 20 med
544 515 85 20 hvilken
648 521 82 15 summa
746 514 111 21 Professor
872 513 69 21 Bohn-

190 547 57 21 stedt
269 547 54 21 efter
345 553 26 15 en
393 548 136 27 vidlyftigare
548 549 150 26 skriftvexling
714 548 104 21 förklarat
832 548 39 26 sig,
887 547 54 21 dock

189 582 51 20 utan
263 583 32 19 att
316 581 75 27 frångå
413 583 46 20 sina
480 583 97 21 uttalade
597 583 80 27 åsigter
695 589 33 15 om
745 583 37 20 det
796 583 83 26 belopp,
895 587 45 16 som

189 615 66 27 enligt
275 615 52 21 hans
346 616 137 22 förmenande
502 618 113 26 rätteligen
634 618 70 20 skulle
719 617 123 21 tillkommit
855 616 85 26 honom,

187 649 52 27 vilja
255 650 89 27 åtnöjas.

531 680 12 27 8
561 681 32 20 12.

50 733 17 19 i
68 710 41 40 ni
256 713 69 21 Bland
355 714 106 27 ätgärder,
476 720 44 15 som
537 714 64 22 hafva
616 714 101 22 afseende
732 714 28 26 pä
774 714 116 26 ordningen
904 712 36 22 vid

59 756 114 22 föreskrifter.
189 747 173 22 handhafvandet
379 748 23 21 af
418 749 98 21 Bankens
535 749 87 27 rörelse,
641 751 38 19 äro
694 748 95 27 följande
804 750 32 19 att
850 748 39 20 här
903 754 37 14 an-

187 782 86 21 teckna:

55 813 21 40 0)
88 808 93 50 Vonalkus-
256 816 22 28 a)
294 818 32 20 att
339 816 202 28 Bankfullmäktige,
557 818 27 26 pä
599 817 159 27 framställning
773 816 23 22 af
809 816 131 22 Bankdirek-

177 850 89 26 "tionen,
281 851 69 21 under
364 852 40 21 den
420 853 28 21 29
463 852 49 22 Juni
531 852 53 22 1878
603 852 112 22 förordnat
730 854 32 18 att
776 849 164 23 vexelkassören

187 885 35 21 vid
237 885 181 23 hufvudkontoret
432 887 119 21 tillsvidare
567 887 39 21 och
625 887 56 21 intill
702 886 49 21 dess
766 892 28 21 ny
811 885 130 21 instruktion

186 919 71 22 kunde
279 920 67 22 varda
368 920 33 22 för
419 921 77 21 honom
516 922 106 26 utfärdad,
641 921 57 27 finge
714 920 180 22 omhänderhafva
909 921 32 20 ett

187 954 142 28 kassabelopp
352 955 24 21 af
395 955 64 27 högst
481 956 78 26 81000
574 956 67 26 mark,
657 955 87 21 hvilken
760 955 82 27 åtgärd,
855 954 86 27 jemlikt

187 988 113 22 skrifvelse
321 989 47 21 frän
391 990 245 27 Finans-Expeditionen
655 990 23 21 af
697 990 42 20 den
759 990 24 20 17
804 989 50 26 Juli,
870 988 71 22 blifvit

104 1047 8 4 N
186 1022 23 21 af
221 1022 123 27 Kejserliga
359 1024 91 21 Senaten
468 1025 64 26 sagde
549 1025 41 25 dag
605 1024 111 27 godkänd:

64 1053 14 39 2
104 1051 57 41 Jie
253 1056 23 28 0)
299 1059 31 18 att
352 1057 195 27 Bankfullmäktige
570 1059 41 20 den
631 1059 10 21 1
659 1058 91 26 Augusti
768 1057 55 22 1878
838 1057 103 21 anmodat

73 1097 85 23 göromål.
185 1089 195 24 Bankdirektionen
396 1093 118 21 tillsvidare
533 1093 39 21 och
588 1093 55 21 intill
659 1093 51 21 dess
726 1092 127 21 instruktion
869 1091 71 22 kunde

184 1125 66 20 varda
265 1126 105 26 uppgjord
387 1126 33 21 för
436 1127 39 20 den
491 1127 6 21 i
514 1127 51 26 följd
581 1127 24 21 af
619 1127 143 26 reglementet
776 1126 34 21 för
820 1125 87 22 Banken
919 1125 23 21 af

185 1158 40 22 den
249 1159 26 21 27
298 1159 50 21 Juni
372 1160 56 22 1878
450 1161 111 21 tillkomne
584 1161 138 21 öfverkassör
746 1160 74 21 anvisa
842 1160 98 21 bemälde

184 1192 128 27 tjensteman
335 1194 78 21 sädant
435 1195 166 26 arbetsomräde,
625 1201 45 15 som
694 1195 24 21 af
736 1195 151 26 reglementets
903 1194 36 21 be-

185 1227 132 27 stämningar
332 1228 72 22 kunde
419 1229 66 21 varda
501 1230 120 26 betingadt;

69 1266 15 19 o)
100 1259 60 32 Öfver-
253 1262 22 27 c)
298 1263 32 20 att
348 1262 201 28 Bankfullmäktige,
569 1264 6 21 i
595 1264 96 27 enlighet
710 1263 48 21 med
777 1263 163 21 Bankdirektio-

58 1287 108 40 ykäSäÖren*
182 1301 53 16 nens
258 1295 88 28 förslag,
369 1297 7 20 i
399 1298 132 26 underdänig
547 1298 112 21 skrifvelse
674 1297 26 22 af
714 1298 39 21 den
771 1298 27 21 12
813 1297 126 26 September

185 1330 56 21 1878
268 1331 102 21 hemstält
395 1334 33 19 att
453 1332 100 27 beloppet
575 1332 23 21 af
619 1332 178 22 öfverkassörens
819 1331 122 21 handkassa

184 1363 70 22 skulle
274 1365 119 22 fastställas
412 1366 33 21 till
460 1367 93 25 500,000
568 1367 66 26 mark,
651 1367 12 20 &
678 1366 87 21 hvilken
782 1365 158 27 framställning

183 1397 198 29 Pankfullmäktige
403 1400 41 21 den
467 1401 25 21 21
517 1401 95 20 Oktober
634 1401 41 21 fått
696 1402 109 25 emottaga
823 1400 117 21 bifallande

184 1438 49 15 svar
255 1433 32 21 uti
304 1433 255 28 Finans-Expeditionens
579 1435 114 22 skrifvelse
714 1435 24 21 af
754 1435 42 21 den
808 1435 14 21 9
837 1434 7 21 i
859 1440 82 15 samma

184 1466 87 27 mänad;
