1031 1673
212 137 13 20 2
407 136 182 23 Ständerhuset.
605 149 28 3 —
648 136 41 23 N:o
704 136 20 22 2.

253 200 162 26 Borgareståndet
430 199 40 22 har
486 199 89 22 beslutit
590 201 32 20 att
638 200 159 21 återremittera
808 201 91 20 ärendet
910 199 33 22 till

185 233 111 22 Utskottet
318 234 34 21 för
373 233 140 22 inhemtande
536 234 25 21 af
578 241 43 21 nya
636 234 136 27 detaljerade
787 234 157 28 upplysningar

184 269 113 26 angående
320 268 106 22 särskilda
449 269 59 21 inom
524 268 92 22 Ståndet
631 269 36 21 vid
682 269 89 27 plenum
786 269 42 21 den
843 270 27 19 25
887 268 56 28 april

182 303 116 21 förordade
313 305 88 23 tomter,
416 303 110 27 nämligen
543 303 43 28 1:0)
598 303 114 28 angående
722 305 109 20 tomterna
839 303 31 21 uti
879 310 64 15 norra

183 337 63 21 delen
262 337 25 21 af
299 340 109 25 gvarteret
423 337 116 22 Tumlaren
555 337 37 22 vid
607 337 20 22 S.
644 337 189 28 Esplanadgatan;
850 338 43 27 2:0)
904 345 38 14 an-

182 372 85 27 gäende
290 371 85 28 platsen
394 374 71 19 vester
486 379 35 14 om
542 371 138 29 Myntverket
698 373 67 27 jemte
781 372 76 28 sjelfva
871 372 70 28 Mynt-

182 406 132 25 hustomten,
333 407 49 21 med
402 406 117 28 utredning
538 413 36 15 om
591 407 145 27 ytinnehället
755 406 24 22 af
797 408 71 21 denna
883 407 57 26 plats

182 443 56 19 samt
256 440 58 28 läget
329 440 25 21 af
367 441 42 21 den
425 441 41 26 del,
482 448 47 15 som
544 441 118 28 lämpligen
676 441 75 22 kunde
766 441 34 21 för
815 441 124 21 ändamälet

184 476 120 24 användas;
328 478 56 19 samt
400 475 44 29 3:0)
460 477 113 26 angående
588 477 110 20 tomterna
712 476 37 21 vid
763 475 153 28 Nikolaigatan
932 476 6 20 i

183 512 109 25 gvarteret
307 509 101 27 Bäfvern,
423 510 55 22 midt
493 513 58 19 emot
566 510 105 22 Finlands
686 510 75 21 Banks
776 517 42 20 nya
832 510 107 27 byggnad.

250 551 140 21 Bondeständet
412 551 40 21 har
473 551 109 21 förkastat
605 551 107 21 särskilda
734 551 46 21 dels
795 550 7 21 i
817 550 121 21 Utskottets

185 585 139 22 betänkande
341 584 185 27 förekommande,
542 585 46 22 dels
603 586 70 20 under
688 585 151 21 diskussionen
854 585 8 20 i
876 584 63 21 Stän-

180 621 36 20 det
231 619 127 22 framstälda
373 619 81 28 förslag
469 627 35 14 om
520 619 169 22 Ständerhusets
704 619 141 28 förläggande
856 620 13 20 ä
880 619 57 27 Hög-

181 653 155 27 vaktstomten,
351 653 191 27 Packhustomten,
557 661 66 15 norra
638 654 62 22 delen
716 654 25 21 af
754 655 108 26 gvarteret
876 653 62 22 Tum-

180 689 68 26 laren,
271 689 58 21 inom
352 688 138 28 Esplanaden
505 688 91 22 framför
610 689 48 27 Nya
672 688 141 25 teaterhuset,
829 690 109 25 gvarteret

179 723 105 22 Servalen
298 723 40 22 och
353 725 109 26 gvarteret
476 723 101 26 Bäfvern,
594 730 35 14 om
643 723 119 22 inredande
773 722 25 22 af
805 722 25 22 K.
841 722 95 22 Palatset

179 758 34 22 till
228 758 134 22 Ständerhus
378 758 40 21 och
432 758 161 28 uppbyggande
608 758 24 21 af
642 760 47 25 nytt
700 758 25 21 K.
736 758 79 25 Palats,
826 757 110 22 äfvensom

178 792 85 22 inlösen
278 792 25 22 af
310 792 146 22 Riddarhuset
466 792 41 22 och
517 792 139 28 uppförande
666 792 25 22 af
699 792 157 22 Ständerhuset
866 792 13 21 å
887 791 49 21 Rid-

182 827 171 22 darhustomten.
388 826 112 29 Härjemte
522 826 40 22 har
584 827 164 22 Bondeständet
771 826 167 22 äterremitterat

180 863 91 20 ärendet
286 861 34 22 till
334 861 114 22 Utskottet
462 861 34 22 för
510 861 140 22 inhemtande
665 861 25 21 af
703 861 134 28 detaljerade
852 860 40 22 och
902 860 35 21 för

178 896 89 27 frägans
282 895 134 22 bedömande
432 895 142 28 erforderliga
588 895 157 28 upplysningar
755 894 133 22 beträffande
898 894 38 21 föl-

174 931 69 27 jande
268 930 88 27 platser,
381 937 46 14 som
449 930 92 22 Ständet
563 932 73 19 ansett
651 930 75 21 kunna
742 929 86 22 komma
832 925 14 37 i
865 929 67 27 fräga,

179 965 119 28 näulligen:
314 965 44 28 1:0)
374 965 84 28 platsen
474 967 71 19 vester
560 971 35 14 om
610 964 125 28 Mynthuset
743 964 67 28 jemte
822 964 40 20 den
873 963 64 28 plats.

180 1001 39 20 der
244 999 124 28 Mynthuset
391 1000 51 27 står,
463 999 89 22 hvarvid
568 999 137 21 uteslutande
721 998 101 21 afseende
837 997 47 22 icke
900 997 35 22 be-

178 1034 66 22 höfde
260 1034 70 21 fästas
344 1034 37 22 vid
396 1035 42 20 den
454 1033 24 22 af
491 1033 123 22 arkitekten
630 1033 106 28 Sjöström
751 1032 122 28 uppgjorda
888 1039 49 20 pro-

176 1068 168 28 jektritningen;
368 1069 44 27 2:0)
435 1068 86 28 platsen
536 1069 14 20 å
565 1067 225 27 Observatoriiberget
804 1066 59 21 invid
877 1066 59 21 läne-

178 1103 131 27 magasinet;
334 1103 44 28 3:0)
401 1105 83 19 tomten
500 1109 35 15 n:o
550 1103 13 21 1
580 1110 13 13 a
608 1102 8 21 i
631 1103 110 26 qvarteret
757 1101 75 25 Geten,
848 1100 87 21 hvilken

178 1139 55 19 tomt
249 1137 110 27 Styrelsen
374 1137 35 22 väl
420 1140 119 19 reserverat
554 1137 34 22 för
603 1135 113 23 tilltänkta
726 1142 43 21 nya
779 1134 95 29 sjukhus,
886 1141 48 14 men

177 1171 88 22 hvilken
281 1171 145 28 tilläfventyrs
441 1171 80 26 kunde,
537 1178 78 21 genom
630 1173 33 18 att
678 1171 42 20 den
737 1177 51 14 norr
798 1176 34 14 om
842 1169 93 27 belägna

178 1205 173 28 dalsänkningen
374 1206 71 22 blefve
468 1205 45 28 fyld
530 1205 40 22 och
586 1212 72 15 annan
674 1204 59 28 plats
748 1203 92 22 sålunda
854 1203 81 21 beredd

174 1240 34 21 för
227 1240 152 27 ifrågakomna
394 1240 97 28 sjukhus,
508 1240 33 21 till
557 1239 190 22 Ständerhustomt
762 1237 111 28 upplåtas;
889 1237 45 27 4:0)

174 1274 232 22 Observatoriitomten
426 1275 40 21 och
482 1273 222 28 Observatoriiberget
719 1273 59 21 ända
792 1271 33 22 till
840 1271 93 21 Kasern-

174 1310 77 25 gatan;
271 1311 56 19 samt
342 1310 45 26 5:0)
402 1309 50 22 hela
468 1311 108 26 gvarteret
592 1315 35 14 n:o
643 1309 27 20 39
685 1308 64 27 Apan
765 1307 35 21 vid
815 1306 117 27 Jernvägs-

175 1345 78 26 torget.

244 1412 30 22 Af
286 1412 157 22 ofvanstäende
459 1412 95 28 framgär
569 1414 32 19 att
617 1414 31 18 ett
664 1411 69 21 Ständ
750 1409 84 28 antagit
849 1409 86 21 Utskot-

174 1449 43 19 tets
232 1446 82 28 förslag
329 1449 33 19 att
378 1447 33 21 till
426 1447 58 27 plats
495 1446 35 22 för
541 1446 156 22 Ständerhuset
709 1447 48 19 utse
768 1446 108 25 gvarteret
888 1443 48 21 Ser-

176 1481 69 26 valen,
262 1488 48 14 men
327 1483 32 19 att
376 1482 26 21 de
418 1484 32 19 tre
467 1481 69 27 öfriga
552 1480 96 22 Ständen
665 1479 169 22 äterremitterat
844 1478 90 21 ärendet
