1014 1667
617 200 119 25 Transport

178 233 30 21 På
224 233 69 26 grund
310 233 23 21 af
346 234 80 27 nådiga
441 234 145 26 kungörelsen
603 233 40 21 den
655 235 26 20 27
692 233 41 20 Ok-

236 268 61 20 tober
315 269 51 20 1881
384 269 96 20 kommer
496 269 136 26 magnetiska
641 269 38 20 och
691 274 43 15 me-

236 302 145 26 teorologiska
400 303 156 20 observatoriet
576 303 6 20 i
599 302 135 27 Helsingfors

236 339 32 18 att
291 336 105 22 ombildas
419 337 32 21 till
472 343 25 15 en
516 337 166 20 centralanstalt
693 337 43 26 för

236 371 40 20 den
291 371 176 27 meteorologiska
473 371 147 27 forskningen
632 371 6 21 i
650 371 83 26 landet;

237 405 40 21 den
303 406 65 20 häraf
388 406 113 26 påkallade
525 406 98 27 förhöjda
643 405 92 27 utgiften

237 441 83 25 uppgår
335 440 33 21 för
384 441 46 20 året
445 441 33 20 till
496 441 82 26 15,956:
595 441 33 26 80,
644 440 54 21 för
690 436 12 35 3
714 441 24 20 år

179 474 84 27 Nådiga
279 475 153 26 förordningen
456 475 40 20 den
522 477 24 18 16
567 475 90 21 Januari
683 475 53 20 1882

238 508 74 27 åtfölja
328 516 42 19 nya
386 509 113 27 aflönings-
515 509 38 21 och
571 509 157 26 utgiftsstater:

210 543 31 21 för
251 543 167 27 länesjukhusen
426 544 7 20 i
442 538 52 32 Åbo,
504 544 94 26 Wiberg,
609 543 31 22 S:t
651 543 85 27 Michel,

233 578 66 20 Wasa
308 579 38 20 och
356 578 114 27 Uleåborg,
480 579 99 20 slutande
588 579 32 25 sig
629 579 12 20 å
650 578 90 26 tillhopa

237 613 91 26 307,623
349 613 61 20 mark
426 613 38 21 och
479 613 175 25 öfverskjutande
666 613 26 19 de
703 613 33 19 för

238 647 63 20 dessa
320 647 90 27 sjukhus
426 647 6 21 i
451 648 52 20 1882
520 648 35 20 års
571 649 43 19 stat
627 649 109 24 upptagna

238 682 76 26 anslag
330 682 49 20 med
388 683 75 25 95,240
474 682 61 20 mark
546 682 89 26 årligen,
647 681 33 21 för
691 682 12 20 3
715 682 24 19 är

209 716 32 20 för
258 716 40 20 den
315 717 13 19 å
344 716 112 27 Fagernäs
471 716 98 20 hemman
583 716 58 20 invid
652 715 84 27 Kuopio

239 751 48 20 stad
304 751 68 21 under
387 751 99 27 byggnad
503 751 93 21 varande
617 750 119 20 dårvårds-

238 786 115 24 anstalten,
370 786 32 20 för
418 786 86 20 hvilken
516 787 71 19 staten
598 785 96 20 kommer
706 786 31 18 att

238 820 110 26 tillämpas
364 820 48 20 från
428 820 41 21 den
484 820 32 20 tid
532 820 108 20 anstalten
652 820 42 20 kan
703 819 33 20 för

241 854 69 21 afsedt
320 855 100 20 ändamål
429 854 115 27 begagnas,
550 854 52 21 eller
610 853 126 27 förslagsvis

238 889 48 20 frän
303 889 40 21 den
362 891 8 19 1
388 889 90 21 Januari
496 890 60 26 1884,
572 888 33 21 för
621 890 12 19 2
650 889 24 19 är
698 904 4 4 .

180 924 74 26 Enligt
269 923 225 21 Stafssekretariatets
514 923 33 21 för
566 923 91 21 Finland
674 922 62 21 skrif-

237 958 59 20 velse
320 958 22 21 af
360 958 41 20 den
423 959 24 20 12
464 958 90 21 Januari
574 958 54 20 1882
644 958 35 26 (31
696 957 41 21 De-

238 992 85 21 cember
341 992 62 27 1881)
419 994 25 19 är
458 992 76 26 nädigt
544 992 60 21 bifall
613 991 124 21 meddeladt

238 1026 33 21 till
287 1026 113 27 byggande
416 1026 23 21 af
455 1033 26 14 en
500 1026 237 26 kommunikationsväg

238 1061 90 20 emellan
353 1060 89 21 Lietteis
465 1060 25 27 by
513 1061 8 19 i
542 1059 102 28 Suojärvi
663 1059 75 20 socken

238 1095 38 20 och
292 1095 128 26 Pyörittäjä
436 1095 36 20 bro
490 1095 6 19 i
514 1094 107 27 Impilaks
640 1093 75 21 socken
732 1094 5 20 i

238 1129 100 26 Wiborgs
358 1129 48 26 län;
429 1129 211 26 kostnadsförslaget
655 1129 84 25 uppgär

237 1164 34 20 till
290 1164 95 27 108,503:
398 1165 34 25 60,
442 1163 77 21 hvaraf
526 1163 117 21 beräknats
653 1163 85 20 komma

238 1198 33 21 till
288 1198 138 26 användning
443 1198 67 20 under
530 1198 51 20 ären
599 1197 141 21 1883—1885

180 1233 123 26 Kejserliga
319 1233 93 20 Senaten
428 1232 39 21 har
482 1231 32 21 uti
530 1231 135 26 underdänig
674 1231 62 20 skrif-

238 1267 58 20 velse
312 1267 23 20 af
349 1267 41 20 den
407 1267 10 20 7
430 1266 120 21 November
563 1267 51 20 1881
624 1265 113 21 hemställt

238 1307 33 15 om
281 1301 124 20 inrättande
415 1301 23 20 af
444 1300 125 27 ytterligare
581 1302 76 18 tvänne
670 1306 68 14 asses-

237 1336 139 26 sorstjenster
392 1335 7 20 i
414 1328 46 27 Äbo
477 1334 99 27 Hofrätt.
607 1334 10 21 1
632 1333 105 22 händelse

238 1370 23 21 af
275 1370 76 26 nädigt
374 1369 61 21 bifall
457 1369 74 20 härtill
547 1370 63 25 utgör
624 1368 114 21 tillöknin-

238 1411 41 20 gen
303 1404 6 21 i
332 1404 127 21 Hofrättens
475 1403 150 26 aflöningsstat
640 1403 34 20 för
690 1403 12 20 3
718 1403 24 19 är

625 1443 119 25 Transport

767 199 121 26 2,194,046:
905 209 27 4 —

807 440 82 26 47,870:
906 450 28 4 —

793 680 96 27 285,720:
906 690 27 4 —

795 887 95 27 172,000:
906 898 30 3 —

810 1196 82 27 80,708:
910 1207 28 3 —

810 1402 83 26 48,000:
912 1413 25 3 —

774 1442 120 26 2,828,339:
910 1453 27 3 —
