1009 1667
207 124 40 21 216
538 125 40 21 XX

254 297 151 31 Relation
429 299 113 30 rörande
565 298 291 38 undsättningsfonden.

252 366 70 22 Sedan
337 367 60 21 Hans
413 368 123 26 Kejserliga
555 368 108 27 Majestät,
684 368 27 26 på
731 368 73 20 derom
821 367 61 27 gjord
898 372 37 15 un-

180 401 105 26 derdånig
301 401 166 28 framställning,
488 402 140 27 bemyndigat
649 402 100 27 Senaten,
766 404 32 19 att
814 402 50 26 låta,
882 401 54 21 efter

179 435 152 27 bepröfvande,
348 436 48 21 från
412 437 234 27 undsättningsfonden
661 437 34 20 till
709 436 135 21 statsfonden
853 435 83 27 årligen

180 470 107 21 öfverföra
302 471 65 27 högst
382 471 41 21 den
439 478 90 21 summa,
545 472 102 21 hvarmed
659 470 233 27 undsättningsfonden
901 469 35 21 vid

179 506 110 26 utgången
305 505 23 21 af
341 505 74 28 hvarje
432 507 24 20 år
471 506 110 21 befunnits
602 506 118 27 öfverstiga
740 506 113 27 3,000,000
869 504 67 27 mark,

179 540 47 21 deri
249 540 144 21 inberäknadt
416 541 59 21 såväl
499 541 98 26 spanmål
618 541 40 21 och
677 541 106 20 kontanta
797 539 77 27 medel,
892 545 44 14 som

180 575 127 21 utestående
324 575 65 21 säkra
405 575 122 27 fordringar
543 575 40 22 och
599 575 6 21 i
626 575 79 21 fonden
721 574 153 27 inneliggande
890 575 46 19 vär-

181 609 115 27 depapper,
312 609 64 22 hafva
395 610 246 27 undsättningsfondens
663 610 7 21 i
687 609 30 22 S:t
733 609 97 26 Michels,
846 608 90 27 Kuopio,

179 643 66 22 Wasa
262 644 39 21 och
317 644 120 27 Uleåborgs
453 645 47 20 läns
517 645 108 21 ränterier
641 645 39 20 och
696 643 192 27 kronomagasiner
904 643 33 20 för

179 678 61 21 tiden
257 678 111 27 befintliga
384 679 117 27 tillgångar
517 679 7 21 i
539 679 127 27 penningar,
687 678 98 27 spanmål
801 678 38 21 och
856 678 81 20 utestå-

179 713 54 21 ende
258 713 35 21 lån
317 720 26 15 m.
364 720 27 15 m.
411 713 71 22 blifvit
497 715 26 20 år
544 715 53 20 1880
613 713 34 22 till
663 713 136 22 statsfonden
816 711 121 22 öfverförda

179 747 33 22 till
229 750 32 19 ett
277 749 158 27 sammanlagdt
450 749 66 21 värde
532 749 23 21 af
569 749 92 27 428,024
677 748 62 21 mark
755 749 26 20 65
793 747 72 27 penni,
874 747 63 20 hvar-

181 785 57 19 emot
261 783 246 28 undsättningsfondens
531 783 68 28 öfriga
620 784 6 20 i
647 783 162 22 Statskontoret
825 781 113 22 förvarade

180 817 119 28 tillgångar
314 818 133 21 fortfarande
463 818 126 21 förräntats.

252 852 99 22 Fondens
367 853 125 27 behållning
509 853 117 55 N
624 853 35 20 vid
657 853 128 54 än
801 851 24 22 af
837 852 25 20 år
874 852 65 27 1881.

179 887 122 21 Kontant
292 883 14 36 .
333 903 4 5 .
369 903 4 5 .
729 903 5 3 s
836 887 47 20 376:
900 884 40 22 33.

175 917 172 37 Räntebärande
363 903 140 46 obligationer
513 904 7 37 .
552 938 39 4 sor
697 937 40 4 L.
769 921 120 27 3,470,487:
905 921 33 20 33.

183 955 134 22 Utestående
334 957 43 27 lån,
393 957 64 21 säkra
482 973 4 4 .
519 973 4 4 .
554 973 5 4 .
590 973 4 4 .
626 973 5 4 <
663 972 4 5 +»
699 972 4 4 +
735 971 4 5 +
806 955 83 27 50,368:
906 955 33 20 61.

393 991 79 21 osäkra
514 1007 4 4 =.
551 1007 4 5 .
587 991 100 27 .49,713:
703 991 34 20 90.

184 1025 132 28 Förskjutna
332 1026 255 27 inteckningskostnader
625 1042 4 4 =.
661 1041 4 5 .
698 1041 4 3 .
734 1041 4 4 -
855 1025 33 19 30:
905 1025 33 20 80.

652 1065 87 22 Summa
769 1065 120 27 =3,521,213:
920 1065 18 20 7.
