1034 1664
203 124 26 19 26
443 125 19 19 U.
479 124 19 20 B.
514 136 28 3 —
558 126 102 19 111—XXIL

173 187 26 21 af
218 187 123 28 Kejserliga
363 188 94 22 Senaten
478 189 34 21 för
535 190 52 21 åren
611 191 112 20 1879—81
746 189 126 29 förslagsvis
895 195 36 15 am-

173 222 84 27 slagits.

241 256 77 28 Enligt
333 257 42 22 den
389 257 34 22 till
438 258 123 22 Ständerna
576 258 85 28 afgifna
671 258 120 22 relationen
801 264 40 16 var
851 257 79 23 behäll-

172 290 81 28 ningen
263 290 8 21 i
283 290 275 24 kommunikationsfonden
568 292 37 22 vid
616 293 112 27 utgängen

215 324 26 22 af
255 326 76 21 1881.
362 342 5 5 .
398 343 4 5 .
434 343 4 4 .
614 343 40 5 0
722 343 4 5 0.
758 329 120 25 8,759,977:
894 328 27 20 26

172 359 80 21 Dertill
266 360 95 22 kommer
375 339 141 53 förenämnda
531 342 64 41 ränta
615 377 112 5 SSE
782 363 97 25 106,250:
894 373 29 4 —

172 393 167 29 Statsförslaget
358 394 34 22 för
410 396 26 20 år
454 397 55 20 1882
525 396 109 22 beräknar
648 395 81 22 behåll-

215 428 81 28 ningen
310 428 34 22 för
359 429 48 21 året
422 429 54 22 till
475 424 12 36 .
507 446 5 4 .
544 446 4 5 .
724 447 4 4 .
758 431 120 25 2,020,000:
895 442 27 3 —

758 472 120 25 5,886,227:
894 472 34 19 26.

172 509 104 22 Härifrän
294 510 39 21 bör
351 509 103 23 afräknas
469 510 37 22 det
521 510 37 22 vid
575 512 53 20 1881
646 510 36 22 ärs
697 511 32 20 ut-

215 544 60 27 gäng
295 544 96 27 olyftade
409 545 100 27 anslaget
527 544 35 22 för
577 545 150 21 Wasabanans

215 578 116 27 byggande
355 595 4 5 .
391 595 5 5 .
428 595 4 5 .
499 595 4 5 <
535 595 4 5 «+
571 581 120 26 1,338,944:
701 581 26 19 45

171 612 51 22 Med
242 612 78 29 tillägg
339 613 26 22 af
377 595 100 46 anslaget
491 613 35 22 till

214 653 81 16 samma
317 647 209 29 jernvägsbyggnad

214 681 34 21 för
263 681 26 22 år
304 683 76 20 1882.
412 698 4 5 .
448 699 4 4 .
483 699 4 4 .
519 699 4 4 .
561 684 157 25 2,076,500:—
757 689 119 26 3,415,444;
893 689 26 20 45

170 721 131 28 Behällning
315 721 38 23 vid
370 724 54 20 1882
440 723 36 21 års
491 723 86 27 utgång
615 738 4 5 .
650 739 5 5 .
686 739 5 4 .
722 739 4 4 .
757 723 119 26 2,470,782:
894 724 32 20 81.

240 779 67 28 Öfver
331 785 275 22 bränvinsmedelsfondens
627 785 39 22 och
688 785 239 22 kommunikationsfon-

169 818 52 22 dens
244 819 119 22 inkomster
385 820 39 21 och
446 819 92 28 utgifter
560 819 109 22 meddelas
692 820 39 21 två
755 819 86 22 tablåer
859 820 68 21 under

145 857 2 2 *
170 853 53 22 Litt.
240 853 26 22 G.
283 854 38 21 och
336 853 28 22 H.

408 962 38 23 VI.
476 962 208 23 Donationsfonden.

238 1008 43 22 Vid
296 1009 162 27 granskningen
474 1009 24 21 af
511 1009 72 22 denna
597 1009 62 22 fonds
674 1009 148 27 räkenskaper
830 1008 34 22 för
874 1009 52 21 ären

170 1044 142 20 1876—1880
332 1044 40 21 har
390 1044 114 22 Utskottet
519 1043 72 22 funnit
605 1044 48 21 skäl
668 1044 35 21 till
717 1043 96 28 följande
828 1043 98 22 anmärk-

169 1076 89 28 ningar:

239 1113 40 19 1:0.
309 1111 116 28 Utgäende
440 1112 76 22 balans
531 1112 50 22 frän
598 1113 54 20 1875
664 1111 115 28 uppgifves
790 1111 6 21 i
807 1110 119 23 relationen

169 1145 34 21 till
223 1147 86 20 senaste
323 1146 107 28 landtdag
446 1146 50 27 (XV
510 1146 41 22 sid.
568 1146 36 28 15)
619 1146 35 22 til
684 1162 5 5 .
720 1162 4 5 .
755 1147 120 26 6,756,827:
892 1147 26 19 52

169 1179 102 22 Deremot
293 1182 64 26 utgör
376 1180 109 28 ingäende
503 1180 77 22 balans
597 1180 36 22 för
648 1182 55 20 1876
718 1180 8 21 i

212 1214 120 22 relationen
347 1214 34 22 till
395 1214 148 23 innevarande
557 1214 107 28 landtdag
678 1214 49 28 (sid.

213 1248 50 27 205)
327 1265 4 5 so
541 1264 148 6 L
756 1250 163 25 6,490,267;
891 1238 32 42 32

212 1288 154 22 Differensen
361 1284 15 36 .
397 1305 5 5 .
433 1305 5 5 .
612 1305 5 5 2
685 1305 40 5 0
777 1290 99 26 266,560:
892 1290 27 20 20

168 1324 65 26 säges
248 1323 51 22 bero
315 1323 25 22 af
353 1301 242 54 öfvergängskalkylen.

238 1359 40 20 2:0.
308 1357 78 28 Enligt
395 1358 235 27 kapitalräkningarna
640 1357 68 23 hafva
717 1357 35 22 till
762 1357 79 22 fonden
850 1357 9 21 i
869 1357 58 21 land-

168 1391 103 22 boräntor
281 1392 39 21 och
331 1392 106 22 arrenden
447 1392 34 22 för
490 1392 81 22 inlösta
581 1391 169 28 donationsgods
760 1391 80 22 influtit
850 1392 78 26 24,744

169 1425 62 22 mark
245 1427 28 20 54
287 1433 22 20 p.
324 1432 59 16 mera
393 1428 29 20 än
436 1427 8 21 i
459 1426 119 23 relationen
595 1426 48 28 (sid.
659 1427 52 26 205)
727 1425 121 28 uppgifves.
877 1425 51 22 Men

239 1465 150 18 Statsutskottets
402 1466 117 18 betänkande
532 1467 36 17 N:o
581 1467 16 16 9.
