1025 1670
63 1160 14 12 s.
91 1156 72 17 13—20.

189 136 11 17 6
450 135 4 6 *
468 135 18 19 U.
500 135 23 19 B.
537 146 21 3 —
571 136 66 19 XXII.

167 194 92 26 penbart
281 194 160 21 äsidosättande
464 193 24 22 af
508 193 57 22 hvad
587 194 68 27 tydlig
677 194 37 27 lag
730 195 95 27 stadgar.
855 195 74 22 Likväl

167 227 64 22 hafva
254 228 122 21 Utskottets
402 228 69 27 öfriga
493 228 147 27 medlemmar,
657 229 52 20 enär
730 229 71 27 någon
817 229 113 28 olägenhet

168 263 53 21 eller
236 263 45 20 risk
297 263 124 26 derigenom
438 262 48 21 icke
501 263 103 26 uppstått,
621 269 49 15 men
686 263 83 22 banken
790 264 90 21 sålunda
894 264 36 21 be-

168 296 62 22 friats
245 297 48 21 från
309 297 26 21 de
350 297 103 21 förluster
470 303 26 15 en
513 297 138 21 brådstörtad
661 297 125 22 realisation
795 298 24 21 af
825 298 36 21 det
869 300 62 25 präg-

169 331 49 22 lade
241 331 72 21 silfret
335 331 109 21 sannolikt
466 331 55 21 hade
541 331 98 26 medfört,
656 333 72 20 ansett
743 332 70 21 denna
828 332 103 22 öfverträ-

170 365 58 22 delse
245 365 24 22 af
282 366 153 26 reglementets
451 365 88 21 bokstaf
557 365 24 21 så
599 365 85 27 mycket
703 366 82 21 mindre
801 367 53 20 böra
869 369 63 24 göras

169 400 33 20 till
217 399 91 22 föremål
323 399 34 21 för
372 399 66 26 tadel,
456 405 44 15 som
517 399 42 21 den
574 399 112 21 anmärkta
701 400 82 21 bristen
798 403 76 24 yppats
887 401 46 26 just

171 434 67 21 under
254 433 187 27 öfvergångstiden
461 434 47 20 från
525 435 32 19 ett
572 433 130 27 föregående
718 434 70 27 skifte,
811 435 122 21 hvarunder

171 468 134 27 silfvermynt
319 474 38 15 var
373 468 37 21 det
425 468 81 26 lagliga
521 468 203 26 betalningsmedlet
743 468 39 22 och
801 468 73 22 derför
889 468 44 22 må-

171 504 32 20 ste
226 502 23 22 af
270 502 84 22 banken
376 502 70 21 hållas
470 502 6 21 i
496 504 70 19 större
586 502 135 26 qvantiteter.
753 502 70 22 Också
838 503 95 21 berodde

170 537 82 21 bristen
276 536 46 22 icke
345 537 67 26 derpå
436 538 31 20 att
491 536 84 22 banken
599 536 69 22 skulle
688 536 64 22 hafva
768 537 77 21 saknat
860 537 73 21 metall

171 573 51 19 utan
238 571 66 26 derpå
319 573 32 19 att
366 571 70 21 denna
452 571 33 21 till
502 572 45 20 stor
563 571 34 21 del
613 570 77 22 bestod
705 571 24 21 af
742 572 100 26 prägladt
853 572 79 21 silfver.

171 605 85 22 Kassan
272 605 94 21 innehöll
382 605 115 27 nämligen,
517 611 34 15 om
571 611 48 15 man
642 605 86 22 bortser
743 605 48 22 från
808 612 26 15 en
850 605 84 28 mycket

172 640 49 21 kort
235 640 32 21 tid
283 639 53 27 (Juli
352 640 39 21 och
407 640 91 26 Augusti
515 639 103 22 månader
634 639 72 28 1878),
722 640 69 21 under
805 640 49 21 hela
865 640 69 21 denna

172 674 75 27 period
263 674 24 21 så
302 674 85 27 mycket
402 674 52 27 guld
470 675 32 20 att
517 674 42 26 det,
579 674 4 21 i
598 674 102 21 händelse
720 675 38 20 der
775 674 63 22 äfven
853 674 81 21 funnits

173 708 74 21 silfver
264 709 6 20 i
285 708 71 27 plants
373 708 33 21 till
422 708 50 21 hela
488 709 37 20 det
539 708 86 21 tillåtna
639 708 107 27 beloppet,
768 709 53 21 eller
835 709 14 21 4
865 708 69 27 miljo-

174 749 44 20 ner,
242 743 55 20 hade
318 743 55 20 varit
388 742 128 27 tillräckligt
531 742 34 21 för
580 744 31 19 att
626 742 120 27 uppbringa
762 743 124 21 densamma
901 743 33 20 till

174 777 60 21 öfver
249 777 30 21 20
297 777 99 26 miljoner
411 777 68 21 mark.
509 776 50 22 Men
576 783 27 14 nu
619 777 105 21 innehade
740 777 84 21 banken
839 777 24 21 så
878 783 57 21 myc-

174 811 37 21 ket
225 811 66 21 finskt
307 811 134 27 silfvermynt
457 812 31 19 att
504 811 37 20 det
556 811 142 21 tillsammans
714 811 49 21 med
772 811 163 27 silfret
847 807 10 36 i
867 811 68 27 plants

174 845 36 21 vid
233 845 134 27 myntlagens
387 845 113 21 införande
516 844 110 27 öfversteg
643 845 26 21 10
685 845 39 21 och
738 846 39 20 när
793 845 37 21 det
844 844 91 28 nedgick

174 879 33 21 till
223 880 33 20 sin
272 880 70 26 lägsta
358 879 59 21 siffra
432 879 83 21 ändock
532 879 99 27 utgjorde
647 885 45 15 mer
707 881 27 19 än
749 880 13 20 8
773 879 104 27 miljoner.
893 879 44 21 Det

175 913 47 21 fans
239 914 91 26 således,
346 914 63 21 äfven
425 920 34 14 om
475 920 48 14 man
539 914 102 20 afräknar
656 914 37 21 det
708 914 77 26 belopp
796 913 140 27 silfvermynt,

175 954 46 16 som
237 948 50 21 bort
301 948 69 21 hållas
386 948 8 20 i
410 948 73 21 förråd
500 948 34 21 för
549 948 41 21 den
606 947 108 21 allmänna
725 948 113 25 rörelsens,
850 947 66 21 behof
929 947 8 21 i

175 982 96 22 bankens
294 982 60 21 hvalf
375 988 47 15 mer
440 984 28 19 än
490 988 42 21 nog
551 982 24 21 af
588 982 81 21 metall.
699 982 39 21 Att
752 984 69 19 större
837 982 62 21 delen
915 981 24 21 af

177 1017 36 21 det
229 1016 112 22 deribland
357 1016 112 27 befintliga
485 1016 70 22 silfret
570 1022 37 15 var
623 1016 91 27 präglad
722 1016 33 21 till
771 1017 66 26 mynt,
847 1022 38 15 var
895 1016 42 21 vis-

176 1051 94 27 serligen
285 1051 110 21 stridande
410 1052 46 19 mot
471 1051 141 26 reglementet
627 1056 48 16 men
690 1050 74 27 gjorde
780 1050 47 21 icke
842 1050 95 20 bankens

177 1085 102 27 ställning
295 1085 83 21 mindre
394 1085 70 26 säker,
481 1086 51 20 enär
545 1080 62 26 detta
623 1086 58 25 mynt
696 1086 39 19 när
750 1090 45 15 som
811 1084 57 21 helst
883 1084 55 21 hade

176 1119 82 21 kunnat
273 1119 131 21 nedsmältas
420 1119 33 21 till
469 1119 78 27 plants.

248 1154 44 21 För
307 1153 65 27 öfrigt
387 1155 25 19 är
427 1154 38 20 det
479 1154 32 20 att
526 1153 74 21 märka
616 1153 36 21 det
667 1152 47 22 från
730 1151 208 27 Bankfullmäktiges

178 1188 47 21 sida
240 1188 31 20 tid
288 1187 55 21 efter
365 1194 71 14 annan
451 1187 74 21 försök
544 1186 71 22 blifvit
630 1186 76 27 gjorda
721 1188 32 20 att
768 1186 22 22 få
805 1186 37 21 det
856 1186 33 20 för
905 1187 33 19 rö-

177 1222 72 21 relsen
271 1222 47 21 icke
337 1222 143 26 erforderliga
495 1221 156 27 silfvermyntet
665 1221 55 21 eller
735 1227 25 15 en
777 1220 34 22 del
827 1219 62 22 deraf
902 1225 37 15 an-

177 1256 75 27 tingen
268 1255 157 22 öfverlemnadt
440 1255 22 21 åt
478 1255 131 22 statsverket
623 1255 7 20 i
645 1255 75 26 utbyte
740 1256 40 19 mot
788 1254 93 21 bankens
891 1253 48 21 sed-

177 1290 34 21 lar
226 1289 40 22 och
281 1290 34 21 för
331 1289 168 27 sedelutgifning
514 1289 124 21 användbar
652 1289 74 21 valuta
737 1289 53 21 eller
800 1293 77 22 genom
887 1287 52 22 ban-

177 1324 54 22 kens
254 1324 77 26 åtgärd
349 1324 108 21 nedsmält
477 1324 38 21 och
534 1323 98 21 försåldt.
662 1323 42 21 Vid
720 1323 26 21 de
761 1322 126 27 långvariga
902 1328 38 14 un-

178 1358 174 27 derhandlingar,
368 1364 46 15 som
430 1358 7 21 i
453 1358 77 21 sådant
544 1357 100 21 ändamål
659 1356 80 27 fördes,
754 1356 40 22 har
805 1356 79 22 mellan
899 1356 41 21 Re-

178 1392 104 27 geringen
297 1392 40 21 och
352 1392 145 26 Fullmäktige
513 1392 40 21 den
569 1391 184 27 meningsskilnad
771 1391 58 26 gjort
847 1390 33 27 sig
895 1390 46 26 gäl-

178 1426 63 22 lande
257 1428 33 19 att
304 1426 77 22 medan
397 1426 63 21 desse
476 1426 124 26 sistnämde,
620 1425 27 27 pä
665 1425 70 27 grund
750 1424 23 22 af
789 1425 26 21 19
831 1424 11 28 $
856 1424 7 22 i
877 1424 63 27 lagen

247 1466 141 18 Bankutskottets
400 1466 92 17 berättelse.
