1017 1664
184 133 13 20 8
521 134 17 21 I

155 200 41 21 dan
220 201 60 21 Hans
304 201 121 27 Kejserliga
444 202 102 27 Majestät
566 202 7 20 i
593 202 40 21 den
650 201 79 26 nådiga
744 201 164 27 propositionen

154 235 58 26 gjort
226 235 105 22 förbehåll
348 238 32 19 att
396 236 131 21 beträffande
547 236 45 21 deri
613 236 106 26 ingående
736 235 172 22 administrativa

155 269 133 27 stadganden
311 271 69 20 allena
403 273 53 24 göra
479 271 26 20 de
528 271 116 26 ändringar
667 271 39 20 och
730 271 81 25 tillägg,
834 270 74 21 hvilka

153 303 116 22 framdeles
284 305 71 21 kunde
371 311 51 15 vara
437 306 23 20 af
474 305 101 22 behofvet
590 305 120 27 påkallade,
727 305 39 20 har
781 305 60 20 Hans
858 304 52 27 Kej-

154 339 80 26 serliga
249 339 103 26 Majestät
367 339 46 22 icke
430 340 57 21 velat
502 340 107 21 stadfästa
625 340 55 21 hvad
698 339 119 21 Ständerna
828 339 7 21 i
846 341 61 18 ären-

154 373 36 20 det
213 373 95 26 beslutit,
331 376 52 19 utan
406 374 104 21 förklarat
534 377 32 18 att
585 375 39 20 den
645 374 80 27 nådiga
746 374 162 27 propositionen

153 407 121 22 tillsvidare
290 408 69 21 skulle
375 409 92 21 förfalla.
498 409 60 20 Dock
575 411 23 18 är
618 415 27 21 ny
661 409 135 26 proposition
813 408 6 21 i
836 409 72 20 ämnet

154 441 12 21 å
182 441 70 22 denna
268 443 102 26 landtdag
387 443 120 21 Ständerna
522 443 103 27 förelagd.

224 477 56 20 25:0.
310 477 61 21 Efter
387 477 36 22 det
442 478 121 20 Ständerna
581 478 31 21 uti
633 477 90 27 afgifvet
739 483 49 15 svar
802 477 28 26 pä
845 477 61 20 Hans

152 510 123 27 Kejserliga
298 511 112 27 Majestäts
433 512 78 27 nådiga
532 513 140 26 proposition,
694 511 110 27 angående
824 511 83 21 förord-

153 545 51 26 ning
220 551 33 15 om
270 547 136 25 näringarne,
422 547 6 20 i
445 547 172 26 underdånighet
632 547 88 24 anmält,
738 548 32 19 att
781 545 125 26 Ständerna,

154 585 51 20 som,
222 580 68 21 under
306 580 156 27 förutsättning
479 583 32 19 att
527 581 63 21 deras
607 581 72 20 beslut
695 581 5 20 i
712 581 115 25 anledning
838 580 23 21 af
870 580 39 21 nå-

152 614 50 26 diga
217 615 163 26 propositionen
399 622 33 14 om
455 616 126 25 utvidgning
600 615 22 21 af
641 615 80 20 valrätt
742 615 38 21 och
796 614 112 21 valbarhet

152 648 32 21 till
201 649 165 25 landtdagsman
382 650 6 20 i
399 649 189 27 Borgareståndet,
601 656 69 14 vunne
682 649 65 26 nådig
760 649 147 25 fastställelse,

152 682 79 21 bifallit
246 683 33 21 till
296 683 150 27 upphäfvande
462 684 22 21 af
498 684 77 27 Kongl.
594 683 116 27 Majestäts
726 683 33 21 för
775 683 67 21 rikets
859 683 48 20 bor-

151 717 93 27 gerskap
268 718 39 21 och
330 719 102 20 städerna
455 719 5 20 i
485 719 117 20 allmänhet
621 718 115 21 utfärdade
757 717 113 21 försäkran
886 717 23 21 af

152 751 40 21 den
216 753 26 20 23
266 752 104 21 Februari
392 753 60 26 1789,
473 753 24 20 så
516 753 46 20 vidt
581 753 124 20 densamma
721 752 23 21 af
759 751 149 22 förstnämnda

150 785 119 28 lagförslag
292 787 108 25 berördes,
421 787 33 21 för
474 787 32 21 sin
526 787 34 21 del
581 787 89 21 beslutit
690 787 33 20 till
739 793 25 14 en
782 786 126 26 förordning

151 826 34 15 om
200 821 132 26 näringarna
346 821 24 20 af
384 821 67 21 sådan
474 821 87 27 lydelse,
582 821 133 21 Ständernas
732 820 176 21 svarsskrifvelse

150 855 126 26 innehåller,
293 855 38 21 har
346 855 61 22 Hans
424 856 121 27 Kejserliga
561 856 109 27 Majestät,
687 861 46 16 som
745 861 75 20 genom
832 855 77 26 nådigt

150 889 102 22 manifest
267 890 23 21 af
304 890 40 21 den
360 891 27 20 20
404 890 31 28 (8)
451 891 59 20 Mars
529 891 51 20 1879
598 891 97 20 faststält
716 890 132 21 Ständernas
865 889 43 21 för-

150 924 92 21 berörda
262 924 72 21 beslut
351 925 6 20 i
378 925 114 26 anledning
512 925 22 21 af
549 925 163 26 propositionen
730 931 33 14 om
780 923 129 27 utvidgning

150 958 23 21 af
186 959 81 20 valrätt
282 959 39 21 och
337 959 113 21 valbarhet
465 960 32 20 till
515 959 166 26 landtdagsman
699 959 6 20 i
716 958 191 27 Borgareståndet,

150 993 118 20 stadfästat
287 993 36 21 det
342 993 22 21 af
384 993 120 22 Ständerna
524 996 93 24 antagna
633 992 224 27 författningsförslag
873 998 34 15 om

148 1028 131 25 näringarne
299 1027 38 21 och
356 1027 50 21 låtit
424 1028 6 20 i
450 1028 94 26 enlighet
564 1027 88 22 dermed
673 1028 41 20 den
736 1028 24 20 31
783 1027 58 20 Mars
858 1027 52 20 sist-

150 1061 65 26 sagde
231 1061 24 21 år
271 1061 87 21 utfärda
374 1061 131 27 förordning.

220 1095 138 22 Beträffande
374 1096 132 21 Ständernas
525 1096 6 21 i
552 1096 154 25 sammanhang
726 1095 48 21 med
791 1095 63 20 deras
869 1101 39 14 un-

150 1129 118 27 derdåniga
284 1136 50 15 svar
349 1131 28 26 på
392 1131 41 20 den
450 1131 77 26 nådiga
543 1131 164 26 propositionen
724 1136 33 15 om
777 1129 131 26 näringarne

148 1164 98 21 uttalade
262 1164 169 27 önskningsmål,
452 1168 32 18 att
503 1165 60 21 Hans
584 1165 122 26 Kejserliga
725 1164 104 26 Majestät
848 1163 60 21 täck-

148 1201 39 23 tes,
207 1199 55 20 efter
281 1205 25 14 en
326 1205 74 20 genom
421 1200 134 25 sakkunnige
576 1205 102 21 personer
700 1198 153 27 försiggången
869 1204 39 14 un-

148 1233 137 26 dersökning,
302 1233 111 27 förelägga
429 1234 84 21 landets
530 1234 88 21 dernäst
629 1233 204 21 sammanträdande
844 1232 64 21 Stän-

148 1267 38 20 der
202 1267 138 27 fullständigt
354 1267 118 28 lagförslag
488 1269 18 26 ej
524 1268 82 21 mindre
622 1267 92 22 rörande
726 1267 65 21 barns
802 1267 40 20 och
854 1267 54 20 min-

148 1301 100 27 deråriga
264 1308 116 20 personers
396 1303 121 26 antagande
537 1303 39 20 och
596 1301 142 22 användande
754 1301 35 20 vid
805 1301 106 22 fabriker,

146 1335 122 21 handtverk
284 1336 39 21 och
339 1337 68 20 andra
422 1337 161 26 handteringar,
600 1339 26 18 än
643 1337 39 20 ock
699 1335 166 21 vidkommande
876 1335 32 20 in-

148 1370 127 26 spektionen
292 1371 106 25 deröfver,
416 1371 38 20 har
471 1371 59 20 Hans
547 1371 121 26 Kejserliga
684 1370 104 26 Majestät
799 1369 71 21 funnit
882 1369 27 20 de

147 1405 31 20 uti
195 1405 27 20 33
238 1404 12 27 $
266 1405 24 20 af
305 1404 40 21 den
362 1404 48 21 utaf
424 1404 121 22 Ständerna
560 1407 94 24 antagna
676 1404 128 25 förordning
820 1409 34 15 om
870 1404 37 19 nä-

146 1439 100 26 ringarne
266 1439 176 21 förekommande
462 1440 160 26 bestämningar
640 1439 6 21 i
666 1440 74 19 ämnet
762 1444 51 15 vara
830 1437 78 21 tillsvi-
