1009 1664
218 148 25 21 18
558 148 17 21 I

188 215 113 22 aflönande
317 216 23 21 af
354 223 26 14 en
396 217 90 21 ekonom
501 217 34 20 för
549 217 82 20 vården
647 217 24 20 af
684 216 133 21 Ständernas
832 216 67 27 arkiv,
910 215 31 22 bi-

187 250 84 22 bliotek
287 251 39 21 och
342 251 69 27 öfriga
427 251 105 27 egendom
548 252 56 20 samt
619 251 34 21 till
668 251 135 21 betäckande
819 251 23 20 af
856 251 26 20 de
892 250 50 21 med

187 285 68 26 sagda
266 285 53 21 vård
329 285 102 22 förenade
442 286 125 21 kostnader.
593 285 10 21 I
614 285 116 27 anledning
740 285 65 21 häraf
814 287 24 18 är
847 285 94 20 nämnda

187 319 78 27 belopp
281 321 103 25 upptaget
399 320 32 21 uti
446 320 80 27 nådiga
541 319 145 28 kungörelsen
702 319 23 21 af
739 319 41 21 den
793 321 24 19 16
829 319 44 21 Juli
887 320 53 20 1879

187 354 75 21 ibland
285 354 26 21 de
334 354 81 28 anslag,
432 361 46 14 som
494 354 23 21 af
531 354 122 21 Ständerna
668 354 101 27 beviljats
784 354 33 21 för
833 354 108 21 särskilda

187 389 90 20 allmänt
292 389 85 26 nyttiga
393 389 106 20 ändamål.

259 424 54 20 35:0.
344 423 61 21 Efter
425 423 36 21 det
477 423 122 21 Ständerna
614 423 35 20 vid
665 423 144 20 besvarandet
825 423 23 20 af
860 422 80 27 nådiga

185 457 170 28 propositionen,
371 457 112 28 angäende
498 457 128 27 utvidgning
642 457 23 21 af
677 457 81 21 valrätt
774 457 39 21 och
829 457 111 20 valbarhet

186 492 33 21 till
235 492 166 27 landtdagsman
417 492 7 21 i
439 492 192 27 Borgareständet,
647 491 7 22 i
669 491 172 27 underdänighet
852 491 87 27 anmält,

187 528 32 19 att
234 527 42 20 den
291 527 79 26 nådiga
385 527 162 26 propositionen
563 527 19 26 ej
599 527 83 20 kunnat
698 526 131 21 oförändrad
844 526 95 27 godkän-

186 567 39 15 nas
249 561 24 20 af
294 561 128 27 Ständerna,
444 561 74 20 hvilka
537 561 7 21 i
560 561 223 21 öfverensstämmelse
800 561 47 20 med
864 561 22 20 71
906 561 10 26 $
932 560 7 21 i

186 595 236 27 landtdagsordningen
445 595 24 21 af
490 596 41 21 den
556 597 25 20 15
604 595 62 27 April
686 596 54 20 1869
756 595 33 21 för
805 595 33 20 sin
854 595 34 20 del
903 595 37 21 be-

186 630 68 27 slutit,
271 631 32 20 att
321 631 24 20 12
361 630 12 27 $
392 629 4 22 i
411 636 82 15 samma
508 630 107 27 grundlag
630 630 70 21 skulle
716 629 83 21 erhälla
815 629 66 21 sädan
898 629 42 21 för-

186 665 83 21 ändrad
292 664 88 27 lydelse,
404 664 132 21 Ständernas
557 665 112 21 svarsbref
681 664 128 27 innehäller,
825 664 39 20 har
879 664 60 21 Hans

185 699 123 28 Kejserliga
323 699 108 27 Majestät,
447 705 46 16 som
509 699 48 22 icke
571 699 59 21 velat
638 699 75 21 bifalla
725 699 131 21 Ständernas
868 698 72 21 tillika

185 734 76 27 gjorda
285 733 102 22 anhällan
409 740 34 15 om
467 736 66 19 sättet
555 734 34 21 för
607 734 130 21 utfärdande
753 733 23 21 af
790 733 127 26 författning
933 733 6 20 i

185 770 80 25 ämnet,
288 768 50 21 lätit
361 768 41 21 den
425 769 27 20 20
471 769 31 26 (8)
518 768 58 21 Mars
595 769 60 26 1879,
671 769 28 26 pä
715 770 44 19 sätt
774 768 68 20 under
857 767 39 21 N:o
912 768 27 20 25

185 803 23 21 af
222 803 71 21 denna
307 802 118 21 berättelse
441 805 24 18 är
481 803 132 26 omnämndt,
629 802 88 21 utfärda
732 801 102 22 manifest
848 801 8 21 i
872 801 67 27 enlig-

183 837 38 22 het
236 837 51 21 med
302 837 132 21 Ständernas
451 837 141 21 omförmälda
607 837 72 21 beslut
695 837 6 20 i
717 837 74 20 saken.

256 873 55 20 36:0.
342 871 71 22 Sedan
432 871 60 21 Hans
508 871 123 27 Kejserliga
645 871 103 26 Majestät
764 877 76 20 genom
856 870 82 21 förord-

184 906 52 27 ning
259 906 23 21 af
297 906 40 21 den
353 907 28 20 30
396 905 96 22 Oktober
509 907 61 26 1876,
587 906 111 26 angäende
715 905 92 26 ändring
823 905 23 20 af
858 905 80 26 nädiga

183 941 155 26 förordningen
362 940 41 21 den
428 941 24 20 13
476 940 60 27 April
558 941 53 20 1874
627 947 34 14 om
677 940 114 21 valörerna
807 940 12 19 &
835 939 103 20 Finlands

183 975 74 21 Banks
281 975 72 21 sedlar
375 981 27 14 m.
425 981 36 21 m.,
481 976 28 25 pä
525 974 132 21 Ständernas
672 974 212 26 Bankfullmäktiges
900 980 38 14 un-

184 1009 120 28 derdäniga
327 1009 100 21 anmälan
450 1009 40 21 och
505 1009 7 21 i
529 1009 95 27 enlighet
639 1009 50 22 med
703 1009 57 20 hvad
776 1008 162 21 Bankfullmäk-

183 1044 45 27 tige
251 1044 72 21 tillika
345 1043 119 28 föreslagit,
488 1043 7 21 i
510 1043 68 22 näder
593 1043 76 21 tillätit
684 1042 199 27 Bankfullmäktige
899 1044 39 25 att,

183 1078 34 21 till
232 1078 195 21 underskrifvande
443 1077 24 22 af
479 1077 102 22 Bankens
597 1077 72 22 sedlar
685 1078 13 20 å
713 1077 44 21 fem
773 1077 39 20 och
827 1077 31 20 tio
869 1077 68 26 mark,

184 1112 55 21 efter
261 1112 67 22 behof
349 1114 79 25 antaga
451 1112 40 21 och
513 1112 102 21 förordna
637 1117 104 21 personer
764 1113 59 19 utom
840 1111 97 27 Banken,

182 1147 89 21 hvilken
293 1147 127 26 förordning
442 1147 70 20 skulle
532 1147 57 26 gälla
605 1146 57 21 intill
679 1146 49 21 dess
745 1145 90 21 ärendet
849 1145 37 21 vid
900 1146 37 25 pä-

182 1181 96 27 följande
301 1181 104 27 landtdag
427 1181 90 21 kommit
539 1181 69 20 under
625 1180 134 21 Ständernas
775 1179 163 27 öfverläggning

183 1215 39 22 och
237 1215 80 28 beslut,
331 1215 57 22 hade
403 1215 94 21 nämnda
512 1215 62 27 fräga
589 1215 32 21 uti
637 1215 66 26 nädig
718 1213 135 28 proposition
869 1213 69 21 öfver-

182 1249 93 22 lemnats
291 1249 34 22 till
341 1250 41 21 den
397 1250 28 26 pä
441 1249 122 22 Ständerna
579 1249 157 21 ankommande
752 1248 84 27 ätgärd.
866 1247 72 22 Jemte

181 1283 210 28 tillkännagifvande
414 1285 33 20 att
465 1284 160 26 Ridderskapet
640 1283 39 22 och
695 1283 71 21 Adeln
781 1284 56 19 samt
852 1282 86 21 Preste-

182 1319 89 20 ståndet
293 1318 96 27 beslutit,
413 1320 32 19 att
468 1318 26 21 de
513 1318 6 21 i
535 1318 122 26 åberopade
672 1317 129 26 förordning
816 1316 23 21 af
853 1316 41 21 den
910 1317 28 20 30

182 1351 97 22 Oktober
297 1353 52 20 1876
366 1352 90 27 intagna
470 1352 163 27 bestämningar
648 1351 122 22 tillsvidare
786 1350 70 22 skulle
870 1350 68 21 blifva

182 1386 108 28 gällande,
313 1393 49 15 men
385 1388 32 19 att
439 1387 106 26 Borgare-
568 1387 39 20 och
625 1385 170 22 Bondeständen
811 1386 78 25 ansett,
905 1386 33 19 att

181 1421 78 26 åtgärd
275 1421 67 21 borde
358 1421 98 26 vidtagas
473 1427 33 15 om
522 1420 112 21 införande
650 1420 23 21 af
687 1421 32 20 ett
734 1419 80 21 lättare
831 1419 39 21 och
880 1418 56 21 billi-

181 1461 51 21 gare
255 1456 45 20 sätt
323 1457 27 19 än
372 1455 167 26 handskrifning
562 1455 35 21 vid
619 1453 209 28 namnteckningens
850 1453 86 21 anbrin-
