1014 1661
436 113 21 21 J
775 114 24 20 41

73 183 67 20 dades
164 182 55 21 efter
241 182 102 21 Matthias
367 182 83 21 Calonii
472 182 96 21 hörande
585 182 39 21 och
641 182 5 20 i
664 182 166 21 öfverensstäm-

73 216 66 21 melse
156 216 48 21 med
219 216 54 21 hans
289 216 111 21 utlätande
417 218 24 18 är
458 216 89 20 allmänt
564 216 87 27 bekant,
663 223 48 14 men
721 218 44 18 mot
776 216 54 20 hans

74 250 135 27 lagtolkning
225 250 6 21 i
248 250 59 21 detta
323 250 37 21 fall
376 250 69 21 finnes
462 250 85 26 mycket
559 252 31 19 att
603 251 110 20 anmärka.
745 250 85 26 Frägan

74 285 74 20 härom
168 285 61 20 torde
254 284 53 21 dock
331 285 24 20 sä
370 285 87 26 mycket
473 284 68 21 hellre
558 285 32 20 för
605 285 136 20 närvarande
758 285 73 20 kunna

73 319 83 21 lemnas
181 326 10 13 ä
209 319 52 26 sido,
284 325 44 14 som
345 319 166 26 tillämpningen
527 319 23 20 af
564 319 25 20 de
606 319 69 26 bägge
691 319 141 21 förenämnda

74 353 178 26 förordningarna
270 353 23 20 af
307 353 32 26 sig
356 353 50 26 sjelf
420 353 85 27 upphör
521 354 24 19 sä
561 355 59 18 snart
638 354 140 21 dödsstraffet
789 353 42 21 för-

75 388 86 21 svinner
184 394 25 14 ur
232 389 37 19 vär
292 387 136 27 lagstiftning
451 387 54 21 eller
521 387 132 22 ätminstone
670 388 117 21 reduceras
803 388 28 26 pä

75 425 44 18 sätt
134 423 6 20 i
156 429 41 20 nya
214 422 204 27 strafflagförslaget
435 424 24 19 är
475 424 111 24 upptaget.

147 457 40 21 Till
211 457 41 21 den
275 457 67 21 andra
364 457 115 26 kategorin
498 457 53 21 höra
571 457 82 21 sädana
670 457 32 21 för
718 457 113 26 begängna

75 492 57 21 brott
153 492 33 20 till
205 491 167 21 tukthusarbete
388 491 33 21 för
437 491 69 21 lifstid
523 491 52 21 eller
593 493 28 25 pä
637 492 57 21 vissa
713 493 24 19 är
753 491 78 21 dömda

76 527 127 26 förbrytare,
221 532 44 15 som
282 526 53 21 efter
351 527 32 19 att
399 526 75 26 längre
491 526 53 21 eller
560 526 87 21 kortare
663 527 32 20 tid
711 526 64 21 hafva
790 525 41 21 för-

77 558 68 24 rättat
161 560 68 27 dylikt
245 560 79 27 arbete,
341 563 27 23 pä
385 560 73 21 derom
474 560 62 27 gjord
552 560 127 27 ansökning,
691 560 84 21 erhålla
790 560 42 20 till-

78 596 63 20 stånd
158 597 31 19 att
205 595 21 21 få
243 595 123 20 återstoden
382 594 23 21 af
419 595 121 20 detsamma
557 595 122 26 eftergifvet
691 595 40 21 och
741 594 7 21 i
760 594 73 21 stället

78 630 67 20 varda
167 629 101 21 försända
285 635 70 15 såsom
370 629 121 21 kolonister
507 629 33 20 till
557 628 100 22 Sibirien.
689 630 38 20 Att
742 628 91 21 hänföra

78 664 70 21 denna
170 664 97 26 kategori
291 664 68 20 under
382 664 41 20 den
446 663 87 27 vanliga
556 664 158 26 benämningen
731 680 4 10 ,
738 663 95 27 Sibirie-

77 699 97 21 straffet"
198 701 30 24 är,
253 700 70 19 såsom
342 699 66 20 redan
430 699 71 25 sades,
519 698 90 26 oriktigt
625 698 38 21 och
680 698 152 21 missledande.

77 733 46 20 Här
138 733 115 26 föreligger
269 732 89 21 alldeles
375 732 46 21 icke
438 733 71 26 någon
526 733 37 20 akt
579 732 23 21 af
616 732 148 27 bestraffning,
782 733 51 19 utan

77 767 90 21 fastmer
183 767 22 20 af
219 767 128 26 benådning,
364 767 63 20 hvars
445 767 69 26 grund
530 767 39 20 bör
585 767 64 20 sökas
665 767 31 20 uti
709 767 41 20 den
759 766 74 27 gjorda

77 801 144 26 iakttagelsen
247 803 31 19 att
303 803 30 19 ett
349 801 111 26 hägrande
477 801 56 26 hopp
549 807 34 15 om
599 801 102 21 befrielse
718 801 45 21 ofta
779 801 55 20 visat

78 836 33 26 sig
127 842 50 14 vara
193 838 30 18 ett
240 836 109 20 verksamt
365 836 180 26 bättringsmedel
561 836 33 20 för
606 836 142 26 brottslingar
757 835 77 20 dömda

78 870 33 21 till
128 870 148 26 långvarigare
292 870 146 21 frihetsstraff.
470 870 32 20 En
519 870 6 20 i
541 870 126 26 proportion
684 870 33 21 till
729 870 48 20 hela
788 869 45 21 fän-

79 904 117 27 gelsetiden
221 904 120 27 medgifven
361 904 137 27 förkortning
514 904 23 21 af
551 905 124 20 densamma
691 904 143 21 förekommer

79 939 84 21 derföre
180 939 65 21 också
261 939 5 20 i
278 946 57 14 vissa
346 939 187 27 fängelsesystem,
545 939 39 21 och
594 939 6 20 i
610 938 224 22 öfverensstämmelse

79 974 89 20 härmed
183 973 84 21 fordras
283 974 61 20 äfven
361 973 33 21 för
410 974 109 20 ernående
535 973 23 21 af
573 974 40 20 den
629 980 29 14 nu
670 972 165 28 ifrågavarande

79 1008 150 26 benådningen
253 1010 31 18 att
307 1008 90 26 fångens
418 1008 134 26 uppförande
569 1008 55 20 skall
640 1014 52 14 vara
708 1008 34 20 väl
758 1007 77 21 vitsor-

80 1042 52 21 dadt
147 1043 39 20 och
203 1044 32 19 att
250 1042 41 21 han
309 1049 25 14 en
352 1042 100 21 bestämd
468 1042 31 21 tid
515 1044 80 19 utstått
611 1042 38 21 sitt
665 1042 67 27 straff,
748 1042 87 20 hvilken

79 1076 195 22 tidsbestämmelse
291 1077 54 20 dock
363 1077 7 20 i
390 1077 102 21 afseende
513 1078 12 19 å
545 1077 49 21 dess
610 1077 152 25 utsträckning
778 1076 57 26 sjelf-

80 1111 61 20 fallet
156 1113 63 19 röner
236 1111 115 26 inflytande
368 1111 63 21 deraf
445 1113 32 19 att
493 1111 41 21 den
554 1111 109 27 medgifna
679 1111 93 20 friheten
788 1110 47 21 icke

80 1145 33 21 får
129 1145 33 21 till
185 1146 54 26 godo
259 1146 71 27 njutas
352 1146 6 21 i
373 1146 132 27 hemlandet,
521 1148 53 19 utan
590 1148 24 18 är
630 1146 90 21 förenad
735 1145 49 21 med
800 1145 35 20 de-

80 1180 115 26 portation.
225 1181 81 26 Nyttan
331 1181 22 20 af
375 1187 26 14 en
425 1181 60 26 dylik
505 1181 124 25 benådning
643 1181 34 20 för
693 1181 79 26 fången
788 1179 50 27 sjelf

80 1215 69 20 måste
165 1215 120 20 emellertid
305 1215 62 20 alltid
385 1215 67 21 blifva
468 1215 63 26 högst
546 1215 143 27 tvifvelaktig,
705 1217 23 24 ty
745 1221 33 14 om
793 1215 43 20 han

81 1250 12 20 å
116 1255 40 15 ena
179 1249 61 21 sidan
263 1250 40 20 har
325 1250 80 20 lättare
429 1251 33 19 att
485 1251 150 25 återupprätta
655 1249 34 27 sig
704 1249 69 21 under
788 1255 48 20 nya,

81 1283 131 21 fremmande
228 1283 158 28 förhållanden,
398 1286 24 18 är
434 1284 37 21 det
482 1285 47 20 åter
540 1285 12 19 å
565 1284 67 21 andra
643 1284 62 21 sidan
715 1283 32 21 för
760 1283 77 21 honom

81 1317 48 21 vida
145 1319 86 20 svårare
248 1320 32 19 att
296 1318 45 21 helt
357 1318 39 21 och
407 1318 69 21 hållet
487 1318 145 21 öfverlemnad
641 1319 22 20 åt
675 1318 33 26 sig
721 1317 51 27 sjelf
781 1319 56 19 samt

81 1352 154 26 undandragen
251 1352 38 21 allt
305 1352 36 21 det
357 1353 50 20 stöd
422 1352 82 27 hvarpå
519 1352 42 21 han
578 1353 101 26 vanligen
696 1352 4 20 i
713 1352 124 21 hemlandet

80 1385 40 21 har
135 1388 33 19 att
183 1387 74 26 räkna,
273 1387 74 20 kunna
362 1387 81 20 motstå
459 1387 26 20 de
496 1387 101 20 mötande
605 1387 148 26 frestelserna,
764 1385 73 21 hvilka

80 1420 64 21 hafva
168 1427 25 14 en
217 1421 60 20 stark
300 1421 173 20 bundsförvandt
496 1421 6 20 i
518 1421 54 20 hans
593 1427 54 20 egna
663 1421 56 20 onda
735 1421 101 26 böjelser.
