1025 1664
216 118 13 21 8

187 181 55 21 nade
252 181 224 28 sedelutgifningsrätt
487 181 54 22 hade
552 182 127 27 visserligen
688 181 47 22 från
749 188 38 16 mer
798 177 26 37 än
833 183 27 21 12
867 181 78 22 millio-

186 221 40 15 ner
240 215 61 21 mark
316 215 42 21 den
373 215 53 22 sista
441 215 60 22 Mars
518 216 62 26 1877,
596 216 75 21 ultimo
687 216 120 22 December
825 222 80 16 samma
919 215 26 21 år

186 249 90 26 nedgätt
286 249 33 21 till
329 249 116 26 4,388,464
457 249 61 22 mark
529 250 39 21 och
580 250 41 21 den
636 250 27 21 31
672 250 61 22 Mars
750 251 55 21 1878
820 250 124 28 ytterligare

187 282 81 27 sjunkit
282 283 33 22 till
331 283 116 27 3,390,814
461 284 67 21 mark.
552 284 50 21 Men
614 284 36 21 det
661 286 26 19 är
698 286 32 20 att
741 285 92 26 märkas,
845 287 32 19 att
885 284 61 21 detta

186 317 126 26 nedgående
329 318 180 27 hufvudsakligen
527 318 95 21 berodde
641 318 29 27 pä
684 321 33 19 ett
730 318 135 22 förbiseende
879 319 8 20 i
900 319 46 25 lag-

188 350 131 28 stiftningen,
338 352 83 22 hvilket
434 352 56 22 hade
505 352 33 21 till
553 352 83 27 påföljd
650 354 34 20 att
698 353 98 26 omkring
810 353 13 21 6
839 353 106 20 millioner

188 385 60 21 mark
270 385 24 22 af
314 386 99 22 Bankens
436 387 148 21 silfverförräd
606 393 52 15 voro
680 387 109 21 uteslutna
807 387 47 21 frän
870 387 27 20 de
911 385 34 22 till

187 419 87 22 valutan
296 420 34 22 för
353 421 166 27 sedelutgifning
541 421 122 26 hänförliga
683 421 122 27 tillgängar.
839 421 28 21 Sä
885 422 60 20 snart

188 453 37 22 det
239 460 42 21 nya
299 455 148 27 reglementet,
462 461 46 16 som
523 455 33 21 till
579 455 5 27 $
600 455 14 22 6
628 455 76 27 gjorde
719 457 32 20 ett
765 455 24 22 af
803 455 12 21 7
831 455 58 27 8:ens
903 460 43 21 nya

186 488 95 21 innehäll
292 489 112 27 päkalladt
414 489 83 27 tillägg,
505 489 73 22 blifvit
586 489 167 27 promulgeradt,
761 489 110 27 upphörde
879 489 66 26 sagde

188 522 193 22 missförhällande.
415 523 48 22 Den
483 524 28 21 30
528 523 51 22 Juni
597 523 54 22 1878
666 529 40 16 var
721 523 160 22 sedelreserven
897 523 49 21 äter

189 557 127 26 12,259,037
335 557 67 22 mark.
435 557 101 22 Derefter
557 557 40 22 har
614 557 99 22 valutans
733 557 96 27 stegring
842 557 8 21 i
865 556 80 22 förhäl-

188 590 63 21 lande
266 591 33 21 till
316 591 148 21 sedelstocken
477 591 70 27 jemnt
561 591 97 27 fortgätt.
689 591 71 22 Sedan
775 591 66 21 slutet
855 591 24 21 af
890 591 55 21 1880

188 624 39 21 har
241 624 88 22 Banken
348 625 97 22 innehaft
460 626 72 21 valuta
547 625 34 21 för
596 625 167 27 sedelutgifning
778 626 34 20 till
828 625 65 26 högre
909 624 38 22 be-

187 658 51 28 lopp
252 661 28 19 än
296 660 157 26 sedelskulden,
473 660 84 21 hvadan
576 660 161 21 sedelreserven
758 659 83 27 utgjort
855 665 45 15 mer
917 660 28 19 än

188 693 30 21 20
239 694 113 21 millioner.
373 706 26 3 —
417 694 57 21 Frän
494 694 36 22 det
548 694 85 27 belopp,
653 694 27 22 de
695 694 128 27 utelöpande
839 693 106 25 sedlarne,

189 727 132 22 oberäknadt
339 728 70 26 öfriga
427 728 69 22 under
510 728 151 22 sedelstocken
677 728 136 22 rubricerade
829 727 117 21 förbindel-

189 767 41 21 ser,
253 762 100 26 utgjorde
376 763 40 21 den
440 764 11 20 1
471 762 88 22 Januari
576 762 62 26 1877,
662 762 53 22 eller
733 762 129 26 52,741,784
877 761 68 27 mark,

189 796 54 26 egde
258 802 27 15 en
300 798 75 20 nästan
391 796 113 22 oafbruten
519 796 122 27 minskning
656 802 47 16 rum
719 796 56 22 ända
789 796 32 21 till
836 796 50 21 Juni
901 795 46 21 mä-

189 830 42 20 nad
247 830 63 26 1879,
333 830 37 21 vid
385 830 64 22 hvars
464 830 80 27 utgång
560 831 77 21 endast
651 831 130 26 33,559,522
795 826 61 26 mark
871 836 51 15 voro
937 830 8 20 i

189 864 103 21 rörelsen.
329 864 56 22 Från
405 865 60 21 detta
482 865 109 21 minimum
610 865 74 27 vidtog
700 864 27 22 dä
741 866 32 20 ett
787 864 158 28 uppåtgående,

190 897 24 22 så
236 900 32 19 att
290 898 35 21 vid
341 898 54 22 1881
415 899 36 21 års
469 899 44 21 slut
535 899 72 21 sedlar
628 899 34 21 till
680 899 79 27 belopp
777 898 24 22 af
816 898 130 27 44,793,784

189 932 62 21 mark
266 938 52 16 voro
333 932 135 28 utelöpande.
498 933 11 21 I
521 933 125 27 jemförelse
662 934 49 20 med
722 933 129 27 föregående
859 932 42 21 fem
910 932 36 21 års

189 966 82 27 period,
286 966 122 22 hvarunder
423 967 189 21 sedelemissionen
628 968 73 20 visade
717 969 31 19 ett
762 967 109 21 minimum
884 966 24 21 af
917 966 29 21 40

190 1000 38 22 och
248 1002 32 20 ett
295 1001 115 21 maximum
427 1001 23 21 af
464 1002 27 20 79
505 1001 114 27 millioner,
634 1002 40 21 har
688 1002 74 21 landet
776 1007 29 15 nu
819 1000 47 22 haft
880 1000 66 27 knap-

189 1040 53 21 pare
257 1040 35 16 om
307 1035 151 21 rörelsemedel
474 1035 62 21 äfven
552 1042 40 19 om,
608 1036 71 20 såsom
695 1036 33 26 sig
742 1035 46 27 bör,
804 1035 37 21 det
855 1034 92 22 cirkule-

190 1068 67 22 rande
279 1069 136 27 guldmyntet
436 1071 61 25 tages
515 1070 49 20 med
583 1070 6 20 i
605 1070 125 26 beräkning.
760 1069 50 21 Men
825 1069 60 21 detta
899 1068 46 27 har,

190 1102 71 21 såsom
276 1108 63 22 synes
354 1103 47 21 icke
416 1103 71 21 berott
501 1104 73 26 derpå,
590 1105 32 19 att
636 1104 87 21 Banken
736 1104 69 21 skulle
816 1103 77 21 saknat
903 1102 44 22 för-

190 1136 64 27 måga
276 1138 32 20 att
329 1137 106 26 emittera,
454 1137 36 21 det
508 1144 38 14 var
566 1144 25 15 en
606 1138 96 26 naturlig
716 1137 53 27 följd
785 1137 23 22 af
821 1137 40 21 den
876 1138 71 20 större

190 1170 165 28 försigtigheten
375 1171 39 21 och
433 1171 203 22 återhållsamheten
653 1172 8 21 i
676 1171 127 22 affärslifvet
817 1172 56 20 samt
887 1170 8 21 i
909 1176 38 16 an-

189 1204 93 22 litandet
296 1205 39 21 och
350 1205 130 27 beviljandet
495 1205 23 21 af
531 1206 77 21 kredit.

260 1342 47 21 Den
322 1341 65 28 ifriga
402 1342 135 27 spekulation
552 1342 8 21 i
575 1342 115 27 skogsköp,
702 1341 194 27 såganläggningar
907 1342 40 21 och

190 1376 112 27 träexport
323 1382 46 15 som
391 1376 135 21 framkallats
548 1376 24 21 af
585 1376 27 21 de
626 1376 52 21 åren
695 1375 141 22 1872—1876
851 1375 98 22 särdeles

191 1415 125 22 gynsamma
338 1410 193 27 konjunktionerna
554 1410 34 21 för
610 1410 188 25 trävaruhandeln,
817 1409 74 26 måste,
907 1409 39 22 der

191 1443 162 28 spekulationen
376 1450 38 15 var
433 1444 143 22 öfverdrifven
595 1444 54 22 eller
667 1444 39 22 illa
720 1444 109 21 beräknad
845 1443 53 22 eller
912 1444 35 21 till
