1025 1661
771 140 28 22 35

70 208 86 21 person.
180 203 11 21 I
206 202 54 28 följd
273 202 64 22 häraf
350 205 38 19 äro
401 203 107 21 särskilda
520 203 196 27 inspektionsresor
726 202 24 22 af
758 202 69 22 Bank-

72 236 146 22 direktionens
241 237 129 21 ordförande
392 238 101 21 Friherre
514 244 42 15 von
575 237 59 21 Troil
653 237 34 21 till
704 236 122 22 kontoret
815 232 14 36 i

72 269 32 22 S:t
126 270 130 27 Petersburg
277 272 48 20 med
344 271 208 27 Bankfullmäktiges
570 270 130 27 begifvande
716 270 111 27 företagna

71 304 69 21 under
162 304 49 22 åren
235 305 62 26 1878,
317 305 57 21 1880
393 305 39 22 och
448 305 54 22 1881
517 305 28 27 på
560 306 43 20 sätt
617 304 209 27 Bankfullmäktiges

71 338 107 27 protokoll
197 339 34 21 för
249 339 40 21 den
306 339 26 22 18
347 339 60 21 Mars
422 339 63 27 1878,
501 339 40 22 den
557 339 28 21 26
599 339 91 21 Januari
705 338 39 21 och
759 339 13 21 3
786 339 41 21 Fe-

71 372 73 21 bruari
168 373 56 22 1880
246 375 56 20 samt
320 374 41 21 den
376 374 13 21 8
404 373 105 22 Februari
525 373 39 22 och
580 374 25 21 11
622 373 60 21 Mars
698 373 54 21 1881
769 373 57 26 gifva

71 406 36 21 vid
123 406 90 23 handen.

140 442 21 26 e)
180 442 39 21 Att
233 442 117 21 verkställa
368 443 163 26 inventeringar!
546 442 36 21 vid
597 442 99 21 Bankens
712 444 114 24 agenturer

70 475 8 21 i
94 475 122 23 landsorten
236 476 141 21 förordnades
396 477 41 20 den
452 476 14 21 8
482 476 121 22 November
620 476 55 21 1879
690 476 136 27 Borgmästa-

74 515 50 16 rene
139 510 27 21 K.
180 510 20 21 J.
215 510 58 27 Berg
287 511 40 20 och
341 510 30 21 M.
388 510 38 21 Th.
442 510 93 26 Stenius,
546 511 167 26 Borgmästaren
723 510 57 27 Berg
789 510 37 21 vid

70 545 117 25 agenturen
205 544 8 21 i
232 544 118 22 Sordavala
368 545 40 21 och
426 545 167 26 Borgmästaren
610 544 86 22 Stenius
710 544 36 21 vid
762 550 64 20 agen-

70 579 62 20 turen
147 578 8 21 i
170 578 111 22 Kexholm.
311 579 35 21 Då
361 578 166 27 Borgmästaren
546 578 87 22 Stenius
652 578 123 22 sedermera
793 578 31 21 af-

72 612 51 22 sade
142 612 33 28 sig
193 613 120 27 uppdraget
330 612 142 22 förordnades
487 612 137 28 Apotekaren
640 612 23 22 C.
679 613 25 21 E.
720 612 48 22 Thil
784 612 42 22 den

70 647 15 21 5
100 646 95 23 Oktober
212 647 55 22 1880
282 648 33 20 att
329 647 112 27 öfvertaga
455 647 188 27 inventeringarna
657 647 8 21 i
679 647 112 21 Kexholm.

422 704 12 27 &
449 704 20 21 8.

137 743 135 22 Beträffande
290 743 103 22 Finlands
411 743 73 22 Banks
502 743 72 22 sedlar
589 745 38 20 äro
643 743 94 28 följande
753 743 70 27 åtgär-

70 777 38 22 der
123 779 32 20 att
169 777 146 22 omförmälas:
428 777 25 14 "a

138 812 22 24 a)
175 812 34 20 Då
224 812 115 21 berättelse
355 812 33 20 till
404 811 85 21 landets
505 812 24 21 år
543 812 55 21 1877
616 812 130 22 församlade
760 812 63 21 Stän-

70 846 50 21 ders
137 845 144 22 Bankutskott
299 845 24 22 af
339 845 196 27 Bankfullmäktige
551 846 77 26 afgafs,
643 846 55 21 hade
714 846 84 21 arbetet
812 846 13 21 å

68 886 42 21 nya
128 880 71 21 sedlar
217 880 23 21 af
253 880 21 26 5,
291 880 32 26 10,
343 880 29 21 50
390 880 39 21 och
448 880 44 21 500
506 880 73 21 marks
593 880 61 22 valör
669 880 102 27 vidtagits
786 880 40 21 och

68 913 122 22 fortskridit
212 914 31 26 så,
266 916 32 19 att
320 914 46 21 dels
389 914 171 26 förfärdigandet
582 914 24 21 af
626 914 71 27 plåtar
716 920 45 15 som
777 914 49 21 bäst

69 948 122 26 försiggick,
207 948 47 21 dels
268 948 113 27 tryckning
395 948 40 21 hos
449 948 76 22 firman
540 948 27 22 H.
583 948 27 22 H.
627 949 73 21 Thiele
716 949 6 21 i
738 948 86 27 Köpen-

68 982 64 22 hamn
146 982 109 27 påbörjats
271 982 40 22 och
325 982 70 28 någon
410 983 32 21 tid
461 982 96 28 fortgått,
577 983 24 21 så
617 984 32 20 att
663 982 161 22 Bankfullmäk-

68 1017 45 26 tige
128 1016 71 22 kunde
214 1017 41 21 den
270 1017 27 21 29
313 1016 121 22 November
450 1016 56 22 1876
521 1017 128 27 bemyndiga
658 1016 164 22 Bankdirektio-

69 1056 42 16 nen
126 1052 32 20 att
171 1050 8 21 i
193 1050 96 22 rörelsen
305 1051 100 27 utsläppa
420 1057 41 21 nya
476 1050 43 22 fem
534 1051 73 21 marks
623 1051 79 21 sedlar.

136 1085 47 21 Den
206 1085 192 26 omständigheten,
422 1087 32 19 att
476 1085 65 26 nådig
562 1086 134 25 proposition
716 1091 34 15 om
768 1085 55 21 infö-

69 1119 65 20 rande
157 1118 24 21 af
200 1119 144 26 guldmyntfot
366 1119 7 20 i
395 1119 75 21 landet
484 1118 62 22 afläts
561 1119 33 21 till
611 1119 121 21 Ständerna
746 1119 40 21 och
801 1118 25 22 af

68 1153 48 21 dem
132 1152 139 21 oförändradt
285 1154 83 25 antogs,
384 1155 56 18 samt
454 1155 33 19 att
497 1153 70 21 såsom
578 1153 53 26 följd
643 1153 62 21 deraf
714 1153 63 26 lagen
788 1159 34 14 om

67 1186 102 21 Finlands
184 1188 59 25 mynt
257 1186 23 21 af
294 1187 40 20 den
350 1187 13 20 9
378 1187 93 26 Augusti
487 1187 53 21 1877
552 1187 134 26 emanerade,
696 1187 127 21 föranledde

68 1221 126 26 emellertid,
210 1222 51 20 enär
276 1221 155 21 hufvudtexten
446 1221 8 20 i
470 1221 99 26 samtliga
584 1221 99 22 Bankens
699 1221 79 26 sedlar,
789 1221 35 21 så-

66 1255 35 20 väl
117 1255 27 20 de
158 1255 67 25 äldre,
241 1261 45 15 som
302 1255 27 21 de
344 1255 79 26 sedlar,
438 1255 29 26 på
481 1255 84 22 hvilkas
580 1255 144 22 tillverkande
739 1255 85 22 arbetet

67 1288 99 27 fortgick,
187 1289 93 21 innehöll
300 1289 135 27 bestämning
454 1295 35 15 om
508 1290 63 21 deras
586 1289 112 22 inlösande
712 1289 50 22 med
777 1289 47 21 silf-

66 1325 104 25 vermynt,
192 1325 32 19 att
246 1323 106 21 särskilda
370 1323 130 22 förändrade
523 1323 144 27 anordningar
689 1323 134 22 beträffande

66 1356 226 28 sedeltillverkningen
307 1357 92 27 ansågos
414 1357 54 21 böra
482 1357 106 27 vidtagas.

135 1390 86 21 Främst
235 1391 133 21 återkallade
382 1390 204 27 Bankfullmäktige,
602 1391 84 21 såsnart
700 1391 123 26 guldmynt-

66 1423 45 22 fots
126 1424 111 22 införande
256 1427 72 25 syntes
346 1425 114 26 antagligt,
476 1425 41 21 den
531 1425 14 21 3
559 1425 46 21 Juli
621 1425 54 21 1877
692 1431 26 15 en
733 1425 7 20 i
756 1425 66 21 slutet

66 1457 24 22 af
110 1457 129 28 föregående
262 1459 24 21 år
308 1459 115 22 meddelad
441 1459 136 27 bestämning
596 1465 34 16 om
645 1459 139 26 tillverkning
799 1458 24 22 af

838 447 14 20 e)
859 445 35 18 Vid
901 451 53 18 agen-

855 469 80 17 turerna.

836 707 85 20 Åtgärder
929 707 26 17 be-

850 729 84 22 träffande

846 751 83 18 Bankens

860 774 62 17 sedlar.

836 815 18 20 a)
863 813 91 18 Sedeltill-

836 836 115 23 verkningen.
