1020 1664
223 133 26 20 20
563 133 18 22 I

193 201 99 27 ordning,
308 202 111 27 angäende
437 202 287 27 stämpelpappersafgiften,
740 204 28 19 än
783 202 88 27 vidtaga
886 202 26 21 de
928 202 22 21 af

194 235 121 22 Ständerna
339 236 6 21 i
368 236 155 22 ofvanstäende
547 238 67 20 måtto
638 236 101 22 beslutna
762 236 147 28 förfoganden.
939 236 8 21 1

193 270 117 27 anledning
326 270 24 21 af
362 270 57 22 hvad
435 271 122 21 Ständerna
572 271 36 21 vid
624 271 146 21 besvarandet
786 271 22 21 af
819 272 41 20 den
871 271 77 27 nädiga

192 305 162 26 propositionen
370 305 33 21 för
418 305 66 28 öfrigt
499 306 107 26 tillstyrkt
622 306 39 20 och
676 305 144 21 öfverlemnat
830 308 24 18 är
864 306 32 20 uti
907 306 41 20 den

192 339 141 27 proposition,
360 340 111 26 angående
499 340 341 27 stämpelpappersbevillningen,
868 346 44 15 som
935 341 13 20 &

192 374 71 20 denna
285 374 104 27 landtdag
412 374 103 28 förelagts
532 374 129 27 Ständerna,
677 374 131 27 meddeladt,
824 376 33 19 att
871 374 77 27 frägan

192 414 35 15 om
243 409 130 27 indragning
392 410 23 20 af
429 410 246 26 Kartasigillakontoret
691 410 40 20 och
747 409 164 27 öfverflyttande
927 409 22 21 af

192 443 50 21 dess
257 444 137 21 verksamhet
410 445 27 25 pä
452 444 104 21 Finlands
573 444 140 21 Statskontor
728 444 7 20 i
752 444 108 21 anseende
876 444 33 20 till
921 444 25 21 de

192 478 146 27 olägenheter,
362 485 45 15 som
430 479 36 21 vid
484 479 126 21 utförandet
625 478 64 22 häraf
703 478 111 21 befunnits
830 480 64 26 möta,
910 485 36 14 an-

192 514 55 19 setts
270 512 52 22 böra
345 513 120 21 tillsvidare
489 513 93 27 förfalla,
606 515 56 19 samt
684 515 33 19 att
733 513 122 21 emellertid
870 513 76 26 ätgärd

191 547 103 27 vidtagits
310 548 80 27 derom,
407 550 32 19 att
455 550 31 19 ett
502 548 175 26 omsorgsfullare
694 548 63 26 tryck
773 548 23 20 af
809 548 63 20 karta
887 547 59 27 sigil-

190 581 46 21 lata
251 588 81 20 papper
348 582 39 21 och
404 582 182 27 stämpelmärken
602 582 48 21 från
667 582 40 21 och
723 582 49 21 med
788 583 24 25 är
823 583 53 20 1882
887 582 58 21 kom-

190 622 47 15 mer
253 618 32 19 att
300 623 40 20 ega
355 623 54 21 rum,
425 618 71 20 säsom
513 618 39 20 ock
568 623 26 15 en
611 623 151 21 noggrannare
777 617 94 21 kontroll
887 616 59 22 öfver

190 651 68 27 sagda
273 651 141 27 tillverkning
429 653 32 20 att
477 652 27 20 dä
520 652 88 21 införas.

263 686 53 20 38:0.
339 686 38 20 Uti
393 686 116 21 aflemnadt
525 692 49 15 svar
589 688 28 24 pä
632 686 81 27 nådiga
724 686 162 26 propositionen
897 686 48 20 med

189 720 82 27 förslag
287 720 33 21 till
336 727 27 20 ny
379 720 132 28 förordning,
528 721 112 27 angäende
655 721 103 27 flottning
773 721 23 21 af
805 720 138 27 skogsalster,

189 754 62 21 hvari
275 754 121 22 Ständerna
418 755 71 21 tillika
505 756 91 20 lemnats
613 756 87 20 tillfälle
716 757 33 19 att
764 757 59 25 yttra
838 755 33 26 sig
887 754 58 22 öfver

190 795 26 14 en
233 788 6 21 i
256 789 225 22 öfverensstämmelse
495 790 49 21 med
554 790 94 21 nämnda
659 789 223 27 författningsförslag
893 796 52 20 upp-

190 823 62 27 gjord
268 824 189 27 ordningsstadga,
468 824 149 21 innefattande
630 825 27 21 de
667 824 175 21 administrativa
852 824 93 20 bestäm-

189 857 107 27 ningarna
313 858 6 20 i
335 860 79 26 ämnet,
430 859 63 21 hafva
512 858 122 22 Ständerna
649 859 8 21 i
672 858 175 27 underdänighet
858 858 86 24 anmält,

189 894 40 25 att,
253 893 89 21 emedan
366 894 36 20 tvä
425 894 64 20 ständ
512 895 88 19 stannat
619 895 45 19 mot
685 894 26 20 de
727 894 37 20 tvä
780 893 70 26 öfriga
865 892 7 21 i
887 892 56 21 olika

188 926 80 27 beslut,
284 926 77 27 frägan
377 934 33 14 om
426 927 130 21 utfärdande
571 927 24 21 af
608 934 27 20 ny
647 927 130 27 författning
787 927 92 21 rörande
888 926 56 22 flott-

188 960 54 27 ning
264 960 23 21 af
308 961 139 28 skogsalster,
470 962 85 26 jemlikt
577 963 26 20 73
620 962 11 26 &
647 962 7 20 i
670 961 237 27 landtdagsordningen
923 961 23 21 af

189 995 42 20 den
256 996 25 20 15
297 996 61 26 April
376 997 60 26 1869,
452 996 33 21 för
501 996 41 21 den
558 997 84 26 gängen
658 996 98 21 förfallit.
786 995 41 21 Vid
844 995 100 21 ofvanan-

187 1029 68 27 tydda
279 1029 134 22 förhållande
435 1030 40 22 har
491 1030 60 22 Hans
567 1030 122 27 Kejserliga
705 1030 103 26 Majestät
824 1030 119 20 tillsvidare

187 1064 51 20 låtit
253 1064 68 21 saken
336 1064 75 22 dervid
427 1065 57 21 bero.

261 1100 54 20 39:0.
346 1099 10 21 I
379 1099 223 22 öfverensstämmelse
625 1100 49 20 med
697 1099 57 21 hvad
770 1098 121 22 Ständerna
907 1105 36 14 an-

188 1132 56 27 tagit
259 1133 39 21 och
314 1133 107 27 tillstyrkt
436 1134 36 21 vid
487 1134 144 21 besvarandet
646 1134 24 20 af
683 1133 81 27 nådiga
775 1133 167 27 propositionen,

187 1167 113 26 angående
323 1167 124 22 inrättande
470 1168 23 21 af
514 1175 26 15 en
562 1168 80 21 allmän
657 1167 187 28 pensionsanstalt
858 1167 34 21 för
907 1167 35 21 be-

187 1201 120 22 fälhafvare
323 1203 40 20 och
379 1205 66 19 annat
461 1203 78 27 sjöfolk
554 1204 28 25 på
596 1203 71 21 finska
682 1202 172 27 handelsfartyg,
869 1208 27 15 m.
907 1208 34 21 m.,

186 1235 41 21 har
249 1236 60 21 Hans
332 1237 122 26 Kejserliga
477 1237 102 27 Majestät
601 1237 50 21 låtit
674 1237 41 21 den
735 1237 13 20 4
764 1236 58 21 Mars
841 1237 53 20 1879
909 1238 32 19 ut-

186 1270 63 21 färda
273 1271 35 20 två
331 1271 71 21 skilda
422 1271 157 28 förordningar,
596 1271 40 21 den
653 1277 51 16 ena:
721 1277 35 14 om
772 1271 41 20 den
829 1270 112 27 lästafgift,

187 1310 47 15 som
257 1304 24 21 af
296 1305 85 21 landets
397 1305 158 27 skeppsredare
571 1306 55 21 skall
642 1305 33 22 till
691 1305 166 27 sjömanshusen
873 1305 68 26 erläg-

186 1345 46 20 gas,
249 1339 39 20 och
304 1339 40 21 den
361 1340 77 21 andra:
455 1346 34 15 om
505 1341 41 20 den
562 1340 113 21 enahanda
691 1339 70 27 afgift,
778 1345 45 15 som
834 1339 33 20 för
877 1339 64 20 främ-

187 1373 79 21 mande
281 1373 72 28 fartyg
368 1374 39 21 bör
423 1374 6 21 i
444 1374 93 21 berörda
553 1374 101 21 afseende
670 1375 97 26 utgöras,
779 1373 110 22 äfvensom
900 1373 40 21 den

186 1408 28 20 28
237 1407 7 21 i
267 1413 82 16 samma
372 1409 78 21 månad
473 1409 131 26 reglemente
624 1409 33 21 för
673 1408 142 22 omförmälda
830 1408 110 27 pensions-

185 1442 89 21 anstalt.
