1028 1670
307 122 182 23 Ständerhuset.
506 135 27 4 —
548 123 41 22 N:o
604 123 19 22 1.
810 125 13 22 9

165 185 35 22 De
214 186 78 21 tvenne
308 184 66 29 öfriga
388 187 107 21 tomterna
509 193 34 15 n:o
559 186 13 22 9
587 186 39 22 och
641 194 35 14 n:o
690 187 14 21 5
719 186 85 22 tillhöra
817 194 34 14 en-

96 220 69 22 skilda
179 226 105 22 personer,
299 219 74 22 hvilka
388 220 27 28 på
429 220 72 22 derom
516 220 24 22 af
552 220 110 22 Utskottet
676 220 60 29 gjord
746 220 104 30 förfrågan

96 253 103 23 förklarat
219 253 32 29 sig
272 253 72 29 villige
366 256 32 20 att
411 254 33 22 till
460 254 119 22 Ständerna
594 254 54 22 afstå
662 254 8 22 i
685 254 58 30 fråga
758 255 92 22 varande

96 289 138 28 tomtplatser,
258 296 75 21 egaren
353 288 23 22 af
388 290 80 20 tomten
484 296 35 14 n:o
533 290 14 20 9
562 291 45 20 mot
621 297 27 14 en
663 289 59 22 lösen
737 288 24 22 af
772 290 79 26 40,000

97 332 28 13 m.
141 323 39 21 och
195 330 77 20 egaren
286 322 24 22 af
322 324 81 20 tomten
417 330 35 14 n:o
467 324 13 21 5
495 323 34 22 för
538 331 27 14 en
575 324 143 28 köpeskilling
727 323 24 22 af
760 324 91 26 175,000

97 366 28 14 m.
155 357 209 29 Byggnadsgrunden
380 362 22 17 är
417 357 122 29 alltigenom
553 358 47 28 god,
615 358 8 22 i
638 360 23 27 ty
675 361 31 19 att
720 359 78 28 berget,
815 359 36 21 der

97 392 37 22 det
147 392 48 22 icke
210 392 70 22 träder
294 391 8 21 i
316 391 73 28 dagen,
404 391 27 29 på
446 394 31 20 ett
497 392 153 28 jemförelsevis
672 392 60 29 ringa
752 392 50 29 djup
817 401 35 13 an-

98 426 77 22 träffas.
206 425 35 22 Då
256 425 74 22 endast
343 425 48 29 föga
412 433 45 14 mer
473 431 26 16 än
514 425 72 23 halfva
601 429 106 26 gvarteret
722 431 23 18 är
759 427 93 28 bebygdt

98 461 40 21 och
153 460 36 22 det
209 461 66 27 gäller
296 460 38 21 här
349 462 30 20 att
394 460 73 22 endast
489 461 139 22 undanskaffa
646 461 26 22 de
686 461 108 28 befintliga
812 464 40 19 trä-

97 495 76 26 husen,
195 495 23 21 af
238 494 74 22 hvilka
332 494 34 22 till
381 495 38 21 och
434 495 49 21 med
499 503 26 14 en
541 495 34 22 del
589 495 24 22 af
626 495 25 22 de
666 495 13 22 &
694 503 62 14 norra
770 495 81 23 hälften

97 530 90 28 belägna
201 529 72 22 kunde
287 529 67 21 under
369 529 68 28 någon
451 529 32 22 tid
499 529 88 29 qvarstå,
604 529 56 22 intill
675 530 46 22 dess
731 530 119 31 anläggnin-

98 572 42 21 gen
155 563 23 22 af
190 568 90 24 sgvären
294 563 8 21 i
316 563 58 28 fråga
389 563 91 26 komme,
496 563 23 22 sä
533 564 69 21 skulle
617 564 13 22 &
646 564 69 22 denna
729 565 54 28 plats
797 565 55 22 intet

99 599 76 21 hinder
190 600 57 19 möta
262 600 30 20 att
307 600 51 19 utan
373 597 99 29 dröjsmål
487 598 72 22 skrida
568 599 34 22 till
611 599 199 28 byggnadsarbetets
820 601 32 20 ut-

99 632 94 26 förande,
208 632 40 22 och
263 632 38 21 har
315 631 120 23 arkitekten
450 632 104 29 Sjöström
569 633 76 22 uttalat
660 641 44 14 som
715 633 33 22 sin
758 633 54 29 åsigt
821 636 31 19 att

100 667 155 22 Ständerhuset
276 666 108 22 härstädes
406 667 42 21 kan
471 667 58 22 inom
544 668 14 21 3
573 667 23 22 år
611 667 152 29 färdigbyggas,
779 667 73 23 såvida

100 701 48 22 icke
163 701 61 23 svåra
238 701 138 22 naturhinder
390 701 89 22 inträffa.

170 769 62 23 Efter
246 771 32 20 att
291 769 64 22 hafva
369 769 105 29 förebragt
489 770 41 21 den
540 769 113 29 utredning
667 770 89 22 rörande
771 771 26 21 de
812 775 40 18 sär-

99 805 69 22 skilda
182 805 111 28 platserna,
310 812 44 13 som
369 804 109 22 Utskottet
496 804 82 28 lyckats
598 804 150 27 åstadkomma,
763 805 38 28 går
816 805 37 22 Ut-

99 839 79 22 skottet
200 841 31 19 att
252 838 100 28 redogöra
374 838 32 22 för
423 838 26 22 de
464 838 52 26 skäl,
532 846 45 14 som
592 838 7 22 i
614 838 73 29 hvarje
702 838 99 22 särskildt
816 838 37 22 fall

99 873 56 22 varit
169 872 32 22 för
215 873 110 22 Utskottet
340 872 157 22 bestämmande
512 872 32 22 för
559 872 41 22 den
612 880 39 14 ena
662 873 51 21 eller
723 872 64 22 andra
802 872 51 29 plat-

100 915 49 15 sens
163 907 153 29 godkännande
339 907 51 21 eller
409 907 140 22 förkastande.
580 907 110 22 Utskottet
704 907 54 22 skall
773 906 79 26 dervid,

99 942 34 22 till
154 941 107 23 vinnande
283 940 24 22 af
326 942 67 21 bättre
415 941 108 29 öfversigt,
538 941 51 29 följa
603 949 81 14 samma
698 941 95 29 ordning,
809 948 44 15 som

99 983 50 21 nyss
164 976 115 28 iakttagits.

378 1017 196 27 Högvaktstomten.

169 1050 153 23 Ständerhuset
336 1050 69 22 skulle
419 1051 124 28 visserligen
558 1051 39 21 här
611 1050 79 22 erhålla
706 1052 31 20 ett
749 1049 105 29 jämförel-

99 1085 57 22 sevis
170 1085 63 21 friare
247 1085 46 29 läge
308 1090 27 17 än
350 1085 8 21 i
373 1085 102 22 Servalen
490 1086 39 21 och
544 1085 47 22 icke
606 1085 68 21 heller
687 1085 85 22 befinna
781 1084 32 28 sig
827 1083 27 29 pä

100 1121 31 21 ett
145 1119 71 23 alltför
230 1119 58 29 långt
303 1119 82 22 afstånd
402 1119 47 22 från
463 1119 151 22 Riddarhuset.
644 1120 51 21 Men
713 1119 60 21 dessa
786 1118 68 22 förde-

100 1154 32 21 lar
146 1156 109 25 motvägas
269 1153 24 22 af
304 1154 80 28 ganska
398 1154 119 27 betydande
532 1154 141 28 olägenheter.
698 1153 81 22 Kunde
790 1152 64 22 äfven

100 1188 42 21 den
157 1187 89 29 ändring
255 1187 8 22 i
273 1187 134 29 stadsplanen
421 1188 106 25 utverkas,
543 1190 31 20 att
583 1188 63 21 huset
656 1188 56 27 finge
722 1185 132 30 öfverskjuta

101 1222 41 21 den
157 1221 122 23 nuvarande
294 1222 60 22 södra
368 1222 127 25 tomtlinien,
511 1221 23 23 så
549 1221 42 23 står
601 1221 8 22 i
619 1222 42 21 alla
670 1221 38 22 fall
717 1221 47 26 fast,
779 1223 32 19 att
826 1219 30 23 så-

100 1256 36 22 väl
146 1255 82 22 inlösen
242 1255 24 22 af
271 1256 135 28 tomtplatsen
413 1256 50 22 med
475 1256 48 22 dess
533 1256 89 28 dyrbara
632 1255 128 29 byggnader,
769 1254 87 22 hvartill

100 1292 85 20 ensamt
200 1289 129 23 erfordrades
344 1290 93 26 300,000
453 1298 35 18 m.,
504 1298 45 14 som
560 1290 296 28 fundamenteringsarbetena

102 1324 13 22 å
130 1324 42 22 den
186 1324 127 22 åtminstone
328 1324 68 22 delvis
410 1324 69 29 dåliga
489 1324 203 29 byggnadsgrunden
702 1324 69 22 skulle
781 1322 76 23 kräfva

101 1358 25 22 så
140 1358 120 29 betydande
275 1366 99 19 summor,
390 1360 31 21 att
435 1358 66 22 redan
515 1358 70 23 derför
599 1358 74 30 hvarje
684 1358 64 22 tanke
758 1358 28 28 på
797 1357 61 22 Stän-

105 1392 111 22 derhusets
238 1392 134 29 förläggande
394 1392 13 22 &
423 1392 59 23 detta
503 1393 61 22 ställe
585 1392 60 23 torde
666 1393 51 21 böra
739 1391 117 29 uppgifvas.

102 1426 82 22 Härtill
206 1427 96 21 kommer
323 1429 31 19 att
375 1426 69 29 någon
466 1427 66 29 utsigt
547 1427 47 22 icke
609 1426 123 23 förefunnes
747 1426 32 22 till
795 1426 63 28 bygg-

102 1460 144 23 nadsarbetets
261 1460 145 23 fullbordande
421 1461 45 22 före
481 1463 61 21 nästa
557 1461 154 23 Ständermöte.
742 1460 32 22 På
789 1459 69 29 grund
