1000 1667
427 123 49 21 XIV
757 124 40 20 201

73 191 216 27 bevillningsfonden,
305 192 112 20 hvaremot
433 192 125 20 återstoden
574 192 23 20 af
607 192 98 26 anslaget
713 191 115 21 öfverförts

73 227 34 21 till
124 226 134 21 statsfonden
281 226 49 20 med
353 226 91 26 402,802
464 226 62 20 mark
542 227 27 20 85
585 226 71 26 penni.
687 226 106 26 Beloppet
808 225 23 21 af

74 262 26 20 de
117 268 24 14 ur
160 260 216 26 bevillningsmedlen
399 260 112 22 bestridda
534 260 89 27 utgifter
641 261 6 20 i
670 261 39 21 och
725 260 32 21 för
773 260 58 21 tukt-

74 295 169 27 husbyggnaden
265 294 35 21 vid
316 294 136 27 Helsingfors
473 295 40 21 har
529 295 96 21 deremot
641 302 26 14 ur
683 295 147 21 statsfondens

75 330 116 26 tillgångar
207 331 80 19 ersatts
303 330 49 20 med
368 330 91 26 tillhopa
477 331 111 26 1,692,306
604 330 62 20 mark
681 331 13 19 2
710 330 71 26 penni.

147 364 53 21 Utaf
222 364 177 26 räkenskaperna
425 364 96 26 framgår
544 364 121 21 emellertid
687 370 90 15 numera
799 365 33 19 att

76 398 209 27 bevillningsfonden
308 398 50 21 bort
380 398 126 27 ytterligare
530 399 120 21 tillkomma
670 400 39 19 381
727 398 62 21 mark
805 399 26 20 79

76 433 71 26 penni,
171 435 58 25 enär,
253 433 55 21 efter
324 433 36 21 det
379 433 94 26 liqviden
490 433 70 21 blifvit
575 434 112 26 uppgjord,
704 439 26 15 en
746 433 86 26 utgifts-

78 469 47 25 post
141 469 26 24 på
185 469 37 20 161
240 467 61 21 mark
317 467 33 21 för
366 467 226 28 fängelsebyggnaden
613 469 7 20 i
636 462 46 27 Åbo
698 468 83 26 påförts
797 467 36 21 be-

79 502 192 27 villningsmedlen,
294 502 113 21 hvarutom
431 503 42 20 den
496 503 23 20 af
540 503 158 26 länestyrelsen
714 503 6 20 i
736 501 97 28 Nylands

78 537 36 20 län
129 537 126 20 meddelade
271 537 85 26 uppgift
372 537 11 20 å
400 537 37 20 det
451 537 85 27 belopp,
553 543 45 15 som
615 537 22 21 af
646 537 109 26 sistsagda
763 535 70 22 medel

78 571 121 27 förskjutits
215 571 34 21 för
264 571 113 21 tukthuset
385 571 59 21 invid
454 571 144 28 Helsingfors,
610 572 109 21 befunnits
729 571 47 21 icke
785 570 49 22 fullt

80 606 63 21 exakt
159 606 38 21 och
214 605 168 27 understigande
399 606 41 21 den
457 606 96 27 verkliga
569 606 92 27 utgiften
677 606 49 21 med
741 607 42 20 220
798 605 36 21 mk

80 641 26 20 79
123 647 18 20 p.
172 640 69 21 Dessa
257 641 40 20 381
314 641 62 20 mark
398 641 25 20 79
439 641 66 26 penni
520 641 64 20 hafva
600 643 79 18 ersatts
695 640 139 27 bevillnings-

79 674 84 21 medlen
179 675 68 20 under
263 675 24 20 är
305 675 61 20 1881.

151 709 30 20 Pä
205 711 44 18 sätt
264 709 23 20 af
307 709 138 21 förestäende
461 709 92 21 relation
569 709 65 21 bland
650 711 67 19 annat
733 709 102 26 framgär,

79 743 71 28 hafva,
174 743 7 21 i
204 743 224 21 öfverensstämmelse
451 744 49 20 med
523 744 56 21 hvad
602 744 59 21 Hans
685 743 104 27 Majestät
804 743 31 20 uti

80 778 66 27 nädig
161 778 133 26 proposition
309 778 34 21 till
360 780 85 19 senaste
461 779 111 26 landtdag,
589 779 110 26 angäende
715 777 120 27 utgörande

82 813 23 20 af
118 812 117 27 bevillning
250 813 33 20 för
298 814 24 19 år
340 814 53 19 1878
410 813 39 20 och
465 813 122 27 påföljande
599 815 30 25 är,
648 813 55 21 gifvit
715 813 122 20 Ständerna

82 847 112 27 tillkänna,
217 847 147 21 kostnaderna
386 847 30 21 för
443 847 26 21 de
493 848 27 20 dä
540 848 67 21 under
627 847 100 27 byggnad
742 847 95 20 varande

81 881 130 22 Heinäluoto
229 882 38 21 och
283 881 133 27 Hanhipaasi
433 882 130 27 fyrbäkarne
584 883 5 20 i
606 882 87 27 Ladoga
709 882 32 26 sjö
758 883 79 19 ersatts

82 916 207 27 bevillningsfonden
312 917 50 20 med
386 917 89 26 192,117
499 917 61 20 mark
583 917 27 20 40
630 917 72 26 penni,
723 916 115 20 hvarutom

82 951 79 20 fonden
177 957 88 14 numera
280 951 71 20 blifvit
366 951 115 26 godtgjord
494 951 33 20 för
539 951 25 21 de
575 951 95 27 utgifter,
683 957 45 15 som
740 950 95 21 derifrän

82 985 103 22 bestridts
202 985 7 21 i
225 985 39 21 och
279 985 33 21 för
329 985 42 21 den
389 985 112 22 tilltänkta
519 985 104 28 fyrbäken
642 987 12 20 &
667 985 171 26 Wargögaddar,

86 1023 54 18 samt
155 1020 34 21 för
206 1020 133 26 ritningarne
355 1021 32 20 till
404 1020 110 27 Bogskärs
530 1021 83 26 fyrbäk.

156 1055 115 20 Likaledes
293 1055 40 20 har
355 1054 210 27 bevillningsfonden
589 1055 24 20 är
638 1055 51 20 1881
711 1056 80 19 ersatts
807 1053 32 21 för

86 1089 41 21 den
142 1089 65 26 utgift
222 1089 33 20 till
271 1089 77 26 belopp
365 1089 23 20 af
404 1090 75 26 11,433
495 1089 68 27 mark,
583 1095 44 15 som
643 1089 79 20 fonden
737 1088 42 21 fätt
795 1087 44 21 vid-

85 1123 83 21 kännas
185 1123 7 21 i
207 1123 53 27 följd
275 1123 23 21 af
313 1124 51 20 åren
382 1125 54 20 1879
453 1124 39 21 och
513 1125 54 20 1880
583 1123 132 22 verkställda
731 1122 108 21 särskilda

84 1158 227 27 reparationsarbeten
328 1159 12 20 &
356 1158 267 27 seminariibyggnaderna
638 1158 6 21 i
660 1157 130 27 Nykarleby.
