989 1664
320 152 34 23 U.
370 152 42 23 B.
429 163 30 5 —
475 152 48 22 H.

320 459 198 28 Lagutskottets
535 462 166 21 betänkande
716 461 46 22 N:o
777 462 29 21 18

252 496 10 21 i
277 496 139 25 anledning
432 495 29 22 af
473 496 193 21 Prokuratorns
681 497 9 20 i
705 496 101 26 Kejser-

252 531 53 25 liga
336 531 112 20 Senaten
474 530 42 21 till
539 530 146 21 Ständerna
710 530 96 26 afgifna

256 565 138 21 berättelse
417 570 44 16 om
483 564 201 27 lagskipningen
707 565 49 22 och
773 565 35 20 la-

256 604 94 20 garnas
364 598 203 22 handhafvande
582 598 9 20 i
607 600 95 20 landet.

117 662 101 21 Finlands
234 662 23 20 är
274 662 53 21 1872
343 661 128 22 församlade
487 662 91 21 Ständer
594 661 84 21 anhöllo
690 661 31 21 uti
731 660 76 22 under-

49 696 101 27 derdänig
173 696 108 21 skrifvelse
304 695 22 21 af
346 696 41 21 den
407 696 29 20 24
451 696 42 26 Maj
510 696 65 26 sagde
591 697 30 24 är,
638 698 31 19 att
685 695 59 21 Hans
759 695 49 26 Kej-

49 730 78 27 serliga
148 730 100 27 Majestät
271 730 81 21 täcktes
372 730 32 21 till
420 730 121 21 Ständerna
557 730 62 22 afläta
635 730 64 26 nädig
714 729 95 27 proposi-

49 764 44 22 tion
116 764 65 22 bland
204 767 64 18 annat
290 770 34 15 om
346 764 122 22 inrättande
489 764 22 21 af
525 767 31 19 ett
571 766 53 26 nytt,
640 764 33 22 för
688 763 122 22 kontrollen

50 798 58 22 öfver
130 798 83 22 landets
235 798 76 26 högsta
334 798 91 22 domstol
449 798 40 22 och
511 798 99 27 lagarnas
625 798 185 22 handhatvande
796 794 18 36 i

50 832 116 22 allmänhet
181 832 67 22 afsedt
263 832 89 25 embete,
368 832 63 22 hvars
443 832 22 22 af
474 832 120 22 Ständerna
605 832 60 22 valde
675 832 136 22 innehafvare

50 873 51 15 vore
115 866 83 28 skyldig
214 869 30 18 att
260 872 34 16 om
309 866 32 21 sin
356 867 137 21 verksamhet
509 866 90 22 emellan
613 867 156 26 landtdagarna
779 866 32 20 till

51 901 119 21 Ständerna
184 900 75 28 afgifva
268 900 122 26 berättelse,
402 900 53 22 eller
467 903 38 24 att,
517 901 70 21 derest
597 901 77 21 sädant
684 901 47 21 icke
741 900 71 21 kunde

51 935 7 21 i
80 935 67 21 näder
169 934 89 26 bifallas,
281 934 119 22 Ständerna
423 936 68 20 mätte
510 934 119 28 föreläggas
643 934 80 28 förslag
738 934 32 22 till
786 940 26 16 en

52 969 41 27 lag,
109 969 136 27 hvarigenom
266 969 146 21 Prokuratorn
428 969 7 21 i
450 969 119 27 Kejserliga
585 969 92 22 Senaten
693 969 73 21 älades
781 970 32 20 att

51 1003 8 21 i
81 1003 75 27 början
178 1002 23 22 af
218 1003 72 27 hvarje
306 1003 102 27 landtdag
423 1003 32 21 till
472 1003 120 21 Ständerna
607 1003 77 27 afgifva
699 1002 114 22 berättelse

53 1044 34 15 om
107 1037 35 22 sitt
158 1038 100 21 inseende
274 1037 58 21 öfver
346 1037 165 27 lagskipningnn
526 1038 7 20 i
548 1037 76 27 högsta
639 1037 120 22 domstolen
774 1036 40 22 och

52 1072 97 26 lagarnes
162 1072 162 21 handhafvande
339 1071 58 21 inom
412 1072 74 21 landet
502 1071 143 23 öfverhufvud.

121 1106 50 21 Med
194 1106 113 26 anledning
327 1105 61 22 häraf
402 1106 32 21 lät
448 1106 61 21 Hans
525 1106 118 27 Kejserliga
658 1106 101 26 Majestät
775 1105 41 21 den

53 1141 13 21 8
82 1140 42 27 Maj
142 1140 54 22 1876
212 1140 84 21 utfärda
310 1146 27 15 en
352 1139 131 28 förordning,
499 1140 154 26 innehållande,
668 1142 33 20 att
711 1140 105 21 Prokura-

54 1176 49 20 torn
118 1174 8 21 i
141 1174 117 27 Kejserliga
273 1174 92 22 Senaten
380 1180 52 21 eger
447 1174 35 22 vid
493 1174 73 27 hvarje
576 1174 109 27 landtdag,
697 1174 120 22 Ständerna

53 1208 32 22 till
107 1208 127 26 kännedom,
258 1208 76 27 afgifva
356 1208 117 22 berättelse
497 1214 34 16 om
547 1208 161 28 lagskipningen
723 1208 7 21 i
745 1208 73 21 landet

54 1243 40 21 och
116 1242 99 27 lagarnas
236 1242 162 22 handhafvande
421 1242 7 21 i
451 1242 64 27 öfrigt
537 1242 68 22 under
625 1242 40 22 den
681 1242 67 22 sedan
764 1242 54 21 före-

54 1277 82 26 gäende
150 1276 144 22 ständermöte
309 1276 101 22 förflutna
424 1276 38 22 tid.

125 1311 33 20 En
175 1311 65 20 sädan
256 1310 115 21 berättelse
386 1310 67 27 afgafs
470 1310 33 21 till
518 1310 119 22 Ständerna
647 1310 34 21 för
690 1310 67 21 första
768 1310 51 27 gän-

55 1350 40 21 gen
111 1345 35 20 vid
160 1344 76 27 början
252 1344 22 21 af
288 1345 54 21 1877
358 1345 35 21 års
407 1344 110 27 landtdag.
539 1345 54 21 Dess
607 1344 100 26 innehåll,
718 1350 45 15 som
776 1350 44 15 om-

54 1377 83 23 fattade
154 1378 180 27 femärsperioden
354 1379 150 26 1871—1875,
520 1378 109 27 utgjordes
644 1377 176 27 hufvudsakligen

57 1411 22 22 af
93 1412 118 22 statistiska
226 1412 106 27 uppgifter
346 1413 92 20 rörande
453 1415 24 19 a)
492 1412 205 27 rättegängsmälens
712 1411 58 22 antal
786 1411 35 22 vid

57 1446 214 22 underdomstolarne
293 1447 28 26 pä
343 1446 73 21 landet
439 1446 41 21 och
495 1446 7 21 i
517 1447 100 21 städerna
632 1449 57 19 samt
703 1446 36 21 vid
754 1445 67 22 öfver-

56 1482 102 24 rätterne,
174 1480 23 27 b)
213 1480 81 22 antalet
308 1479 104 23 sakfällde
427 1481 8 20 i
449 1480 105 22 brottmä]
569 1480 39 21 och
623 1480 102 22 särskildt
737 1480 8 21 i
755 1481 67 25 nägra

126 1519 139 22 Lagutskottets
278 1519 116 18 betänkande
407 1520 38 17 N:o
459 1520 29 17 13.
