1011 1664
436 115 22 22 I
768 115 24 20 71

71 184 96 26 bordats,
183 184 70 22 blefvo
269 184 184 27 lifstidsfängarne
468 183 49 21 från
533 184 18 26 ej
569 184 83 21 mindre
667 183 112 26 Kexholm,
796 185 27 19 än

73 219 153 27 provisionella
249 218 272 28 fängölseinrättningarna
543 219 32 20 uti
598 218 143 21 länshäktena
764 218 5 20 i
793 217 32 21 S:t

72 254 78 21 Michel
170 254 38 20 och
228 254 83 26 Kuopio
331 260 81 14 samma
436 254 24 20 är
477 254 32 20 dit
525 252 124 28 förflyttade
662 253 67 26 jemte
745 253 36 20 det
799 252 26 21 de

73 288 28 21 då
123 290 57 18 ännu
203 288 6 20 i
232 288 81 21 Luosta
336 290 148 24 gvarvarande
505 288 208 20 korrektionisterne
729 288 6 20 i
753 286 72 22 stället

73 322 132 21 Ofverfördes
225 323 32 20 till
277 322 141 21 länshäktena
442 322 6 20 i
472 322 65 21 dessa
560 322 70 26 bägge
653 322 78 20 städer.
762 320 62 22 Hvad

73 357 82 21 Luosta
178 357 219 25 korrektionsanstalt
420 356 110 26 beträffar,
555 357 23 20 sä
601 356 119 21 inrättades
741 356 41 20 den
801 355 24 21 är

75 392 54 20 1859
147 392 66 20 under
230 392 153 26 benämningen
399 408 11 9 ,
413 391 87 27 Kuopio
516 391 47 21 läns
578 391 197 26 arbetskompani'',
786 390 39 20 och

75 426 141 21 framkallade
237 426 25 21 de
277 426 68 21 första
360 426 85 21 tiderna
461 426 23 20 af
499 426 32 20 sin
547 426 85 20 tillvaro
649 427 60 19 stora
723 424 101 27 förhopp-

73 461 82 26 ningar,
170 460 73 22 hvilka
259 460 64 22 likväl
338 460 34 22 för
387 460 53 22 flera
456 460 101 21 orsakers
573 460 57 21 skull
646 460 122 21 sedermera
778 459 46 21 icke

72 495 47 27 gätt
134 496 7 20 i
156 495 127 21 fullbordan.
313 495 116 27 Fängelset
445 496 6 20 i
468 495 105 21 Kexholm
589 502 38 14 var
644 495 52 26 äter,
709 494 68 26 enligt
786 493 37 21 nä-

73 530 49 26 diga
145 530 138 26 reglementet
301 530 22 21 af
341 530 40 21 den
401 531 12 20 6
431 530 94 26 Augusti
543 531 60 24 1861,
620 529 70 22 afsedt
705 529 34 21 till
755 528 69 21 förva-

73 564 95 27 ringsort
179 564 33 21 för
223 564 212 27 bekännelsefängar,
450 571 49 14 men
510 564 50 26 blef,
572 564 28 21 dä
609 564 82 21 antalet
699 563 72 27 dylika
779 562 46 22 fän-

72 604 39 20 gar
125 598 24 21 är
160 598 46 21 frän
219 599 24 20 är
255 598 90 27 nedgick
360 598 39 22 och
411 598 102 27 slutligen
529 599 77 21 endast
621 598 67 27 nägra
703 598 22 21 fä
740 598 23 20 af
777 598 47 20 dem

73 632 116 27 återstodo,
205 633 98 27 upplåtet
318 633 33 21 för
366 633 136 27 älderstigna
517 634 52 20 eller
584 634 62 26 eljest
657 633 111 27 skröpliga
779 632 44 21 lifs-

73 668 126 26 tidsfängar.
230 668 42 21 Det
289 668 36 21 mä
343 669 6 20 i
370 668 155 26 sammanhang
547 668 89 21 härmed
652 668 124 24 antecknas,
791 668 33 20 att

73 702 26 21 de
116 704 33 19 tre
164 702 54 22 sista
233 702 102 27 fängarne
351 702 23 21 af
388 702 41 22 den
444 702 60 22 förra
514 703 114 26 kategorin
640 702 103 26 frigäfvos
755 702 68 26 enligt

73 736 58 27 Kejs.
148 736 103 22 Senatens
267 737 71 21 beslut
353 736 23 22 af
390 737 40 21 den
450 738 24 20 17
490 738 91 20 Januari
600 738 54 20 1880
670 738 56 20 samt
741 738 32 19 att
785 736 37 20 nä-

73 773 37 24 got
129 771 143 21 förordnande
292 778 33 14 om
345 772 33 21 för
394 772 61 20 brott
470 772 107 26 anklagad
593 778 90 21 persons
700 770 122 22 insättande

73 805 28 27 pä
115 805 129 21 bekännelse
259 806 46 20 icke
320 806 121 21 meddelats
458 806 65 21 sedan
540 806 40 21 den
594 806 24 20 15
630 806 121 21 November
761 806 60 25 1873,

74 840 98 21 hvarföre
188 840 69 21 denna
272 840 139 27 rättsvidriga
427 842 77 19 utväxt
515 841 28 26 pä
554 841 38 20 vär
604 839 218 28 rättegängsordning

73 880 87 15 numera
175 875 60 21 torde
251 875 71 21 kunna
337 881 63 15 anses
416 882 53 14 vara
485 875 93 21 derifrän
594 875 34 21 för
640 875 52 21 altid
705 874 116 25 aflägsnad.

145 908 73 22 Säsom
233 916 50 20 nyss
295 910 103 20 nämndes
412 909 70 21 blefvo
495 910 126 26 visserligen
631 909 191 26 lifstidsfängarne,

73 943 72 21 hvilka
165 944 63 20 sedan
248 943 51 21 flere
315 944 24 20 är
356 944 91 20 tillbaka
463 944 111 21 inkräktat
590 946 70 19 större
675 944 62 20 delen
753 943 22 21 af
789 945 33 19 ut-

73 980 90 24 rymmet
178 978 30 21 uti
225 978 183 26 länsfängelserna
424 979 6 20 i
447 978 31 21 S:t
494 978 77 22 Michel
585 979 39 21 och
636 978 85 27 Kuopio
734 978 24 21 är
768 978 53 20 1880

73 1011 93 22 derifrän
185 1012 144 28 bortflyttade,
350 1019 47 15 men
417 1014 64 20 dessa
500 1013 108 27 fängelser
627 1013 54 21 hade
698 1012 61 22 deraf
773 1012 50 26 föga

72 1047 80 21 bätnad
168 1047 26 21 dä
210 1048 25 20 de
254 1048 7 20 i
281 1048 73 20 stället
369 1048 111 26 nödgades
497 1050 109 24 emottaga
621 1048 43 20 alla
679 1047 143 21 korrektioni-

73 1083 72 20 sterne
160 1081 47 21 frän
223 1082 81 21 Luosta
319 1082 200 27 arbetsinrättning.
550 1082 61 22 Dock
626 1082 42 21 kan
679 1088 49 15 man
739 1082 82 26 hoppas

73 1118 31 19 att
123 1116 59 21 detta
200 1122 41 21 nya
256 1116 88 27 inträng
357 1117 47 21 icke
420 1117 56 21 skall
492 1117 67 21 blifva
574 1117 127 27 längvarigt.
732 1116 90 22 Säsnart

72 1150 26 22 de
117 1150 98 22 beslutna
235 1151 38 21 och
292 1151 118 27 päbörjade
430 1152 216 27 byggnadsarbetena
664 1152 7 21 i
687 1151 133 22 Tavastehus

72 1185 52 21 slott
143 1185 76 22 hunnit
237 1186 119 21 fullbordas
375 1187 53 20 eller
447 1187 66 20 redan
533 1187 138 20 derförinnan
691 1187 7 20 i
715 1187 40 20 den
771 1186 51 20 hän-

72 1220 58 21 delse
146 1222 32 19 att
193 1221 206 26 gvinnopersonalen
415 1221 47 20 från
479 1221 127 27 spinnhuset
621 1222 6 19 i
644 1221 177 21 Willmanstrand

71 1254 92 27 tidigare
179 1255 40 21 kan
236 1255 65 21 blifva
317 1255 115 27 ditflyttad,
450 1255 54 21 skall
521 1256 106 26 nemligen
639 1255 92 22 berörda
741 1255 80 21 anstalt

71 1291 76 24 genast
163 1289 74 21 ställas
253 1290 6 20 i
276 1290 90 26 ordning
382 1292 33 19 att
431 1290 105 27 inrymma
551 1290 59 21 säväl
621 1290 140 21 förenämnda
773 1290 48 20 kor-

72 1323 146 26 rektionister,
235 1330 45 15 som
300 1324 27 21 de
345 1324 73 21 hvilka
435 1331 27 14 nu
478 1325 96 20 förvaras
590 1325 7 20 i
613 1324 146 21 Pantsarlaks.
790 1324 33 21 De

71 1357 7 20 i
93 1357 62 26 fräga
170 1359 91 20 varande
278 1358 185 27 länsfängelserna
478 1359 22 20 fä
515 1359 28 21 dä
561 1359 93 21 omsider
669 1359 108 26 begagnas
788 1358 33 21 för

72 1391 40 21 sitt
129 1393 106 26 egentliga
251 1393 98 20 ändamål
366 1393 39 21 och
422 1393 61 21 torde
494 1396 51 18 utan
557 1393 94 21 särdeles
662 1393 111 26 svårighet
783 1393 39 20 och

71 1425 33 21 för
124 1426 155 27 jemförelsevis
304 1427 60 27 ringa
388 1427 93 21 kostnad
505 1427 72 22 kunna
595 1427 103 22 försättas
718 1428 6 20 i
745 1427 78 21 sädant
