1025 1661
801 116 12 20 7

84 178 116 26 reformen,
215 183 51 15 vare
281 177 33 27 sig
328 177 57 21 blott
399 177 104 21 nominelt
518 177 53 21 eller
587 177 40 21 ock
642 177 91 22 faktiskt
748 184 49 15 men
811 178 31 21 in-

83 212 93 26 direkte,
195 211 67 21 vållat
279 217 76 21 genom
375 212 47 21 dels
437 211 67 21 redan
519 211 116 27 verkstäld,
650 212 48 21 dels
713 214 58 19 ännu
786 212 57 22 före-

83 246 91 22 stående
189 244 127 28 afskrifning
331 245 13 21 &
359 245 155 26 silfvervaluta,
530 245 46 22 dels
592 252 76 20 genom
684 248 33 19 att
732 246 111 28 påskynda

84 287 28 15 en
134 280 35 21 del
187 279 117 22 vacklande
322 281 136 25 exportörers
477 279 109 22 insolvens
601 280 40 21 och
656 280 91 21 sålunda
762 280 81 27 ädraga

84 314 89 21 Banken
191 313 78 22 förlust
285 313 27 27 pä
331 313 26 22 de
376 313 23 22 ät
413 313 48 22 dem
477 313 107 28 beviljade
599 314 100 27 krediter
715 314 53 21 eller
782 315 8 21 i
805 314 37 22 nä-

82 355 44 20 gon
142 348 48 21 män
213 347 41 22 öka
276 347 41 22 den
338 347 79 22 förlust
435 348 63 21 desse
516 347 96 22 krediter
629 348 7 21 i
652 348 74 27 hvarje
745 348 38 21 fall
798 348 45 21 förr

85 382 54 21 eller
157 388 76 15 senare
255 381 70 22 skulle
343 381 100 22 medfört.
479 382 49 21 Men
547 382 28 21 dä
590 388 48 15 man
654 384 61 25 tager
733 382 8 21 i
756 382 86 21 betrak-

83 416 65 21 tande
167 416 164 21 bankrörelsens
345 416 116 21 resultater
475 415 35 22 för
524 416 51 21 ären
591 418 96 19 närmast
702 416 55 21 efter
772 418 69 25 mynt-

84 449 114 27 reformen,
214 449 39 22 och
268 449 28 22 dä
310 456 49 15 man
371 449 79 28 jemför
466 451 40 20 den
522 450 101 27 trygghet
633 451 39 20 och
684 451 83 26 stadga,
779 451 62 20 hvar-

81 485 52 20 med
154 484 88 22 Banken
264 491 89 14 numera
371 484 42 21 kan
432 490 90 21 operera
540 485 7 20 i
562 485 33 21 sin
611 485 132 21 vidsträckta
758 484 82 22 utrikes

83 518 61 27 affär,
166 519 49 20 med
237 519 27 21 de
281 518 152 21 fluktuationer
448 524 46 15 som
510 518 138 22 derförinnan
663 518 126 22 försvärade
804 518 36 22 be-

84 553 150 26 räkningarna,
256 553 62 21 torde
336 553 37 21 det
391 552 47 21 icke
457 553 49 21 med
525 553 47 21 skäl
591 553 71 20 kunna
678 553 73 26 pästäs
767 554 32 20 att
813 553 27 21 de

84 586 145 28 uppoffringar
250 586 102 22 Finlands
371 586 61 21 Bank
449 586 42 22 fått
509 586 119 22 vidkännas
646 587 8 20 i
669 586 39 22 och
724 586 33 22 för
773 588 67 26 mynt-

83 620 119 22 reformens
224 620 166 28 genomförande
412 620 56 22 varit
490 620 34 22 för
546 621 67 27 dryga
632 621 7 21 i
657 620 134 22 förhällande
807 620 33 22 till

81 655 40 21 det
138 661 56 21 gagn
212 654 88 22 Banken
319 654 51 28 sjelf
386 655 66 21 redan
467 656 49 20 rönt
531 654 23 22 af
568 655 70 21 denna
652 654 188 28 maktpäliggande

83 689 84 27 ätgärd,
190 691 32 19 att
243 688 48 22 icke
312 689 45 21 tala
379 695 34 15 om
436 689 50 21 dess
505 689 111 27 betydelse
635 688 34 22 för
687 689 49 21 hela
756 688 83 22 landets

81 723 107 22 ekonomi.

152 757 105 26 Slutligen
279 757 41 26 mä,
343 757 132 22 beträffande
493 757 126 27 noteringen
638 757 24 21 af
678 757 27 22 de
724 756 115 22 utländska

81 791 167 22 vexelkurserna
262 791 68 21 under
346 791 188 27 öfvergängstiden
549 791 33 22 till
598 791 41 22 den
650 793 9 20 1
672 792 45 21 Juli
727 791 62 26 1878,
801 791 37 27 pä-

82 825 73 27 pekas,
170 827 32 19 att
217 825 109 21 desamma
341 825 132 27 smäningom
489 825 39 21 och
544 825 113 21 efterhand
672 826 113 20 närmades
801 825 37 21 det

81 859 113 27 parivärde
215 858 34 22 för
267 859 148 27 guldmarken,
433 859 81 22 hvilket
529 859 47 21 frän
592 860 39 21 och
647 860 48 21 med
710 860 127 26 guldutvex-

81 893 83 27 lingens
183 893 128 27 vidtagande
330 893 68 22 mäste
413 894 66 20 blifva
495 894 160 21 bestämmande
670 894 34 21 för
719 894 26 21 de
761 893 75 22 beräk-

81 927 76 27 ningar
171 927 29 27 pä
214 927 72 21 hvilka
301 928 125 26 noteringen
443 928 101 26 grundas.

80 961 48 21 Den
145 963 9 19 1
171 961 92 27 Augusti
282 962 56 22 1877
357 968 38 15 var
413 962 143 22 vexelkursen
573 962 34 22 för
629 962 13 22 3
665 962 72 21 mäna-

150 996 49 20 ders
214 996 74 20 vexlar
302 996 28 26 pä
344 996 89 21 London
455 1011 6 5 .
484 1012 5 4 .
542 1011 120 5 «0.0.
673 996 62 22 F.mk
750 996 34 21 25:
800 996 34 21 60.

99 1046 9 10 n
143 1030 10 20 1
169 1030 119 21 December
305 1030 54 21 1877
445 1047 9 10 5
520 1025 14 37 Ja
604 1046 10 11 -
699 1047 10 11 n
750 1030 34 21 25:
800 1029 35 22 55.

98 1080 10 10 n
142 1064 12 21 1
170 1064 59 21 Mars
246 1064 54 21 1878
363 1081 9 10 ”
443 1081 9 10 ”
522 1081 10 11 ”
605 1082 9 11 n
700 1082 9 10 »
749 1064 84 22 25:55.

98 1113 9 11 »
142 1098 78 21 1Juni
270 1114 10 11 ,
362 1115 9 10 N
443 1115 9 10 N
523 1116 9 11 N
604 1116 8 9 N
699 1115 9 11 »
749 1099 34 21 25:
799 1098 34 21 40.

97 1147 9 10 n
143 1131 71 22 1Juli
272 1148 10 11 =,
362 1149 10 10 n
442 1149 10 10 5
522 1150 10 10 w
602 1150 10 11 N
697 1150 10 10 n»
748 1133 35 22 25:
799 1132 34 21 20.

147 1268 62 22 Hvad
230 1269 100 22 Bankens
349 1270 162 22 sedelemission
533 1271 139 26 vidkommer,
691 1271 40 22 har
749 1271 42 21 den
805 1277 28 14 nu

75 1301 104 22 förflutna
200 1303 101 26 perioden
324 1304 80 21 utvisat
426 1306 32 19 att
479 1305 38 21 det
539 1305 78 28 belopp
636 1305 24 22 af
680 1306 29 21 20
726 1305 107 21 millioner

77 1337 68 25 mark,
160 1337 102 21 hvarmed
281 1338 149 21 sedelstocken
444 1339 65 27 högst
523 1339 33 21 fär
572 1339 116 27 öfverstiga
702 1339 41 21 den
759 1338 74 22 metal-

77 1370 57 21 liska
148 1370 86 22 valutan
250 1370 34 21 för
298 1372 174 27 sedelutgifning,
488 1373 57 21 varit
559 1372 51 21 fullt
619 1373 127 26 tillräckligt
757 1372 34 21 för
801 1374 32 20 att

76 1405 60 20 möta
154 1404 26 21 de
198 1404 92 27 anspräk
308 1405 28 26 pä
354 1405 72 22 kredit
439 1406 40 21 och
495 1406 159 26 rörelsemedel,
670 1413 45 15 som
730 1406 103 22 Finlands

76 1437 62 22 Bank
152 1437 40 22 bör
206 1437 71 23 kunna
291 1439 165 22 tillfredsställa.
482 1440 106 27 Beloppet
598 1441 24 21 af
630 1440 100 22 Bankens
740 1441 93 26 obegag-
