1028 1673
204 130 21 17 14
470 130 23 18 U.
507 130 23 18 B.
544 140 21 3 —
578 130 64 18 XXIII

178 187 53 21 sista
245 187 83 27 stycket
343 187 24 21 af
382 190 37 18 111
437 188 12 28 &
464 188 39 21 ber
519 188 109 21 Utskottet
643 189 33 19 att
692 186 23 22 få
730 188 89 21 hänvisa
833 187 33 22 till
880 186 54 22 hvad

179 221 72 21 derom
269 221 69 21 nedan
357 222 86 21 anföres
462 222 7 21 i
489 222 155 28 sammanhang
659 222 51 21 med
725 222 103 28 förslaget
843 229 34 15 om
892 221 42 21 för-

179 256 83 21 ändrad
273 255 78 28 lydelse
362 256 24 21 af
394 264 63 14 mom.
469 257 20 27 c)
501 256 7 21 i
519 256 157 22 instruktionen
687 256 35 21 för
733 256 201 27 Bankfullmäktige.

249 324 35 21 Uti
306 324 128 22 berättelsen
458 325 59 22 öfver
532 325 119 21 revisionen
667 325 25 21 af
705 324 102 22 Finlands
822 324 57 22 bank
894 324 41 22 den

178 360 12 19 2
205 359 62 27 April
284 360 52 20 1881
355 359 114 22 framhälla
485 359 132 22 Ständernas
634 360 177 25 Bankrevisorer,
821 359 113 21 huruledes

178 393 160 27 bestämningen
361 394 7 20 i
392 396 41 18 114
452 394 11 28 8
483 394 23 21 af
523 394 145 28 reglementet,
689 394 68 27 enligt
773 393 83 21 hvilken
873 393 62 21 dessa

176 427 116 22 revisioner
315 428 60 21 skola
397 428 103 22 anställas
521 428 40 22 den
581 430 12 19 2
614 428 61 27 April
694 428 54 21 eller
763 428 66 21 förste
844 427 89 28 helgfrie

178 462 41 28 dag
235 462 98 26 derefter,
349 463 18 26 ej
383 463 55 21 blott
453 463 34 21 för
502 463 217 28 bankförvaltoingen
736 463 124 21 förorsakar
870 463 65 20 ökadt

178 497 73 22 arbete
265 497 35 20 vid
315 497 154 27 upprättandet
485 498 23 21 af
522 497 26 22 de
563 498 34 21 för
611 498 120 21 revisionen
743 497 139 27 erforderliga
892 497 42 21 för-

176 531 125 28 teckningar
320 531 58 22 öfver
393 532 193 27 kassaställningen
603 532 32 21 för
646 532 41 21 den
700 533 10 19 1
723 532 68 27 April,
803 533 51 20 enär
865 531 69 22 denna

178 566 107 27 ställning,
301 565 65 22 sedan
382 566 95 21 bankens
493 566 80 21 rörelse
589 566 120 21 emellertid
725 565 90 28 fortgätt
830 565 67 22 under
908 573 26 14 en

178 600 47 28 dag,
241 600 18 27 ej
276 600 42 21 kan
333 600 190 22 öfverensstämma
539 601 47 21 med
601 599 196 28 mänadsförslaget
812 600 33 21 för
856 600 40 21 den
907 601 24 20 31

177 634 64 26 Mars,
265 637 51 18 utan
339 635 61 21 äfven
419 636 39 27 gör
476 635 36 21 det
527 635 34 21 för
576 635 133 21 revisorerne
725 634 105 28 betydligt
848 633 86 22 svårare

178 672 31 19 att
231 669 124 21 konstatera
377 669 234 22 öfverensstämmelsen
636 669 80 21 mellan
742 667 192 29 mänadsförslaget

177 704 39 21 och
239 703 92 22 berörda
353 703 166 28 förteckningar.
550 704 42 21 För
611 706 33 19 att
659 703 98 28 afhjelpa
773 703 61 22 dessa
849 703 85 28 olägen-

177 739 60 20 heter
255 738 114 21 hemställa
388 739 132 21 revisorerne
538 746 35 13 om
588 737 67 22 sådan
671 738 94 27 ändring
781 738 24 21 af
819 739 39 20 114
874 739 12 26 &
902 740 32 19 att

178 773 118 21 revisionen
315 772 55 27 finge
385 773 87 28 vidtaga
487 773 67 21 förste
569 773 89 27 helgfrie
674 773 43 27 dag
733 773 8 20 i
761 771 113 27 mänaden;
894 772 39 21 och

177 814 46 15 som
246 807 59 21 detta
328 807 86 27 förslag,
438 807 79 21 hvilket
537 807 61 21 äfven
616 807 70 21 blifvit
701 807 26 21 af
740 807 193 21 Bankdirektionen

178 841 117 26 förordadt,
316 848 62 20 synes
397 842 64 21 hafva
480 842 46 21 skäl
542 842 34 21 för
591 842 38 27 sig,
649 842 40 20 har
705 841 111 21 Utskottet
830 841 46 21 icke
890 843 43 19 tve-

176 877 37 21 kat
228 878 32 19 att
275 876 107 28 tillstyrka
397 876 48 22 dess
461 876 123 28 antagande
600 876 24 21 af
638 876 130 21 Ständerna.

246 944 105 27 Slutligen
373 945 36 20 vill
431 944 110 22 Utskottet
559 944 133 22 beträffande
714 946 12 19 7
747 945 10 27 $
774 944 7 21 i
796 944 138 28 reglementet

177 979 110 25 anmärka,
303 981 31 19 att
357 978 70 22 denna
445 980 11 26 &
476 980 7 20 i
499 980 40 20 den
555 979 69 21 finska
638 982 73 18 texten
727 980 26 20 är
768 978 102 22 behäftad
886 978 48 21 med

178 1014 35 21 det
235 1013 144 21 vilseledande
398 1014 119 27 tryckfelet,
537 1016 32 19 att
589 1014 39 20 den
648 1013 123 21 metalliska
789 1013 88 21 kassans
892 1012 42 21 till-

176 1047 60 22 låtna
250 1048 71 27 lägsta
335 1047 78 28 belopp
429 1050 107 26 upptages
551 1048 33 20 till
601 1049 25 19 10
642 1048 100 27 miljoner
758 1047 67 25 mark,
840 1047 7 20 i
862 1046 72 22 stället

176 1082 34 22 för
226 1084 26 19 20
268 1082 104 27 miljoner,
388 1089 45 14 som
450 1082 36 22 det
501 1082 113 28 rätteligen
629 1083 70 27 utgör.

245 1145 19 27 Ä
282 1150 39 22 sid.
342 1152 85 20 44—46
446 1151 25 21 af
487 1152 62 20 deras
569 1151 32 21 till
618 1150 169 22 Bankutskottet
802 1149 81 28 afgifna
897 1149 36 21 be-

176 1186 87 20 rättelse
282 1185 113 21 hemställa
412 1185 198 28 Bankfullmäktige
628 1192 34 14 om
678 1184 69 22 sädan
763 1184 92 27 ändring
870 1184 7 20 i
892 1183 41 21 den

175 1220 34 21 för
230 1219 103 21 Finlands
348 1220 58 20 bank
425 1219 100 28 gällande
545 1222 49 23 stat,
614 1222 32 18 att
661 1220 156 24 sekreteraren,
834 1217 99 22 ombuds-

176 1261 91 14 mannen
290 1254 40 21 och
353 1253 66 21 förste
438 1254 139 21 kamreraren
597 1254 79 21 erhölle
695 1260 25 14 en
737 1253 113 27 tillökning
864 1252 7 20 i
887 1252 46 20 sina

175 1288 164 25 löneförmoner,
358 1288 121 27 belöpande
499 1288 32 28 sig
549 1288 34 21 för
602 1288 25 21 de
646 1289 78 20 tvänne
739 1287 56 21 först
809 1286 77 22 nämde
901 1286 32 20 till

177 1324 62 24 1,000
255 1323 60 21 mark
336 1322 106 21 hvardera
458 1323 41 21 och
514 1322 34 22 för
563 1322 137 22 kamreraren
716 1321 33 21 till
766 1322 42 20 600
823 1320 61 22 mark
899 1327 33 14 om

176 1356 52 22 året.
258 1357 33 21 De
305 1356 54 26 skäl,
374 1363 46 14 som
436 1356 33 21 till
484 1356 48 22 stöd
547 1356 33 22 för
596 1356 58 22 detta
668 1356 83 28 förslag
766 1356 94 24 anföras,
870 1354 64 21 hafva

175 1390 65 22 likväl
255 1391 46 21 icke
317 1390 82 21 kunnat
414 1391 24 21 af
451 1391 166 21 Bankutskottet
632 1391 131 27 godkännas,
783 1392 23 26 ty
820 1391 32 19 att
866 1390 68 26 vägen

175 1425 32 21 till
221 1425 117 21 befordran
353 1424 28 28 pä
397 1425 229 27 tjenstemannabanan
643 1432 49 15 vore
707 1424 80 28 stängd
798 1424 34 21 för
839 1423 92 21 sekrete-

244 1465 139 17 Bankutskottets
395 1466 105 16 betänkande
512 1466 35 16 N:o
560 1466 15 16 4.
