1028 1673
230 134 14 19 2
355 133 81 23 Ständ.
452 133 54 23 Skr.
522 146 27 3 —
564 134 28 22 U.
608 134 27 22 B.
651 146 27 3 —
695 133 98 23 XXIII.

200 196 52 27 ingä
267 196 65 21 bland
347 196 146 22 sedelvalutan
509 197 49 21 med
573 198 32 20 ett
619 196 87 28 belopp,
722 204 46 14 som
782 203 50 15 vore
847 196 65 27 högre
924 196 27 20 än

200 231 49 20 dess
264 230 95 28 verkliga
373 232 71 21 värde.
467 231 44 21 För
525 233 32 19 att
573 231 97 27 afhjelpa
685 232 64 20 dessa
764 231 138 27 olägenheter
911 230 40 21 och

200 264 71 21 tillika
291 265 70 21 införa
383 272 26 14 en
427 272 124 20 gemensam
565 267 71 26 grund
650 266 34 21 för
700 265 147 22 beräknandet
862 265 25 21 af
899 265 51 21 ban-

200 299 53 21 kens
269 300 121 21 metalliska
411 300 80 26 valuta,
510 300 65 22 hafva
590 300 123 22 Ständerna
727 300 95 26 beslutit,
838 302 31 19 att
884 300 67 27 sagda

200 334 120 27 beräkning
343 334 39 22 bör
396 336 95 26 grundas
507 336 28 26 pä
551 335 156 27 tillgängarnas
723 335 115 25 bokvärde,
853 334 97 28 hvarige-

200 375 51 14 nom
267 368 62 22 äfven
345 370 42 20 den
401 368 69 22 fördel
485 370 82 25 vinnes,
583 372 32 19 att
630 377 83 13 samma
728 369 115 27 tillgängar
857 369 47 21 icke
915 369 35 21 be-

200 403 65 22 höfva
279 403 8 20 i
301 403 96 21 bankens
413 404 79 21 böcker
507 406 108 25 upptagas
630 405 48 20 med
695 405 80 20 tvänne
791 404 57 21 olika
862 404 86 21 värden.

268 437 36 21 Uti
325 439 24 26 $$
373 438 27 21 84
422 438 40 21 och
485 439 28 20 94
531 438 65 22 hafva
611 439 130 25 Ständerna,
757 438 33 21 till
805 438 107 22 vinnande
928 438 24 21 af

199 473 68 20 större
289 471 153 28 skyndsamhet
464 473 37 21 vid
522 473 119 27 indrifning
660 473 25 21 af
698 473 102 21 förfallna
821 472 127 27 fordringar,

199 507 73 22 hvilka
287 507 18 27 ej
322 507 29 27 pä
365 507 98 21 bestämd
479 509 41 26 dag
536 508 89 25 betalas,
636 508 93 27 vidtagit
740 515 27 14 en
778 508 98 26 ändring,
886 507 62 22 hvar-

198 541 85 27 igenom
307 541 266 23 kontorsföreständarene
595 543 8 20 i
624 542 127 21 landsorten
776 542 117 27 berättigas
915 544 33 19 att

198 576 75 27 sjelfve
296 575 51 22 eller
369 583 77 20 genom
469 577 79 21 ombud
569 577 116 22 verkställa
707 577 117 26 utsökning
838 576 26 22 af
875 577 73 21 vexlar

198 611 39 20 och
252 611 43 26 län,
311 618 45 14 som
371 611 35 22 vid
420 611 107 22 kontoren
542 611 86 22 förfalla
643 611 33 22 till
691 611 112 28 betalning
814 604 40 29 och
864 611 82 22 hvilkas

197 645 121 22 utsökande
333 645 33 22 för
380 647 135 21 närvarande
531 647 81 27 äligger
626 646 99 22 bankens
741 647 7 20 i
762 646 133 27 Helsingfors
910 645 36 22 bo-

198 682 55 19 satte
269 680 145 23 ombudsman.
438 681 10 21 I
464 681 64 28 öfrigt
543 681 39 22 har
597 682 42 21 den
654 682 117 26 grundsats
785 680 91 22 lemnats
886 680 60 21 orub-

196 715 49 26 bad,
268 717 33 19 att
323 715 184 22 ombudsmannen
523 723 49 20 eger
586 716 48 21 föra
649 715 98 22 bankens
763 715 59 22 talan
837 715 35 22 vid
888 715 57 21 dom-

196 749 41 22 stol
253 749 40 22 och
308 749 83 22 således
405 750 92 21 likasom
511 751 65 26 förut,
592 750 121 27 ombesörja
728 750 121 27 bevakning
864 749 24 22 af
895 749 49 22 ban-

195 784 52 21 kens
263 784 120 28 fordringar
398 785 35 22 vid
448 785 120 22 konkurser
583 785 109 22 äfvensom
707 785 8 20 i
731 785 43 21 alla
785 785 107 26 egentliga
902 785 43 20 rät-

195 820 104 26 tegångar
321 819 84 22 bevaka
427 821 48 20 dess
497 821 50 25 rätt,
567 821 38 20 der
620 820 19 28 ej
656 819 103 21 särskildt
775 819 78 22 ombud
868 819 77 22 varder

194 854 66 27 enligt
276 855 11 25 $
301 854 28 20 68
344 855 77 21 utsedt.

262 888 71 22 Sedan
349 896 29 14 nu
393 888 100 28 gällande
508 889 190 27 bankreglemente
717 888 109 22 utfärdats
840 888 40 21 har
894 887 50 21 Fin-

193 922 62 21 lands
270 922 58 21 bank
344 923 85 21 erhällit
445 925 48 26 nytt
507 923 79 21 kontor
600 923 8 21 i
623 924 77 20 staden
716 922 149 25 Tammerfors,
881 921 62 22 hvar-

192 956 34 21 för
241 957 122 22 Ständerna
377 960 72 19 ansett
463 960 32 19 ett
510 958 75 27 tillägg
601 958 74 21 härom
690 957 54 22 böra
758 957 86 30 införas
854 957 18 27 ej
889 957 53 20 min-

192 991 37 20 dre
245 991 8 21 i
267 993 11 25 $
294 992 34 25 89,
344 993 39 20 der
397 992 97 22 bankens
516 993 79 21 kontor
609 992 134 28 uppräknas,
759 993 27 20 än
802 992 7 20 i
824 993 71 20 staten
909 991 34 21 för

191 1025 104 22 Finlands
310 1025 64 23 bank.

259 1060 73 28 Enligt
347 1062 11 26 $
373 1062 27 20 91
416 1063 25 20 är
456 1062 131 27 rättigheten
601 1063 32 20 att
648 1061 83 27 utgifva
746 1060 142 28 hypotekslän
902 1059 40 22 och

191 1094 156 23 kassakreditiv
369 1095 34 22 för
424 1096 106 21 kontoren
546 1097 7 20 i
567 1096 125 21 landsorten
708 1095 92 22 sälunda
815 1095 126 27 begränsad,

191 1131 32 19 att
245 1130 33 25 de,
302 1137 34 14 om
357 1132 82 25 panten
454 1131 48 21 icke
517 1133 25 19 är
557 1131 52 27 guld
624 1131 40 21 och
679 1130 73 22 silfver
767 1129 52 22 eller
834 1131 108 25 statspap-

190 1171 39 20 per
249 1164 40 21 och
311 1164 160 23 räntebärande
493 1165 150 28 obligationer,
663 1165 68 21 mäste
747 1164 34 21 för
796 1164 74 27 hvarje
886 1164 56 27 gäng

190 1197 102 22 särskildt
304 1198 97 23 inhemta
409 1199 205 22 bankdirektionens
621 1199 67 22 bifall.
711 1199 50 21 Men
772 1199 90 20 emedan
871 1199 71 20 denna

190 1233 91 27 omgång
303 1234 24 20 är
342 1233 7 21 i
365 1233 42 28 hög
427 1235 53 26 grad
502 1234 107 27 hinderlig
624 1234 34 21 för
672 1234 119 20 kontorens
805 1232 136 27 länerörelse,

190 1269 51 19 enär
265 1268 36 20 det
323 1267 126 28 härigenom
473 1269 84 22 vällade
580 1268 125 28 dröjsmälet
726 1268 51 21 med
792 1267 69 21 länets
876 1266 65 23 bevil-

186 1302 67 27 jande
268 1302 8 21 i
290 1301 51 22 flere
364 1302 39 22 fall
422 1303 85 28 tvingar
522 1305 42 20 den
579 1303 134 21 länsökande
728 1304 33 19 att
776 1302 71 21 vända
862 1301 31 27 sig
908 1301 33 21 till

189 1337 67 20 andre
271 1336 126 27 längifvare,
414 1338 136 28 synnerligen
565 1338 36 22 vid
613 1339 26 20 de
649 1337 121 28 aflägsnare
780 1336 112 25 kontoren,
904 1336 37 21 der

188 1370 125 28 uppehållet
334 1371 69 21 måste
427 1371 66 23 blifva
515 1374 75 25 större,
609 1372 65 22 hafva
690 1371 123 22 Ständerna
827 1370 61 27 gifvit
904 1369 36 22 be-

187 1405 64 21 rörda
269 1405 106 27 paragraf
392 1413 27 14 en
434 1406 88 28 lydelse,
537 1407 139 27 hvarigenom
700 1405 136 22 direktionen
851 1404 87 21 berätti-

186 1446 37 20 gas
239 1441 33 19 att
287 1440 29 26 pä
331 1439 94 23 förhand
440 1442 99 21 meddela
554 1442 107 21 kontoren
676 1447 46 15 mer
737 1440 53 21 eller
800 1439 83 21 mindre
893 1439 45 21 vid-

186 1474 81 20 sträckt
283 1474 101 22 tillätelse
400 1475 33 21 till
443 1476 126 28 utgifvande
586 1476 23 22 af
623 1477 84 21 sädana
721 1475 36 21 län
773 1474 40 22 och
828 1473 110 22 kassakre-
