1039 2339
244 360 39 20 192
572 360 41 21 XII

649 429 120 27 Transport
786 430 133 27 28,712,218:

214 462 42 22 För
272 462 127 28 utvidgning
414 463 23 21 af
451 463 105 22 bostaden
571 464 33 21 för
624 464 144 27 uppsynings-

274 503 92 15 mannen
382 498 36 20 vid
433 504 81 15 samma
529 498 66 21 kanal
620 515 5 4 .
656 515 5 4 .
765 515 4 4 v
850 500 69 26 3,000:

228 548 12 10 »
271 531 139 27 tillverkning
425 532 23 21 af
462 532 143 27 obligationer
619 532 33 21 till
665 515 53 39 1881
729 515 38 38 m

270 565 37 21 län
333 582 4 4 .
369 582 4 4 .
405 582 4 5 .
476 583 4 4 a
838 568 80 26 14,640:

213 599 54 27 Agio
290 601 27 25 på
339 601 70 20 medel
431 583 39 39 Hos
485 583 117 38 utländska
618 583 78 39 ombud
713 583 56 39 ää

269 635 28 26 pä
313 635 61 26 ryskt
389 637 60 24 mynt
474 651 4 5 .
509 651 5 5 .
545 651 6 5 so
581 651 5 5 ss
619 652 4 4 sc
656 652 40 4 sco
728 652 40 4 cc
821 636 97 27 220,772:

212 668 90 22 Diverse
318 669 117 22 kostnader
475 686 4 4 i.
510 686 5 5 .
546 685 5 5 <
582 685 5 5 s
691 686 76 5 e
835 670 83 27 22,089:

543 726 90 21 Balans.

936 429 33 20 43.

934 566 36 21 50.

935 635 33 20 60.

934 669 34 22 28.

934 761 28 21 26

212 761 125 27 Tillgångar
352 761 36 21 vid
403 763 108 25 utgången
527 761 24 21 af
564 762 25 20 är
606 762 53 20 1881
691 778 5 4 .
727 778 5 4 .
763 778 5 5 .
799 761 119 28 3,759,977:
964 777 4 5 26.

681 802 88 21 Summa
784 802 134 27 32,732,698:

393 859 84 21 Balans
493 859 40 21 den
549 860 28 20 31
594 859 115 21 December
725 860 65 20 1861.

212 893 125 27 Tillgångar
373 910 4 5 .
409 910 4 5 <
444 911 5 4 ss
480 910 5 5 so
623 910 149 5 LL
803 894 119 27 3,759,9TT!

934 894 34 20 26.

934 928 34 20 24.

211 928 60 21 Brist
303 945 2 4 <
339 945 2 4 <
459 944 132 6 L.
659 945 4 4 <
695 945 41 4 <.
767 945 4 5 .
788 929 134 25 80,044,141:

617 945 88 45 sua
721 970 47 26 ny
783 969 135 27 33,804,118:

213 996 102 22 Skulder:

270 1032 73 26 Enligt
358 1032 75 21 balans
450 1032 41 20 den
506 1032 25 20 31
548 1032 120 21 December
686 1033 53 21 1876
763 1032 155 26 .35,774,623:

271 1067 51 20 1881
340 1068 36 20 års
391 1066 200 27 konverteringslän
621 1083 1 5 .
653 1084 4 4 .
689 1084 4 4 .
725 1083 4 5 .
761 1083 4 5 .
797 1066 119 27 9,106,890:

784 1106 133 28 44,881,513:

211 1134 103 22 Härifrän
331 1135 71 27 afgär:

267 1170 48 20 Den
338 1170 131 27 ligviderade
489 1170 91 21 ätersto-

298 1204 41 21 den
346 1204 23 21 af
379 1205 54 21 1868
441 1205 36 20 års
488 1205 12 20 6
509 1204 27 26 %
544 1204 37 21 län
596 1205 120 26 8,974,992:
733 1216 28 4 —

268 1238 55 27 Agio
339 1239 52 21 derä
433 1255 4 4 =.
468 1255 5 4 .
505 1255 4 4 .
540 1255 5 4 .
577 1255 4 4 .
635 1240 82 26 18,168
734 1250 27 4 —

268 1273 249 26 Kapitalafbetalningar=—
569 1274 12 20 &

299 1308 61 27 1868,
384 1308 54 20 1874
461 1307 39 21 och
527 1308 53 20 1881

298 1343 63 20 årens
376 1341 35 22 län
433 1358 5 5 .
471 1358 2 5 .
505 1358 4 5 .
541 1358 5 5 .
577 1342 140 26 .2,084,202:
735 1341 34 22 75.

270 1376 82 21 Inlösta
374 1377 97 26 kuponer
485 1376 97 21 hörande

297 1411 34 20 till
349 1411 52 21 1865
417 1411 36 20 års
468 1411 37 21 län
540 1427 5 5 .
577 1427 4 4 .
683 1411 35 20 32:
735 1410 34 20 40.
788 1415 131 27 11,077,895:

619 1457 88 21 Summa
723 1457 48 26 yr
786 1457 133 26 33,804,118:

934 968 34 20 50.

934 1031 34 21 65.

934 1106 36 21 65.

936 1415 32 21 15.

934 1457 29 20 50

283 1497 76 26 Nägon
375 1496 128 27 fullständig
517 1496 94 27 räkning
621 1496 60 21 öfver
691 1495 262 22 kommunikationsfonde

212 1531 33 20 för
261 1532 24 20 är
303 1532 51 20 1881
372 1531 39 20 har
427 1531 48 20 icke
485 1531 84 20 kunnat
579 1532 116 25 uppgöras,
708 1532 53 19 enär
771 1530 175 21 kontokuranter!

212 1565 33 21 för
261 1572 82 15 samma
359 1566 24 20 är
398 1565 48 21 från
461 1565 28 21 de
505 1565 23 21 af
543 1564 163 22 Statskontoret
722 1565 96 21 anlitade
832 1565 83 21 utrikes
926 1571 12 15 o

212 1600 45 21 bud
279 1602 57 19 ännu
359 1600 47 21 icke
426 1599 107 27 afgifvits;
550 1600 40 20 och
605 1602 37 19 äro
659 1600 28 20 de
703 1599 7 21 i
725 1599 121 22 relationen
861 1601 69 25 uppta

213 1636 112 25 posterna:
349 1636 81 25 räntor,
454 1634 135 27 provisioner
611 1634 40 21 och
670 1634 133 27 behållning,
818 1634 8 21 i
841 1633 53 28 följd
910 1634 11 20 d

213 1670 33 20 att
261 1675 63 15 anses
340 1670 71 20 säsom
427 1668 48 22 icke
489 1668 51 21 fullt
555 1668 84 21 exakta.

352 1709 5 7 4
