1025 1664
791 140 26 20 79

431 202 11 28 8
459 202 47 22 136.

158 243 28 27 Åt
200 248 209 21 Bankkommissarie
424 248 42 21 kan
481 248 169 27 tjenstledighet,
666 248 28 26 på
709 248 132 22 Bankdirek-

90 283 83 21 tionens
188 282 80 26 förord,
283 282 7 21 i
306 282 39 21 fall
359 282 24 21 af
396 282 65 21 behof
475 282 28 27 på
517 282 64 27 högst
596 282 36 22 två
642 282 103 22 månader
755 282 89 27 beviljas

91 317 23 21 af
127 316 203 27 Bankfullmäktige,
346 316 73 21 hvilka
438 316 27 21 då
480 316 70 22 tillika
565 316 103 22 förordna
683 322 70 15 annan
767 322 78 21 person

90 351 34 21 till
139 350 103 27 tjenstens
258 350 143 22 bestridande.
424 350 50 22 Men
490 351 62 21 sökes
568 350 96 27 ledighet
680 350 27 27 på
722 350 75 26 längre
807 350 38 26 tid,

92 385 54 21 skall
162 385 94 25 ärendet,
270 384 66 27 jemte
352 384 81 27 förslag
447 384 34 22 till
497 385 88 26 vikarie,
596 390 77 21 genom
684 384 161 22 Bankfullmäk-

91 420 44 26 tige
151 418 141 22 öfverlemnas
308 419 33 21 till
357 418 104 22 Senatens
477 419 119 21 Ekonomie
611 419 162 27 Departement.

160 454 86 26 (Denna
261 453 11 27 $
288 454 92 20 ersätter
395 453 12 27 8
423 453 26 21 99
465 453 59 21 förra
539 459 70 20 mom.;
626 459 76 15 senare
712 458 63 16 mom.
785 452 61 27 ingår

91 488 7 21 i
114 487 12 28 $
142 488 58 27 137).

431 556 11 27 8
460 556 47 21 137.

160 601 106 22 Behöfver
287 607 70 16 annan
379 601 128 27 tjensteman
529 602 54 21 eller
601 601 82 27 betjent
697 601 7 21 i
719 601 83 21 banken
821 599 24 22 af

93 643 25 15 en
141 636 54 21 eller
217 642 69 15 annan
307 635 64 22 orsak
385 635 96 27 ledighet
496 635 47 22 från
559 635 101 27 tjensten,
675 635 40 21 bör
730 634 118 27 ansökning

93 671 72 21 derom
184 672 64 25 göras
266 670 38 21 hos
324 668 201 28 Bankdirektionen,
546 676 46 15 som
608 672 58 24 äger,
681 669 47 21 ifall
745 669 36 21 det
795 674 52 21 upp-

93 704 59 27 gifna
170 704 70 21 skälet
261 704 87 27 pröfvas
371 704 78 27 giltigt,
468 704 79 27 bevilja
562 704 67 21 sådan
645 703 96 27 ledighet
756 703 33 20 för
804 702 43 21 viss

93 739 31 21 tid
140 740 56 20 samt
211 739 69 20 tillika
299 738 101 21 förordna
414 738 71 27 någon
500 739 71 21 dertill
587 738 90 27 lämplig
692 743 84 22 person,
792 736 57 21 helst

92 773 57 21 inom
165 773 81 26 verket,
263 774 31 20 att
312 773 92 26 tjensten
419 772 70 22 under
506 773 124 26 ledigheten
648 772 103 21 bestrida.
781 770 67 22 Sökes

93 807 122 27 ledigheten
238 807 33 21 för
293 807 70 26 någon
383 807 83 20 enskild
481 807 168 26 angelägenhets
664 806 64 26 skull,
744 805 55 21 skall
815 805 33 20 sö-

93 841 84 21 kanden
192 841 24 21 af
230 841 46 21 sina
291 841 158 21 löneförmoner
465 841 12 21 å
491 841 99 21 Bankens
606 842 44 20 stat
664 840 57 21 afstå
731 839 25 22 så
765 838 84 28 mycket

93 881 46 15 som
155 875 33 21 för
202 875 105 27 tjenstens
322 875 103 27 behöriga
440 875 138 22 bestridande
594 875 68 21 under
672 874 123 27 ledigheten
806 873 43 21 for-

94 910 56 21 dras.
179 910 51 21 Men
248 910 90 27 beviljas
357 910 123 26 ledigheten
498 910 27 26 på
544 910 69 26 grund
628 909 24 21 af
665 908 71 28 styrkt
751 907 98 27 sjukdom

94 944 53 21 eller
170 946 65 19 annat
257 944 68 27 dylikt
347 944 82 26 hinder,
448 944 63 26 utgår
529 944 109 21 vikariens
654 943 79 21 arvode
749 941 48 21 med
814 941 36 21 det

93 978 84 27 belopp,
197 984 46 15 som
262 978 42 21 kan
319 978 24 21 af
356 977 204 27 Bankfullmäktige,
576 978 28 26 på
619 977 152 21 Direktionens
785 975 65 21 fram-

94 1012 108 27 ställning,
218 1012 118 22 fastställas
352 1012 23 21 af
388 1012 99 21 Bankens
503 1012 76 21 medel.

162 1046 40 22 Om
224 1046 75 27 någon.
317 1046 23 22 af
361 1047 26 21 de
406 1046 7 21 i
433 1046 70 22 denna
518 1046 11 28 &
545 1046 89 21 afsedde
653 1046 128 26 tjenstemän
798 1044 53 21 eller

93 1081 95 27 betjente
206 1081 7 21 i
232 1080 88 22 Banken
339 1080 90 22 tilltalas
449 1080 35 22 för
502 1080 87 22 svårare
604 1080 66 26 brott,
686 1079 55 21 eller
756 1078 95 21 afträder

94 1114 38 22 sitt
146 1114 35 27 bo,
198 1115 52 21 eller
266 1115 74 21 ställes
355 1115 68 21 under
439 1120 81 16 annans
536 1112 246 29 förmyndareinseende,
799 1111 52 22 eller

94 1149 77 21 varder
193 1149 71 27 bysatt
282 1149 34 21 för
331 1148 56 27 gäld,
408 1148 56 22 skall
481 1149 36 21 det
532 1148 114 21 ankomma
661 1148 12 20 å
688 1145 164 23 Bankdirektio-

94 1189 52 15 nens
169 1183 117 27 afgörande
308 1183 39 21 och
369 1188 78 16 ansvar
469 1188 35 15 om
523 1182 42 21 han
581 1181 133 21 fortfarande
730 1180 35 21 må
779 1180 22 20 få
815 1179 37 21 be-

94 1218 68 20 strida
173 1216 37 22 sin
225 1217 66 27 tjenst
306 1217 53 21 eller
375 1223 69 15 annan
460 1216 71 22 dertill
547 1216 119 21 förordnas.

433 1286 12 27 8
463 1286 46 21 138.

163 1332 99 21 Embets-
277 1331 39 22 och
331 1331 171 28 tjenstemännen
517 1331 7 21 i
539 1331 103 22 Finlands
652 1329 62 22 Bank
725 1329 83 26 ätnjuta
816 1327 33 22 är-

94 1365 58 28 ligen
167 1365 47 28 fyra
233 1366 33 21 till
289 1371 38 16 sex
349 1365 90 22 veckors
462 1364 216 27 semesterledighhet
701 1363 68 22 under
792 1361 59 22 tiden

95 1400 79 21 mellan
197 1400 41 21 den
260 1400 27 21 31
310 1399 45 28 Maj
379 1399 39 22 och
435 1400 10 21 1
463 1399 106 26 Oktober;
590 1399 39 22 och
644 1397 108 22 bestridas
767 1396 86 21 kostna-

95 1434 67 21 derna
184 1433 33 22 för
239 1434 129 27 tjensternas
384 1434 106 21 skötande
504 1434 69 21 under
588 1433 66 22 sädan
670 1431 97 27 ledighet
783 1430 23 21 af
820 1429 34 22 för

94 1467 60 22 detta
170 1468 100 21 ändamäl
286 1468 12 21 &
313 1468 100 21 Bankens
429 1469 44 20 stat
489 1468 103 26 anslagna
607 1466 77 22 medel.

865 251 37 17 Sid.
916 252 27 18 47.

867 603 36 18 Sid.
916 605 27 18 47.

873 1329 36 18 Sid.
921 1329 24 18 46
957 1330 11 17 f.
