1025 1675
382 118 181 23 Ständerhuset.
580 130 27 4 —
623 118 40 22 N:o
679 118 22 23 3.

340 182 26 26 1)
394 183 34 19 att
444 181 127 21 Ständerna
586 182 51 20 ville
651 184 47 18 utse
708 182 42 26 jör
764 180 75 29 hvarje
854 180 71 22 Stånd

272 218 32 19 tre
319 216 117 21 ledamöter
452 216 38 21 och
501 216 57 28 fyra
573 216 143 27 suppleanter
731 216 9 20 i
754 222 26 14 en
788 215 135 27 Delegation,

271 250 86 21 hvilken
382 249 67 27 blefve
472 250 145 28 bemyndigad
639 252 34 19 att
695 252 48 18 utse
766 252 52 18 tomt
835 249 42 27 för
895 251 30 19 ett

273 284 142 26 Ständerhus,
439 284 92 22 hvarvid
553 284 68 21 bland
643 284 95 28 tjenliga
760 286 77 18 tomter
859 283 65 22 borde

266 318 86 28 främst
366 319 9 20 i
385 318 73 28 fråga
474 318 91 26 komma,
581 319 105 27 antingen
701 321 34 19 att
749 317 96 29 uppföra
861 318 64 28 bygg-

271 353 79 25 naden,
367 352 113 22 beräknad
490 354 43 26 för
548 353 26 21 de
589 355 34 19 tre
638 353 85 27 ofrälse
733 352 99 26 stånden,
839 353 33 27 på
883 353 41 20 den

269 388 62 26 plats
355 388 5 20 å
375 387 193 28 Mynthustomten,
583 394 46 14 som
639 388 75 26 finnes
730 387 121 27 beskrifven
867 388 8 19 i
889 387 34 21 Ut-

271 421 90 22 skottets
384 422 137 22 betänkande
543 429 35 14 n:o
600 424 17 20 2
636 429 47 21 pag
705 423 95 24 12—14,
819 422 53 20 eller
887 421 38 21 ock

272 459 39 23 att,
333 457 8 20 i
362 456 102 22 händelse
487 456 161 28 Ridderskapet
670 456 39 22 och
732 456 71 22 Adeln
820 456 105 28 befunnes

271 490 63 28 villig
356 493 34 19 att
404 492 69 20 ställa
487 491 150 21 Riddarhuset
653 492 36 20 till
705 491 135 21 Ständernas
855 490 70 28 dispo-

271 525 73 25 sition,
367 532 75 20 genom
465 526 131 27 utvidgning
612 526 29 27 af
655 526 60 20 detta
730 525 40 21 hus
785 525 61 27 öfver
861 525 64 28 Rege-

272 560 132 27 ringsgatan
427 561 53 26 inpå
502 563 110 25 gvarteret
641 560 104 21 Servalen
767 561 9 20 i
797 560 127 28 byggnaden

272 593 77 22 bereda
372 594 83 21 lokaler
470 595 42 27 för
533 595 104 27 samtliga
654 595 77 26 Stånd,
747 595 121 28 hvarjämte
883 594 42 21 De-

271 629 124 27 legationen
416 629 71 21 skulle
509 629 87 21 erhålla
618 630 9 21 i
649 629 102 28 uppdrag
774 631 32 19 att
822 629 102 27 anskaffa

271 663 87 28 ritning
368 663 42 28 för
425 663 135 28 byggnaden,
578 664 113 27 äfvensom
702 666 33 19 att
746 663 121 28 ombesörja
877 663 47 21 dess

271 697 147 28 uppförande,
434 699 42 20 allt
491 699 71 20 under
578 698 143 28 iakttagande
736 698 31 27 af
773 698 106 28 följande
890 697 34 22 be-

270 732 147 27 stämningar:

442 773 25 27 a)
488 772 164 28 Delegationen,
663 780 45 14 som
720 773 159 28 ofördröjligen
888 773 37 21 bör

374 806 99 28 begynna
488 808 36 20 sin
540 807 139 25 verksamhet,
696 807 84 21 ordnar
791 808 41 20 den
842 814 83 14 samma

371 841 32 27 pä
425 842 45 20 sätt
484 841 31 27 $$
533 842 35 24 33,
583 842 30 21 42
627 841 38 21 och
679 842 29 20 44
724 842 8 20 i
747 841 178 28 Landtdagsord-

374 875 81 27 ningen
472 875 146 27 föreskrifva,
643 878 57 19 samt
723 875 126 22 bestämmer
871 876 53 27 aflö-

374 909 81 27 ningen
466 910 42 26 för
523 910 41 21 den
579 910 31 27 af
613 910 159 28 Delegationen
781 913 99 25 antagna
891 910 34 21 be-

376 944 124 28 tjeningen
491 940 12 36 ;

444 984 24 27 b)
496 984 37 21 vid
556 984 70 22 beslut
648 992 33 14 om
704 986 99 20 utseende
826 985 29 28 af
873 988 52 18 tomt

375 1018 39 20 och
430 1018 164 27 fastställande
617 1021 26 25 af
660 1026 107 22 program
787 1019 37 21 och
839 1020 86 28 ritning

369 1054 43 26 Jör
426 1052 131 28 byggnaden
572 1053 39 21 bör
628 1054 157 28 Delegationen
796 1054 129 28 förstärkas

375 1087 47 21 med
438 1088 34 24 två
487 1090 28 21 af
528 1088 167 27 suppleanterne
704 1088 42 27 för
761 1088 77 28 hvarje
849 1089 76 21 Stånd.

374 1121 17 21 I
405 1121 84 28 frågor
510 1123 31 26 af
558 1123 84 21 mindre
664 1123 46 28 vigt
726 1125 27 19 är
768 1123 157 28 Delegationen

376 1155 114 28 beslutför,
512 1157 29 21 då
564 1158 35 27 sju
619 1158 119 21 ledamöter
752 1160 40 19 äro
807 1159 117 25 tillstädes;

376 1193 56 18 samt

445 1233 22 25 c)
491 1231 42 27 för
555 1232 147 28 anskafande
726 1233 29 22 af
766 1235 52 19 tomt
833 1233 37 20 och
885 1233 40 21 rit-

376 1265 53 28 ning
444 1268 57 19 samt
517 1266 138 28 byggnadens
670 1267 140 27 uppförande
824 1274 49 21 eger
883 1267 42 22 De-

377 1299 122 28 legationen
523 1301 102 20 använda
642 1301 25 21 de
682 1301 10 20 i
708 1301 175 22 Statsutskottets
894 1301 31 21 be-

376 1333 110 22 tänkande
509 1341 34 14 n:o
567 1336 27 20 14
612 1335 42 28 för
674 1336 128 21 ändamålet
821 1336 105 21 anvisade

375 1368 74 21 medel.

340 1416 26 25 2)
396 1417 34 18 att
447 1415 164 22 Statsutskottet
627 1419 65 19 måtte
706 1417 107 20 anmodas
828 1419 33 19 att
867 1416 61 28 fast-

273 1449 67 21 ställa
368 1449 41 21 den
430 1450 143 27 godtgörelse,
596 1457 45 14 som
663 1451 170 27 Delegationens
857 1451 71 24 ordfö-
