1028 1670
384 132 23 19 U.
419 132 23 19 B.
455 142 22 3 —
489 132 66 18 XXIIL
801 133 20 17 11

92 198 81 15 samma
195 189 115 29 tillgångar
331 190 47 22 icke
397 190 92 22 behöfde
509 190 8 20 i
535 190 95 21 bankens
646 190 79 22 böcker
740 192 105 25 upptagas

93 226 48 21 med
156 226 77 20 tvänne
248 225 57 21 olika
319 224 87 22 värden.

162 293 29 21 Af
203 293 206 28 Bankfullmäktiges
424 293 109 27 protokoll
548 292 102 28 framgär,
663 295 32 19 att
706 292 140 27 Fullmäktige

94 328 99 21 stundom
214 328 61 27 gifvit
297 328 26 20 55
346 328 46 27 &:ns
406 327 120 28 stadgande
542 334 34 14 om
592 334 122 20 gemensam
729 326 117 28 öfverlägg-

93 363 51 27 ning
159 362 47 22 med
221 362 193 22 Bankdirektionen
434 362 41 21 den
491 362 104 27 tolkning,
611 363 31 19 att
657 361 141 27 Fullmäktige
813 360 34 22 väl

94 396 33 22 till
148 397 47 21 sina
215 396 174 22 sammanträden
406 396 68 22 kallat
489 396 149 21 Direktionens
654 396 138 21 medlemmar
807 394 39 22 och

94 431 99 28 mottagit
207 431 26 22 de
248 430 120 29 yttranden,
384 430 86 21 hvartill
486 430 60 21 desse
561 432 42 19 sett
618 430 32 27 sig
661 429 127 25 föranlätne,
799 435 47 15 men

94 465 54 22 först
166 465 53 22 efter
238 465 36 21 det
291 465 138 21 Direktionen
445 465 88 25 afträdt,
549 465 113 20 motiverat
678 465 39 20 och
733 463 63 22 fattat
811 463 36 20 sitt

93 499 76 22 beslut.
206 499 33 22 Då
260 499 166 22 Bankutskottet
449 506 64 14 anser
536 499 35 21 det
587 505 51 14 vara
652 497 56 22 både
723 498 48 21 med
785 504 62 21 para-

95 534 86 28 grafens
203 534 54 27 syfte
280 535 54 20 mest
356 529 233 25 öfverensstämmande
612 532 40 22 och
674 532 34 22 för
731 531 117 22 ärendenas

95 568 92 28 lyckliga
201 568 117 28 afgörande
328 568 171 26 fördelaktigast,
508 570 33 19 att
551 567 188 28 ötverläggningen
750 566 98 22 slutföres

95 603 39 22 och
157 603 90 21 beslutet
269 603 65 21 fattas
356 603 7 21 i
385 603 151 21 Direktionens
559 603 97 25 närvara,
680 602 40 21 har
739 601 108 21 Utskottet

95 640 54 19 trott
163 638 32 27 sig
209 638 54 20 böra
277 636 29 29 pä
321 637 59 21 detta
394 638 43 20 sätt
453 636 116 22 framhälla
584 636 69 22 denna
668 636 33 21 sin
714 635 134 28 uppfattning

94 672 7 21 i
116 671 83 28 frägan,
214 674 52 18 utan
281 674 32 19 att
327 671 110 22 Utskottet
452 672 55 21 dock
523 673 70 19 ansett
607 670 71 28 nägon
694 670 91 27 ändring
799 670 7 20 i
822 670 25 20 55

95 707 12 27 8
123 706 113 22 erfordras.

164 774 99 22 Rörande
286 774 26 22 de
333 775 7 21 i
363 776 26 19 72
406 775 11 27 &
434 774 130 22 föreskrifna
579 776 61 20 extra
655 774 158 26 inventeringar
828 772 21 22 af

96 808 95 22 bankens
206 809 74 21 kassor
294 809 65 21 hafva
374 808 196 28 Bankfullmäktige
585 808 117 28 föreslagit,
716 810 32 20 att
758 808 91 20 bestäm-

96 843 106 27 ningarna
216 843 73 21 derom
305 843 68 21 skulle
388 842 133 28 öfverflyttas
536 843 32 20 till
585 844 38 19 111
640 843 12 28 &
668 845 56 18 samt
734 842 68 21 tillika
812 848 38 14 un-

97 876 66 29 dergä
185 877 40 22 den
240 877 97 30 ändring,
353 879 32 19 att
400 877 168 21 verkställandet
587 877 24 21 af
624 877 54 21 slika
692 876 158 27 inventeringar

96 912 47 21 icke
161 911 91 22 behöfde
266 912 38 21 ske
318 911 74 28 hvarje
408 910 31 27 är,
456 913 51 20 utan
523 911 76 22 endast
614 910 24 23 sä
653 911 45 22 ofta
712 910 138 22 Direktionen

97 946 64 21 funne
176 946 36 21 det
226 946 104 27 lämpligt.
361 945 50 22 Som
430 945 111 22 Utskottet
555 946 65 21 likväl
635 953 63 14 anser
713 945 62 21 dessa
790 946 61 20 extra

97 981 164 26 inventeringar,
281 981 68 20 ehuru
368 980 26 21 de
412 979 133 29 mänadtliga
559 980 189 27 inventeringarna
763 985 88 15 numera

97 1014 46 22 icke
159 1014 101 21 anställas
275 1014 29 27 pä
319 1014 112 22 bestämda
452 1014 74 28 dagar,
541 1014 134 22 tortfarande
690 1013 64 21 hafva
769 1020 25 14 en
810 1012 41 22 viss

97 1049 40 21 och
152 1048 46 22 icke
212 1048 63 28 ringa
289 1048 115 28 betydelse,
421 1050 53 20 enär
489 1048 161 22 vederbörande
664 1048 99 21 kassörer
773 1054 79 14 annars

97 1083 70 21 kunde
189 1090 52 14 vara
262 1083 63 21 säkre
348 1085 38 24 att,
409 1083 67 21 sedan
499 1090 26 14 en
539 1083 133 27 inventering
687 1082 79 25 hällits,
781 1080 71 29 nägon

99 1124 70 14 annan
192 1118 18 26 ej
234 1124 45 15 mer
298 1118 84 21 komme
396 1119 34 19 att
445 1117 88 22 inträffa
547 1117 69 21 under
630 1117 50 21 hela
694 1116 122 22 äterstoden
831 1116 24 20 af

98 1151 111 26 mänaden,
224 1152 42 21 kan
281 1152 110 22 Utskottet
406 1152 47 21 icke
468 1152 89 22 förorda
572 1152 41 22 den
628 1152 92 27 ändring
734 1151 7 21 i
752 1151 44 25 sak,
807 1157 46 15 som

98 1186 102 28 förslaget
221 1185 125 23 innehåller.
384 1186 47 22 Och
455 1186 28 22 dä
496 1186 35 22 vid
547 1185 77 23 sådant
635 1184 135 23 förhållande
785 1184 68 22 öfver-

98 1220 126 29 flyttningen
239 1220 24 22 af
276 1222 26 19 72
318 1222 45 26 $:ns
379 1220 95 22 innehåll
490 1220 32 22 till
537 1221 12 27 $
567 1222 37 20 111
622 1220 76 22 endast
713 1219 103 21 innebure
828 1225 26 15 en

98 1255 84 22 formell
203 1255 133 27 förändring,
358 1261 49 15 men
431 1253 82 23 sådana
530 1253 29 29 pä
575 1255 62 21 ofvan
653 1253 92 22 anförda
761 1252 94 29 grunder

98 1289 47 21 icke
164 1296 29 14 nu
212 1289 62 21 torde
293 1289 53 22 böra
360 1289 87 21 komma
462 1289 7 20 i
485 1287 68 30 fräga,
569 1288 34 22 fär
618 1289 110 21 Utskottet
742 1287 114 22 hemställa

99 1325 32 19 att
147 1323 151 28 Fullmäktiges
316 1323 82 28 förslag
417 1323 135 22 beträffande
571 1323 62 22 dessa
647 1321 128 29 paragrafer
790 1320 66 22 mätte

99 1357 82 22 lemnas
195 1359 52 20 utan
262 1357 106 22 afseende.

168 1426 50 21 Med
240 1426 115 27 anledning
378 1425 64 22 deraf
462 1427 33 20 att
514 1425 198 28 bankreglementet
728 1424 79 21 saknar
823 1424 36 21 be-

171 1466 138 18 Bankutskottets
320 1466 105 17 betänkande
438 1466 35 16 N:o
485 1466 15 16 4.
