1031 1659
243 154 24 30 2)
282 155 263 28 Bottenvåningen
558 156 41 21 bör
606 156 109 22 innehålla
722 156 96 28 följande
827 155 89 22 lokaler:

277 190 22 27 a)
315 189 99 29 Vestibyl
435 190 50 22 med
507 190 69 27 parad
595 191 167 27 trappuppgång
777 190 34 21 till
825 189 91 22 hufvud-

310 224 112 27 våningen.

278 257 21 27 d)
315 252 52 26 Åtta
385 257 48 21 från
452 258 123 21 hvarandra
593 257 94 22 afskilda
700 265 48 13 rum
764 258 34 21 för
813 258 104 21 utskotts-

313 291 187 27 sammanträden
491 287 13 38 ;
516 292 49 28 fyra
579 292 24 21 af
617 292 63 21 dessa
694 299 49 13 rum
752 292 55 21 böra
819 299 52 14 vara
880 292 37 21 be-

312 325 95 22 räknade
422 326 35 21 för
473 326 26 21 12
514 328 13 19 &
543 326 25 21 16
583 332 104 21 personer
702 326 41 21 och
757 328 47 26 fyra
820 327 33 21 för
870 327 25 20 16
905 328 13 19 å

313 360 28 20 24
355 366 110 21 personer.

279 396 19 24 ec)
314 394 38 21 Ett
367 394 52 22 eller
433 395 37 21 två
485 394 110 22 arkivrum
606 394 49 22 med
665 402 26 14 en
704 395 149 27 sammanlagd
864 394 53 28 golf-

313 429 38 27 yta
371 428 25 22 af
415 429 66 21 minst
504 430 40 20 100
567 428 92 28 qvadrat
677 430 69 20 meter
761 430 53 20 samt
828 428 90 22 bredvid

313 462 102 28 liggande
430 462 83 22 mindre
528 463 129 21 arbetsrum.

279 497 21 27 d)
316 496 39 22 Ett
376 496 52 22 eller
450 498 36 20 två
508 496 165 22 biblioteksrum
695 497 49 21 med
766 497 103 21 likaledes
891 504 27 14 en

314 531 149 27 sammanlagd
479 531 83 29 golfyta
577 531 24 21 af
613 532 66 20 minst
696 532 39 20 100
751 532 90 27 qvadrat
851 533 68 20 meter

311 565 68 28 jemte
393 566 151 27 angränsande
559 565 128 22 arbetsrum.

280 600 20 27 e)
316 599 199 25 Rekreationsrum,
529 601 12 20 3
557 602 12 19 a
584 600 13 20 4
615 600 34 20 till
664 600 87 26 antalet,
769 600 150 21 sammanhän-

313 633 70 28 gande
392 633 49 21 med
449 633 124 22 hvarandra
581 634 40 21 och
629 634 144 21 tillsammans
781 634 138 28 upptagande

314 674 26 14 en
355 667 98 28 golfarea
468 667 24 21 af
505 667 99 27 omkring
622 669 38 19 130
676 667 91 28 gvadrat
783 670 72 19 meter.

278 702 24 28 f)
318 701 108 22 Bostäder
440 702 35 21 för
490 702 92 21 ekonom
598 703 12 20 2
625 709 48 13 rum
689 702 41 21 och
744 702 49 27 kök,
810 702 34 21 för
859 702 60 22 vakt-

314 736 95 21 mästare
424 737 12 19 2
452 736 84 21 mindre
551 743 48 13 rum
615 736 40 21 och
670 736 49 26 kök,
741 737 56 20 samt
811 736 35 21 för
860 738 59 26 port-

314 770 51 21 vakt
380 770 52 21 eller
447 770 69 27 dräng
533 772 9 18 1
559 777 48 14 rum
623 770 41 21 och
679 770 49 21 kök.

248 804 22 27 3)
286 804 251 23 Subassementet
552 804 40 21 bör
606 804 119 21 innehälla:
740 804 43 21 kök
793 804 34 21 för
834 805 85 20 rekrea-

314 838 151 26 tionslokalen,
488 838 81 26 nödiga
590 838 82 21 källare
694 838 40 22 och
749 838 170 28 förvaringsrum

315 873 57 20 samt
385 879 49 14 rum
449 872 34 21 för
497 873 200 26 värmeapparaten.

247 906 86 28 Nödiga
358 906 255 28 hbegvämlighetslokaler
635 906 54 22 böra
711 906 70 22 finnas
804 906 4 21 i
819 906 51 22 alla
884 907 35 21 vä-

176 940 85 28 ningar.

247 974 70 22 Dessa
338 974 109 22 allmänna
470 974 162 28 bestämningar
648 975 37 21 äro
701 974 48 22 icke
763 976 26 20 sä
803 974 116 27 bindande,

178 1010 33 20 att
228 1009 36 21 det
278 1009 48 21 icke
341 1010 46 20 står
402 1009 121 21 arkitekten
537 1008 48 22 fritt
600 1010 33 20 att
643 1008 55 22 efter
709 1010 48 26 eget
767 1008 152 28 godtfinnande

178 1043 7 21 i
208 1044 72 27 någon
302 1044 51 20 mån
377 1042 103 22 förändra
495 1042 150 28 anordningen
660 1043 24 21 af
697 1042 27 22 de
739 1042 107 22 särskilda
861 1042 59 22 loka-

178 1077 67 27 lerna,
269 1077 131 28 exempelvis
416 1084 77 21 genom
508 1076 140 29 byggnadens
664 1076 136 28 uppförande
815 1077 7 20 i
837 1078 33 20 tre
885 1077 35 21 vå-

178 1112 84 27 ningar,
279 1118 78 21 genom
372 1111 153 27 förläggandet
539 1111 24 21 af
577 1118 26 14 en
619 1110 34 22 del
668 1111 24 21 af
704 1111 194 21 utskottsrummen
913 1112 7 20 i

178 1145 197 28 hufvudväningen,
393 1145 23 21 af
436 1145 192 27 boningsrummen
644 1145 67 21 delvis
726 1145 7 21 i
749 1145 172 21 subassementet

176 1179 50 22 med
241 1186 61 14 mera
317 1178 74 29 dylikt.

246 1236 214 22 Kostnadssumman
475 1236 33 22 för
522 1235 135 29 byggnaden,
671 1235 61 21 hvari
746 1234 130 22 inberäknas
887 1238 34 19 ut-

177 1270 65 28 gifter
264 1270 34 22 för
320 1270 119 27 planering,
463 1270 157 27 stenläggning,
643 1269 128 27 plantering,
788 1270 131 26 ventilation,

177 1305 90 25 värme-,
283 1311 49 21 gas-
347 1306 40 20 och
401 1304 188 27 vattenledningar
599 1304 57 20 samt
666 1302 175 22 administration
851 1304 69 21 under

177 1338 210 28 byggnadsarbetets
408 1338 123 26 uttörande,
553 1338 41 21 bör
615 1337 50 21 icke
680 1336 135 22 öfverskrida
829 1338 92 26 800,000

176 1371 71 22 finska
261 1372 68 22 mark.
