1028 1670
194 131 12 17 8
463 131 23 19 U.
499 130 24 20 B.
536 141 22 3 —
570 130 65 19 XXIII.

171 187 228 23 atfärsförhällandena
420 189 8 21 i
449 188 80 27 landet,
554 188 69 22 borde
646 188 89 28 deltaga
757 188 7 21 i
786 187 145 23 komiterades

172 222 180 22 sammanträden.

239 256 80 22 Vidare
335 257 72 28 skiljer
422 257 32 28 sig
469 257 121 22 Utskottets
609 257 81 28 förslag
710 256 70 22 deruti
796 256 47 22 frän
858 256 73 22 Bank-

172 291 152 27 fullmäktiges,
339 294 33 19 att
387 292 66 28 enligt
468 292 36 22 det
519 292 60 22 förra
593 291 133 23 komiterade
741 292 47 21 icke
804 291 69 22 skulle
888 298 40 21 ega

171 325 76 27 pröfva
266 326 145 28 ansökningar
433 333 33 15 om
490 325 37 23 län
546 326 40 22 och
604 326 164 26 kassakreditiv,
784 328 53 20 utan
853 326 75 22 endast

171 360 69 21 uttala
256 360 33 27 sig
303 360 92 22 rörande
409 360 33 22 till
457 360 146 28 diskontering
618 360 106 28 erbjudna
739 360 79 22 vexlar.
847 360 42 22 Det
904 362 24 20 är

171 394 108 28 nämligen
299 394 46 27 just
367 395 35 21 vid
424 395 161 26 vexelhandeln,
601 402 46 15 som
662 395 149 21 kännedomen
827 402 34 15 om
876 395 52 21 kun-

172 429 51 21 dens
245 429 124 28 personliga
391 429 167 28 affärsställning
574 429 120 28 egentligen
710 431 25 20 är
750 429 24 22 af
787 429 49 28 vigt,
851 429 78 22 medan

173 463 96 22 deremot
284 463 35 21 vid
334 463 69 28 öfriga
418 464 208 27 kreditoperationer
641 464 36 21 det
684 463 178 28 hufvudsakligen
870 463 59 21 kom-

171 505 46 14 mer
225 505 27 14 an
261 496 28 29 pä
297 499 30 20 ett
335 498 134 22 bedömande
476 498 24 22 af
506 498 178 22 realsäkerheter.
693 497 71 23 Ocksä
771 498 56 22 visar
835 497 94 22 erfaren-

172 531 63 23 heten
247 531 48 22 från
313 534 84 20 senaste
410 532 191 28 landtdagsperiod
620 534 32 20 att
670 532 97 22 bankens
782 532 100 22 förluster
897 531 32 21 till

171 566 150 28 hufvudsaklig
336 566 34 22 del
385 566 97 29 uppstått
496 566 29 29 på
540 567 180 22 diskontrörelsen
732 566 34 22 vid
774 566 155 22 hufvudkonto-

172 603 39 19 ret.
227 601 40 21 Om
276 600 36 22 det
318 600 138 23 fördenskuld
467 602 47 22 icke
525 602 61 22 torde
594 608 52 15 vara
661 602 24 21 af
699 601 99 22 behofvet
812 600 119 28 påkalladt,

172 637 32 19 att
227 636 53 27 göra
302 635 131 28 beviljandet
454 636 24 22 af
498 636 36 22 lån
554 636 39 22 och
609 636 156 22 kassakreditiv
780 636 106 22 beroende
901 634 28 29 på

173 671 29 19 ett
223 670 112 22 uttalande
359 670 23 22 af
403 671 223 26 diskontkomiterade,
646 671 40 21 har
705 670 111 22 Utskottet
833 669 14 23 å
861 670 68 22 andra

173 704 61 22 sidan
250 706 71 20 ansett
336 704 37 22 det
387 712 52 15 vara
453 706 25 21 af
498 706 44 27 vigt
558 707 31 20 att
605 705 26 22 de
645 705 134 22 komiterade
793 705 46 21 icke
853 704 76 22 betun-

173 745 38 21 gas
226 738 48 22 med
289 738 34 22 för
338 740 84 27 mycket
438 740 80 25 arbete,
534 740 89 22 emedan
639 740 61 22 detta
715 739 71 22 kunde
793 740 51 27 göra
853 738 77 22 affärs-

173 774 57 25 män,
247 780 45 15 som
309 773 69 22 drifva
393 781 52 21 egen
460 774 88 26 rörelse,
564 774 110 28 obenägne
690 776 33 20 att
738 776 97 26 mottaga
853 773 76 22 sådant

172 807 107 29 uppdrag.

241 842 29 21 Af
289 849 51 20 nyss
359 843 81 22 nämda
457 843 53 25 skäl,
526 843 40 22 och
582 842 28 22 då
624 841 104 29 farhågor
743 842 90 21 uttalats
848 841 34 22 för
897 844 41 29 att

173 876 35 21 det
224 875 102 29 dröjsmål
348 877 36 21 vid
407 877 179 28 diskonteringen,
602 884 46 15 som
664 884 26 14 en
706 876 165 22 diskontkomité
885 876 44 22 för-

173 913 82 20 menats
271 911 84 26 orsaka,
363 911 68 22 skulle
446 912 34 21 för
495 912 96 22 bankens
606 911 83 22 kunder
704 911 98 22 medföra
817 911 114 28 olägenhe-

173 947 38 24 ter,
234 945 40 22 har
292 945 111 22 Utskottet
420 946 68 22 infört
506 948 31 20 ett
555 945 120 29 stadgande
696 945 74 22 derom
790 947 31 20 att
835 945 94 22 komitén

173 979 29 28 på
223 979 81 28 förslag
326 979 25 22 af
370 980 140 22 Direktionen
525 980 56 28 finge
596 981 104 26 upprätta
719 986 27 15 en
761 979 120 22 kreditlista
896 979 34 21 för

173 1014 110 22 kontorets
304 1013 87 29 vanliga
411 1014 90 26 kunder,
524 1014 13 22 &
555 1014 85 22 hvilken
656 1014 26 22 de
698 1020 98 15 summor
810 1020 50 15 vore
875 1020 55 21 upp-

173 1050 72 26 tagna,
260 1048 33 22 till
307 1048 73 22 hvilka
394 1048 64 22 hvars
473 1049 40 21 och
529 1056 37 14 ens
581 1048 71 22 kredit
666 1048 7 21 i
688 1048 88 22 banken
794 1048 63 28 högst
873 1048 58 28 finge

173 1082 55 28 stiga
243 1083 40 21 och
298 1082 109 22 hvarintill
422 1083 41 22 den
478 1083 72 22 kunde
564 1082 89 28 beviljas
668 1083 24 21 af
697 1082 143 22 Direktionen
849 1089 80 15 ensam.

172 1116 34 22 Då
220 1116 83 22 således
317 1117 36 21 vid
368 1124 26 15 en
410 1118 79 28 mängd
504 1117 171 28 diskonteringar
690 1116 134 22 komiterade
839 1116 46 22 icke
893 1116 36 22 be-

172 1151 65 22 höfde
251 1151 58 22 förut
324 1152 72 26 höras,
418 1152 69 22 skulle
509 1151 127 22 åtminstone
651 1152 7 20 i
674 1151 63 22 dessa
753 1150 40 22 fall
808 1150 31 22 alt
861 1150 68 28 dröjs-

172 1184 43 22 mål
237 1186 114 26 undvikas;
374 1186 40 22 och
430 1193 46 15 som
491 1186 142 22 komiterades
648 1185 176 23 sammanträden
839 1184 91 22 sålunda

170 1220 80 27 jemväl
265 1220 71 22 kunde
352 1220 66 22 blifva
433 1221 83 27 ganska
530 1220 69 26 korta,
615 1222 24 20 är
654 1220 36 22 det
705 1220 52 28 föga
776 1219 107 23 sannolikt
897 1222 32 19 att

173 1254 36 21 det
223 1254 62 28 ringa
307 1253 104 28 dröjsmål
433 1254 27 22 de
478 1255 8 21 i
501 1255 44 21 alla
560 1254 38 22 fall
613 1253 68 23 måste
696 1253 100 23 medföra
810 1254 40 22 och
865 1254 65 21 hvars

173 1288 109 28 betydelse
304 1288 108 23 dessutom
434 1289 33 21 till
482 1288 119 28 väsendtlig
616 1289 35 21 del
665 1288 182 22 neutraliserades
862 1288 68 26 derat,

173 1325 32 20 att
226 1323 113 22 kunderna
361 1323 63 22 visste
446 1323 57 22 hvad
525 1323 33 22 tid
573 1323 26 22 de
613 1323 57 28 finge
685 1323 74 22 hemta
775 1329 49 15 svar
839 1321 28 29 på
882 1322 48 22 sina

173 1357 78 26 anbud,
275 1357 68 22 skulle
365 1357 112 23 föranleda
499 1357 67 29 någre
587 1357 83 22 kunder
693 1359 33 20 att
748 1357 72 22 vända
834 1357 33 28 sig
881 1355 49 23 från

171 1391 90 22 banken.

239 1421 76 33 Öfriga
330 1426 24 22 af
367 1426 111 22 Utskottet
492 1427 123 27 föreslagna
629 1427 135 28 stadganden
784 1425 92 22 rörande
897 1425 32 21 di-

239 1466 140 18 Bankutskottets
391 1467 105 17 betänkande
509 1467 35 17 N:o
556 1468 16 15 4.
