1025 1667
378 118 24 19 U.
414 118 24 19 B.
451 129 23 3 —
486 118 66 19 XXIII.
813 120 11 18 3

88 176 47 22 åter
156 176 102 22 beträffar
281 177 40 20 den
343 176 34 21 för
393 176 189 27 öfvergängstiden
598 177 105 27 stadgade
719 177 128 27 tvängskurs

88 210 34 22 för
144 210 96 22 bankens
258 210 77 27 sedlar,
351 210 71 22 kunde
439 210 47 26 den,
503 210 70 22 såsom
591 217 26 15 en
633 211 56 21 blott
704 211 98 27 praktisk
817 211 31 21 åt-

88 245 61 27 gärd,
165 244 23 21 af
202 244 49 22 kort
266 244 141 27 varaktighet,
424 244 24 22 så
462 244 86 28 mycket
562 245 84 21 mindre
662 245 115 21 framkalla
787 246 61 20 miss-

89 278 90 21 troende
201 278 33 21 till
256 278 48 21 vårt
326 279 167 26 penningväsen,
513 285 46 15 som
575 279 97 21 bankens
688 280 97 26 utlåning
801 280 47 21 der-

90 312 68 21 under
172 312 47 21 icke
235 312 91 22 behöfde
341 312 128 22 inskränkas
489 313 39 21 och
544 313 133 27 efterfrågan
692 314 28 26 på
735 314 114 21 utländska

90 346 73 22 vexlar
178 346 23 22 af
214 347 84 21 banken
312 347 117 26 behörigen
444 347 183 22 tillfredsstäldes.

159 380 56 22 Utan
232 381 73 21 tvifvel
320 381 95 21 berodde
431 382 138 26 möjligheten
586 382 23 21 af
624 382 119 21 reformens
758 382 93 27 lyckliga

92 415 166 27 genomförande
280 415 33 21 till
337 415 19 27 ej
380 416 61 26 ringa
461 416 33 20 del
515 416 66 26 derpå
597 418 32 19 att
644 416 68 22 under
727 416 51 21 åren
796 416 53 21 1878

93 450 38 20 och
156 449 55 22 1879
231 449 92 22 skörden
338 450 7 20 i
360 450 74 21 landet
449 450 205 27 öfverhufvudtaget
668 457 39 15 var
722 451 49 26 god.
801 450 49 22 Men

92 484 41 21 den
156 484 100 26 förtjenst
277 484 102 21 Finlands
406 484 57 21 bank
489 484 75 21 härvid
587 485 68 26 inlagt
681 485 34 21 får
736 485 115 27 ingalunda

93 518 72 21 derför
188 518 81 21 skattas
288 518 51 26 lågt,
358 520 22 25 ty
396 524 48 15 man
460 518 39 21 bör
515 518 47 22 icke
578 518 85 28 förgäta
678 521 33 19 att
725 518 126 28 myntrefor-

93 558 48 16 men
150 552 96 21 utfördes
254 552 179 27 hufvudsakligen
442 558 77 21 genom
528 552 102 27 åtgärder
638 553 48 21 från
695 553 95 21 bankens
799 553 52 21 sida.

162 586 75 21 Ehuru
260 586 36 22 det
317 592 52 16 vore
392 586 23 21 af
432 587 92 21 intresse
541 589 31 19 att
587 588 49 20 veta
651 587 56 21 huru
722 587 85 27 mycket
821 586 31 22 öf-

94 621 121 26 vergången
237 621 33 21 till
292 620 145 28 guldmyntfot
459 621 46 21 dels
525 621 71 21 direkt
612 622 46 20 dels
673 621 94 21 indirekt
781 621 72 21 kostat

94 654 102 22 Finlands
219 655 63 26 bank,
306 655 41 21 kan
370 654 111 22 Utskottet
503 655 66 21 likväl
593 655 55 27 icke,
664 656 27 20 då
707 656 29 20 uti
753 662 25 14 en
795 654 58 28 dylik

94 689 74 28 kalkyl
190 690 69 21 skulle
282 689 50 27 ingå
352 690 79 26 jemväl
451 689 51 22 flere
518 690 153 26 oberäkneliga
687 690 102 26 faktorer,
805 689 49 21 med

96 724 68 26 någon
180 724 135 27 noggranhet
329 724 119 21 bestämma
463 724 71 21 denna
548 724 99 21 kostnad.

165 758 42 21 För
222 758 103 21 Finlands
344 758 57 21 bank
416 758 77 21 liksom
509 758 35 21 för
559 758 42 21 den
617 758 97 21 enskilde
730 757 123 21 affärsman-

96 798 41 15 nen
152 792 58 21 visar
225 792 32 27 sig
273 792 177 27 myntreformens
466 792 84 21 direkta
566 792 103 22 inverkan
684 792 28 27 på
726 792 129 26 ställningen

98 826 68 22 deruti
189 828 32 19 att
243 827 142 26 tillgångarna
408 827 66 21 varda
497 826 109 27 uttryckta
625 827 7 20 i
652 833 25 15 en
697 832 70 15 annan
785 826 70 24 enhet,

98 866 46 16 som
166 866 76 21 genom
265 861 37 20 sitt
324 860 66 27 högre
405 861 65 21 värde
486 861 104 21 nominelt
605 860 96 21 minskar
715 860 102 27 beloppet
835 859 22 21 af

98 895 68 27 sagda
187 895 127 27 tillgångars
336 894 106 22 bokförda
464 895 87 21 värden.
581 894 133 27 Härigenom
729 894 127 27 nedtryckes

98 929 136 26 naturligtvis
258 929 40 21 den
322 929 91 27 synbara
432 929 83 21 vinsten
532 929 76 21 medan
624 929 155 27 tillgångarnas
795 928 61 21 verk-

98 963 44 27 liga
156 964 65 20 värde
237 964 6 20 i
260 963 133 22 förhållande
409 964 33 20 till
457 963 121 21 bokvärdet
592 963 66 27 höjes.
682 963 76 21 Denna
774 962 83 22 direkta

98 998 122 26 minskning
243 998 30 20 uti
295 998 102 21 Finlands
417 998 68 21 banks
501 998 6 20 i
524 998 110 21 bokslutet
649 998 84 26 synliga
747 997 58 21 vinst
819 996 39 21 har

98 1032 67 21 redan
188 1032 23 21 af
233 1032 140 21 1877—1878
396 1032 34 21 års
453 1032 146 21 Bankutskott
614 1032 136 26 uppskattats
765 1031 34 21 till
815 1036 43 16 om-

98 1066 63 27 kring
188 1067 13 21 2
228 1066 98 25 miljoner
348 1066 68 21 mark.
453 1066 51 21 Men
527 1072 51 15 vare
602 1066 32 26 sig
657 1068 32 18 att
711 1072 49 14 man
782 1064 77 22 beräk-

99 1106 39 16 nar
161 1101 41 21 den
227 1101 66 26 högre
316 1101 54 21 eller
391 1100 61 26 lägre
475 1100 34 21 får
531 1106 49 15 man
602 1100 8 21 i
633 1100 43 21 alla
699 1100 38 21 fall
760 1101 31 19 ett
813 1099 46 21 icke

100 1135 120 27 oansenligt
235 1135 83 27 belopp,
339 1141 52 20 som,
413 1134 26 21 då
455 1134 36 21 det
507 1134 69 27 gäller
590 1136 32 19 att
638 1134 94 26 granska
747 1133 113 22 resultatet

102 1169 23 21 af
140 1169 95 21 bankens
246 1169 136 21 verksamhet
392 1169 68 21 under
471 1170 86 20 senaste
568 1168 191 27 landtdagsperiod
771 1167 88 28 (Fullm.

100 1204 45 21 ber.
166 1204 43 20 tab.
224 1204 77 26 XXV),
316 1203 70 21 måste
401 1203 75 27 läggas
492 1203 34 21 till
543 1203 49 21 dess
607 1203 7 20 i
630 1202 107 21 böckerna
752 1203 109 25 upptagna

101 1238 57 22 vinst
172 1238 34 21 för
220 1239 32 20 att
267 1240 77 19 utröna
358 1238 55 20 huru
429 1239 45 19 stor
489 1238 70 20 denna
574 1237 7 21 i
596 1236 149 28 verkligheten
760 1236 62 21 varit.

171 1272 41 21 Till
235 1272 178 27 myntreformens
435 1271 92 27 räkning
550 1271 68 21 måste
635 1272 109 20 dessutom
759 1270 102 22 hänföras

103 1306 59 21 såväl
178 1306 26 22 de
217 1306 158 27 jemförelsevis
391 1306 82 21 mindre
489 1306 122 26 betydande
627 1306 145 20 kostnaderna
787 1304 33 21 för
831 1304 30 21 in-

104 1340 104 27 dragning
223 1340 23 21 af
260 1340 52 27 guld
326 1340 33 21 till
375 1340 83 21 banken
474 1340 39 21 och
530 1340 128 26 realisering
674 1339 23 21 af
711 1340 37 20 det
764 1338 97 22 öfverflö-

105 1375 50 27 diga
178 1374 75 27 silfret,
272 1374 34 22 för
320 1374 139 28 myntningen
475 1374 23 21 af
511 1374 143 27 guldstycken
670 1375 56 19 samt
741 1373 26 21 de
783 1372 14 21 å
811 1372 52 26 guld

103 1409 92 27 lydande
218 1415 40 21 nya
282 1409 111 21 sedlarnes
411 1408 146 27 tillverkning,
574 1406 46 23 som
636 1407 62 22 äfven
715 1407 26 21 de
756 1406 107 22 indirekta

172 1449 138 17 Bankutskottets
322 1448 90 18 berättelse.
