1025 1664
28 195 22 18 de
58 196 93 22 gratifika-

27 217 49 18 tions
82 219 72 18 utbeta-

31 240 77 19 landeaf
110 242 47 18 Ban-

33 263 45 18 kens
90 265 63 18 medel.

196 133 27 23 48

166 196 98 22 Eudoxia
286 196 133 28 Gripenberg
441 197 40 22 hos
503 197 59 21 Hans
585 196 123 27 Kejserliga
726 196 103 27 Majestät
847 195 76 22 ansökt

166 236 34 15 om
222 230 145 27 gratifikation
387 231 38 22 och
445 231 204 27 begrafningshjelp,
669 231 40 21 och
725 230 24 21 af
761 229 161 23 Bankfullmäk-

165 265 45 26 tige
232 265 98 26 yttrande
353 266 73 21 derom
445 265 124 26 infordrats,
589 265 106 21 huruvida
713 265 47 21 icke
778 265 101 26 beloppet
901 263 23 22 af

166 299 41 21 den
222 298 145 28 Gripenbergs
383 299 100 22 sterbhus
497 299 163 22 tillkommande
674 298 146 26 gratifikation
836 299 39 21 och
886 299 37 21 be-

166 332 170 27 grafningshjelp
362 333 67 22 borde
455 333 24 22 af
503 333 100 22 Bankens
630 333 70 21 medel
723 333 114 25 utbetalas,
859 333 64 21 hafva

166 366 197 27 Bankfullmäktige
389 368 6 20 i
418 368 133 26 underdänig
577 367 114 22 skrifvelse
718 367 24 21 af
766 367 41 21 den
834 368 10 20 1
873 367 50 22 Juni

167 400 57 22 1880
246 400 112 28 förklarat,
381 403 33 20 att
435 408 46 15 som
503 401 54 22 fulla
576 402 102 27 beloppet
696 401 24 22 af
737 401 40 22 den
797 401 126 22 Stadsr&det

166 434 147 28 Gripenbergs
328 435 101 22 sterbhus
444 436 128 21 tillbörande
587 435 198 28 begrafningshjelp
800 436 61 26 längt
876 436 47 21 der-

166 468 99 22 förinnan
284 469 7 21 i
310 470 91 27 stadgad
421 471 90 26 ordning
526 470 48 21 frän
589 470 104 21 Finlands
708 469 61 22 Bank
783 470 139 21 inlevererats

166 503 34 21 til
216 503 80 21 Finska
311 503 137 22 Civilstatens
466 504 70 21 Enke-
555 504 39 21 och
612 504 141 27 pupillkassa,
769 505 55 20 samt
839 504 83 21 landets

166 536 100 27 Ständer,
282 537 35 21 vid
333 538 162 27 öfvertagandet
510 538 23 21 af
546 538 95 27 Banken,
657 538 48 21 icke
720 538 69 21 iklädt
800 538 33 27 sig
846 544 74 15 ansva-

166 571 72 26 righet
259 571 33 21 för
314 571 138 23 bestridande
471 572 24 21 af
511 579 26 14 en
558 573 54 20 eller
631 578 69 15 annan
720 572 65 26 utgift
803 572 23 21 af
843 571 79 27 ifräga-

166 605 95 21 varande
280 606 33 20 art
332 605 33 21 för
384 606 27 21 de
429 606 108 21 allmänna
552 606 82 27 fonder,
650 606 110 21 hvarifrän
775 606 147 27 begrafnings-

166 638 60 27 hjelp
249 638 39 22 och
308 639 171 27 gratifikationer
498 641 66 26 enligt
579 641 107 21 särskilda
701 640 152 27 författningar
868 640 54 22 erla-

165 672 47 26 des,
234 672 197 29 Bankfullmäktige
449 674 20 27 ej
488 677 71 19 ansett
578 675 33 26 sig
626 674 135 27 berättigade
777 676 32 20 att
824 674 99 22 ähvälfva

166 706 88 22 Banken
270 707 148 22 utbetalandet
433 708 23 22 af
469 708 163 27 ifrägavarande
648 708 77 22 medel.
748 708 101 22 Derefter
859 708 64 22 hafva

165 740 198 28 Bankfullmäktige
385 742 42 22 fått
449 745 107 25 emottaga
575 750 26 14 en
620 744 7 20 i
643 743 60 21 Hans
718 743 122 27 Kejserliga
855 743 67 27 Maje-

166 777 55 19 stäts
244 776 63 26 Höga
328 776 69 22 Namn
417 777 24 21 af
457 778 55 21 Dess
532 778 65 21 Senat
612 778 34 20 för
660 778 92 21 Finland
767 776 76 22 afläten
860 777 63 21 skrif-

165 810 61 21 velse
249 810 23 21 af
289 810 41 21 den
349 811 28 21 20
395 811 119 22 December
530 812 56 21 1880
600 812 24 21 af
637 812 102 26 innehäll,
755 813 32 20 att
801 812 121 26 Kejserliga

167 843 105 22 Senatens
292 844 117 23 Ekonomie
428 846 155 26 Departement
601 846 41 21 den
659 847 28 21 14
701 846 51 21 Juni
767 846 66 26 sagda
849 846 24 21 är
887 846 35 21 til-

166 877 47 27 lagt
228 878 163 22 Statsrädinnan
407 879 133 28 Gripenberg
555 880 24 21 af
592 880 108 21 allmänna
715 880 70 21 medel
801 880 18 27 ej
831 880 92 21 allenast

165 912 67 26 2,800
246 912 67 26 mark,
329 912 86 22 hvilken
431 920 82 16 summa
528 914 122 22 Statsrädet
664 914 141 27 Gripenberg,
821 920 45 15 som
882 914 40 21 den

167 946 28 21 15
213 946 45 26 Maj
282 946 52 22 1861
355 948 92 21 anstälts
465 948 7 21 i
487 948 99 22 Bankens
601 948 71 27 tjenst,
689 948 71 21 såsom
775 948 148 26 begrafnings-

165 979 59 27 hjelp
244 980 96 27 intjenat,
360 983 51 19 utan
427 982 39 21 och
482 982 63 26 8,400
560 982 67 27 mark,
642 982 151 22 motsvarande
809 988 37 15 sex
862 988 61 20 gvar-

165 1014 31 20 tal
216 1014 24 21 af
257 1014 53 22 hans
330 1018 73 19 senast
421 1016 115 22 innehafda
554 1017 36 21 lön
601 1010 10 38 &
634 1018 49 25 stat,
699 1016 7 21 i
721 1016 154 26 gratifikation;
891 1017 32 20 att

164 1048 120 22 Ekonomie
303 1049 178 27 Departementet
499 1051 110 27 derjemte,
625 1051 7 21 i
648 1050 115 26 anledning
778 1050 23 21 af
815 1050 40 21 den
870 1056 53 20 upp-

164 1081 80 22 komna
259 1082 75 27 frågan
351 1089 32 16 om
399 1084 139 22 utbetalande
552 1084 24 22 af
590 1084 198 30 begrafningsbjelp
804 1084 39 21 och
857 1084 66 26 grati-

165 1114 91 22 fikation
275 1122 25 15 ur
318 1116 100 23 Bankens
437 1119 76 25 medel,
533 1119 32 21 till
585 1118 104 22 Senatens
705 1118 90 21 Plenum
811 1118 112 21 öfverlem-

165 1151 38 19 nat
225 1149 106 23 huruvida
352 1151 47 21 icke
421 1152 205 28 begrafningshjelp,
646 1153 71 21 sävidt
735 1152 42 22 den
791 1158 30 15 nu
835 1152 88 27 utginge

165 1182 25 22 af
206 1183 108 22 allmänna
332 1186 78 26 medel,
426 1186 109 22 äfvensom
550 1186 145 27 gratifikation
715 1186 22 21 ät
755 1186 98 21 sterbhus
870 1186 54 21 efter

165 1217 82 21 sädane
270 1218 77 22 aflidne
367 1220 128 26 tjenstemän
514 1221 35 21 vid
567 1221 103 21 Finlands
685 1220 68 26 Bank,
769 1226 45 16 som
831 1220 92 27 antagits

165 1251 8 21 i
196 1251 50 21 dess
269 1252 66 26 tjenst
353 1253 56 21 efter
428 1254 37 21 det
483 1254 88 22 Banken
586 1261 76 21 genom
678 1255 80 26 nädiga
772 1254 152 26 förordningen

164 1285 25 21 af
206 1286 42 21 den
267 1286 13 21 9
299 1286 120 23 December
435 1288 54 21 1867
505 1288 70 21 blifvit
589 1289 56 21 stäld
661 1289 69 20 under
744 1288 102 21 Finlands
863 1288 61 21 Stän-

165 1319 50 22 ders
231 1320 138 27 förvaltning,
386 1321 97 27 skäligen
494 1323 67 21 borde
576 1323 24 20 af
612 1323 101 21 Bankens
724 1323 70 21 medel
806 1322 117 26 utbetalas;

163 1355 59 20 samt
239 1356 34 20 att
290 1355 123 27 Kejserliga
433 1355 93 22 Senaten
541 1357 6 20 i
564 1357 52 26 följd
632 1356 63 21 häraf
709 1356 58 21 velat
781 1362 77 21 genom
873 1355 51 22 ifrä-

164 1389 124 24 gavarande
311 1389 49 21 bref
381 1389 95 27 delgifva
494 1391 197 26 Bankfullmäktige
707 1390 142 21 omförmälda
863 1389 62 27 fräga

163 1421 35 21 för
220 1423 34 20 att
276 1423 24 21 af
319 1423 199 28 Bankfullmäktige
536 1425 110 21 meddelas
665 1425 122 21 Ständerna
806 1424 35 21 vid
859 1423 65 22 först-
