1025 1664
184 137 28 21 46

158 199 185 23 Ombudsmannen
359 201 8 21 i
383 202 34 20 d:o
433 202 34 21 d:o
483 202 36 21 lön
546 217 5 5 .
575 218 5 4 .
604 217 5 5 .
662 217 33 5 ss
720 216 5 6 +
766 201 65 27 5,000
844 200 69 23 mark.

223 234 134 27 hyresmedel
372 235 71 22 såsom
458 235 59 22 förut
546 251 5 5 .
575 252 5 4 .
605 251 4 5 .
635 252 3 4 .
663 251 3 5 .
690 250 5 6 .
719 251 5 5 .
747 251 5 5 «
765 236 64 26 2,000
873 252 10 11 ,

154 268 76 21 Förste
245 268 160 22 kamreraren
395 264 14 36 i
421 270 34 21 d:o
471 270 34 21 d:o
521 270 36 21 lön
576 285 6 5 .
609 285 2 5 .
636 285 4 5 .
663 285 5 5 .
692 285 5 5 .
720 285 34 5 ..
767 270 64 26 7,000
873 286 9 10 ,

221 302 135 26 hyresmedel
374 319 3 5 .
401 319 4 5 .
433 320 58 5 ss.
515 319 236 6 ele
764 304 65 26 2,000

222 336 103 22 Deremot
347 344 51 15 anse
417 338 34 27 sig
468 338 198 27 Bankfullmäktige
689 338 48 21 icke
756 344 40 20 ega
815 338 46 21 skäl
872 320 41 39 att

154 370 86 22 förorda
250 370 151 23 Direktionens
412 372 82 27 förslag
508 378 34 16 om
558 372 126 28 ytterligare
703 372 171 27 löneförhöjning
888 372 24 22 ät

154 404 149 22 sekreteraren
321 406 40 21 och
379 406 181 22 ombudsmannen
576 406 56 22 efter
646 406 44 22 viss
705 406 42 21 tids
762 402 149 31 tjenstgöring.

17 437 17 40 YY
42 432 99 50 Anelagtill
222 438 22 28 hk)
261 440 43 20 För
322 442 32 19 att
371 440 80 22 bereda
469 441 173 27 tjenstemännen
661 440 36 21 vid
712 439 100 23 Bankens
827 436 86 26 kamre-

18 461 82 44 männons
110 465 32 36 sö
153 473 127 22 rarekontor
301 474 86 23 tillfälle
409 475 34 21 till
465 475 70 27 någon
558 474 43 22 tids
624 474 200 27 semesterledighet
841 474 70 22 under

32 506 90 45 rn
152 514 121 16 sommaren
289 509 54 21 1877
358 509 65 22 hafva
436 509 198 27 Bankfullmäktige
650 509 42 21 den
707 509 14 21 9
735 508 45 27 Maj
796 509 67 26 sagda
878 509 31 26 år,

107 541 4 6 *
152 541 28 28 på
194 542 206 23 Bankdirektionens
417 544 73 21 derom
506 543 76 28 gjorda
598 543 107 26 anhållan,
721 543 137 27 bemyndigat
871 543 39 21 Di-

152 575 112 22 rektionen
286 578 32 19 att
339 577 36 21 vid
397 577 224 22 kamrerarekontoret
640 577 94 22 anställa
751 579 77 19 tvenne
848 579 60 20 extra

152 610 99 22 biträden
274 612 56 20 emot
351 612 80 21 arvode
449 611 34 22 för
500 612 108 21 hvardera
627 611 24 22 af
668 611 43 22 600
729 611 61 21 mark
805 613 56 19 samt
876 613 32 20 att

152 644 109 22 dessutom
283 645 34 21 till
339 646 41 21 den
398 652 85 21 person,
507 652 45 15 som
572 646 69 21 under
660 651 121 24 sommaren
799 645 109 21 förestode

151 679 67 21 andre
232 679 225 28 kamreraretjensten,
472 680 120 21 utanordna
606 680 44 21 505
664 679 63 22 mark
741 679 28 22 55
779 679 63 27 penni
853 681 56 19 mot-

151 713 105 22 svarande
271 719 26 16 en
312 714 105 27 tredjedel
433 714 23 21 af
469 714 27 21 de
512 715 49 20 med
576 714 133 21 sistnämnda
725 713 66 27 tjenst
805 713 103 22 förenade

151 747 186 22 löneförmånerna
355 749 68 20 under
441 749 41 21 den
501 749 32 20 tid
553 748 27 21 då
595 748 95 21 varande
705 749 16 20 t.
736 747 15 22 f.
766 747 66 22 andre
847 747 61 21 kam-

150 787 88 16 reraren
264 781 46 22 dels
336 782 51 27 sjelf
409 782 80 27 åtnjöte
511 782 103 27 ledighet,
639 782 47 21 dels
708 781 110 22 förestode
839 781 67 22 förste

149 815 225 27 kamreraretjensten.

219 849 71 22 Sedan
311 851 142 26 reglementet
475 851 34 21 för
527 851 89 21 Banken
635 850 23 21 af
675 851 41 20 den
735 850 27 21 27
780 849 51 22 Juni
851 849 54 22 1878

150 886 109 19 emanerat
280 884 106 27 beviljade
408 885 199 27 Bankfullmäktige
628 885 41 21 den
688 885 20 26 3,
728 884 13 22 6
761 883 39 22 och
820 884 27 21 15
861 883 44 22 Juli

149 918 68 26 sagda
230 918 25 21 år
266 924 26 15 ur
302 919 36 21 det
349 919 34 21 för
394 919 122 22 beredande
528 919 23 21 af
560 918 203 26 semesterledighet
774 918 22 21 åt
807 918 98 21 Bankens

149 952 92 21 embets-
264 952 38 22 och
324 953 129 27 tjenstemän
477 954 13 21 å
511 954 101 21 Bankens
635 955 43 19 stat
700 952 107 28 uppförda
831 952 76 26 anslag

149 986 65 26 3,300
228 987 61 21 mark
304 986 34 22 för
353 987 24 21 år
393 988 56 21 1878
464 988 34 21 till
513 988 93 21 nämnda
622 986 107 22 ändamål.

217 1020 101 22 Derefter
339 1021 118 27 beviljades
480 1022 41 21 den
542 1021 30 22 27
596 1021 39 22 och
655 1022 26 20 31
701 1020 45 27 Maj
767 1020 56 22 1879
841 1020 64 26 9,137

147 1054 63 22 mark
231 1055 29 21 50
282 1055 63 27 penni
364 1055 35 21 för
417 1056 25 21 år
463 1056 61 26 1879,
544 1056 41 21 den
605 1056 12 21 7
632 1055 44 27 Maj
696 1054 56 22 1880
766 1054 63 26 9,427
845 1054 61 21 mark

146 1088 30 22 50
193 1089 64 26 penni
276 1088 33 22 för
324 1089 25 21 år
365 1090 56 21 1880
436 1090 40 21 och
492 1090 40 21 den
550 1091 11 20 1
577 1090 52 21 Juni
645 1090 54 20 1881
717 1088 64 26 8,950
797 1088 61 21 mark
872 1088 35 21 för

147 1122 25 22 år
194 1122 54 22 1881
269 1123 33 21 till
320 1129 82 16 samma
419 1124 107 26 ändamål,
548 1124 118 26 hvarjemte
685 1122 197 26 Bankfullmäktige
897 1122 9 20 i

146 1156 108 22 särskilda
270 1157 125 22 skrifvelser
409 1158 24 21 af
447 1158 40 22 den
503 1158 27 22 27
545 1158 45 27 Maj
608 1158 54 21 1879
678 1157 40 21 och
734 1157 27 21 12
776 1156 61 27 April
851 1156 54 21 1881

146 1190 49 22 med
210 1191 115 27 anledning
340 1191 24 21 af
377 1191 114 23 afvikande
507 1192 137 27 uppfattning
658 1191 41 21 hos
709 1190 196 22 Bankdirektionen

146 1224 71 22 såsom
232 1225 33 21 sin
285 1225 55 27 åsigt
355 1226 104 26 uttalade,
475 1228 32 19 att
521 1226 199 26 Bankfullmäktige
735 1224 66 22 funne
817 1224 41 22 den
873 1230 33 15 se-

144 1259 184 27 mesterledighet,
350 1260 101 26 gällande
475 1260 131 27 reglemente
626 1259 143 26 omförmälte,
787 1258 48 22 icke
853 1264 53 15 vara

144 1292 76 22 afsedd
239 1295 33 19 att
293 1294 94 26 åtnjutas
406 1294 29 27 på
453 1295 67 21 andra
542 1294 57 22 tider
618 1296 27 19 än
664 1294 79 21 mellan
764 1293 41 21 den
825 1294 11 20 1
855 1292 51 22 Juni

144 1327 40 21 och
198 1328 28 21 30
239 1327 126 28 September
376 1329 71 21 såsom
463 1329 80 21 iandra
559 1329 138 22 embetsverk
709 1327 60 28 öfligt
787 1333 58 20 vore,
859 1327 48 21 icke

142 1361 70 22 heller
230 1362 70 21 under
317 1362 74 27 längre
414 1363 32 21 tid
465 1365 27 19 än
511 1363 53 27 fyra,
586 1363 34 21 för
635 1362 154 22 Direktionens
803 1361 103 21 medlem-

142 1401 47 15 mar
210 1395 66 27 högst
298 1403 37 15 sex
354 1397 85 26 veckor,
459 1397 29 27 på
507 1397 37 21 det
563 1399 33 19 att
614 1397 123 26 ledigheten
753 1395 66 22 måtte
833 1395 72 20 kunna

143 1429 92 22 emellan
256 1430 48 21 dem
322 1431 97 21 fördelas
441 1431 32 26 så,
491 1433 33 20 att
543 1431 62 22 alltid
623 1433 79 19 tvänne
721 1429 108 22 ordinarie
846 1428 60 22 med-

140 1463 91 22 lemmar
250 1470 51 15 vore
316 1465 7 20 i
338 1465 150 28 tjenstgöring.
