1011 1673
290 421 182 23 Statsutskottets
490 421 141 24 betänkande
649 423 37 22 N:o
702 422 22 24 16
744 423 7 22 i
766 422 74 23 anled-

222 456 54 28 ning
291 456 25 22 af
323 456 201 29 Borgareståndets
535 457 166 30 framställning
716 464 32 16 om
764 458 74 28 tryck-

221 490 53 29 ning
290 491 25 22 af
328 491 103 22 Ståndets
446 491 251 30 diskussionsprotokoll
713 492 29 29 på
757 492 82 23 allmän

221 525 129 23 bekostnad.

154 594 74 22 Under
248 594 41 22 den
308 597 27 19 28
355 595 99 22 sistlidne
472 595 59 22 Mars
553 596 40 21 har
607 596 186 28 Borgareståndet
808 596 32 22 till

85 628 168 23 Statsutskottet
268 629 112 22 aflåtitsen
395 630 119 27 sålydande
529 630 122 23 skrifvelse:

231 710 12 9 »
248 692 38 27 Till
300 692 106 23 Finlands
423 693 103 22 Ständers
543 693 145 23 Statsutskott.

153 735 58 21 Inom
234 733 196 28 Borgareständets
456 733 107 22 Enskilda
582 735 180 22 Besvärsutskott
784 734 56 22 hade

85 769 83 27 förslag
183 775 33 15 om
231 768 116 27 tryckning
367 767 25 22 af
404 768 196 27 Borgareständets
615 769 106 27 protokoll
736 769 34 22 för
784 769 57 22 inne-

84 803 98 22 varande
196 803 106 27 landtdag
316 803 77 22 väckts
413 803 39 21 och
466 803 78 22 vunnit
557 803 123 28 understöd,
700 803 88 23 hvarför
803 803 38 22 Ut-

84 838 83 22 skottet
180 838 65 22 äfven
260 838 84 27 egnade
359 837 83 28 frågar
454 838 39 21 sitt
507 838 138 22 betänkande
660 838 40 22 N:o
712 840 20 26 2,
751 838 89 27 hvilket,

84 873 102 27 bordlagt
208 872 37 23 vid
264 874 86 20 senaste
372 872 164 28 sammanträde,
559 872 8 22 i
589 873 44 27 dag
655 873 72 23 blifvit
749 873 93 22 Ståndet

84 907 127 28 föredraget
229 908 39 21 och
290 906 75 23 dervid
381 907 82 27 jemväl
483 907 33 21 till
535 907 154 29 hufvudsaklig
708 908 34 22 del
756 908 85 28 gilladt.

153 942 141 28 Offentlighet
312 944 24 19 är
355 943 33 20 ett
408 941 24 22 af
452 942 37 21 det
504 942 172 27 representativa
690 942 152 22 statsskickets

84 976 114 22 lifsvilkor.
228 977 44 21 Det
286 976 40 22 har
341 976 55 22 dock
411 978 61 25 synts
488 976 98 28 Ståndet,
602 983 43 15 som
656 984 50 15 vore
718 977 41 21 den
770 976 73 22 offent-

86 1011 75 27 lighet,
182 1011 88 22 hvilken
284 1011 34 21 för
332 1011 138 21 närvarande
488 1011 38 21 hos
543 1017 32 16 oss
591 1018 52 21 eger
657 1018 47 15 rum
718 1011 8 21 i
741 1011 102 22 afseende

88 1046 13 22 å
116 1046 145 28 landtdagens
280 1045 170 28 förhandlingar,
471 1046 97 22 hvarken
586 1046 129 28 fullständig
734 1046 20 28 ej
775 1046 68 22 heller

86 1080 206 28 tillfredsställande,
308 1080 28 22 då
351 1080 193 28 tidningspressen,
560 1081 73 22 såvidt
643 1081 40 22 den
694 1081 69 21 finner
777 1081 65 27 lämp-

85 1115 42 27 ligt
142 1116 38 21 och
196 1116 116 26 utrymmet
329 1114 126 28 medgifver,
476 1121 73 15 ensam
567 1116 92 27 redogör
675 1116 35 21 för
728 1115 115 22 diskussio-

83 1156 68 15 nerna
169 1150 38 22 vid
225 1150 103 22 ståndens
347 1150 180 22 sammanträden.
558 1150 46 22 Och
623 1150 119 22 emellertid
761 1152 25 20 är
806 1150 37 22 det

85 1184 48 22 icke
149 1184 91 22 allenast
262 1184 41 22 den
318 1186 57 20 stora
391 1184 150 28 allmänheten,
564 1191 45 15 som
624 1185 44 21 kan
682 1185 110 27 uppställa
807 1185 35 21 be-

85 1219 113 28 rättigade
212 1219 96 27 anspråk
322 1220 35 26 på,
373 1220 35 20 att
422 1219 8 21 i
445 1220 124 21 autentiska
583 1220 130 27 handlingar
723 1220 27 22 de
759 1221 84 26 yttran-

85 1254 43 22 den
143 1254 61 21 skola
220 1254 127 27 återgifvas,
369 1254 76 22 hvilka
464 1254 109 22 måhända
592 1255 88 21 orsakat
699 1256 33 20 ett
746 1254 97 22 ständer-

85 1288 83 27 beslut;
184 1288 64 22 äfven
264 1288 37 22 det
316 1288 98 23 enskilda
428 1288 147 23 folkombudet
590 1290 44 21 kan
649 1289 73 22 fordra
740 1291 34 20 att
789 1290 54 21 hans

84 1323 98 21 uttalade
204 1323 83 27 åsigter
308 1323 67 27 skola,
399 1325 45 20 rätt
460 1324 115 28 återgifna,
598 1324 34 22 för
647 1324 127 22 valmännen
789 1324 54 22 bära

84 1357 73 23 vittne
172 1364 33 15 om
221 1358 37 21 det
273 1359 51 25 sätt,
339 1358 84 27 hvarpå
438 1358 44 22 han
497 1360 119 20 motsvarat
635 1359 62 21 deras
712 1358 130 23 förtroende.

85 1392 54 22 Man
154 1392 72 22 kunde
240 1392 84 22 kanske
338 1392 95 22 invända
448 1394 36 20 att
494 1393 266 28 diskussionsprotokollen
775 1394 68 21 finnas

85 1426 142 28 tillgängliga
242 1427 8 21 i
264 1428 128 21 ständernas
408 1428 69 22 arkiv.
507 1428 12 22 I
538 1428 79 22 sådant
639 1428 101 22 afseende
755 1430 37 20 äro
808 1428 35 22 väl

85 1461 64 22 dessa
162 1462 200 27 konceptprotokoll
382 1462 54 22 dock
455 1462 26 22 af
494 1462 63 28 ringa
571 1469 66 21 gagn.
666 1463 38 27 Ty,
720 1464 54 21 utan
790 1468 53 17 vare

155 1500 149 19 Statsutskottets
316 1501 116 19 betänkande
444 1502 38 18 N:o
494 1502 28 18 16.
