1011 1661
441 130 23 21 H
775 132 26 20 73

73 200 72 21 handa
155 200 119 26 inrättring
284 200 36 20 vid
332 200 96 26 Wiborg,
444 200 73 20 såsom
528 200 47 20 icke
585 206 59 15 mera
656 199 94 28 behöflig
757 200 33 21 får
798 201 31 19 in-

74 235 77 26 dragas
167 236 57 19 samt
243 234 143 21 länshäktena
403 235 7 20 i
427 234 32 21 S:t
472 234 80 21 Michel
563 235 40 20 och
614 234 85 28 Kuopio
710 234 66 22 blifva
786 234 42 21 fria

73 271 33 19 att
121 269 33 20 för
170 268 63 21 deras
249 269 108 26 egentliga
372 269 101 20 ändamål
489 269 117 26 begagnas.

145 305 33 18 att
192 303 155 26 länsfängelset
362 303 7 21 i
385 303 139 21 Nikolaistad
540 303 91 21 likasom
648 303 26 21 de
687 303 70 27 bägge
768 309 60 21 nyss-

75 338 91 21 nämnda
180 337 143 27 fängelserna,
339 340 52 19 utan
408 340 72 19 större
496 337 118 21 kostnader
629 338 62 21 torde
701 337 73 22 kunna
784 337 42 21 för-

75 374 67 19 sättas
162 373 6 20 i
187 372 149 21 användbardt
354 372 61 21 skick
436 374 58 19 samt
512 374 33 19 att
560 378 42 21 nya
617 372 157 27 länsfängelser
788 373 38 20 äro

75 407 66 21 under
165 406 133 27 uppförande
314 407 7 20 i
336 406 112 27 Uleäborg
465 407 39 20 och
519 406 97 27 Wiborg,
633 406 110 21 äfvensom

145 444 33 18 att
194 443 31 19 ett
240 443 48 25 nytt
304 441 69 27 dylikt
382 441 99 26 fängelse
492 441 69 21 mäste
571 441 104 26 uppföras
686 441 7 21 i
704 435 47 26 Äbo
759 441 67 26 jemte

75 477 36 20 det
133 476 125 21 länshäktet
280 476 8 20 i
311 475 138 27 Helsingfors
471 475 103 22 behöfver
593 475 118 28 tillbyggas
729 475 40 22 och
784 475 42 21 för-

75 511 84 20 ändras.

146 544 70 21 Häraf
229 545 59 20 visar
304 545 33 25 sig
353 545 84 20 säledes
454 546 33 19 att
503 545 25 20 de
544 544 134 26 svärigheter
693 545 49 21 med
752 545 72 20 hvilka

75 578 205 28 fängelsereformen
303 579 24 21 sä
349 579 63 27 länge
435 578 48 22 haft
504 580 34 20 att
556 578 78 27 kämpa
649 585 89 15 numera
752 578 72 21 kunna

75 620 62 15 anses
153 619 52 15 vara
220 614 7 20 i
243 613 37 21 det
294 615 109 19 närmaste
420 613 133 21 öfvervunna
568 615 57 19 samt
639 615 33 19 att
686 613 57 22 hvad
758 620 46 14 som
819 613 7 21 i

75 648 101 22 afseende
192 648 13 21 &
220 648 135 21 densammas
373 648 148 22 fortsättande
536 650 58 19 ännu
608 648 103 21 behöfver
726 648 98 27 tillgöras

74 682 47 22 icke
140 684 25 20 är
184 682 23 22 af
223 682 148 22 beskaffenhet
388 684 34 20 att
438 683 74 26 längre
528 683 54 21 böra
597 683 64 21 ställa
675 682 77 22 hinder
767 683 7 20 i
789 684 36 19 vä-

74 723 41 20 gen
137 717 33 20 för
193 717 40 20 den
256 717 74 21 vidare
349 718 154 25 utvecklingen
522 718 23 20 af
562 717 38 21 vär
618 717 207 26 brottmälslagstift-

75 751 56 26 ning.
161 751 137 26 Helsingfors
324 751 23 21 af
367 751 300 28 Prokuratorsexpeditionen
682 752 7 21 i
705 751 121 27 Kejserliga

77 785 91 22 Senaten
184 785 34 22 för
233 785 99 27 Finland,
347 786 41 21 den
407 786 25 21 15
448 786 119 21 December
584 787 61 20 1881.

277 884 140 27 THEODOR
435 884 187 27 SEDERHOLM.

570 1021 63 24 Henr.
648 1022 110 24 Borenius.
