989 1667
193 134 27 20 84
533 133 16 21 Vv

693 200 71 23 Litt.
782 200 35 22 A.

166 259 202 27 Förteckning
392 259 56 21 öfver
470 260 96 26 ständiga
588 259 80 26 anslag,
692 264 44 16 som
760 258 52 22 efter
839 257 80 28 upprät-

238 293 70 21 tandet
323 294 21 20 af
359 293 47 22 1881
423 293 35 22 års
474 294 134 26 statsförslag
625 293 64 21 blifvit
705 293 21 21 af
741 293 101 21 allmänna
856 291 63 22 medel

237 328 104 26 beviljade.

781 396 60 31 Mark.
892 406 17 17 p.

304 443 94 20 Första
413 442 195 21 Hufvudtiteln.

183 488 131 27 Förhöjning
337 488 22 20 af
380 488 198 26 Generalguvernö-

212 529 49 15 rens
288 523 6 21 i
319 523 72 21 landet
414 517 184 33 löneförmäner,
587 513 14 41 *
740 532 1 22 |

212 558 67 25 enligt
295 557 74 26 nådigt
384 557 144 21 förordnande
540 558 39 20 och

211 592 122 26 Kejserliga
343 592 104 20 Senatens
456 592 70 20 beslut
538 592 41 20 den

214 627 24 20 19
255 626 89 21 Januari
372 627 51 20 1881
450 627 48 20 med
524 633 54 14 sam-

191 654 6 6 *
211 661 111 25 manlagdt
431 678 4 3 0
503 678 75 4 0.0.0.
598 662 81 26 14,856:
696 661 34 20 80.

183 694 175 28 Lönetillökning
380 696 22 20 ät
418 695 76 21 Förste
510 695 68 26 Expe-
740 691 1 32 |

212 730 239 26 ditionssekreteraren,
476 730 102 26 Verklige
740 724 1 19 |

212 764 122 21 Statsrådet
342 764 19 21 J.
370 764 22 20 C.
400 764 23 21 E.
430 764 23 20 af
458 764 120 27 Frosterus,

212 799 67 26 enligt
295 798 74 27 nådigt
385 798 143 21 förordnande
540 799 37 20 och
740 800 1 19 i

212 833 121 26 Kejserliga
343 832 103 22 Senatens
456 833 70 21 beslut
538 833 40 21 den

212 868 27 20 22
256 867 103 21 Februari
376 868 52 20 1881
468 884 4 4 .
504 884 4 4 .
539 884 4 4 .
575 884 4 4 .
612 868 67 26 1,500:
697 879 26 2 —
740 875 1 17 i
782 878 74 25 16,356
887 877 27 20 80

305 954 93 26 Fjerde
414 953 194 21 Hufvudtiteln.

183 1004 68 22 Löne-
277 1005 38 20 och
341 1004 238 27 arvodesförhöjningar
740 1011 2 11 i

211 1039 33 21 för
255 1039 58 21 vissa
323 1039 105 26 tjensteår
439 1040 23 19 åt
472 1038 108 22 särskilda

212 1074 130 26 tjenstemän
358 1074 35 20 vid
412 1073 167 27 Statskontoret,
740 1070 2 22 |

212 1108 151 26 Landsstaten,
379 1108 62 20 Lots-
459 1108 39 20 och
514 1107 66 27 fyrin-
740 1121 2 11 |
883 1107 2 19 i

211 1142 131 26 rättningen,
380 1142 124 20 Medicinal-
524 1138 9 34 —
541 1142 39 20 och
884 1156 1 9 i

212 1176 162 21 Forststaterna
400 1178 56 19 samt
486 1176 94 21 Statisti-
740 1171 2 26 |

212 1210 39 21 ska
267 1210 74 27 byrån,
358 1211 47 20 med
421 1210 159 21 tillsammans.
610 1210 69 26 8,100:
697 1221 27 3 —

183 1244 232 22 Landträntmästaren
452 1245 6 20 i
492 1244 88 26 Wiborg

212 1281 54 18 samt
279 1279 300 26 Landträntmästareadjoin-
741 1284 1 19 |

212 1316 61 18 terne
290 1314 6 20 i
312 1308 46 26 Äbo
374 1314 39 20 och
430 1313 94 27 Wiborg,
538 1313 42 21 för-
741 1312 1 29 |

211 1348 100 21 bättrade
341 1348 160 20 löneförmäner
532 1348 49 20 med
741 1342 1 6 |

211 1382 92 26 tillhopa
313 1383 63 25 3,400
388 1382 67 26 mark,
468 1382 67 26 enligt
544 1382 36 20 nå-
742 1400 1 3 |

212 1416 47 27 digt
277 1416 145 21 förordnande
439 1416 39 20 och
494 1416 86 26 Kejser-
741 1415 2 20 |

462 1456 117 26 Transport
610 1456 68 26 8,100:
697 1466 27 2 —
740 1470 2 11 |
783 1454 75 26 16,356
888 1454 27 20 j80
