1025 1664
226 132 29 21 36

196 194 102 22 förökadt
315 195 77 27 belopp
411 195 15 22 5
441 196 39 21 och
497 196 27 21 10
539 195 72 22 marks
627 195 73 22 sedlar
715 195 40 21 och
768 194 138 26 förordnade,
923 195 33 20 att

196 228 167 28 tillverkningen
379 229 23 22 af
415 230 72 21 sedlar
502 230 93 27 lydande
610 229 13 22 å
638 229 62 21 mark
714 229 8 21 i
737 228 74 22 silfver
821 229 70 20 skulle
901 234 53 21 upp-

196 263 54 21 höra
268 262 25 21 så
310 265 61 20 snart
387 264 139 27 tryckningen
545 263 23 22 af
588 263 28 22 då
630 263 69 22 under
714 263 74 21 arbete
803 263 93 21 varande
911 262 43 21 fem

196 297 74 21 marks
286 297 72 21 sedlar
373 297 106 24 afslutats,
493 298 67 27 jemte
576 298 37 21 det
623 297 197 26 Bankfullmäktige
831 297 79 26 ansågo
921 296 34 27 sig

196 331 55 20 böra
266 331 97 22 anskaffa
381 332 144 27 sakkunniges
541 332 113 21 utlåtande
668 331 112 27 angående
796 331 65 21 redan
878 330 77 22 förfär-

196 364 80 27 digade
292 365 82 26 plåtars
389 365 125 28 förändring
530 366 89 26 derhän,
636 367 31 20 att
678 365 79 26 sedlar,
769 365 92 27 lydande
871 365 13 21 å
894 364 61 22 mark

196 399 8 20 i
220 399 59 26 guld,
295 399 71 22 kunde
381 400 48 21 med
445 401 48 20 dem
508 400 94 28 tryckas.

267 433 34 21 Då
316 434 62 26 lagen
393 434 24 21 af
431 435 40 20 den
486 435 13 21 9
515 435 93 26 Augusti
624 434 54 22 1877
694 434 123 21 sedermera
827 433 127 22 emanerade

196 467 100 27 vidtogos
312 467 28 27 på
354 468 69 26 grund
439 468 23 21 af
475 468 208 27 Bankfullmäktiges
699 467 144 22 förordnande
854 467 101 27 åtgärder

196 501 35 22 till
248 501 109 27 plåtarnes
372 501 125 28 förändring
511 503 8 20 i
534 503 37 21 det
586 502 62 27 syfte,
665 503 32 20 att
707 502 111 21 sedlarnes
829 503 46 20 text
885 501 70 22 blefve

197 535 234 22 öfverensstämmande
447 537 48 21 med
510 537 41 21 den
567 543 41 21 nya
623 537 75 27 lagens
713 536 102 21 innehåll.
837 536 51 21 Med
903 536 52 21 fem-

197 570 30 21 tio
251 570 73 21 marks
347 571 74 20 sedeln
439 577 38 15 var
496 571 110 21 dessutom
622 577 26 15 en
664 573 70 19 större
749 571 90 26 ändring
854 571 65 25 nödig
933 569 24 22 af

197 604 42 20 den
262 603 123 27 anledning,
407 606 32 19 att
462 605 69 21 denna
553 605 71 21 sedels
648 604 102 26 frånsida,
770 604 67 27 enligt
855 604 101 21 faststäld

196 637 142 27 beskrifning,
363 638 69 22 skulle
454 638 112 22 föreställa
588 646 27 14 en
636 639 141 27 kringströdd
797 638 41 27 hop
853 638 24 21 af
890 638 66 21 finskt

196 672 143 27 silfvermynt,
360 672 81 22 hvilket
459 680 88 14 numera
566 680 39 14 var
620 673 118 27 olämpligt,
754 673 117 27 hvarjemte
887 672 68 21 tekni-

197 706 41 21 ska
252 706 48 21 skäl
315 706 115 27 betingade
446 708 94 21 ändrade
556 708 145 26 anordningar
716 707 48 21 med
780 706 100 22 afseende
896 706 13 21 ä
922 712 33 15 se-

196 740 64 22 delns
284 740 109 22 framsida.
417 753 27 3 —
467 742 118 20 Enahanda
607 742 47 20 skäl
673 741 136 21 förklarades
822 740 78 27 jemväl
917 740 37 27 på-

197 774 61 21 kalla
272 774 68 27 några
355 777 81 19 smärre
451 776 117 26 ändringar
582 776 7 20 i
605 776 73 26 plåten
693 776 34 20 till
742 776 30 20 tio
788 775 71 21 marks
875 774 80 22 sedeln.

197 808 64 22 Hvad
277 808 47 22 åter
339 809 100 21 sedlarne
455 810 12 20 å
482 810 28 21 20
524 810 39 21 och
582 810 40 21 100
638 809 62 22 mark
714 809 109 26 beträffar,
835 809 32 21 till
883 808 73 22 hvilka

198 842 73 21 sedlar
286 842 89 22 Banken
389 843 106 22 innehade
510 844 66 21 redan
592 844 59 21 förut
665 843 147 27 förfärdigade
827 843 128 27 blanketter,

196 876 26 21 så
237 876 65 22 hafva
318 877 65 21 dessa
397 878 121 21 blanketter
533 878 42 26 väl,
591 878 28 21 då
633 878 89 21 Banken
737 878 8 20 i
760 878 43 20 alla
816 878 38 20 fall
865 879 24 19 är
898 877 58 27 skyl-

196 910 38 27 dig
250 912 33 20 att
297 911 70 21 inlösa
381 911 63 21 äfven
460 912 47 21 sina
521 912 13 21 &
549 912 75 21 silfver
639 912 92 28 lydande
747 912 72 21 sedlar
834 911 48 29 med
897 911 58 27 guld,

196 944 103 22 hitintills
314 944 134 23 fortfarande
463 946 71 21 blifvit
544 946 136 27 begagnade;
693 952 48 15 men
752 946 28 21 dä
790 945 165 21 hufvudtextens

196 978 112 22 ändrande
323 979 65 21 likväl
404 980 28 26 pä
447 980 89 21 anförda
551 980 47 21 skäl
614 980 68 21 måste
694 980 105 26 vidtagas,
811 979 64 21 hafva
885 979 70 21 Bank-

196 1012 144 28 fullmäktige,
365 1019 45 16 som
434 1016 70 19 ansett
522 1014 99 21 sedlarne
640 1014 28 27 på
687 1020 82 15 samma
783 1014 57 26 gång
855 1014 52 20 böra
922 1019 33 15 er-

196 1046 60 21 hålla
272 1048 32 20 ett
318 1047 80 27 jemväl
414 1048 7 20 i
436 1048 66 26 öfrigt
516 1048 127 21 förändradt
658 1048 111 26 utseende,
784 1048 91 26 vidtagit
885 1047 70 27 åtgär-

196 1080 39 22 der
254 1080 34 21 till
307 1081 126 22 erhållande
451 1082 24 21 af
492 1088 40 21 nya
551 1082 105 26 ritningar
671 1082 63 21 äfven
750 1082 32 21 till
799 1082 64 20 dessa
877 1082 77 20 sedlar.

196 1114 108 27 Slutligen
319 1115 65 21 hafva
399 1116 196 27 Bankfuilmäktige
614 1117 93 26 nödgats
721 1116 86 21 besluta
821 1116 34 21 till
870 1116 85 21 anskaf-

196 1148 65 22 fande
276 1148 24 22 af
313 1155 42 21 nya
373 1150 105 26 ritningar
497 1150 32 21 till
544 1150 31 21 tio
590 1150 72 21 marks
678 1150 79 26 sedlar,
777 1150 89 21 emedan
881 1150 74 21 förfal-

195 1182 68 22 skade
286 1183 88 27 sådana,
393 1184 28 26 på
443 1186 44 19 sätt
509 1184 65 21 redan
598 1184 141 26 omförmälts,
758 1184 114 26 upptäckts
889 1184 8 20 i
915 1184 40 21 all-

194 1218 80 20 männa
290 1218 103 20 rörelsen.

267 1250 40 22 Om
322 1251 65 27 nådig
402 1252 140 22 fastställelse
558 1252 14 21 å
587 1252 27 21 de
629 1252 7 21 i
651 1252 116 27 anledning
783 1252 23 21 af
815 1252 140 21 omförmälda

195 1285 185 26 omständigheter
402 1286 120 27 uppgjorda
544 1286 83 27 förslag
650 1286 33 21 till
703 1286 100 27 samtliga
822 1286 83 21 sedlars
925 1286 30 27 ly-

196 1318 67 26 delse,
286 1319 104 21 utseende
413 1320 40 21 och
472 1319 55 22 form
546 1320 65 21 hafva
629 1320 200 27 Bankfullmäktige
844 1319 111 22 anhållit
943 1314 15 37 i

194 1352 150 27 underdåniga
359 1353 126 22 skrifvelser
499 1353 23 22 af
536 1354 41 21 den
594 1355 10 20 1
621 1354 121 21 December
753 1353 63 26 1877,
827 1354 14 20 4
851 1353 104 22 Februari

196 1386 56 21 1879
276 1387 39 21 och
338 1387 26 21 31
385 1387 119 22 December
524 1388 66 26 1881;
610 1388 38 21 och
664 1394 78 21 genom
757 1388 61 21 Hans
833 1387 122 28 Kejserliga

194 1419 114 28 Majestäts
324 1421 79 27 nådiga
417 1421 141 28 kungörelser
574 1422 24 21 af
612 1423 40 21 den
662 1423 30 21 20
702 1422 120 21 December
833 1421 55 22 1877
899 1424 56 19 samt

193 1453 43 22 den
252 1455 28 21 12
298 1454 59 22 Mars
378 1455 55 22 1879
451 1457 63 20 vardt
528 1457 28 26 på
576 1457 69 26 grund
664 1456 65 21 häraf
742 1455 175 22 beskaffenheten
933 1456 23 21 af
