1014 1661
358 136 19 19 U.
394 136 19 19 B.
429 147 28 3 —
473 136 106 20 I11—XX11.
792 138 26 19 11

91 201 42 22 sito
155 200 244 28 ängbätsaktiebolaget
421 201 14 21 &
458 202 92 25 180,000
569 201 67 27 mark,
656 201 81 21 hvaraf
752 201 97 22 återstår

94 237 89 26 135,311
205 236 62 21 mark
285 237 27 19 53
331 242 20 20 p.
381 236 35 21 Dä
433 236 95 21 nämnda
545 236 66 26 bolag
628 241 89 16 numera
732 236 59 28 gjort
805 241 43 17 ces-

92 270 46 21 sion
161 270 38 21 och
222 269 48 22 dess
289 269 75 22 aktiva
382 269 73 22 blifvit
470 270 103 26 försälda,
587 270 62 21 torde
665 269 71 22 denna
750 270 98 21 äterstod

92 304 53 21 böra
166 303 59 22 föras
242 305 58 20 utom
318 304 86 21 kolumn
421 305 71 21 säsom
512 311 27 14 en
554 304 86 27 ganska
654 304 78 21 osäker
746 304 101 28 tillgäng.

93 339 55 26 Inga
162 338 147 27 handlingar
299 334 12 36 i
321 338 162 22 Statskontoret
494 339 49 21 visa
554 339 127 26 emellertid,
694 340 34 20 att
740 339 61 22 detta
811 339 37 21 län

93 373 68 21 skulle
176 372 73 22 blifvit
263 373 106 26 beviljadt
378 373 29 26 pä
417 373 71 27 grund
498 373 25 21 af
531 373 174 22 Statskontorets
715 373 132 27 tillstyrkan.

93 407 74 21 Såsom
183 407 68 22 delvis
265 407 78 21 osäker
357 407 94 27 tillgång
465 408 70 21 måste
550 407 41 22 ock
605 407 113 22 betraktas
737 407 42 22 den
793 407 8 22 i
816 409 32 19 ut-

93 441 85 27 gående
192 441 103 22 balansen
309 443 112 26 upptagna
436 441 173 28 köpeskillingen
624 448 27 15 m.
661 448 28 15 m.
701 441 34 22 för
745 435 103 28 Åminne-

93 475 44 22 fors
159 475 61 28 bruk,
240 476 129 27 uppgående
383 475 35 22 till
434 477 90 25 133,681
540 476 62 21 mark
617 478 28 19 60
661 483 26 20 p.,
704 475 80 22 hvaraf
797 475 52 28 föga

95 509 59 22 öfver
170 511 91 26 100,000
276 510 62 21 mark
352 510 62 21 torde
424 509 37 22 vid
472 510 90 22 brukets
572 510 129 27 försäljning
713 510 73 21 kunna
793 510 56 21 åter-

94 545 128 21 bekommas.
252 545 35 20 Då
309 545 42 20 den
370 544 83 27 förlust,
470 551 44 15 som
529 545 29 26 på
574 545 62 21 detta
650 545 37 20 lån
702 545 45 21 kan
762 544 86 27 uppstå,

95 580 24 20 är
134 578 41 22 den
189 578 56 22 enda
259 578 78 22 hittills
351 578 73 22 kända
439 578 25 22 af
477 580 69 20 större
561 578 111 27 betydelse
685 578 38 22 vid
738 584 28 16 en
779 578 25 22 så
814 578 35 21 be-

95 612 94 28 tydande
211 612 106 28 utlåning,
333 614 24 20 så
373 613 69 21 måste
456 612 162 28 förvaltningen
633 619 62 15 anses
710 612 68 22 hafva
791 612 58 22 varit

95 647 137 28 synnerligen
253 647 140 27 omsorgsfull.
422 647 101 22 Fondens
545 648 148 26 räkenskaper
715 649 38 19 äro
773 646 76 28 rediga

95 682 39 21 och
147 682 72 22 lemna
232 682 48 21 icke
295 688 46 15 rum
355 682 34 21 för
404 682 73 27 någon
491 682 151 27 anmärkning.

162 716 278 21 Amortissementsfondens
453 718 60 19 stora
520 716 119 27 tillgångar
647 718 54 25 göra
709 716 70 21 denna
786 714 63 23 fonds

95 750 140 27 användning
249 749 91 28 förtjent
355 750 24 21 af
392 750 111 27 synnerlig
512 750 196 27 uppmärksamhet.
738 749 47 22 Den
796 749 54 22 utlä-

95 784 52 27 ning
162 783 24 22 af
199 784 90 22 fondens
304 784 74 27 medel,
395 790 44 15 som
454 784 136 21 fortfarande
605 790 52 21 eger
672 790 52 20 rum,
735 789 64 21 synes
812 783 38 22 Ut-

96 819 81 21 skottet
199 818 52 27 föga
272 819 108 27 tidsenlig.
411 819 74 21 Under
503 819 60 21 äldre
581 818 63 27 tider,
661 818 28 21 dä
704 817 75 21 landet
793 817 57 21 hade

95 852 54 22 brist
164 853 29 27 pä
207 852 224 28 kreditinrättningar,
447 853 73 21 kunde
536 853 37 21 det
587 859 54 15 vara
655 853 30 26 pä
697 852 34 21 sin
741 852 64 26 plats,
816 852 34 21 att

95 888 72 20 staten
188 887 49 21 med
258 886 49 22 sina
325 886 120 28 disponibla
462 886 121 28 tillgångar
601 887 50 21 kom
668 886 131 27 näringarne
816 885 34 22 till

95 921 64 27 hjelp.
189 921 50 21 Men
254 927 88 15 numera
357 923 24 19 är
395 921 80 21 sådant
489 921 48 21 icke
547 921 58 21 blott
615 920 95 28 onödigt,
722 922 53 19 utan
785 919 65 22 äfven

95 955 102 28 skadligt,
213 957 52 20 enär
280 957 72 19 staten
367 956 69 20 såsom
451 955 124 27 långifvare
588 956 48 20 står
648 957 59 19 utom
717 954 133 22 konkurrens

95 990 48 21 med
158 990 98 21 enskilda
270 989 212 28 bankinrättningar,
497 991 56 20 samt
567 989 8 21 i
590 989 54 27 följd
655 988 65 22 häraf
729 989 26 21 de
764 988 87 27 utgifna

95 1024 64 22 lånen
178 1024 45 21 ofta
241 1030 43 21 nog
303 1023 22 22 få
341 1024 132 22 karakteren
489 1024 24 21 af
525 1024 186 27 uppmuntringar,
726 1022 125 22 nådebevis-

96 1058 78 28 ningar
187 1064 28 15 m.
230 1064 27 15 m.
273 1058 20 21 d.

163 1092 114 22 Utskottet
299 1092 40 21 har
360 1092 49 21 haft
428 1092 95 27 tillgång
541 1092 34 21 till
593 1092 37 21 det
647 1092 49 21 med
710 1090 141 22 bankirhuset

95 1127 30 20 M.
140 1126 26 21 A.
182 1132 42 16 von
241 1126 127 22 Rothschild
388 1126 17 21 &
421 1126 71 24 Söhne
507 1133 33 15 om
557 1128 54 20 1862
627 1127 36 21 års
678 1126 93 21 statslån
787 1124 64 22 afslu-

96 1161 50 21 tade
168 1160 96 28 fördrag,
287 1167 48 15 men
357 1160 25 21 af
400 1161 119 21 detsamma
533 1161 48 21 icke
596 1160 72 22 funnit
683 1161 34 20 att
732 1159 119 22 amortisse-

95 1195 148 22 mentsfonden
258 1201 51 15 vore
324 1195 58 21 stäld
397 1195 70 22 såsom
482 1195 68 28 något
560 1195 59 28 slags
629 1195 102 21 säkerhet
741 1193 34 22 för
782 1193 70 27 sagda

96 1229 37 22 lån
155 1229 53 22 eller
229 1235 38 16 ens
286 1229 8 21 i
311 1229 113 27 fördraget
442 1229 120 22 omnämnd.
592 1229 137 27 Stadgandet
747 1228 7 21 i
769 1227 84 28 nådiga

95 1263 144 28 kungörelsen
255 1263 41 22 den
311 1265 26 19 23
353 1263 119 22 December
488 1265 62 25 1862,
565 1264 34 20 att
611 1263 154 21 annuiteterna
774 1262 15 21 å
799 1261 54 22 före-

96 1298 93 21 nämnda
203 1297 37 22 lån
255 1298 56 27 utgå
320 1297 58 22 ifrån
389 1297 262 22 amortissementsfonden
664 1297 39 21 och
715 1296 8 21 i
731 1296 123 21 densamma

96 1331 108 27 bokföras,
220 1334 25 19 är
260 1331 85 21 således
360 1331 77 21 endast
452 1331 97 27 ensidigt
563 1332 39 20 och
616 1332 50 26 kan,
682 1333 41 19 när
737 1329 117 23 förhållan-

97 1366 56 21 dena
166 1366 80 21 sådant
260 1366 95 26 påkalla,
371 1365 24 21 af
407 1366 132 27 regeringen
553 1365 120 22 förändras.

164 1399 51 22 Med
230 1399 101 22 afseende
346 1400 55 21 härå
417 1405 64 22 synes
497 1400 37 22 det
548 1399 115 22 Utskottet
676 1399 56 21 mest
743 1399 112 20 motsvara

97 1433 26 22 de
145 1434 126 21 nuvarande
290 1433 177 22 förhållandenas
482 1433 57 28 kraf,
555 1435 34 20 att
603 1433 129 27 utlåningen
746 1438 26 15 ur
787 1437 68 16 amor-

165 1473 152 18 Statsutskottets
330 1473 117 18 betänkande
459 1473 37 18 N:o
508 1473 16 18 9.
