1028 1670
387 132 23 20 U.
422 132 24 20 B.
459 144 21 2 —
493 132 66 19 XXIII.
816 132 10 18 7

99 192 84 28 trycket
197 191 220 28 ,Pankkiedusmies*,
433 197 45 15 som
494 191 7 21 i
517 197 28 15 nu
560 192 99 26 gällande
674 192 130 26 reglemente
814 197 36 15 an-

99 227 79 21 vändes
193 226 33 21 för
240 227 32 20 att
286 225 104 22 beteckna
405 226 36 21 det
456 226 93 21 svenska
564 226 210 27 ,Bankfullmäktig*,
785 226 65 21 måtte

100 261 85 27 utbytas
209 262 45 20 mot
276 260 36 21 det
334 260 169 27 spräkriktigare
525 259 223 27 Pankkivaltuusmies,
770 260 81 21 hvilket

100 295 110 21 Utskottet
234 294 64 22 redan
323 294 66 22 infört
411 294 67 22 bland
501 296 66 20 annat
588 295 30 21 uti
640 294 155 22 instruktionen
817 294 34 21 för

100 328 148 28 Fullmäktige,
270 334 48 16 men
336 330 32 20 att
386 328 54 22 efter
457 328 60 22 detta
531 329 59 21 ord
582 324 12 36 i
609 328 23 22 af
649 329 146 27 reglementet,
813 328 38 22 der

101 364 36 20 det
151 363 68 21 första
233 363 82 27 gängen
331 362 149 28 förekommer,
497 363 66 21 mätte
578 363 33 21 till
625 364 135 21 undvikande
776 362 23 22 af
807 364 43 20 tve-

101 398 96 26 tydighet
210 398 57 21 inom
282 399 100 25 parentes
396 397 103 27 tilläggas
514 397 118 22 Edusmies.

170 431 89 22 Oafsedt
276 431 100 22 ständens
398 431 62 22 ofvan
480 431 90 22 anförda
584 432 71 21 beslut
670 432 39 21 har
724 430 127 23 Ridderska-

99 467 36 25 pet
157 466 36 21 och
215 465 69 22 Adeln
306 466 22 21 åt
346 465 196 28 Bankfullmäktige
561 466 141 21 öfverlemnat
716 468 32 19 att
762 466 90 21 tillsätta

103 507 25 15 en
140 501 86 26 komite,
237 500 115 22 bestående
364 500 23 21 af
397 500 139 21 medlemmar
547 500 24 21 af
580 501 144 26 Fullmäktige
735 500 37 21 och
783 500 69 21 Bank-

103 534 133 22 direktionen
255 536 55 20 samt
328 534 109 27 praktiske
457 534 121 27 affärsmän,
596 534 86 22 hvilken
701 534 79 22 komité
799 534 53 26 egde

103 570 95 26 uppgöra
220 569 38 21 och
281 569 33 21 för
336 570 48 20 näst
406 569 200 21 sammanträdande
625 569 91 21 Ständer
734 568 118 26 framlägga

103 603 80 27 förslag
201 604 33 20 till
253 605 45 25 nytt
317 604 129 26 reglemente
465 603 34 21 för
513 603 90 27 banken,
620 604 108 26 afseende,
744 605 57 19 utom
817 609 35 15 an-

104 640 42 23 nat,
166 638 186 21 åstadkommande
372 637 23 21 af
411 639 32 20 ett
459 640 98 20 närmare
575 638 103 21 samband
697 638 89 22 emellan
803 637 49 21 ban-

104 673 52 21 kens
179 672 89 28 styrelse
288 672 38 22 och
346 672 48 22 dess
412 672 137 27 förvaltning,
568 672 92 22 hvarhos
676 671 178 29 Borgareståndet

103 706 78 22 uttalat
199 707 32 26 sig
250 706 32 21 för
302 708 42 26 ,att
362 706 195 28 Bankfullmäktige
575 707 7 21 i
598 707 84 21 samråd
698 708 48 20 med
762 706 90 22 sakkun-

103 741 50 27 niga
168 747 100 21 personer
284 741 48 21 ville
348 741 98 21 utarbeta
462 741 53 21 eller
530 742 43 20 låta
589 742 23 20 af
626 742 47 20 dem
688 741 109 21 utarbetas
807 741 47 26 nytt

104 776 129 26 reglemente
248 775 34 21 för
296 775 100 22 Finlands
411 776 57 21 bank
484 778 55 19 samt
553 776 129 21 instruktion
697 776 33 21 för
744 774 109 22 Bankfull-

104 810 110 26 mäktige",
230 811 31 20 att
275 809 120 27 föreläggas
406 810 248 22 nästsammanträdande
666 810 96 22 Ständer.
785 810 69 20 Dessa

104 843 32 21 till
159 843 144 28 hufvudsyftet
324 843 110 22 enahanda
457 844 70 21 beslut
545 844 39 21 har
602 844 110 22 Utskottet
730 844 123 26 härigenom

104 878 57 21 velat
179 878 74 27 bringa
271 878 33 21 till
322 878 26 21 de
367 878 69 27 öfriga
455 878 100 22 ståndens
574 879 126 25 kännedom,
715 878 39 21 och
769 878 33 21 får
816 877 38 21 Ut-

106 912 79 21 skottet
209 913 6 20 i
238 912 151 27 sammanhang
411 913 90 21 härmed
520 913 109 22 vördsamt
647 919 106 22 uppmana
772 911 82 22 Preste-

105 947 39 20 och
160 946 168 27 Bondestånden,

342 982 29 19 att
385 981 80 26 jemväl
479 981 66 21 uttala
559 981 32 27 sig
607 988 32 14 om
654 981 164 21 önskvärdheten
832 980 24 26 af

310 1022 24 14 en
356 1015 143 27 omarbetning
521 1016 23 26 af
567 1015 183 27 bankreglementet
767 1015 36 21 och
821 1014 34 21 in-

308 1049 130 22 struktionen
457 1050 35 26 för
507 1049 201 28 Bankfullmäktige,
724 1051 53 20 samt
792 1049 64 27 angå-

310 1084 50 21 ende
375 1084 40 21 den
429 1084 84 27 åtgärd,
528 1091 44 14 som
587 1084 9 21 i
610 1084 112 27 anledning
736 1084 64 26 häraf
815 1083 41 21 till-

310 1119 107 27 äfventyrs
432 1118 62 22 borde
509 1119 24 26 af
547 1118 119 22 Ständerna
680 1119 99 26 vidtagas.

176 1194 139 27 Helsingfors,
332 1195 40 21 den
388 1195 27 21 30
430 1194 43 26 Maj
490 1194 61 21 1882.

180 1469 68 22 Bihang
260 1469 27 16 till
299 1469 137 16 Bankutskottets
447 1468 103 18 betänkande
562 1469 35 16 N:o
609 1470 15 15 4.
