1028 1664
220 99 11 19 2

194 165 54 20 1878
271 163 34 22 till
327 163 131 22 ordförande
473 164 64 27 utsåg
552 163 168 22 bandirektören
735 163 23 21 E.
775 163 155 28 Wasastjerna,

193 198 54 21 efter
262 204 90 15 numera
366 197 116 28 fullgjordt
496 197 99 28 uppdrag
610 197 34 21 till
654 197 103 22 Finlands
767 197 93 22 Ständer
870 196 63 23 vörd-

192 233 57 20 samt
263 231 81 28 afgifva
358 231 117 22 berättelse
489 239 36 14 om
540 232 33 21 sin
588 231 140 22 verksamhet.

261 265 48 22 Den
323 265 70 22 första
407 265 68 28 fråga,
491 272 47 15 som
553 266 50 21 kom
618 265 69 22 under
702 265 162 28 öfverläggning
875 266 57 21 inom

193 299 162 29 Delegationen,
371 307 38 14 var
424 299 42 22 den
481 307 35 14 om
531 299 104 22 utseende
650 300 24 21 af
686 299 89 28 lämplig
789 301 55 20 tomt
854 299 34 22 för
899 299 36 21 det

194 333 109 22 blifvande
319 333 162 22 Ständerhuset.
501 334 34 21 Då
546 333 121 22 Ständerna
678 333 96 22 önskade
785 333 81 22 erhålla
875 333 60 22 detta

194 367 113 28 placeradt
321 368 8 20 i
344 368 105 21 närheten
464 368 24 21 af
500 368 152 25 Riddarhuset,
668 375 38 14 var
722 367 57 22 valet
789 368 24 21 af
821 367 112 28 tomtplats

195 401 124 28 derigenom
339 401 9 22 i
370 401 96 29 betydlig
487 402 50 21 mån
555 401 137 28 begränsadt,
717 401 40 22 och
772 401 101 29 lyckades
888 402 47 21 icke

194 435 158 28 Delegationen
365 435 86 22 utfinna
472 437 69 26 några
559 436 69 21 andra
642 436 35 21 för
692 435 123 22 ändamålet
831 435 103 28 lämpliga

196 469 82 28 platser
293 471 27 20 än

268 503 43 28 1:0)
327 503 42 22 den
385 503 68 22 redan
468 503 35 22 vid
519 505 85 20 senaste
619 503 105 28 landtdag
739 503 122 28 föreslagna
878 503 56 28 plat-

196 543 44 20 sen,
259 539 111 25 qvarteret
389 537 108 26 Servalen,
518 537 130 28 begränsadt
666 537 23 22 af
702 537 84 27 Marie-,
801 537 133 28 Regerings-,

196 571 104 22 Riddare-
315 571 41 22 och
371 571 175 29 Kyrkogatorna;

268 606 43 27 2:0)
327 607 82 20 tomten
424 613 35 14 n:o
475 606 28 21 2i
513 607 109 26 qvarteret
629 606 101 25 Pantern,
743 606 38 21 der
788 606 88 21 stadens
885 605 51 22 tull-

198 639 39 22 och
253 639 223 28 packhusbyggnader
491 641 38 20 äro
545 639 120 28 uppförda;
681 641 56 20 samt

268 673 45 26 3:0)
328 675 82 20 tomten
425 681 36 14 n:o
479 675 28 26 1a
521 674 8 21 i
548 675 108 26 qvarteret
670 673 70 22 Geten
754 673 8 22 i
777 674 77 21 hörnet
864 673 24 22 af
896 673 38 21 Ni-

197 707 68 22 kolai-
281 707 40 22 och
336 707 167 28 Fredsgatorna.

269 741 117 22 Dessutom
408 749 38 14 var
467 741 8 22 i
496 741 62 28 fråga
573 743 43 20 satt
631 742 71 27 någon
717 741 112 28 tomtplats
845 743 13 20 å
874 741 62 22 Skat-

199 775 78 26 udden,
293 782 50 15 men
365 775 48 22 med
436 775 101 22 afseende
557 775 52 22 derå
627 777 33 20 att
675 775 70 22 denna
763 775 107 22 stadsdels
886 775 50 22 defi-

198 809 67 22 nitiva
279 809 108 28 reglering
402 810 59 20 ännu
475 810 25 20 är
516 808 106 29 oafgjord,
638 809 41 22 och
694 809 34 26 då,
743 809 7 22 i
766 809 56 22 hvad
837 809 38 22 fall
890 816 46 15 som

198 843 63 26 helst,
285 843 26 21 de
333 843 82 28 platser
437 850 47 15 som
500 843 35 22 för
556 843 168 22 Ständerhusets
747 843 134 28 uppförande
899 843 38 22 der

199 877 102 28 möjligen
316 877 73 22 kunde
404 878 34 21 stä
453 877 34 22 till
501 877 63 26 buds,
587 869 72 41 komme
674 873 37 26 att
726 877 58 28 ligga
798 878 29 27 pä
842 879 31 20 ett
880 877 56 28 jäm-

199 911 112 22 förelsevis
333 911 83 28 ganska
437 911 61 28 långt
517 911 86 22 afstånd
626 911 48 21 från
692 910 151 27 Riddarhuset,
859 911 79 27 ansågs

199 945 81 22 tanken
302 945 29 28 på
353 945 167 22 Ständerhusets
540 945 140 28 förläggande
695 945 33 21 till
744 944 125 22 Skatudden
884 945 54 21 böra

200 979 121 28 uppgifvas.

189 1023 6 5 .
272 1012 72 22 Sedan
359 1012 156 28 Delegationen
530 1019 78 21 genom
623 1012 162 22 vederbörande
795 1012 143 28 stadsingeni-

201 1047 35 21 örs
251 1047 87 27 försorg
352 1046 49 21 låtit
415 1046 99 22 anskaffa
523 1046 62 28 plan-
596 1047 40 21 och
645 1045 181 29 profil-ritningar
835 1046 34 21 till
877 1053 61 22 nyss-

200 1080 81 22 nämda
301 1081 34 20 tre
355 1081 80 21 tomter
450 1081 40 20 och
505 1080 55 22 efter
575 1080 108 21 verkstäld
696 1080 138 27 jämförande
849 1081 89 27 gransk-

200 1115 53 27 ning
275 1114 24 21 af
314 1114 27 21 de
355 1121 57 20 resp.
427 1114 122 27 platsernas
562 1113 209 29 jordförhällanden,
786 1114 103 21 förenade
904 1114 34 28 sig

201 1148 156 28 Delegationen
372 1148 105 27 enhälligt
491 1155 35 15 om
541 1149 32 20 att
589 1148 64 21 ställa
663 1148 7 21 i
681 1148 92 21 främsta
783 1150 93 19 rummet
883 1150 55 19 tom-

201 1183 38 20 ten
253 1189 36 14 n:o
306 1182 29 27 12
350 1181 7 21 i
373 1183 109 26 gvarteret
497 1181 74 26 Geten,
587 1181 48 22 med
650 1181 103 22 afseende
769 1181 52 22 derä
835 1183 33 20 att
888 1182 50 21 den-

202 1223 89 18 samma,
307 1222 36 15 om
359 1215 66 22 ocksä
439 1215 47 22 icke
501 1215 100 28 liggande
615 1216 7 21 i
633 1215 158 22 Riddarhusets
802 1216 138 21 omedelbara

202 1250 115 27 granskap,
334 1249 56 22 dock
411 1249 48 22 icke
473 1249 72 22 kunde
567 1256 63 15 anses
652 1256 52 15 vara
721 1250 24 21 sä
765 1249 61 28 längt
845 1249 94 22 derifrän

202 1283 101 28 aflägsen,
320 1284 33 20 att
367 1283 147 22 törbindelsen
529 1283 79 21 mellan
624 1283 25 21 de
664 1283 71 28 öfriga
744 1283 90 22 ständen
846 1284 40 21 och
897 1284 42 21 rid-

202 1317 117 28 derskapet
329 1317 41 22 och
381 1317 64 21 adeln
455 1317 7 21 i
472 1318 71 27 nägon
554 1317 158 28 väsendtligare
724 1318 48 20 män
785 1317 62 22 deraf
855 1317 85 22 komme

194 1352 41 21 -att
256 1351 53 26 lida;
332 1351 93 22 hvarhos
448 1351 70 21 denna
533 1352 56 21 tomt
602 1352 34 21 tör
651 1351 72 28 öfrigt,
739 1351 85 22 oafsedt
839 1351 42 22 den
896 1352 44 21 för-

202 1385 95 28 mänliga
319 1385 105 28 grunden,
441 1385 75 28 erbjöd
532 1385 41 21 den
589 1386 60 20 stora
663 1385 98 21 fördelen
777 1386 32 20 att
824 1392 50 15 vara
890 1386 49 22 ohe-
