1028 1670
309 113 181 24 Ständerhuset.
507 125 26 6 —
549 113 41 23 N:o
605 113 18 23 1.
813 114 12 21 7

99 176 119 29 sendtligen
233 176 105 23 beroende
352 177 24 22 af
384 177 41 22 den
439 176 38 27 tid,
493 184 46 15 som
554 176 86 23 komme
654 178 32 21 att
696 175 65 30 åtgå
752 170 11 40 i
773 175 39 22 och
822 174 33 23 för

99 210 152 23 förberedande
273 211 193 29 underhandlingar
487 211 50 22 med
556 211 75 22 staden
649 211 40 22 och
703 210 118 23 vinnandet
834 209 24 22 af

99 245 66 29 nödig
179 245 90 29 ändring
282 245 9 22 i
305 245 141 30 stadsplanen.

172 286 83 21 Platsen
266 285 11 21 å
289 285 222 28 Observatoriiberget
527 285 58 22 invid
605 287 180 26 Länemagasinet.

169 325 35 22 De
225 325 117 23 ledamöter
356 325 24 22 af
392 325 116 27 Utskottet,
530 333 46 15 som
597 325 93 23 förordat
708 326 70 21 denna
791 326 62 29 plats,

99 359 65 23 hafva
178 360 62 22 tänkt
255 360 32 29 sig
301 359 154 24 Ständerhuset
469 360 101 29 uppfördt
584 360 27 29 på
626 360 41 22 den
682 359 171 30 bergssluttning,

100 402 45 15 som
160 394 33 23 för
207 395 131 22 närvarande
360 395 67 22 delvis
447 398 103 26 upptages
565 395 24 22 af
600 394 185 28 Länemagasinet,
801 393 54 23 dock

100 428 89 23 sålunda
203 428 112 30 placeradt,
338 431 32 20 att
390 429 63 22 huset
475 429 49 22 med
545 428 170 23 hufvudfasaden
733 428 62 26 vänd,
807 435 50 15 vare

100 463 32 29 sig
146 463 22 23 åt
183 463 61 22 södra
265 464 92 22 hamnen
376 464 51 21 eller
442 463 22 23 åt
479 466 70 20 vestra
570 463 69 29 kajen,
655 463 86 22 komme
756 464 31 21 att
801 462 56 29 ligga

100 498 8 22 i
131 498 72 28 sydost
224 497 48 23 från
294 498 77 22 nämda
394 498 95 28 magasin
513 498 40 22 och
575 500 55 20 öster
652 497 47 23 från
714 497 73 29 Tyska
809 496 48 29 kyr-

100 532 49 22 kan.
187 528 70 26 Äfven
279 539 35 15 om
340 532 58 22 detta
418 532 95 29 magasin
536 532 48 22 icke
606 532 70 22 skulle
697 534 75 26 utgöra
793 530 64 30 något

101 566 131 23 omedelbart
252 566 76 22 hinder
352 566 33 22 för
409 566 164 23 Ständerhusets
597 566 132 30 uppförande
750 566 27 28 på
799 565 58 22 detta

101 601 67 26 ställe,
190 600 84 23 hvilket
295 601 57 22 hvad
372 603 117 27 utrymmet
512 601 99 22 beträffar
634 601 67 22 måste
724 608 61 15 anses
807 608 50 14 vara

101 636 50 22 fullt
165 636 129 28 tillräckligt,
310 635 23 23 så
347 636 70 22 blefve
427 636 53 22 väli
490 636 41 22 alla
540 636 112 22 händelser
662 635 127 29 magasinets
803 635 53 22 bort-

102 670 108 22 skaffande
232 670 74 28 nödigt
319 670 33 22 för
366 672 31 20 att
410 670 78 22 bereda
505 670 22 22 åt
542 670 154 23 Ständerhuset
710 670 28 22 fri
755 669 66 29 utsigt
834 668 22 22 åt

102 704 75 29 sjelfva
199 704 79 22 staden.
309 704 126 23 Kostnaden
457 705 33 21 för
510 704 127 30 magasinets
654 704 147 29 bortflyttning
819 702 39 22 och

103 739 141 29 uppförandet
257 738 25 22 af
294 741 31 21 ett
339 741 49 27 nytt
402 739 12 22 &
429 747 70 14 annan
513 740 55 28 plats
583 740 38 21 har
635 739 114 22 beräknats
763 738 95 28 förslags-

104 773 33 23 vis
151 773 34 23 till
199 774 79 26 60,000
292 782 28 14 m.
351 773 90 29 Uppgift
455 781 35 14 om
499 774 162 22 lösekostnaden
671 773 32 22 för
712 772 75 30 sjelfva
796 779 62 21 grun-

102 808 47 26 den,
165 808 88 22 hvilken
274 808 74 22 tillhör
369 808 80 26 staden,
465 813 24 17 är
502 808 110 22 Utskottet
626 808 28 29 på
668 808 89 28 tidigare
771 805 87 30 angifna

102 842 47 23 skäl
169 842 48 22 icke
231 842 67 22 heller
318 842 129 23 beträffande
462 843 69 21 denna
545 843 55 28 plats
614 842 8 22 i
636 841 84 24 tillfälle
734 843 31 20 att
779 841 78 21 lemna.

103 877 66 22 Hvad
183 877 99 22 beträffar
297 876 137 29 möjligheten
449 879 31 20 att
494 877 57 22 intill
565 879 60 20 nästa
635 876 101 29 landtdag
745 875 64 22 hafva
819 875 39 21 här

103 913 31 20 ett
149 911 131 22 Ständerbus
296 911 106 28 uppfördt,
419 911 44 22 kan
477 911 66 22 saken
558 919 51 14 vara
623 911 75 22 tvifvel
708 908 149 25 underkastad,

104 945 27 22 då
147 945 40 22 den
203 949 22 18 är
239 945 105 22 beroende
355 945 23 22 af
388 946 41 21 den
437 946 134 29 tidsutdrägt,
580 953 44 15 som
633 945 69 22 skulle
713 944 102 23 erfordras
825 943 33 22 för

104 980 93 28 platsens
214 980 124 22 utmätande
352 980 34 22 till
400 981 163 28 byggnadstomt
577 981 39 21 och
633 979 132 23 utverkande
776 978 23 22 af
807 978 51 28 hög-

104 1014 132 28 vederbörlig
246 1014 133 23 fastställelse
394 1014 13 23 å
422 1015 69 22 denna
500 1014 138 29 förändring
628 1008 11 39 i
648 1014 84 22 stadens
743 1012 115 29 byggnads-

103 1049 56 28 plan.
189 1048 35 22 Då
246 1049 58 22 inom
319 1049 109 22 Utskottet
449 1049 86 28 farhåga
555 1048 100 30 uppstått,
678 1051 31 20 att
728 1047 130 23 Ständerhu-

103 1085 33 20 set
150 1083 100 29 uppfördt
263 1083 29 29 på
306 1083 58 23 detta
378 1084 60 22 ställe
460 1083 101 30 möjligen
576 1083 72 22 kunde
662 1083 67 23 blifva
744 1080 116 29 hinderligt

103 1117 33 22 för
151 1117 26 22 de
191 1117 153 22 astronomiska
359 1118 194 22 observationernas
568 1117 136 26 anställande,
720 1117 38 21 har
772 1115 87 23 Utskot-

103 1153 32 21 tet
149 1151 39 22 hos
202 1151 158 23 föreståndaren
375 1152 33 23 för
422 1153 165 22 Universitetets
602 1152 153 23 astronomiska
765 1151 94 22 observa-

104 1185 79 23 torium
205 1186 98 23 förvissat
322 1187 32 28 sig
368 1195 35 14 om
417 1189 32 20 att
463 1187 69 29 någon
553 1187 118 22 nämnvärd
685 1186 112 29 olägenhet
811 1184 48 23 icke

104 1220 86 22 komme
212 1222 32 21 att
257 1221 88 22 beredas
363 1221 69 22 denna
454 1221 117 29 inrättning
585 1221 8 22 i
607 1221 101 22 händelse
723 1220 23 22 af
759 1219 99 23 Ständer-

104 1254 74 23 husets
192 1254 135 29 förläggande
342 1255 28 29 på
383 1255 140 29 ofvanantydt
537 1256 68 22 ställe.

129 1300 66 22 Norra
212 1300 60 22 delen
289 1301 23 21 af
326 1303 107 25 qvarteret
447 1302 113 21 Tumlaren
576 1301 33 21 vid
625 1302 21 20 S.
663 1300 175 28 Esplanadgatan.

173 1340 14 22 I
201 1340 101 22 händelse
317 1340 154 24 Ständerhuset
493 1341 68 23 skulle
583 1341 86 22 komma
686 1342 32 21 att
732 1340 39 22 här
785 1338 75 29 förläg-

104 1382 43 20 gas,
170 1374 70 22 blefve
262 1375 74 29 nödigt
357 1378 32 20 att
410 1375 32 23 för
462 1376 120 22 ändamålet
596 1376 68 22 inlösa
678 1377 104 21 tomterna
797 1381 35 14 n:o
848 1374 11 20 1

106 1408 39 22 och
161 1410 13 21 3
189 1408 37 23 vid
240 1409 156 29 Kaserngatan,
407 1418 34 14 n:o
452 1411 13 21 3
476 1410 36 23 vid
523 1410 22 22 S.
555 1410 172 28 Esplanadgatan
737 1409 39 22 och
786 1415 35 15 n:o
834 1408 27 21 10

105 1442 41 22 och
162 1443 27 21 12
206 1443 37 22 vid
263 1443 156 29 Fabiansgatan
442 1445 52 21 eller
515 1444 75 22 inalles
605 1445 13 21 5
632 1446 84 24 tomter,
740 1442 73 24 hvilka
834 1442 28 28 på
