1028 1673
215 124 22 17 18
481 124 24 19 U.
518 124 23 19 B.
554 135 22 3 —
588 125 64 19 XXIII.

192 180 103 22 föranden
311 182 155 22 ankommande
481 181 103 29 göromål,
599 183 46 21 icke
657 187 24 17 är
691 182 142 30 tillämpligt
828 176 10 40 i
844 183 102 22 händelse

191 215 152 28 Fullmäktiges
358 216 65 27 antal,
439 216 70 22 såsom
526 216 108 22 Utskottet
648 218 7 20 i
672 217 49 22 dess
736 218 33 20 till
783 218 121 22 Ständerna
914 218 30 20 af-

191 250 58 28 gifna
264 250 113 22 berättelse
393 258 33 14 om
443 251 96 22 bankens
555 252 88 28 styrelse
658 252 41 21 och
715 252 98 22 tillstånd
827 252 117 28 föreslagit,

190 284 128 22 bestämmes
333 285 32 21 till
376 284 51 27 åtta,
439 286 40 21 har
489 286 109 21 Utskottet
609 288 69 20 ansett
689 288 33 20 att
732 287 80 21 nämda
821 287 49 21 värf
878 286 66 22 borde

190 318 72 29 åligga
277 319 40 22 den
333 319 28 28 på
377 322 60 20 orten
451 320 109 28 befintlige
570 320 33 22 till
613 320 51 22 åren
676 321 71 22 äldste
758 321 107 23 ordinarie
875 322 70 22 Bank-

191 354 154 28 fullmäktigen,
363 357 60 23 samt,
440 362 34 14 om
489 354 71 29 någon
576 355 108 22 ordinarie
699 356 185 28 Bankfullmäktig
899 357 46 21 icke

191 395 50 15 vore
257 390 32 20 att
303 388 66 29 tillgå,
385 389 40 22 den
442 390 68 21 äldste
526 390 65 21 bland
607 390 25 22 de
642 390 33 21 till
685 391 143 27 tjenstgöring
838 390 108 22 inkallade

192 424 171 27 suppleanterne.

259 459 32 20 En
307 459 23 21 af
343 459 194 28 Bankfullmäktige
552 459 31 22 till
600 459 58 22 detta
673 462 96 19 moment
785 460 101 22 likaledes
901 460 43 21 för-

190 493 68 22 ordad
281 493 226 29 tilläggsbestämning,
531 501 34 14 om
587 495 55 20 huru
661 494 94 22 förfaras
775 495 61 26 skall,
859 496 40 20 när
915 496 29 20 ett

190 527 73 23 ständs
278 528 182 29 Bankfullmäktig
476 529 40 22 och
531 529 139 27 suppleanter
685 528 30 29 pä
731 536 25 15 en
773 528 56 29 gäng
845 530 37 21 äro
898 529 46 21 hin-

190 563 67 22 drade
279 565 32 19 att
332 563 119 28 tjenstgöra
473 563 139 28 (berättelsen
631 571 16 14 s.
668 564 44 27 65),
733 564 39 21 har
792 563 109 22 Utskottet
916 563 28 28 pä

191 598 40 22 den
247 597 68 29 grund
331 600 70 19 ansett
415 599 72 20 kunna
502 598 113 25 undvaras,
631 600 32 19 att
680 599 25 20 10
722 599 12 26 3
750 598 7 21 i
772 597 78 28 nådiga
861 598 83 21 förord-

190 633 78 28 ningen
284 632 23 22 af
321 632 40 22 den
377 633 12 20 9
404 633 118 21 December
539 633 61 24 1867,
618 633 87 21 hvilken
720 633 128 27 författning
860 633 84 27 jemlikt

192 669 39 20 138
247 668 12 27 &
274 667 7 21 i
296 667 197 28 bankreglementet
508 667 132 22 fortfarande
655 667 69 28 gäller
740 667 32 21 till
788 667 25 22 de
829 667 59 22 delar
904 667 39 21 den

190 702 18 27 ej
225 701 70 22 blifvit
309 701 143 28 uttryckligen
468 701 102 28 upphäfd,
585 701 75 22 härom
674 701 122 22 innehåller
806 702 139 27 fullständiga

190 736 139 22 töreskrifter.

258 805 165 22 Bankutskottet
442 805 39 22 har
499 805 73 22 vidare
591 805 31 22 till
642 806 63 21 mom.
722 806 16 27 i)
754 806 31 21 uti
801 813 28 14 nu
845 806 99 27 gällande

189 840 129 22 instruktion
333 840 70 28 tillagt
418 847 26 14 en
459 840 24 22 af
496 840 156 28 Ridderskapet
667 840 41 22 och
724 840 69 21 Adeln
809 840 34 22 vid
860 843 84 19 senaste

188 875 104 27 landtdag
308 876 90 26 antagen
413 874 136 28 bestämning
564 874 78 26 derom,
657 877 32 19 att
699 874 183 29 Bankfullmäktig
898 876 46 20 icke

188 910 57 28 finge
260 910 69 20 tillika
344 916 51 14 vara
410 911 86 19 senator
512 909 18 27 ej
547 909 66 21 heller
624 909 95 22 direktör
728 909 35 21 vid
771 909 102 21 Finlands
881 911 63 20 stats-

187 944 83 22 kontor.
301 943 78 21 Skälen
394 944 73 21 härtill
483 944 61 21 torde
559 944 56 21 inses
630 946 52 19 utan
700 944 92 21 särskild
811 944 133 28 motivering.

186 979 102 21 Deremot
303 978 40 21 har
358 978 111 22 Utskottet
483 978 105 28 enhälligt
603 980 71 20 ansett
682 979 33 27 sig
723 978 47 22 icke
779 978 71 22 kunna
857 978 87 22 biträda

187 1015 30 20 ett
232 1015 22 19 at
269 1012 156 28 Ridderskapet
440 1013 40 21 och
496 1012 69 22 Adeln
580 1013 35 21 vid
630 1013 147 21 innevarande
792 1013 101 27 landtdag
909 1020 35 20 ge-

186 1055 51 14 nom
252 1046 197 28 protokollsutdrag
465 1047 24 21 af
501 1047 41 21 den
557 1048 14 20 4
585 1048 7 20 i
609 1047 67 21 denne
686 1047 46 28 Maj
745 1046 79 22 månad
834 1047 110 21 Utskottet

188 1082 122 21 meddeladt
328 1081 95 28 yrkande
442 1088 35 15 om
495 1080 68 23 sädan
582 1082 91 28 ändring
691 1082 7 20 i
718 1082 60 21 detta
793 1084 93 19 moment
902 1083 43 26 ,att

186 1116 185 27 Bankfullmäktig
393 1115 63 22 deraf
477 1116 46 21 icke
546 1116 70 21 kunde
634 1115 22 22 få
675 1116 155 27 förevändning
850 1118 32 19 att
896 1116 48 21 der-

185 1151 66 28 jemte
266 1150 114 21 innehafva
395 1150 95 21 hvarken
505 1150 147 28 ledamotskap
667 1151 7 20 i
693 1150 141 22 bankutskott
846 1150 50 21 eller
907 1157 37 14 an-

186 1193 43 14 nan
252 1185 120 27 befattning
395 1185 38 21 hos
453 1184 82 22 enskild
553 1184 196 29 bankinrättning*.
780 1184 110 22 Utskottet
904 1184 40 21 har

186 1220 108 28 nämligen
309 1221 79 19 ansett:
405 1221 32 19 att
452 1219 101 21 Finlands
569 1219 68 21 banks
652 1220 93 21 intresse
761 1219 117 28 ingalunda
880 1214 11 39 i
906 1218 38 22 all-

186 1255 89 21 mänhet
291 1254 117 21 kolliderar
426 1254 49 21 med
492 1254 199 27 privatbankernas,
708 1256 52 19 utan
777 1253 75 22 endast
866 1254 7 20 i
889 1253 55 21 vissa

186 1289 47 26 fall;
250 1291 32 19 att
295 1295 26 15 en
333 1288 91 21 medlem
435 1288 8 20 i
454 1288 140 27 privatbanks
607 1287 182 29 förvaltningsräd
801 1288 51 22 eller
863 1288 81 21 utskott

185 1324 47 22 icke
247 1324 8 21 i
270 1324 66 27 högre
352 1322 54 28 grad
421 1324 162 26 representerar
599 1324 29 20 ett
644 1324 44 20 mot
698 1322 104 22 Finlands
812 1322 68 22 banks
891 1324 53 20 mot-

185 1360 44 20 satt
252 1358 90 21 intresse
365 1358 27 20 än
409 1358 14 20 t.
441 1364 32 14 ex.
489 1357 152 21 innehafvaren
657 1357 24 21 af
694 1360 31 18 ett
741 1358 71 21 större
827 1356 59 22 antal
901 1357 43 27 pri-

186 1392 181 25 vatbanksaktier,
391 1391 88 21 hvilken
502 1391 54 21 dock
575 1391 18 27 ej
612 1392 24 20 är
651 1392 93 21 hindrad
760 1393 33 20 att
808 1398 51 14 vara
874 1391 69 21 Bank-

186 1426 131 28 fullmäktig;
334 1428 56 20 samt
405 1428 32 19 att
452 1433 50 14 man
519 1432 76 21 genom
610 1428 32 19 att
657 1426 65 21 altför
739 1426 84 28 mycket
838 1426 106 27 begränsa

257 1467 138 17 Bankutskottets
405 1467 106 17 betänkande
522 1466 35 17 N:o
569 1467 16 16 4.
