1028 1656
810 76 12 20 7

181 143 92 25 Enhvar,
289 149 46 14 som
351 142 79 22 önskar
443 143 8 20 i
465 142 103 28 täflingen
584 143 93 28 deltaga,
697 143 41 22 bör
752 144 53 21 utan
818 144 33 21 att

112 176 164 28 tillkännagifva
299 176 37 21 sitt
358 183 65 14 namn
446 178 73 20 senast
540 177 41 22 den
598 177 10 22 1
624 177 97 22 Oktober
738 175 52 24 1881
807 177 45 22 låta

112 211 33 21 till
167 212 137 26 ordföranden
319 212 6 20 i
341 211 136 26 delegationen
490 212 34 26 för
540 212 97 21 Finlands
651 212 95 21 ständers
760 212 38 21 hus
819 211 32 21 in-

113 246 72 21 lemna
200 245 52 21 eller
266 244 34 21 till
315 245 79 20 honom
409 244 101 21 insända:

184 279 41 27 1:0)
241 278 85 21 Allmän
345 277 174 28 situationsplan,
534 278 67 21 hvarä
616 278 48 21 med
680 278 88 28 ledning
782 278 25 22 af
819 279 32 21 bi-

249 312 66 27 lagda
328 312 154 27 planteckning
497 312 138 27 byggnadens
647 313 49 27 läge
711 313 25 21 är
750 313 100 28 angifvet,

249 346 90 21 affattad
354 346 8 21 i
377 345 61 22 skala
452 346 24 21 af
489 348 59 22 0,002.

181 381 43 27 2:0)
239 380 79 22 Planer
333 380 59 21 öfver
407 379 43 22 alla
464 380 138 27 våningarna,
611 380 173 22 subassementet
794 380 58 22 inbe-

233 415 2 3 *
249 415 76 27 gripet,
338 414 68 27 jemte
421 414 63 21 deras
500 414 114 27 inredning
627 414 8 21 i
650 414 62 21 skala
726 414 25 21 af
764 415 47 24 0,01.

184 449 42 28 3:0)
242 448 95 22 Fasader
359 449 23 20 ät
404 447 44 22 alla
470 448 58 21 sidor
551 449 56 20 samt
621 449 57 20 tvär-
694 449 41 21 och
750 448 102 29 längdge-

249 483 179 27 nomskärningar
443 482 7 21 i
466 482 60 21 skala
541 483 24 20 af
578 483 48 24 0,01.

182 519 42 25 4:0)
241 517 237 28 Kostnadsheräkning.

182 552 43 21 För
239 551 103 28 täflingen
366 551 93 28 ingifven
482 551 81 28 ritning
585 551 52 22 eller
659 558 73 15 annan
750 551 104 28 handling

114 587 35 21 fär
164 586 17 28 ej
198 587 96 26 upptaga
309 585 42 22 den
365 585 105 22 täflandes
486 592 71 19 namn,
577 592 50 15 men
641 585 41 22 bör
697 592 53 15 vara
765 585 88 22 försedd

115 621 50 21 med
187 621 72 20 märke
283 619 51 22 eller
357 619 98 28 päskrift,
479 627 45 14 som
537 619 80 28 jemväl
632 619 117 28 anbringas
764 621 29 26 pä
808 627 45 14 om-

115 655 70 27 slaget
198 655 33 20 till
247 661 25 14 en
288 653 244 28 täflingshandlingarna
546 653 120 28 ätföljande
680 653 109 28 förseglad
800 654 64 27 upp-'

116 689 40 28 gift
175 689 29 27 pä
218 689 143 20 inlemnarens
380 695 65 14 namn
461 688 41 21 och
516 687 128 22 vistelseort.
674 687 84 22 Endast
772 688 35 21 för
820 689 34 20 ut-

115 722 96 22 rönande
226 722 22 21 at
263 721 41 23 den
319 728 90 21 persons
424 729 72 20 namn,
506 728 46 15 som
567 721 42 22 fått
623 721 33 28 sig
667 721 45 28 pris
722 721 132 27 tillerkändt,

115 757 118 28 uppbrytes
247 756 68 21 sådan
330 756 122 28 försegling.

184 790 168 28 Täflingsprisen
367 791 38 20 äro
420 791 84 25 tvenne,
513 790 37 21 det
560 790 68 21 första
636 790 62 26 5,000
706 789 71 23 finska
786 789 68 27 mark,

117 825 36 21 det
168 824 67 22 andra
251 825 61 25 2,500
327 824 70 21 finska
412 824 67 21 mark.

185 858 30 22 De
231 858 122 22 inlemnade
368 858 136 28 ritningarna
519 858 141 22 öfverlemnas
674 858 35 21 till
720 857 135 22 bedömande

119 894 23 20 ät
157 900 26 14 en
198 892 132 28 prisnämnd,
341 892 86 21 hvilken
438 892 73 22 bestär
521 892 24 21 af
554 892 301 28 ständerhus-delegationens

117 926 136 27 ordförande,
269 926 98 28 samtlige
383 926 107 21 ordinarie
506 926 120 22 ledamöter
641 926 41 21 och
696 932 27 15 en
741 926 116 27 suppleant

117 962 34 21 för
165 961 72 27 hvarje
253 960 64 22 ständ
332 961 55 20 samt
403 960 23 21 af
440 960 148 28 delegationen
603 960 109 21 inkallade
726 960 107 21 fackmän.

186 994 31 22 De
227 994 134 28 prisbelönta
371 994 135 27 ritningarna
517 994 41 21 och
568 994 214 27 kostnadsförslagen
790 993 67 21 blitva

119 1029 158 27 delegationens
294 1028 110 27 egendom,
420 1028 40 21 och
476 1028 42 21 kan
534 1028 149 27 delegationen
699 1028 33 27 sig
747 1027 63 22 deraf
818 1027 36 22 be-

119 1070 71 21 gagna
204 1063 28 27 pä
247 1063 44 20 sätt
305 1062 124 27 lämpligast
444 1061 74 21 finnes.

187 1092 73 32 Öfriga
274 1096 194 27 täklingsritningar
482 1095 68 21 blifva
564 1095 33 21 till
610 1095 162 22 vederbörande
782 1096 29 26 pä
820 1094 37 22 be-

119 1132 68 27 gäran
209 1130 118 22 återstälda
349 1130 49 21 med
419 1129 141 28 iakttagande
579 1129 25 21 af
621 1129 167 28 anonymiteten,
804 1130 54 20 utan

120 1167 33 19 att
175 1165 25 21 de
217 1164 36 22 vid
269 1164 161 21 ständerhusets
446 1163 121 22 eventuella
581 1163 115 22 utförande
711 1163 23 21 fä
747 1163 29 27 pä
791 1163 67 27 nägot

119 1199 32 21 vis
167 1198 162 28 tillgodogöras.

189 1233 122 27 Helsingfors
325 1233 39 21 den
378 1232 15 21 9
411 1232 84 22 Oktober
510 1232 67 21 1880.

191 1298 69 22 Sedan
275 1298 155 28 Delegationen
446 1298 109 22 försäkrat
570 1300 33 26 sig
617 1306 36 14 om
668 1300 33 20 att
714 1298 109 28 beloppen
838 1298 24 22 af

121 1334 27 21 de
162 1334 8 20 i
183 1334 145 27 programmet
342 1332 83 22 utfästa
440 1332 160 29 täflingsprisen
614 1339 35 16 om
665 1333 62 26 5,000
743 1332 41 22 och
796 1332 64 26 2,500

121 1367 62 22 mark
198 1367 68 22 skulle
280 1367 8 22 i
300 1367 68 22 sinom
378 1366 33 22 tid
421 1366 24 23 af
452 1367 105 22 Finlands
567 1367 63 22 Bank
640 1366 115 35 utbetalas,
764 1366 48 35 blef
820 1365 41 24 den
