1017 1661
459 130 16 21 1.
787 131 26 20 29

88 198 108 21 särskilda
212 199 115 26 ändringar
343 199 6 20 i
365 199 142 26 reglementet
522 199 34 21 för
571 200 104 20 Finlands
691 199 100 26 Bank,
766 194 24 35 af
801 199 41 21 den

89 234 27 20 26
132 233 44 21 Juli
195 234 60 20 1875.

160 268 54 20 47:0.
244 267 95 20 Emedan
363 267 121 21 Ständerna
508 268 32 20 uti
559 267 116 22 aflemnadt
696 274 49 14 svar
764 267 27 26 pä
806 267 37 20 nä-

89 301 51 26 diga
161 302 169 26 propositionen,
353 302 113 26 angående
489 302 40 21 den
553 302 124 21 metalliska
697 302 86 21 rubelns
804 301 39 21 och

90 336 49 21 dess
162 336 122 26 fullhaltiga
306 336 216 27 underafdelningars
545 337 134 26 gängbarhet
702 337 5 20 i
724 336 119 26 Finland,
830 332 15 36 i

89 371 170 26 underdänighet
275 371 87 26 anmält,
382 373 33 18 att
435 371 26 20 de
480 371 83 26 antagit
579 372 163 26 propositionen
759 371 84 21 oförän-

88 405 62 26 drad,
174 405 39 20 har
236 405 59 20 Hans
318 405 123 27 Kejserliga
463 405 104 27 Majestät
586 406 49 21 låtit
655 406 41 21 den
715 407 12 20 9
748 405 92 26 Augusti

92 440 52 20 1877
160 439 7 21 i
184 439 94 26 enlighet
293 439 87 21 dermed
396 439 87 21 utfärda
499 439 126 27 förordning
640 440 7 20 i
663 442 78 19 ämnet.

160 475 56 20 48:0.
247 474 60 21 Efter
328 474 36 21 det
383 474 62 21 Hans
463 474 122 27 Kejserliga
600 474 108 27 Majestät,
724 474 27 27 pä
766 474 78 21 under-

88 508 66 26 dänig
169 508 98 21 anhällan
288 507 23 22 af
328 508 242 27 Hypoteksföreningen
590 509 4 20 i
615 509 91 20 Finland
727 509 31 20 uti
778 508 66 26 nädig

88 543 135 25 proposition
246 542 32 20 till
303 541 132 21 Ständernas
458 543 100 26 pröfning
581 543 40 21 och
639 543 118 26 afgörande
775 542 69 21 öfver-

88 576 81 21 lemnat
184 576 98 21 bemälda
298 576 109 26 förenings
424 576 94 26 begäran
535 582 33 16 om
585 576 130 27 afskrifning
730 576 23 21 af
762 576 36 21 det
809 576 35 21 län

88 617 35 15 om
146 612 91 24 600,000
256 610 67 26 mark,
343 610 33 21 för
395 611 83 20 hvilket
497 610 125 27 föreningen
643 611 88 21 häftade
746 611 33 21 till
795 610 49 21 Fin-

89 646 62 20 lands
166 645 68 26 Bank,
248 646 66 26 jemte
329 646 37 20 det
381 645 61 21 Hans
459 645 122 27 Kejserliga
592 646 103 26 Majestät
706 646 70 21 tillika
786 645 57 21 med-

88 680 60 21 delat
167 680 120 21 Ständerna
306 681 39 25 att,
365 680 66 20 sedan
452 680 82 21 erfaras
553 680 56 26 finge
629 680 107 21 huruvida
752 680 40 21 den
808 680 36 20 be-

89 715 67 26 gärda
171 714 154 26 afskrifningen
342 714 47 21 utaf
404 714 122 21 Ständerna
542 714 129 27 medgäfves,
687 714 60 21 Hans
759 714 85 26 Kejser-

87 749 46 26 liga
149 749 102 26 Majestät
265 749 50 20 ville
335 750 50 25 taga
405 749 6 20 i
430 751 101 18 närmare
551 749 158 26 öfvervägande
724 755 26 14 en
765 749 6 20 i
788 754 56 15 sam-

88 783 108 26 manhang
215 783 85 20 dermed
321 783 23 20 af
361 783 241 27 Hypoteksföreningen
623 783 39 22 hos
682 783 60 21 Hans
758 783 86 26 Kejser-

90 817 43 26 liga
148 817 103 27 Majestät
269 817 114 21 framstäld
404 817 102 21 anhällan
526 824 33 14 om
579 819 33 19 att
631 824 26 15 en
677 817 127 21 subvention
823 816 23 21 af

90 852 56 20 ända
160 852 33 20 till
214 852 90 25 600,000
324 852 61 20 mark
405 852 111 21 dessutom
535 852 68 21 mätte
618 852 22 20 af
655 852 109 21 allmänna
780 853 64 19 stats-

89 886 69 20 medel
174 886 125 26 föreningen
319 886 102 26 tilldelas,
441 888 24 19 är
485 886 23 21 af
525 886 121 21 Ständerna
665 886 72 21 säsom
753 892 49 14 svar
817 885 28 27 pä

90 921 67 25 sagda
179 921 133 26 proposition
332 921 7 20 i
358 920 175 27 underdänighet
551 921 102 25 anmäldt,
676 923 33 19 att
725 920 120 21 Ständerna

89 955 47 21 icke
152 956 71 20 ansett
239 955 32 26 sig
287 955 72 21 kunna
375 955 75 21 skrida
466 956 33 20 till
515 955 96 21 definitiv
628 955 129 26 atskrifning
768 954 22 22 af
801 954 44 27 Hy-

88 989 215 27 poteksföreningens
323 990 35 20 län
377 989 47 21 frän
443 990 104 20 Finlands
560 990 68 26 Bank,
643 990 64 21 innan
719 989 125 26 föreningen

90 1023 12 21 å
118 1024 33 20 sin
167 1024 47 20 sida
229 1024 92 26 vidtagit
336 1024 102 26 åtgärder
454 1024 19 26 ej
490 1024 83 21 mindre
589 1024 32 21 till
637 1023 139 27 aflägsnande
786 1022 24 22 af
818 1023 27 21 de

90 1058 79 21 brister
192 1058 6 21 i
222 1058 137 26 föreningens
383 1059 149 25 organisation
556 1059 38 21 och
615 1058 137 27 förvaltning,
772 1058 73 20 hvilka

89 1093 57 20 varit
161 1092 156 21 medverkande
333 1093 90 20 orsaker
439 1093 32 20 till
488 1093 137 26 föreningens
637 1093 137 27 brydsamma
785 1092 60 21 ställ-

89 1127 57 25 ning,
170 1129 26 18 än
220 1127 38 20 ock
278 1127 32 20 till
331 1127 50 21 dess
401 1127 151 21 medlemmars
569 1127 171 21 säkerställande
755 1126 33 21 för
804 1126 41 21 den

89 1161 53 26 fara,
159 1167 45 14 som
224 1161 78 21 hotade
321 1161 48 21 dem
389 1167 77 21 genom
486 1162 63 21 deras
566 1162 123 27 skyldighet
705 1163 32 19 att
751 1162 7 20 i
774 1163 71 19 större

89 1196 126 27 proportion
238 1197 26 19 än
287 1195 68 21 andra
379 1195 53 22 bära
455 1196 27 21 de
505 1197 58 20 lidna
585 1196 144 26 förlusterna;
752 1195 93 21 hvarhos

90 1229 127 27 Ständerna,
230 1230 66 26 jemte
311 1230 122 27 beviljande
449 1231 24 20 af
487 1231 91 20 anständ
594 1231 49 20 med
658 1230 188 26 inbetalningarna

88 1265 14 20 &
124 1265 92 20 berörda
238 1264 35 21 län
297 1265 39 20 och
359 1265 130 21 räntefrihet
508 1265 51 21 derä
579 1265 55 21 intill
655 1265 111 30 utgängen
784 1263 23 22 af
821 1263 24 21 är

90 1299 60 24 1852,
174 1299 90 20 anhållit
286 1300 39 25 att,
345 1299 55 21 efter
420 1299 37 21 det
476 1299 240 28 Hypoteksföreningen
732 1298 114 21 inkommit

88 1333 34 20 till
138 1333 60 21 Hans
217 1333 121 27 Kejserliga
357 1333 105 27 Majestät
481 1334 47 21 med
549 1334 113 26 utredning
682 1334 6 20 i
705 1333 95 27 antydda
814 1332 31 21 af-

90 1367 84 25 seende,
190 1373 28 20 ny
233 1368 135 25 proposition
384 1368 7 19 i
407 1368 92 21 ärendet
514 1368 67 21 mätte
600 1368 121 21 Ständerna
735 1367 36 20 vid
787 1368 59 19 näst-

88 1401 118 21 infallande
225 1401 103 26 landtdag
348 1401 129 27 föreläggas.
513 1402 58 21 Enär
593 1401 253 28 Hypoteksföreningens

90 1435 94 27 begäran
200 1442 34 15 om
253 1435 130 27 afskrifning
402 1436 23 21 af
444 1437 50 20 dess
513 1437 35 20 län
568 1436 47 21 frän
630 1436 103 21 Finlands
749 1435 61 21 Bank
826 1434 19 27 ej
