1028 1673
216 128 15 21 4
342 128 82 23 Ständ.
439 128 56 23 Skr.
511 140 26 5 —
553 129 26 21 U.
595 128 27 22 B.
638 140 27 4 —
682 128 98 23 XXIII.

255 190 32 22 På
307 192 71 26 grund
400 191 25 22 af
442 192 58 22 hvad
515 192 64 22 ofvan
594 191 69 22 blifvit
679 192 88 21 anfördt
782 191 23 22 få
819 191 121 22 Ständerna

187 224 39 22 hos
241 225 83 23 Eders
346 226 170 28 Kejserliga
535 226 142 28 Majestät
692 226 9 22 i
715 226 172 28 underdånighet
902 232 37 14 an-

188 259 63 27 mäla,

449 298 30 19 att
499 296 110 21 Ständerna
630 297 34 24 för
686 297 33 19 sin
733 296 31 20 del
778 296 75 20 beslutit
867 296 30 20 till
911 296 29 24 of-

391 332 125 20 vannämnda
531 332 107 25 ändringar
652 332 26 24 af
690 333 35 24 $$
739 332 18 23 6,
773 332 33 23 84,
822 332 32 23 89,
866 332 30 23 91,
907 331 31 23 94,

392 366 33 24 95,
448 367 34 19 111
508 367 33 19 och
555 367 36 19 114
605 367 9 19 i
627 367 73 25 nådiga
714 367 119 25 reglementet
846 366 34 24 för
894 366 46 20 Fin-

393 400 56 21 lands
471 401 50 20 bank
541 401 25 25 af
577 401 36 20 den
626 402 30 18 27
670 401 51 20 Juni
733 401 56 19 1878
803 402 51 18 samt
867 400 75 25 antagit

392 436 27 18 ett
433 435 72 20 sådant
525 436 64 24 tillägg
605 436 29 19 till
648 437 63 19 staten
725 436 35 24 för
775 434 94 21 Finlands
884 434 54 24 bank,

391 476 42 13 som
447 470 60 24 ofvan
521 471 25 19 är
561 470 85 24 anfördt,
661 471 9 19 i
684 470 51 25 följd
749 470 75 24 hvaraf
836 469 60 25 sagda
903 475 37 19 pa-

390 504 94 25 ragrafer
498 505 33 20 och
547 505 65 25 tillägg
632 505 75 20 komme
721 506 30 19 att
765 504 74 20 erhälla
854 504 87 25 följande

391 538 82 25 lydelse:

640 598 18 24 $
674 596 20 20 6.

449 641 52 21 Hela
523 642 85 25 beloppet
629 642 27 24 af
673 642 84 20 bankens
771 642 113 26 utelöpande
898 641 41 20 sed-

392 676 32 20 lar
438 676 35 25 får
486 676 44 20 med
545 677 52 25 tjugu
611 677 89 25 miljoner
714 677 63 24 mark,
792 684 42 13 men
848 677 40 19 icke
898 676 42 20 der-

391 711 84 25 utöfver,
491 712 106 24 öfverstiga
613 712 147 24 sammanlagda
770 712 84 25 beloppet
863 712 26 24 af
896 711 44 20 ban-

392 745 46 20 kens
459 745 71 25 egande
551 746 108 20 metalliska
680 746 73 24 valuta,
771 746 80 20 hvartill
868 746 72 20 räknas

393 780 18 24 e
425 780 48 20 blott
494 780 83 20 bankens
597 780 110 20 metalliska
720 781 61 19 kassa
791 781 59 24 jemte
865 780 74 25 silfver,

393 816 48 18 utan
463 815 34 20 ock
511 815 83 20 bankens
609 815 94 25 ostridiga
718 815 115 25 fordringar
847 815 35 19 hos
896 814 44 20 dess

393 849 73 20 utrikes
487 850 70 20 ombud
579 851 50 18 samt
643 849 72 20 banken
731 849 97 26 tillhöriga
843 850 97 25 obligatio-

393 890 35 13 ner
449 884 34 19 och
505 885 124 24 statspapper
649 885 9 19 i
678 883 100 21 utländskt
799 885 59 24 mynt.
895 884 46 19 Alla

394 917 57 21 dessa
473 918 104 25 tillgångar
598 918 95 20 beräknas
713 918 71 20 härvid
803 918 49 25 efter
866 918 23 20 de
902 919 9 18 i
924 919 17 24 $

393 953 41 19 106
455 953 34 24 för
509 953 124 26 uppgörande
650 953 26 25 af
688 953 76 20 bokslut
778 953 92 25 stadgade
883 959 57 19 grun-

395 986 40 21 der.

451 1021 92 20 Bankens
567 1021 112 25 utelöpande
702 1022 120 24 invisningar
846 1022 14 19 å
884 1021 58 24 finskt

394 1056 58 24 mynt,
468 1056 9 18 i
491 1055 73 20 banken
583 1056 120 19 innestående
723 1056 66 25 belopp
813 1056 26 24 af
850 1056 92 24 beviljade

394 1090 143 20 kassakreditiv
551 1091 52 19 samt
616 1091 8 19 i
638 1090 72 20 banken
724 1090 74 20 insatta
811 1090 60 20 medel
887 1090 55 20 skola

395 1124 8 20 i
415 1124 177 24 nästomförmälda
606 1125 89 25 afseende
710 1131 56 14 anses
776 1125 34 20 och
819 1125 72 20 räknas
900 1131 42 13 som

395 1159 114 25 utelöpande
522 1159 72 20 sedlar.
892 1168 8 13 ,

638 1218 18 24 $
670 1216 33 20 84.

447 1261 136 21 Sekreteraren
597 1262 120 24 handhafver
721 1262 117 25 protokollet
844 1262 33 20 vid
884 1262 57 20 bank-

395 1296 128 20 direktionens
545 1296 156 20 sammanträden
722 1297 33 19 och
773 1297 85 25 besörjer
879 1296 60 21 direk-

396 1331 73 20 tionens
484 1331 125 25 brefvexling.

453 1365 166 21 Ombudsmannen
637 1361 88 30 besörjer
739 1366 14 20 ä
767 1366 81 20 bankens
869 1366 73 25 väynar

395 1400 156 25 vexelprotester,
567 1400 131 26 bevakningar,
717 1400 125 26 utsökningar
856 1400 33 20 och
902 1402 40 18 rät-

397 1434 92 26 tegängar
503 1436 26 24 af
541 1435 40 20 alla
600 1435 48 25 slag,
664 1435 34 20 der
713 1435 75 20 sädana
802 1435 40 19 icke
856 1435 56 25 enligt
926 1436 16 24 $
