1025 1673
262 127 81 24 Ständ.
359 127 55 23 Skr.
430 139 24 4 —
470 126 29 22 U.
514 126 28 23 B.
557 137 28 4 —
600 125 98 22 XXIII.
810 124 13 19 5

306 192 26 19 94
346 191 78 25 utföras
438 196 67 19 genom
523 189 140 21 vederbörande
677 187 174 26 kontorsförestän-

306 226 58 20 dares
378 225 85 25 försorg.

364 266 143 20 Kamrerarene
529 265 76 25 besörja
623 265 123 24 bokföringen
759 263 8 20 i
781 262 72 21 banken

307 303 51 18 samt
379 302 93 24 upprätta
491 300 83 21 bankens
588 299 159 25 mänadsförslag
762 298 33 20 och
810 297 42 20 bok-

307 336 49 24 slut;
370 335 34 20 och

365 376 114 20 kassörerne
504 375 106 20 verkställa
635 375 83 20 bankens
740 372 112 21 utbetalnin-

306 417 37 19 gar
358 412 51 19 samt
423 412 96 23 emottaga
532 410 141 25 inbetalningar
688 409 30 20 till
732 407 78 21 banken.

363 451 32 20 De
409 451 142 24 instruktioner,
567 457 42 13 som
617 452 70 23 utgöra
696 449 116 20 rättesnöret
821 447 32 25 för

306 486 82 20 arbetets
410 486 109 25 fördelning
541 485 79 20 emellan
642 485 147 24 tjenstemännen
803 484 51 18 samt

306 521 33 24 för
355 520 64 20 desses
433 521 106 24 skyldighet
553 522 29 18 att
595 519 99 26 uppvakta
707 519 33 20 och
750 518 104 25 tjenstgöra

306 555 9 19 i
335 555 78 24 banken,
435 555 94 25 utfärdas
550 555 25 24 af
595 554 91 20 Senatens
708 551 145 22 Ekonomie-de-

305 591 108 24 partement
433 590 9 19 i
462 590 36 20 den
521 589 86 25 ordning,
631 595 41 14 som
686 589 9 19 i
708 588 26 19 54
756 589 17 24 $
788 587 65 24 säges:

307 623 38 21 Och
362 624 60 25 jemte
443 623 32 21 det
495 623 141 21 vederbörande
653 623 113 24 tjenstemän
780 621 74 20 således

307 659 48 20 böra
376 659 60 20 ställa
457 659 29 25 sig
508 659 57 20 dessa
586 658 144 23 instruktioner,
749 657 4 19 i
766 656 51 20 hvad
832 655 22 20 de

307 693 42 20 dem
372 693 55 26 angä,
450 694 31 19 till
495 700 98 19 noggrann
608 692 121 25 efterlefnad,
745 692 36 19 äro
795 691 58 19 samt-

307 728 39 25 liga
368 729 112 24 tjenstemän
495 728 34 20 ock
543 728 84 25 skyldige
642 729 29 19 att
685 726 67 26 åtlyda
766 725 23 20 de
804 725 49 25 före-

307 762 87 25 skrifter,
410 769 40 13 som
466 762 110 26 derutöfver
590 762 69 24 kunna,
675 762 8 19 i
697 760 89 26 afseende
800 760 13 20 å
823 766 30 13 ar-

308 797 144 25 betsordningen
473 798 52 19 inom
545 797 70 23 verket,
637 797 42 19 dem
694 796 26 24 af
739 795 116 20 direktionen

308 832 98 25 behörigen
426 832 103 24 meddelas,
553 832 34 19 och
610 832 29 19 att
652 831 105 20 verkställa
771 830 23 19 de
808 835 46 19 upp-

309 866 48 25 drag
372 867 33 19 och
418 867 93 24 göromål,
527 872 42 14 som
583 866 64 20 kunna
662 866 42 20 dem
720 865 25 25 af
765 863 89 21 direktio-

308 907 36 14 nen
358 901 8 20 i
380 901 33 20 och
428 900 33 25 för
475 901 81 24 tjensten
570 901 99 20 ombetros.

550 965 17 24 $
581 964 33 21 89.

365 1010 99 25 Derjemte
478 1010 61 20 håller
555 1010 72 20 banken
641 1010 68 19 kontor
724 1010 8 19 i
746 1005 48 27 Åbo,
817 1008 37 20 Wi-

309 1045 51 25 borg,
384 1045 130 23 Nikolaistad,
543 1045 100 24 Uleåborg,
666 1045 82 24 Kuopio,
773 1043 81 25 Björne-

309 1080 45 24 borg
376 1079 34 20 och
432 1079 139 24 Tammerfors.
601 1079 66 20 Dessa
688 1079 68 20 kontor
770 1077 85 26 förestås

309 1114 33 19 och
363 1114 103 25 förvaltas,
489 1113 60 20 under
571 1114 177 19 bankdirektionens
762 1112 92 27 inseende,

308 1149 26 24 af
346 1155 22 13 en
382 1149 189 23 bankkommissarie,
586 1148 43 20 med
643 1148 75 20 biträde
731 1148 26 24 af
773 1153 23 14 en
812 1146 43 20 kas-

308 1185 34 18 sör
365 1183 33 20 och
420 1189 22 14 en
463 1183 184 24 kontorsskrifvare,
671 1183 58 20 denne
745 1182 30 25 på
799 1183 57 18 extra

309 1219 45 18 stat.
386 1217 36 20 Vid
436 1217 68 25 hvarje
519 1217 68 20 kontor
601 1217 60 24 finnes
676 1217 90 25 derjemte
780 1223 23 13 en
817 1216 39 19 dis-

309 1252 119 24 kontkomité,
444 1252 81 24 hvilken,
541 1252 99 20 bestående
655 1252 26 25 af
695 1251 161 20 bankkommissa-

309 1287 41 20 rien
372 1293 41 13 som
435 1287 120 24 ordförande
577 1287 32 20 och
632 1287 32 20 två
686 1286 109 23 ledamöter,
815 1291 42 18 eger

309 1321 151 20 beslutanderätt
472 1321 9 20 i
494 1322 59 23 vissa,
569 1322 8 19 i
591 1322 27 19 92
633 1323 17 23 8
663 1321 95 25 uppgifna
767 1319 88 20 ärenden.

366 1361 76 26 Hvarje
456 1361 69 21 kontor
539 1361 84 25 betjenas
638 1361 25 25 af
680 1368 22 14 en
718 1361 137 20 vaktmästare.

553 1426 17 24 $
584 1425 31 19 91.

366 1470 66 20 Dessa
446 1471 75 23 kontor,
536 1471 75 20 hvilkas
625 1471 76 25 uppgift
715 1472 25 18 är
750 1472 30 18 att
789 1470 67 20 under-
