1023 1667
780 113 27 21 59

88 182 62 16 mom.
165 176 14 22 6
194 174 89 23 anförda
301 175 53 27 skäl,
373 174 69 28 afböjt
457 174 210 28 Stadsfullmäktiges
682 175 7 21 i
704 174 132 28 Björneborg

87 210 39 22 hos
148 210 59 21 Hans
229 209 122 27 Kejserliga
372 209 102 27 Majestät
492 209 126 22 framstälda
635 209 93 27 anspråk
743 209 28 28 pä
784 209 52 27 hyra

88 244 34 22 för
136 244 39 22 den
191 243 64 27 lokal,
270 243 143 27 Björneborgs
429 243 48 21 stad
493 244 22 21 åt
529 244 99 21 Bankens
638 243 77 22 kontor
725 243 111 23 derstädes

88 278 97 28 upplåtit,
200 284 48 15 men
266 278 128 26 sedermera,
413 278 42 21 den
470 278 28 21 24
517 278 59 21 Mars
593 278 62 26 1879,
670 278 79 22 bifallit
763 278 73 22 Stads-

90 312 144 27 fullmäktiges
252 312 39 21 hos
309 311 194 28 Bankfullmäktige
522 312 77 27 gjorda
613 312 98 21 anhållan
727 314 32 20 att
772 312 64 22 fram-

89 346 66 27 deles,
170 346 48 22 från
233 346 40 22 den
289 347 10 21 1
317 346 50 22 Juni
383 346 54 22 1880
452 346 22 21 få
488 346 34 22 för
537 346 74 22 staden
627 346 96 27 uppbära
738 346 51 27 hyra
803 346 33 22 till

88 382 33 20 ett
134 380 77 28 belopp
225 380 24 22 af
262 380 43 22 800
318 380 61 22 mark
393 380 34 22 för
442 380 48 22 året
503 380 34 22 för
552 381 67 27 sagde
634 380 63 26 lokal,
720 380 54 22 dock
788 380 49 22 med

88 415 75 27 vilkor,
182 417 33 20 att
229 415 75 21 staden
318 415 49 21 med
381 414 87 22 Banken
484 415 107 21 afslutade
606 414 100 22 kontrakt
719 414 28 28 på
761 415 29 21 tio
806 415 30 21 år.

432 478 12 28 8
461 479 33 21 15.
847 468 90 35 Ätgärder
940 482 32 11 an-

311 518 5 4 s
654 519 5 3 %
844 495 62 31 gående
914 495 57 31 Direk-

155 518 116 28 Angäende
296 518 219 22 direktörsembetena
536 518 64 22 hafva
621 518 93 28 följande
737 518 100 27 ätgärder
856 523 102 39 enn

88 553 101 27 vidtagits
204 552 23 22 af
239 553 205 27 Bankfullmäktige:
848 552 37 34 ri
898 547 29 47 jön
932 547 34 47 Mar:

153 584 24 31 a)
191 588 70 22 Jemte
279 588 133 26 underdånig
430 588 113 22 skrifvelse
563 588 24 21 af
603 588 40 22 den
663 588 26 22 14
706 588 59 21 Mars
782 587 54 22 1877
848 603 19 22 a)
876 602 98 18 Direktörs-

87 622 64 22 hafva
167 622 195 27 Bankfullmäktige
380 622 34 22 till
433 622 59 22 Hans
511 622 120 28 Kejserliga
651 622 101 28 Majestät
766 621 69 22 öfver-
846 625 86 18 embeten.

88 657 80 22 lemnat
189 657 182 21 Bankdirektören
393 657 25 21 E.
440 657 134 21 Lindebäcks
597 658 92 21 ansökan
709 663 35 21 om
762 656 76 28 tjenst-

88 692 95 26 ledighet
197 692 46 21 från
258 692 41 21 den
314 692 28 21 22
357 691 43 27 Maj
415 692 34 21 till
459 692 45 21 Juli
515 692 88 22 månads
613 692 80 27 utgång
703 693 56 19 samt
767 691 71 21 tillika

88 726 111 27 föreslagit
213 728 32 19 att
259 726 186 21 Ombudsmannen
460 726 126 27 Strömberg
600 727 65 21 måtte
680 726 112 22 förordnas
806 726 32 20 att

89 761 67 21 under
170 761 58 21 tiden
244 762 31 20 ett
289 760 248 22 bankdirektörsembete
548 761 105 26 bestrida;
668 760 87 22 hvartill
765 760 73 26 nådigt

88 795 61 22 bifall
163 795 90 22 lemnats
269 795 40 21 den
324 795 28 22 25
367 795 67 27 April.

155 830 47 21 Den
218 830 27 21 22
260 829 91 27 Augusti
366 829 54 22 1877
431 829 171 23 öfverlemnades
613 830 23 21 af
644 829 194 27 Bankfullmäktige

89 864 33 21 till
141 864 59 21 Hans
219 864 122 27 Kejserliga
355 864 103 27 Majestät
473 864 183 22 Bankdirektören
671 864 23 22 P.
709 864 24 22 F.
750 864 32 21 W.
797 869 40 15 von

88 897 98 22 Hausens
204 898 125 26 omsökning
348 904 34 15 om
400 900 32 20 ett
450 898 36 22 års
503 898 136 28 förlängning
657 898 26 28 på
702 899 40 21 den
761 898 77 21 honom

90 932 40 22 den
152 932 27 23 23
201 932 91 28 Augusti
315 933 55 21 1876
388 932 7 22 i
413 932 68 22 nåder
499 933 106 27 beviljade
623 932 160 28 tjenstledighet
804 931 34 21 för

88 972 80 16 samma
185 966 39 27 tid,
238 966 93 22 hvarhos
348 966 33 22 till
399 967 149 21 vikarierande
563 967 156 21 Bankdirektör
734 966 104 26 föreslogs

87 1000 160 22 kommissarien
261 1000 36 22 vid
312 1001 99 21 kontoret
429 1002 3 20 i
445 1001 90 27 Wiborg
545 1002 25 21 E.
581 1001 126 26 Wallenius;
724 1001 39 21 och
776 1000 62 22 vardt

87 1034 74 28 nådigt
178 1035 61 21 bifall
257 1035 34 21 till
309 1035 64 21 dessa
390 1035 184 28 framställningar
589 1036 94 21 lemnadt
697 1036 41 21 den
753 1035 27 21 29
795 1035 43 21 Au-

88 1070 57 26 gusti
161 1069 62 22 1877.

155 1104 32 21 På
201 1104 74 21 derom
290 1104 62 27 gjord
367 1104 95 22 ansökan
478 1104 117 28 beviljades
611 1105 20 21 d.
646 1111 19 15 v.
675 1104 162 22 kommissarien

87 1137 118 22 Wallenius
221 1138 40 22 den
277 1138 13 21 3
305 1138 120 22 November
437 1138 53 22 1877
506 1139 95 27 ledighet
610 1138 47 22 från
667 1138 172 22 handhafvandet

86 1172 25 21 af
127 1172 91 22 berörda
236 1172 191 22 direktörsembete
445 1173 68 21 under
531 1173 30 21 tio
581 1174 72 26 dagar,
667 1175 52 19 utan
734 1175 32 19 att
780 1172 59 22 Full-

87 1206 93 27 mäktige
199 1206 54 22 dock
271 1207 80 27 ansågo
370 1207 75 27 nödigt
460 1209 32 19 att
507 1207 136 22 tillförordna
657 1208 82 20 vikarie
754 1207 34 21 för
802 1213 36 15 an-

87 1246 41 16 nan
147 1240 108 27 händelse,
270 1243 27 19 än
317 1243 31 19 att
366 1241 140 22 Direktionen
522 1242 23 21 af
558 1242 173 21 förekommande
747 1240 92 22 särskild

86 1275 116 27 anledning
216 1275 64 22 funne
295 1276 74 26 nödigt
384 1277 32 20 att
431 1276 74 22 derom
521 1276 92 22 anhålla.

155 1310 47 20 Den
220 1309 168 27 tjenstledighet,
403 1316 46 15 som
470 1310 183 22 Bankdirektören
672 1317 41 15 von
731 1310 86 21 Hausen
832 1310 7 20 i

88 1342 151 23 ofvanstående
257 1344 67 21 måtto
343 1344 92 24 erhållit,
451 1344 47 22 blef
510 1344 24 22 af
547 1344 194 28 Bankfullmäktige
756 1344 40 21 den
812 1343 28 22 26

88 1377 91 27 Augusti
198 1378 54 22 1878
271 1378 126 28 ytterligare
414 1378 101 28 förlängd
530 1379 28 27 på
573 1379 35 21 två
623 1379 107 26 månader,
745 1378 95 22 räknade

87 1411 49 22 från
150 1412 41 22 den
208 1414 9 20 1
235 1412 132 28 September,
377 1412 111 22 hvarefter
498 1413 161 22 kommissarien
670 1412 118 22 Wallenius
799 1412 41 22 den

88 1445 14 21 2
116 1445 125 28 September
255 1446 140 23 förordnades
409 1449 34 19 att
458 1446 133 23 fortfarande
606 1454 39 15 von
660 1448 99 21 Hausens
770 1446 70 22 direk-
