<?xml version="1.0" encoding="UTF-8"?>
<alto xmlns="http://www.loc.gov/standards/alto/ns-v3#" xmlns:xlink="http://www.w3.org/1999/xlink" xmlns:xsi="http://www.w3.org/2001/XMLSchema-instance" xsi:schemaLocation="http://www.loc.gov/standards/alto/ns-v3# http://www.loc.gov/alto/v3/alto-3-0.xsd">
	<Description>
		<MeasurementUnit>pixel</MeasurementUnit>
		<sourceImageInformation>
			<fileName>/tmp/tess_ft2a45so_input.PNG</fileName>
		</sourceImageInformation>
		<OCRProcessing ID="OCR_0">
			<ocrProcessingStep>
				<processingSoftware>
					<softwareName>tesseract 5.3.4</softwareName>
				</processingSoftware>
			</ocrProcessingStep>
		</OCRProcessing>
	</Description>
	<Layout>
		<Page WIDTH="1025" HEIGHT="1667" PHYSICAL_IMG_NR="0" ID="page_0">
			<PrintSpace HPOS="0" VPOS="0" WIDTH="1025" HEIGHT="1667">
				<ComposedBlock ID="cblock_0" HPOS="198" VPOS="120" WIDTH="28" HEIGHT="22">
					<TextBlock ID="block_0" HPOS="198" VPOS="120" WIDTH="28" HEIGHT="22">
						<TextLine ID="line_0" HPOS="198" VPOS="120" WIDTH="28" HEIGHT="22">
							<String ID="string_0" HPOS="198" VPOS="120" WIDTH="28" HEIGHT="22" WC="0.96" CONTENT="58"/>
						</TextLine>
					</TextBlock>
				</ComposedBlock>
				<ComposedBlock ID="cblock_1" HPOS="26" VPOS="182" WIDTH="895" HEIGHT="1296">
					<TextBlock ID="block_1" HPOS="26" VPOS="182" WIDTH="895" HEIGHT="1296">
						<TextLine ID="line_1" HPOS="170" VPOS="182" WIDTH="751" HEIGHT="29">
							<String ID="string_1" HPOS="170" VPOS="184" WIDTH="132" HEIGHT="26" WC="0.92" CONTENT="underdånig"/><SP WIDTH="24" VPOS="184" HPOS="302"/>
							<String ID="string_2" HPOS="326" VPOS="184" WIDTH="157" HEIGHT="27" WC="0.96" CONTENT="framställning"/><SP WIDTH="22" VPOS="184" HPOS="483"/>
							<String ID="string_3" HPOS="505" VPOS="184" WIDTH="7" HEIGHT="22" WC="0.96" CONTENT="i"/><SP WIDTH="23" VPOS="184" HPOS="512"/>
							<String ID="string_4" HPOS="535" VPOS="185" WIDTH="78" HEIGHT="25" WC="0.93" CONTENT="ämnet,"/><SP WIDTH="23" VPOS="185" HPOS="613"/>
							<String ID="string_5" HPOS="636" VPOS="183" WIDTH="51" HEIGHT="22" WC="0.92" CONTENT="derå"/><SP WIDTH="22" VPOS="183" HPOS="687"/>
							<String ID="string_6" HPOS="709" VPOS="182" WIDTH="92" HEIGHT="22" WC="0.95" CONTENT="berörda"/><SP WIDTH="21" VPOS="182" HPOS="801"/>
							<String ID="string_7" HPOS="822" VPOS="182" WIDTH="99" HEIGHT="22" WC="0.95" CONTENT="anhållan"/>
						</TextLine>
						<TextLine ID="line_2" HPOS="170" VPOS="216" WIDTH="750" HEIGHT="28">
							<String ID="string_8" HPOS="170" VPOS="217" WIDTH="40" HEIGHT="22" WC="0.96" CONTENT="den"/><SP WIDTH="20" VPOS="217" HPOS="210"/>
							<String ID="string_9" HPOS="230" VPOS="218" WIDTH="12" HEIGHT="21" WC="0.96" CONTENT="7"/><SP WIDTH="19" VPOS="218" HPOS="242"/>
							<String ID="string_10" HPOS="261" VPOS="217" WIDTH="120" HEIGHT="22" WC="0.96" CONTENT="November"/><SP WIDTH="17" VPOS="217" HPOS="381"/>
							<String ID="string_11" HPOS="398" VPOS="219" WIDTH="8" HEIGHT="21" WC="0.96" CONTENT="i"/><SP WIDTH="18" VPOS="219" HPOS="406"/>
							<String ID="string_12" HPOS="424" VPOS="218" WIDTH="67" HEIGHT="22" WC="0.96" CONTENT="nåder"/><SP WIDTH="14" VPOS="218" HPOS="491"/>
							<String ID="string_13" HPOS="505" VPOS="218" WIDTH="81" HEIGHT="22" WC="0.95" CONTENT="bifölls."/><SP WIDTH="29" VPOS="218" HPOS="586"/>
							<String ID="string_14" HPOS="615" VPOS="217" WIDTH="50" HEIGHT="22" WC="0.96" CONTENT="Men"/><SP WIDTH="15" VPOS="217" HPOS="665"/>
							<String ID="string_15" HPOS="680" VPOS="217" WIDTH="29" HEIGHT="22" WC="0.96" CONTENT="då"/><SP WIDTH="14" VPOS="217" HPOS="709"/>
							<String ID="string_16" HPOS="723" VPOS="217" WIDTH="144" HEIGHT="27" WC="0.94" CONTENT="Fullmäktige"/><SP WIDTH="14" VPOS="217" HPOS="867"/>
							<String ID="string_17" HPOS="881" VPOS="216" WIDTH="39" HEIGHT="22" WC="0.96" CONTENT="och"/>
						</TextLine>
						<TextLine ID="line_3" HPOS="170" VPOS="251" WIDTH="750" HEIGHT="29">
							<String ID="string_18" HPOS="170" VPOS="251" WIDTH="201" HEIGHT="28" WC="0.90" CONTENT="Bankdirektionen,"/><SP WIDTH="17" VPOS="251" HPOS="371"/>
							<String ID="string_19" HPOS="388" VPOS="252" WIDTH="73" HEIGHT="22" WC="0.96" CONTENT="hvilka"/><SP WIDTH="21" VPOS="252" HPOS="461"/>
							<String ID="string_20" HPOS="482" VPOS="253" WIDTH="33" HEIGHT="21" WC="0.96" CONTENT="till"/><SP WIDTH="23" VPOS="253" HPOS="515"/>
							<String ID="string_21" HPOS="538" VPOS="259" WIDTH="122" HEIGHT="21" WC="0.93" CONTENT="gemensam"/><SP WIDTH="21" VPOS="259" HPOS="660"/>
							<String ID="string_22" HPOS="681" VPOS="251" WIDTH="162" HEIGHT="28" WC="0.89" CONTENT="öfverläggning"/><SP WIDTH="22" VPOS="251" HPOS="843"/>
							<String ID="string_23" HPOS="865" VPOS="251" WIDTH="55" HEIGHT="22" WC="0.89" CONTENT="före-"/>
						</TextLine>
						<TextLine ID="line_4" HPOS="168" VPOS="285" WIDTH="752" HEIGHT="29">
							<String ID="string_24" HPOS="168" VPOS="285" WIDTH="55" HEIGHT="22" WC="0.96" CONTENT="hade"/><SP WIDTH="22" VPOS="285" HPOS="223"/>
							<String ID="string_25" HPOS="245" VPOS="286" WIDTH="95" HEIGHT="27" WC="0.93" CONTENT="ärendet,"/><SP WIDTH="19" VPOS="286" HPOS="340"/>
							<String ID="string_26" HPOS="359" VPOS="287" WIDTH="80" HEIGHT="27" WC="0.91" CONTENT="ansågo"/><SP WIDTH="19" VPOS="287" HPOS="439"/>
							<String ID="string_27" HPOS="458" VPOS="287" WIDTH="37" HEIGHT="22" WC="0.96" CONTENT="det"/><SP WIDTH="15" VPOS="287" HPOS="495"/>
							<String ID="string_28" HPOS="510" VPOS="293" WIDTH="52" HEIGHT="16" WC="0.93" CONTENT="vara"/><SP WIDTH="14" VPOS="293" HPOS="562"/>
							<String ID="string_29" HPOS="576" VPOS="287" WIDTH="98" HEIGHT="22" WC="0.90" CONTENT="förenadt"/><SP WIDTH="15" VPOS="287" HPOS="674"/>
							<String ID="string_30" HPOS="689" VPOS="286" WIDTH="50" HEIGHT="21" WC="0.97" CONTENT="med"/><SP WIDTH="14" VPOS="286" HPOS="739"/>
							<String ID="string_31" HPOS="753" VPOS="286" WIDTH="109" HEIGHT="21" WC="0.93" CONTENT="kännbara"/><SP WIDTH="15" VPOS="286" HPOS="862"/>
							<String ID="string_32" HPOS="877" VPOS="286" WIDTH="43" HEIGHT="21" WC="0.92" CONTENT="olä-"/>
						</TextLine>
						<TextLine ID="line_5" HPOS="168" VPOS="319" WIDTH="752" HEIGHT="29">
							<String ID="string_33" HPOS="168" VPOS="319" WIDTH="110" HEIGHT="28" WC="0.91" CONTENT="genheter,"/><SP WIDTH="22" VPOS="319" HPOS="278"/>
							<String ID="string_34" HPOS="300" VPOS="326" WIDTH="34" HEIGHT="16" WC="0.96" CONTENT="om"/><SP WIDTH="22" VPOS="326" HPOS="334"/>
							<String ID="string_35" HPOS="356" VPOS="321" WIDTH="87" HEIGHT="22" WC="0.96" CONTENT="Banken"/><SP WIDTH="22" VPOS="321" HPOS="443"/>
							<String ID="string_36" HPOS="465" VPOS="321" WIDTH="20" HEIGHT="27" WC="0.96" CONTENT="ej"/><SP WIDTH="18" VPOS="321" HPOS="485"/>
							<String ID="string_37" HPOS="503" VPOS="327" WIDTH="52" HEIGHT="16" WC="0.96" CONTENT="vore"/><SP WIDTH="18" VPOS="327" HPOS="555"/>
							<String ID="string_38" HPOS="573" VPOS="321" WIDTH="5" HEIGHT="22" WC="0.95" CONTENT="i"/><SP WIDTH="8" VPOS="321" HPOS="578"/>
							<String ID="string_39" HPOS="586" VPOS="321" WIDTH="94" HEIGHT="22" WC="0.96" CONTENT="tillfälle"/><SP WIDTH="15" VPOS="321" HPOS="680"/>
							<String ID="string_40" HPOS="695" VPOS="321" WIDTH="34" HEIGHT="20" WC="0.96" CONTENT="att"/><SP WIDTH="13" VPOS="321" HPOS="729"/>
							<String ID="string_41" HPOS="742" VPOS="320" WIDTH="36" HEIGHT="21" WC="0.93" CONTENT="vid"/><SP WIDTH="15" VPOS="320" HPOS="778"/>
							<String ID="string_42" HPOS="793" VPOS="322" WIDTH="127" HEIGHT="25" WC="0.91" CONTENT="agenturens"/>
						</TextLine>
						<TextLine ID="line_6" HPOS="168" VPOS="354" WIDTH="752" HEIGHT="28">
							<String ID="string_43" HPOS="168" VPOS="354" WIDTH="126" HEIGHT="27" WC="0.96" CONTENT="indragning"/><SP WIDTH="16" VPOS="354" HPOS="294"/>
							<String ID="string_44" HPOS="310" VPOS="357" WIDTH="69" HEIGHT="25" WC="0.96" CONTENT="öppna"/><SP WIDTH="14" VPOS="357" HPOS="379"/>
							<String ID="string_45" HPOS="393" VPOS="357" WIDTH="32" HEIGHT="20" WC="0.96" CONTENT="ett"/><SP WIDTH="14" VPOS="357" HPOS="425"/>
							<String ID="string_46" HPOS="439" VPOS="355" WIDTH="76" HEIGHT="22" WC="0.96" CONTENT="kontor"/><SP WIDTH="19" VPOS="355" HPOS="515"/>
							<String ID="string_47" HPOS="534" VPOS="355" WIDTH="4" HEIGHT="22" WC="0.96" CONTENT="i"/><SP WIDTH="15" VPOS="355" HPOS="538"/>
							<String ID="string_48" HPOS="553" VPOS="355" WIDTH="151" HEIGHT="26" WC="0.93" CONTENT="Tammerfors,"/><SP WIDTH="16" VPOS="355" HPOS="704"/>
							<String ID="string_49" HPOS="720" VPOS="355" WIDTH="79" HEIGHT="26" WC="0.90" CONTENT="ansågo"/><SP WIDTH="16" VPOS="355" HPOS="799"/>
							<String ID="string_50" HPOS="815" VPOS="355" WIDTH="32" HEIGHT="26" WC="0.93" CONTENT="sig"/><SP WIDTH="15" VPOS="355" HPOS="847"/>
							<String ID="string_51" HPOS="862" VPOS="355" WIDTH="58" HEIGHT="21" WC="0.90" CONTENT="Full-"/>
						</TextLine>
						<TextLine ID="line_7" HPOS="168" VPOS="388" WIDTH="752" HEIGHT="28">
							<String ID="string_52" HPOS="168" VPOS="388" WIDTH="94" HEIGHT="27" WC="0.96" CONTENT="mäktige"/><SP WIDTH="15" VPOS="388" HPOS="262"/>
							<String ID="string_53" HPOS="277" VPOS="389" WIDTH="59" HEIGHT="27" WC="0.95" CONTENT="böra,"/><SP WIDTH="15" VPOS="389" HPOS="336"/>
							<String ID="string_54" HPOS="351" VPOS="390" WIDTH="68" HEIGHT="21" WC="0.93" CONTENT="ehuru"/><SP WIDTH="14" VPOS="390" HPOS="419"/>
							<String ID="string_55" HPOS="433" VPOS="389" WIDTH="131" HEIGHT="23" WC="0.91" CONTENT="Ständernas"/><SP WIDTH="16" VPOS="389" HPOS="564"/>
							<String ID="string_56" HPOS="580" VPOS="390" WIDTH="70" HEIGHT="21" WC="0.96" CONTENT="beslut"/><SP WIDTH="14" VPOS="390" HPOS="650"/>
							<String ID="string_57" HPOS="664" VPOS="389" WIDTH="7" HEIGHT="22" WC="0.93" CONTENT="i"/><SP WIDTH="16" VPOS="389" HPOS="671"/>
							<String ID="string_58" HPOS="687" VPOS="388" WIDTH="140" HEIGHT="22" WC="0.92" CONTENT="förenämnda"/><SP WIDTH="14" VPOS="388" HPOS="827"/>
							<String ID="string_59" HPOS="841" VPOS="389" WIDTH="79" HEIGHT="21" WC="0.96" CONTENT="ärende"/>
						</TextLine>
						<TextLine ID="line_8" HPOS="167" VPOS="422" WIDTH="754" HEIGHT="29">
							<String ID="string_60" HPOS="167" VPOS="422" WIDTH="47" HEIGHT="22" WC="0.96" CONTENT="icke"/><SP WIDTH="15" VPOS="422" HPOS="214"/>
							<String ID="string_61" HPOS="229" VPOS="429" WIDTH="39" HEIGHT="16" WC="0.96" CONTENT="var"/><SP WIDTH="14" VPOS="429" HPOS="268"/>
							<String ID="string_62" HPOS="282" VPOS="423" WIDTH="143" HEIGHT="28" WC="0.96" CONTENT="Fullmäktige"/><SP WIDTH="14" VPOS="423" HPOS="425"/>
							<String ID="string_63" HPOS="439" VPOS="424" WIDTH="86" HEIGHT="27" WC="0.96" CONTENT="bekant,"/><SP WIDTH="19" VPOS="424" HPOS="525"/>
							<String ID="string_64" HPOS="544" VPOS="424" WIDTH="39" HEIGHT="21" WC="0.96" CONTENT="hos"/><SP WIDTH="19" VPOS="424" HPOS="583"/>
							<String ID="string_65" HPOS="602" VPOS="424" WIDTH="58" HEIGHT="21" WC="0.96" CONTENT="Hans"/><SP WIDTH="18" VPOS="424" HPOS="660"/>
							<String ID="string_66" HPOS="678" VPOS="423" WIDTH="123" HEIGHT="27" WC="0.96" CONTENT="Kejserliga"/><SP WIDTH="19" VPOS="423" HPOS="801"/>
							<String ID="string_67" HPOS="820" VPOS="422" WIDTH="101" HEIGHT="28" WC="0.96" CONTENT="Majestät"/>
						</TextLine>
						<TextLine ID="line_9" HPOS="167" VPOS="457" WIDTH="753" HEIGHT="28">
							<String ID="string_68" HPOS="167" VPOS="457" WIDTH="154" HEIGHT="28" WC="0.92" CONTENT="underdånigst"/><SP WIDTH="14" VPOS="457" HPOS="321"/>
							<String ID="string_69" HPOS="335" VPOS="458" WIDTH="119" HEIGHT="27" WC="0.91" CONTENT="hemställa,"/><SP WIDTH="19" VPOS="458" HPOS="454"/>
							<String ID="string_70" HPOS="473" VPOS="460" WIDTH="32" HEIGHT="20" WC="0.96" CONTENT="att"/><SP WIDTH="19" VPOS="460" HPOS="505"/>
							<String ID="string_71" HPOS="524" VPOS="460" WIDTH="31" HEIGHT="20" WC="0.96" CONTENT="ett"/><SP WIDTH="14" VPOS="460" HPOS="555"/>
							<String ID="string_72" HPOS="569" VPOS="459" WIDTH="101" HEIGHT="20" WC="0.96" CONTENT="Finlands"/><SP WIDTH="16" VPOS="459" HPOS="670"/>
							<String ID="string_73" HPOS="686" VPOS="457" WIDTH="61" HEIGHT="22" WC="0.96" CONTENT="Bank"/><SP WIDTH="15" VPOS="457" HPOS="747"/>
							<String ID="string_74" HPOS="762" VPOS="457" WIDTH="158" HEIGHT="28" WC="0.96" CONTENT="underlydande"/>
						</TextLine>
						<TextLine ID="line_10" HPOS="167" VPOS="491" WIDTH="752" HEIGHT="29">
							<String ID="string_75" HPOS="167" VPOS="491" WIDTH="77" HEIGHT="22" WC="0.96" CONTENT="kontor"/><SP WIDTH="19" VPOS="491" HPOS="244"/>
							<String ID="string_76" HPOS="263" VPOS="492" WIDTH="47" HEIGHT="21" WC="0.96" CONTENT="med"/><SP WIDTH="19" VPOS="492" HPOS="310"/>
							<String ID="string_77" HPOS="329" VPOS="493" WIDTH="111" HEIGHT="21" WC="0.96" CONTENT="enahanda"/><SP WIDTH="14" VPOS="493" HPOS="440"/>
							<String ID="string_78" HPOS="454" VPOS="493" WIDTH="91" HEIGHT="27" WC="0.96" CONTENT="uppgift,"/><SP WIDTH="16" VPOS="493" HPOS="545"/>
							<String ID="string_79" HPOS="561" VPOS="493" WIDTH="138" HEIGHT="21" WC="0.93" CONTENT="verksamhet"/><SP WIDTH="15" VPOS="493" HPOS="699"/>
							<String ID="string_80" HPOS="714" VPOS="491" WIDTH="41" HEIGHT="22" WC="0.89" CONTENT="oeh"/><SP WIDTH="15" VPOS="491" HPOS="755"/>
							<String ID="string_81" HPOS="770" VPOS="491" WIDTH="149" HEIGHT="28" WC="0.96" CONTENT="organisation,"/>
						</TextLine>
						<TextLine ID="line_11" HPOS="168" VPOS="525" WIDTH="752" HEIGHT="28">
							<String ID="string_82" HPOS="168" VPOS="531" WIDTH="45" HEIGHT="16" WC="0.96" CONTENT="som"/><SP WIDTH="22" VPOS="531" HPOS="213"/>
							<String ID="string_83" HPOS="235" VPOS="525" WIDTH="34" HEIGHT="22" WC="0.96" CONTENT="för"/><SP WIDTH="21" VPOS="525" HPOS="269"/>
							<String ID="string_84" HPOS="290" VPOS="526" WIDTH="99" HEIGHT="22" WC="0.96" CONTENT="Bankens"/><SP WIDTH="19" VPOS="526" HPOS="389"/>
							<String ID="string_85" HPOS="408" VPOS="527" WIDTH="78" HEIGHT="22" WC="0.95" CONTENT="kontor"/><SP WIDTH="17" VPOS="527" HPOS="486"/>
							<String ID="string_86" HPOS="503" VPOS="527" WIDTH="7" HEIGHT="21" WC="0.96" CONTENT="i"/><SP WIDTH="16" VPOS="527" HPOS="510"/>
							<String ID="string_87" HPOS="526" VPOS="527" WIDTH="124" HEIGHT="22" WC="0.96" CONTENT="landsorten"/><SP WIDTH="15" VPOS="527" HPOS="650"/>
							<String ID="string_88" HPOS="665" VPOS="532" WIDTH="52" HEIGHT="16" WC="0.96" CONTENT="vore"/><SP WIDTH="15" VPOS="532" HPOS="717"/>
							<String ID="string_89" HPOS="732" VPOS="526" WIDTH="117" HEIGHT="27" WC="0.94" CONTENT="bestämda,"/><SP WIDTH="16" VPOS="526" HPOS="849"/>
							<String ID="string_90" HPOS="865" VPOS="527" WIDTH="55" HEIGHT="20" WC="0.96" CONTENT="samt"/>
						</TextLine>
						<TextLine ID="line_12" HPOS="167" VPOS="560" WIDTH="754" HEIGHT="29">
							<String ID="string_91" HPOS="167" VPOS="560" WIDTH="49" HEIGHT="21" WC="0.96" CONTENT="med"/><SP WIDTH="22" VPOS="560" HPOS="216"/>
							<String ID="string_92" HPOS="238" VPOS="561" WIDTH="40" HEIGHT="21" WC="0.93" CONTENT="den"/><SP WIDTH="20" VPOS="561" HPOS="278"/>
							<String ID="string_93" HPOS="298" VPOS="563" WIDTH="114" HEIGHT="24" WC="0.91" CONTENT="stat,.som"/><SP WIDTH="16" VPOS="563" HPOS="412"/>
							<String ID="string_94" HPOS="428" VPOS="561" WIDTH="7" HEIGHT="22" WC="0.96" CONTENT="i"/><SP WIDTH="16" VPOS="561" HPOS="435"/>
							<String ID="string_95" HPOS="451" VPOS="562" WIDTH="114" HEIGHT="27" WC="0.95" CONTENT="anledning"/><SP WIDTH="15" VPOS="562" HPOS="565"/>
							<String ID="string_96" HPOS="580" VPOS="561" WIDTH="24" HEIGHT="22" WC="0.93" CONTENT="af"/><SP WIDTH="14" VPOS="561" HPOS="604"/>
							<String ID="string_97" HPOS="618" VPOS="561" WIDTH="131" HEIGHT="22" WC="0.90" CONTENT="Ständernas"/><SP WIDTH="16" VPOS="561" HPOS="749"/>
							<String ID="string_98" HPOS="765" VPOS="560" WIDTH="156" HEIGHT="27" WC="0.91" CONTENT="ofvanantydda"/>
						</TextLine>
						<TextLine ID="line_13" HPOS="166" VPOS="594" WIDTH="754" HEIGHT="23">
							<String ID="string_99" HPOS="166" VPOS="594" WIDTH="70" HEIGHT="21" WC="0.95" CONTENT="beslut"/><SP WIDTH="22" VPOS="594" HPOS="236"/>
							<String ID="string_100" HPOS="258" VPOS="595" WIDTH="70" HEIGHT="21" WC="0.93" CONTENT="kunde"/><SP WIDTH="21" VPOS="595" HPOS="328"/>
							<String ID="string_101" HPOS="349" VPOS="595" WIDTH="67" HEIGHT="22" WC="0.92" CONTENT="varda"/><SP WIDTH="22" VPOS="595" HPOS="416"/>
							<String ID="string_102" HPOS="438" VPOS="596" WIDTH="7" HEIGHT="21" WC="0.96" CONTENT="i"/><SP WIDTH="19" VPOS="596" HPOS="445"/>
							<String ID="string_103" HPOS="464" VPOS="596" WIDTH="67" HEIGHT="21" WC="0.93" CONTENT="nåder"/><SP WIDTH="18" VPOS="596" HPOS="531"/>
							<String ID="string_104" HPOS="549" VPOS="595" WIDTH="101" HEIGHT="22" WC="0.92" CONTENT="faststäld"/><SP WIDTH="22" VPOS="595" HPOS="650"/>
							<String ID="string_105" HPOS="672" VPOS="595" WIDTH="35" HEIGHT="22" WC="0.96" CONTENT="för"/><SP WIDTH="18" VPOS="595" HPOS="707"/>
							<String ID="string_106" HPOS="725" VPOS="594" WIDTH="98" HEIGHT="22" WC="0.96" CONTENT="Bankens"/><SP WIDTH="15" VPOS="594" HPOS="823"/>
							<String ID="string_107" HPOS="838" VPOS="595" WIDTH="82" HEIGHT="20" WC="0.94" CONTENT="mindre"/>
						</TextLine>
						<TextLine ID="line_14" HPOS="165" VPOS="628" WIDTH="755" HEIGHT="28">
							<String ID="string_108" HPOS="165" VPOS="628" WIDTH="84" HEIGHT="27" WC="0.96" CONTENT="kontor,"/><SP WIDTH="18" VPOS="628" HPOS="249"/>
							<String ID="string_109" HPOS="267" VPOS="628" WIDTH="57" HEIGHT="28" WC="0.96" CONTENT="finge"/><SP WIDTH="18" VPOS="628" HPOS="324"/>
							<String ID="string_110" HPOS="342" VPOS="629" WIDTH="7" HEIGHT="21" WC="0.96" CONTENT="i"/><SP WIDTH="15" VPOS="629" HPOS="349"/>
							<String ID="string_111" HPOS="364" VPOS="629" WIDTH="143" HEIGHT="23" WC="0.96" CONTENT="Tammerfors"/><SP WIDTH="16" VPOS="629" HPOS="507"/>
							<String ID="string_112" HPOS="523" VPOS="630" WIDTH="48" HEIGHT="21" WC="0.96" CONTENT="stad"/><SP WIDTH="15" VPOS="630" HPOS="571"/>
							<String ID="string_113" HPOS="586" VPOS="630" WIDTH="90" HEIGHT="21" WC="0.96" CONTENT="inrättas"/><SP WIDTH="17" VPOS="630" HPOS="676"/>
							<String ID="string_114" HPOS="693" VPOS="628" WIDTH="40" HEIGHT="22" WC="0.96" CONTENT="och"/><SP WIDTH="15" VPOS="628" HPOS="733"/>
							<String ID="string_115" HPOS="748" VPOS="628" WIDTH="41" HEIGHT="22" WC="0.97" CONTENT="den"/><SP WIDTH="15" VPOS="628" HPOS="789"/>
							<String ID="string_116" HPOS="804" VPOS="629" WIDTH="13" HEIGHT="21" WC="0.95" CONTENT="2"/><SP WIDTH="14" VPOS="629" HPOS="817"/>
							<String ID="string_117" HPOS="831" VPOS="628" WIDTH="89" HEIGHT="22" WC="0.95" CONTENT="Januari"/>
						</TextLine>
						<TextLine ID="line_15" HPOS="166" VPOS="662" WIDTH="754" HEIGHT="29">
							<String ID="string_118" HPOS="166" VPOS="662" WIDTH="55" HEIGHT="22" WC="0.96" CONTENT="1878"/><SP WIDTH="22" VPOS="662" HPOS="221"/>
							<String ID="string_119" HPOS="243" VPOS="663" WIDTH="63" HEIGHT="21" WC="0.96" CONTENT="träda"/><SP WIDTH="22" VPOS="663" HPOS="306"/>
							<String ID="string_120" HPOS="328" VPOS="664" WIDTH="7" HEIGHT="21" WC="0.96" CONTENT="i"/><SP WIDTH="18" VPOS="664" HPOS="335"/>
							<String ID="string_121" HPOS="353" VPOS="664" WIDTH="142" HEIGHT="27" WC="0.96" CONTENT="verksamhet,"/><SP WIDTH="20" VPOS="664" HPOS="495"/>
							<String ID="string_122" HPOS="515" VPOS="666" WIDTH="56" HEIGHT="20" WC="0.96" CONTENT="samt"/><SP WIDTH="19" VPOS="666" HPOS="571"/>
							<String ID="string_123" HPOS="590" VPOS="665" WIDTH="32" HEIGHT="21" WC="0.96" CONTENT="att"/><SP WIDTH="14" VPOS="665" HPOS="622"/>
							<String ID="string_124" HPOS="636" VPOS="662" WIDTH="145" HEIGHT="28" WC="0.95" CONTENT="Fullmäktige"/><SP WIDTH="15" VPOS="662" HPOS="781"/>
							<String ID="string_125" HPOS="796" VPOS="662" WIDTH="69" HEIGHT="22" WC="0.93" CONTENT="skulle"/><SP WIDTH="15" VPOS="662" HPOS="865"/>
							<String ID="string_126" HPOS="880" VPOS="668" WIDTH="40" HEIGHT="21" WC="0.92" CONTENT="ega"/>
						</TextLine>
						<TextLine ID="line_16" HPOS="165" VPOS="697" WIDTH="754" HEIGHT="29">
							<String ID="string_127" HPOS="165" VPOS="698" WIDTH="37" HEIGHT="25" WC="0.96" CONTENT="att,"/><SP WIDTH="16" VPOS="698" HPOS="202"/>
							<String ID="string_128" HPOS="218" VPOS="697" WIDTH="119" HEIGHT="23" WC="0.96" CONTENT="tillsvidare"/><SP WIDTH="15" VPOS="697" HPOS="337"/>
							<String ID="string_129" HPOS="352" VPOS="698" WIDTH="101" HEIGHT="22" WC="0.96" CONTENT="förordna"/><SP WIDTH="15" VPOS="698" HPOS="453"/>
							<String ID="string_130" HPOS="468" VPOS="699" WIDTH="87" HEIGHT="27" WC="0.96" CONTENT="lämplig"/><SP WIDTH="14" VPOS="699" HPOS="555"/>
							<String ID="string_131" HPOS="569" VPOS="704" WIDTH="79" HEIGHT="22" WC="0.96" CONTENT="person"/><SP WIDTH="14" VPOS="704" HPOS="648"/>
							<String ID="string_132" HPOS="662" VPOS="699" WIDTH="33" HEIGHT="21" WC="0.96" CONTENT="att"/><SP WIDTH="15" VPOS="699" HPOS="695"/>
							<String ID="string_133" HPOS="710" VPOS="697" WIDTH="95" HEIGHT="21" WC="0.93" CONTENT="bestrida"/><SP WIDTH="14" VPOS="697" HPOS="805"/>
							<String ID="string_134" HPOS="819" VPOS="697" WIDTH="100" HEIGHT="21" WC="0.93" CONTENT="kommis-"/>
						</TextLine>
						<TextLine ID="line_17" HPOS="165" VPOS="730" WIDTH="754" HEIGHT="30">
							<String ID="string_135" HPOS="165" VPOS="731" WIDTH="150" HEIGHT="27" WC="0.91" CONTENT="sarietjensten"/><SP WIDTH="19" VPOS="731" HPOS="315"/>
							<String ID="string_136" HPOS="334" VPOS="732" WIDTH="39" HEIGHT="22" WC="0.96" CONTENT="och"/><SP WIDTH="19" VPOS="732" HPOS="373"/>
							<String ID="string_137" HPOS="392" VPOS="733" WIDTH="119" HEIGHT="21" WC="0.95" CONTENT="bestämma"/><SP WIDTH="14" VPOS="733" HPOS="511"/>
							<String ID="string_138" HPOS="525" VPOS="732" WIDTH="142" HEIGHT="28" WC="0.95" CONTENT="erforderliga"/><SP WIDTH="15" VPOS="732" HPOS="667"/>
							<String ID="string_139" HPOS="682" VPOS="732" WIDTH="101" HEIGHT="21" WC="0.93" CONTENT="arvoden."/><SP WIDTH="30" VPOS="732" HPOS="783"/>
							<String ID="string_140" HPOS="813" VPOS="730" WIDTH="46" HEIGHT="22" WC="0.96" CONTENT="Och"/><SP WIDTH="14" VPOS="730" HPOS="859"/>
							<String ID="string_141" HPOS="873" VPOS="737" WIDTH="46" HEIGHT="15" WC="0.96" CONTENT="som"/>
						</TextLine>
						<TextLine ID="line_18" HPOS="164" VPOS="765" WIDTH="755" HEIGHT="28">
							<String ID="string_142" HPOS="164" VPOS="765" WIDTH="75" HEIGHT="28" WC="0.96" CONTENT="nådigt"/><SP WIDTH="14" VPOS="765" HPOS="239"/>
							<String ID="string_143" HPOS="253" VPOS="766" WIDTH="61" HEIGHT="22" WC="0.96" CONTENT="bifall"/><SP WIDTH="14" VPOS="766" HPOS="314"/>
							<String ID="string_144" HPOS="328" VPOS="766" WIDTH="75" HEIGHT="22" WC="0.93" CONTENT="härtill"/><SP WIDTH="16" VPOS="766" HPOS="403"/>
							<String ID="string_145" HPOS="419" VPOS="767" WIDTH="109" HEIGHT="22" WC="0.92" CONTENT="lemnades"/><SP WIDTH="16" VPOS="767" HPOS="528"/>
							<String ID="string_146" HPOS="544" VPOS="768" WIDTH="40" HEIGHT="20" WC="0.96" CONTENT="den"/><SP WIDTH="16" VPOS="768" HPOS="584"/>
							<String ID="string_147" HPOS="600" VPOS="768" WIDTH="27" HEIGHT="20" WC="0.96" CONTENT="27"/><SP WIDTH="15" VPOS="768" HPOS="627"/>
							<String ID="string_148" HPOS="642" VPOS="766" WIDTH="127" HEIGHT="26" WC="0.93" CONTENT="December,"/><SP WIDTH="15" VPOS="766" HPOS="769"/>
							<String ID="string_149" HPOS="784" VPOS="766" WIDTH="97" HEIGHT="26" WC="0.91" CONTENT="vidtogos"/><SP WIDTH="12" VPOS="766" HPOS="881"/>
							<String ID="string_150" HPOS="893" VPOS="765" WIDTH="26" HEIGHT="21" WC="0.96" CONTENT="de"/>
						</TextLine>
						<TextLine ID="line_19" HPOS="164" VPOS="799" WIDTH="755" HEIGHT="29">
							<String ID="string_151" HPOS="164" VPOS="800" WIDTH="13" HEIGHT="21" WC="0.93" CONTENT="å"/><SP WIDTH="21" VPOS="800" HPOS="177"/>
							<String ID="string_152" HPOS="198" VPOS="800" WIDTH="144" HEIGHT="28" WC="0.96" CONTENT="Fullmäktige"/><SP WIDTH="23" VPOS="800" HPOS="342"/>
							<String ID="string_153" HPOS="365" VPOS="801" WIDTH="155" HEIGHT="22" WC="0.96" CONTENT="ankommande"/><SP WIDTH="22" VPOS="801" HPOS="520"/>
							<String ID="string_154" HPOS="542" VPOS="801" WIDTH="129" HEIGHT="27" WC="0.96" CONTENT="åtgärderna"/><SP WIDTH="22" VPOS="801" HPOS="671"/>
							<String ID="string_155" HPOS="693" VPOS="800" WIDTH="43" HEIGHT="21" WC="0.96" CONTENT="den"/><SP WIDTH="22" VPOS="800" HPOS="736"/>
							<String ID="string_156" HPOS="758" VPOS="800" WIDTH="27" HEIGHT="22" WC="0.96" CONTENT="29"/><SP WIDTH="20" VPOS="800" HPOS="785"/>
							<String ID="string_157" HPOS="805" VPOS="800" WIDTH="38" HEIGHT="21" WC="0.96" CONTENT="och"/><SP WIDTH="22" VPOS="800" HPOS="843"/>
							<String ID="string_158" HPOS="865" VPOS="800" WIDTH="26" HEIGHT="20" WC="0.95" CONTENT="31"/><SP WIDTH="21" VPOS="800" HPOS="891"/>
							<String ID="string_159" HPOS="912" VPOS="799" WIDTH="7" HEIGHT="21" WC="0.95" CONTENT="i"/>
						</TextLine>
						<TextLine ID="line_20" HPOS="164" VPOS="833" WIDTH="757" HEIGHT="30">
							<String ID="string_160" HPOS="164" VPOS="840" WIDTH="82" HEIGHT="16" WC="0.95" CONTENT="samma"/><SP WIDTH="19" VPOS="840" HPOS="246"/>
							<String ID="string_161" HPOS="265" VPOS="835" WIDTH="83" HEIGHT="27" WC="0.96" CONTENT="månad,"/><SP WIDTH="17" VPOS="835" HPOS="348"/>
							<String ID="string_162" HPOS="365" VPOS="835" WIDTH="27" HEIGHT="21" WC="0.96" CONTENT="då"/><SP WIDTH="14" VPOS="835" HPOS="392"/>
							<String ID="string_163" HPOS="406" VPOS="836" WIDTH="62" HEIGHT="21" WC="0.96" CONTENT="äfven"/><SP WIDTH="17" VPOS="836" HPOS="468"/>
							<String ID="string_164" HPOS="485" VPOS="837" WIDTH="31" HEIGHT="20" WC="0.93" CONTENT="ett"/><SP WIDTH="14" VPOS="837" HPOS="516"/>
							<String ID="string_165" HPOS="530" VPOS="836" WIDTH="73" HEIGHT="27" WC="0.92" CONTENT="gjordt"/><SP WIDTH="14" VPOS="836" HPOS="603"/>
							<String ID="string_166" HPOS="617" VPOS="835" WIDTH="71" HEIGHT="22" WC="0.96" CONTENT="anbud"/><SP WIDTH="17" VPOS="835" HPOS="688"/>
							<String ID="string_167" HPOS="705" VPOS="840" WIDTH="34" HEIGHT="15" WC="0.96" CONTENT="om"/><SP WIDTH="15" VPOS="840" HPOS="739"/>
							<String ID="string_168" HPOS="754" VPOS="833" WIDTH="129" HEIGHT="28" WC="0.96" CONTENT="upplåtande"/><SP WIDTH="14" VPOS="833" HPOS="883"/>
							<String ID="string_169" HPOS="897" VPOS="833" WIDTH="24" HEIGHT="21" WC="0.96" CONTENT="af"/>
						</TextLine>
						<TextLine ID="line_21" HPOS="163" VPOS="868" WIDTH="755" HEIGHT="26">
							<String ID="string_170" HPOS="163" VPOS="869" WIDTH="59" HEIGHT="21" WC="0.96" CONTENT="lokal"/><SP WIDTH="18" VPOS="869" HPOS="222"/>
							<String ID="string_171" HPOS="240" VPOS="869" WIDTH="34" HEIGHT="21" WC="0.96" CONTENT="för"/><SP WIDTH="20" VPOS="869" HPOS="274"/>
							<String ID="string_172" HPOS="294" VPOS="870" WIDTH="36" HEIGHT="20" WC="0.93" CONTENT="det"/><SP WIDTH="17" VPOS="870" HPOS="330"/>
							<String ID="string_173" HPOS="347" VPOS="869" WIDTH="109" HEIGHT="22" WC="0.91" CONTENT="blifvande"/><SP WIDTH="18" VPOS="869" HPOS="456"/>
							<String ID="string_174" HPOS="474" VPOS="870" WIDTH="100" HEIGHT="21" WC="0.96" CONTENT="kontoret"/><SP WIDTH="19" VPOS="870" HPOS="574"/>
							<String ID="string_175" HPOS="593" VPOS="869" WIDTH="24" HEIGHT="22" WC="0.96" CONTENT="af"/><SP WIDTH="12" VPOS="869" HPOS="617"/>
							<String ID="string_176" HPOS="629" VPOS="868" WIDTH="144" HEIGHT="26" WC="0.94" CONTENT="Fullmäktige"/><SP WIDTH="16" VPOS="868" HPOS="773"/>
							<String ID="string_177" HPOS="789" VPOS="868" WIDTH="129" HEIGHT="26" WC="0.96" CONTENT="godkändes,"/>
						</TextLine>
						<TextLine ID="line_22" HPOS="163" VPOS="901" WIDTH="756" HEIGHT="30">
							<String ID="string_178" HPOS="163" VPOS="903" WIDTH="110" HEIGHT="22" WC="0.96" CONTENT="hvarefter"/><SP WIDTH="14" VPOS="903" HPOS="273"/>
							<String ID="string_179" HPOS="287" VPOS="904" WIDTH="144" HEIGHT="27" WC="0.95" CONTENT="Fullmäktige"/><SP WIDTH="16" VPOS="904" HPOS="431"/>
							<String ID="string_180" HPOS="447" VPOS="904" WIDTH="41" HEIGHT="22" WC="0.96" CONTENT="den"/><SP WIDTH="15" VPOS="904" HPOS="488"/>
							<String ID="string_181" HPOS="503" VPOS="904" WIDTH="13" HEIGHT="20" WC="0.96" CONTENT="4"/><SP WIDTH="14" VPOS="904" HPOS="516"/>
							<String ID="string_182" HPOS="530" VPOS="904" WIDTH="90" HEIGHT="22" WC="0.96" CONTENT="Januari"/><SP WIDTH="13" VPOS="904" HPOS="620"/>
							<String ID="string_183" HPOS="633" VPOS="904" WIDTH="54" HEIGHT="21" WC="0.96" CONTENT="1878"/><SP WIDTH="12" VPOS="904" HPOS="687"/>
							<String ID="string_184" HPOS="699" VPOS="902" WIDTH="127" HEIGHT="22" WC="0.93" CONTENT="meddelade"/><SP WIDTH="10" VPOS="902" HPOS="826"/>
							<String ID="string_185" HPOS="836" VPOS="901" WIDTH="83" HEIGHT="22" WC="0.92" CONTENT="förord-"/>
						</TextLine>
						<TextLine ID="line_23" HPOS="164" VPOS="936" WIDTH="754" HEIGHT="30">
							<String ID="string_186" HPOS="164" VPOS="938" WIDTH="69" HEIGHT="22" WC="0.96" CONTENT="nande"/><SP WIDTH="15" VPOS="938" HPOS="233"/>
							<String ID="string_187" HPOS="248" VPOS="944" WIDTH="35" HEIGHT="15" WC="0.92" CONTENT="om"/><SP WIDTH="15" VPOS="944" HPOS="283"/>
							<String ID="string_188" HPOS="298" VPOS="938" WIDTH="121" HEIGHT="22" WC="0.92" CONTENT="afslutande"/><SP WIDTH="16" VPOS="938" HPOS="419"/>
							<String ID="string_189" HPOS="435" VPOS="938" WIDTH="24" HEIGHT="22" WC="0.96" CONTENT="af"/><SP WIDTH="12" VPOS="938" HPOS="459"/>
							<String ID="string_190" HPOS="471" VPOS="938" WIDTH="101" HEIGHT="22" WC="0.95" CONTENT="kontrakt"/><SP WIDTH="15" VPOS="938" HPOS="572"/>
							<String ID="string_191" HPOS="587" VPOS="938" WIDTH="28" HEIGHT="28" WC="0.96" CONTENT="på"/><SP WIDTH="14" VPOS="938" HPOS="615"/>
							<String ID="string_192" HPOS="629" VPOS="938" WIDTH="43" HEIGHT="22" WC="0.96" CONTENT="fem"/><SP WIDTH="15" VPOS="938" HPOS="672"/>
							<String ID="string_193" HPOS="687" VPOS="937" WIDTH="26" HEIGHT="21" WC="0.96" CONTENT="år"/><SP WIDTH="16" VPOS="937" HPOS="713"/>
							<String ID="string_194" HPOS="729" VPOS="936" WIDTH="108" HEIGHT="28" WC="0.96" CONTENT="angående"/><SP WIDTH="16" VPOS="936" HPOS="837"/>
							<String ID="string_195" HPOS="853" VPOS="936" WIDTH="65" HEIGHT="21" WC="0.96" CONTENT="sådan"/>
						</TextLine>
						<TextLine ID="line_24" HPOS="163" VPOS="972" WIDTH="65" HEIGHT="21">
							<String ID="string_196" HPOS="163" VPOS="972" WIDTH="65" HEIGHT="21" WC="0.94" CONTENT="lokal."/>
						</TextLine>
						<TextLine ID="line_25" HPOS="26" VPOS="997" WIDTH="893" HEIGHT="55">
							<String ID="string_197" HPOS="26" VPOS="1008" WIDTH="18" HEIGHT="21" WC="0.91" CONTENT="d)"/><SP WIDTH="22" VPOS="1008" HPOS="44"/>
							<String ID="string_198" HPOS="66" VPOS="997" WIDTH="91" HEIGHT="55" WC="0.96" CONTENT="Åtgärder"/><SP WIDTH="75" VPOS="997" HPOS="157"/>
							<String ID="string_199" HPOS="232" VPOS="1006" WIDTH="25" HEIGHT="28" WC="0.91" CONTENT="d)"/><SP WIDTH="22" VPOS="1006" HPOS="257"/>
							<String ID="string_200" HPOS="279" VPOS="1006" WIDTH="116" HEIGHT="27" WC="0.96" CONTENT="Angående"/><SP WIDTH="22" VPOS="1006" HPOS="395"/>
							<String ID="string_201" HPOS="417" VPOS="1006" WIDTH="70" HEIGHT="28" WC="0.96" CONTENT="öfriga"/><SP WIDTH="21" VPOS="1006" HPOS="487"/>
							<String ID="string_202" HPOS="508" VPOS="1006" WIDTH="172" HEIGHT="22" WC="0.95" CONTENT="kontorslokaler"/><SP WIDTH="19" VPOS="1006" HPOS="680"/>
							<String ID="string_203" HPOS="699" VPOS="1004" WIDTH="66" HEIGHT="22" WC="0.96" CONTENT="hafva"/><SP WIDTH="14" VPOS="1004" HPOS="765"/>
							<String ID="string_204" HPOS="779" VPOS="1004" WIDTH="94" HEIGHT="27" WC="0.93" CONTENT="följande"/><SP WIDTH="14" VPOS="1004" HPOS="873"/>
							<String ID="string_205" HPOS="887" VPOS="1004" WIDTH="32" HEIGHT="21" WC="0.91" CONTENT="åt-"/>
						</TextLine>
						<TextLine ID="line_26" HPOS="31" VPOS="1030" WIDTH="888" HEIGHT="41">
							<String ID="string_206" HPOS="31" VPOS="1036" WIDTH="41" HEIGHT="34" WC="0.26" CONTENT="an:"/><SP WIDTH="19" VPOS="1036" HPOS="72"/>
							<String ID="string_207" HPOS="91" VPOS="1030" WIDTH="53" HEIGHT="41" WC="0.44" CONTENT="OMS"/><SP WIDTH="17" VPOS="1030" HPOS="144"/>
							<String ID="string_208" HPOS="161" VPOS="1040" WIDTH="81" HEIGHT="27" WC="0.96" CONTENT="gärder"/><SP WIDTH="17" VPOS="1040" HPOS="242"/>
							<String ID="string_209" HPOS="259" VPOS="1040" WIDTH="137" HEIGHT="22" WC="0.92" CONTENT="förekommit"/><SP WIDTH="17" VPOS="1040" HPOS="396"/>
							<String ID="string_210" HPOS="413" VPOS="1041" WIDTH="116" HEIGHT="27" WC="0.92" CONTENT="nemligen:"/><SP WIDTH="28" VPOS="1041" HPOS="529"/>
							<String ID="string_211" HPOS="557" VPOS="1042" WIDTH="41" HEIGHT="24" WC="0.92" CONTENT="1:0)"/><SP WIDTH="19" VPOS="1042" HPOS="598"/>
							<String ID="string_212" HPOS="617" VPOS="1042" WIDTH="32" HEIGHT="19" WC="0.96" CONTENT="att"/><SP WIDTH="17" VPOS="1042" HPOS="649"/>
							<String ID="string_213" HPOS="666" VPOS="1039" WIDTH="146" HEIGHT="26" WC="0.96" CONTENT="Fullmäktige"/><SP WIDTH="19" VPOS="1039" HPOS="812"/>
							<String ID="string_214" HPOS="831" VPOS="1038" WIDTH="41" HEIGHT="21" WC="0.96" CONTENT="den"/><SP WIDTH="21" VPOS="1038" HPOS="872"/>
							<String ID="string_215" HPOS="893" VPOS="1038" WIDTH="26" HEIGHT="21" WC="0.96" CONTENT="12"/>
						</TextLine>
						<TextLine ID="line_27" HPOS="78" VPOS="1073" WIDTH="841" HEIGHT="29">
							<String ID="string_216" HPOS="78" VPOS="1076" WIDTH="31" HEIGHT="17" WC="0.84" CONTENT="ler."/><SP WIDTH="28" VPOS="1076" HPOS="109"/>
							<String ID="string_217" HPOS="137" VPOS="1068" WIDTH="17" HEIGHT="40" WC="0.79" CONTENT="—"/><SP WIDTH="8" VPOS="1068" HPOS="154"/>
							<String ID="string_218" HPOS="162" VPOS="1075" WIDTH="105" HEIGHT="21" WC="0.96" CONTENT="Februari"/><SP WIDTH="16" VPOS="1075" HPOS="267"/>
							<String ID="string_219" HPOS="283" VPOS="1075" WIDTH="54" HEIGHT="21" WC="0.93" CONTENT="1877"/><SP WIDTH="15" VPOS="1075" HPOS="337"/>
							<String ID="string_220" HPOS="352" VPOS="1075" WIDTH="79" HEIGHT="21" WC="0.92" CONTENT="bifallit"/><SP WIDTH="15" VPOS="1075" HPOS="431"/>
							<String ID="string_221" HPOS="446" VPOS="1081" WIDTH="27" HEIGHT="16" WC="0.96" CONTENT="en"/><SP WIDTH="14" VPOS="1081" HPOS="473"/>
							<String ID="string_222" HPOS="487" VPOS="1075" WIDTH="158" HEIGHT="27" WC="0.96" CONTENT="framställning"/><SP WIDTH="15" VPOS="1075" HPOS="645"/>
							<String ID="string_223" HPOS="660" VPOS="1076" WIDTH="32" HEIGHT="20" WC="0.96" CONTENT="att"/><SP WIDTH="15" VPOS="1076" HPOS="692"/>
							<String ID="string_224" HPOS="707" VPOS="1073" WIDTH="24" HEIGHT="21" WC="0.96" CONTENT="få"/><SP WIDTH="14" VPOS="1073" HPOS="731"/>
							<String ID="string_225" HPOS="745" VPOS="1073" WIDTH="34" HEIGHT="21" WC="0.96" CONTENT="för"/><SP WIDTH="12" VPOS="1073" HPOS="779"/>
							<String ID="string_226" HPOS="791" VPOS="1073" WIDTH="110" HEIGHT="21" WC="0.96" CONTENT="kontorets"/><SP WIDTH="10" VPOS="1073" HPOS="901"/>
							<String ID="string_227" HPOS="911" VPOS="1072" WIDTH="8" HEIGHT="21" WC="0.96" CONTENT="i"/>
						</TextLine>
						<TextLine ID="line_28" HPOS="162" VPOS="1107" WIDTH="756" HEIGHT="30">
							<String ID="string_228" HPOS="162" VPOS="1109" WIDTH="32" HEIGHT="22" WC="0.95" CONTENT="S:t"/><SP WIDTH="15" VPOS="1109" HPOS="194"/>
							<String ID="string_229" HPOS="209" VPOS="1109" WIDTH="130" HEIGHT="27" WC="0.96" CONTENT="Petersburg"/><SP WIDTH="18" VPOS="1109" HPOS="339"/>
							<String ID="string_230" HPOS="357" VPOS="1109" WIDTH="91" HEIGHT="28" WC="0.96" CONTENT="räkning"/><SP WIDTH="19" VPOS="1109" HPOS="448"/>
							<String ID="string_231" HPOS="467" VPOS="1110" WIDTH="53" HEIGHT="27" WC="0.96" CONTENT="hyra"/><SP WIDTH="14" VPOS="1110" HPOS="520"/>
							<String ID="string_232" HPOS="534" VPOS="1111" WIDTH="32" HEIGHT="20" WC="0.95" CONTENT="ett"/><SP WIDTH="13" VPOS="1111" HPOS="566"/>
							<String ID="string_233" HPOS="579" VPOS="1109" WIDTH="33" HEIGHT="22" WC="0.96" CONTENT="till"/><SP WIDTH="16" VPOS="1109" HPOS="612"/>
							<String ID="string_234" HPOS="628" VPOS="1109" WIDTH="86" HEIGHT="21" WC="0.96" CONTENT="lokalen"/><SP WIDTH="15" VPOS="1109" HPOS="714"/>
							<String ID="string_235" HPOS="729" VPOS="1107" WIDTH="121" HEIGHT="28" WC="0.96" CONTENT="gränsande"/><SP WIDTH="15" VPOS="1107" HPOS="850"/>
							<String ID="string_236" HPOS="865" VPOS="1113" WIDTH="53" HEIGHT="19" WC="0.95" CONTENT="rum,"/>
						</TextLine>
						<TextLine ID="line_29" HPOS="162" VPOS="1139" WIDTH="757" HEIGHT="31">
							<String ID="string_237" HPOS="162" VPOS="1149" WIDTH="46" HEIGHT="15" WC="0.93" CONTENT="som"/><SP WIDTH="19" VPOS="1149" HPOS="208"/>
							<String ID="string_238" HPOS="227" VPOS="1143" WIDTH="134" HEIGHT="27" WC="0.92" CONTENT="disponerats"/><SP WIDTH="20" VPOS="1143" HPOS="361"/>
							<String ID="string_239" HPOS="381" VPOS="1143" WIDTH="24" HEIGHT="22" WC="0.96" CONTENT="af"/><SP WIDTH="12" VPOS="1143" HPOS="405"/>
							<String ID="string_240" HPOS="417" VPOS="1143" WIDTH="81" HEIGHT="22" WC="0.93" CONTENT="Finska"/><SP WIDTH="15" VPOS="1143" HPOS="498"/>
							<String ID="string_241" HPOS="513" VPOS="1143" WIDTH="220" HEIGHT="25" WC="0.91" CONTENT="Statssekreteriatet;"/><SP WIDTH="23" VPOS="1143" HPOS="733"/>
							<String ID="string_242" HPOS="756" VPOS="1142" WIDTH="45" HEIGHT="25" WC="0.92" CONTENT="2:0)"/><SP WIDTH="14" VPOS="1142" HPOS="801"/>
							<String ID="string_243" HPOS="815" VPOS="1143" WIDTH="32" HEIGHT="19" WC="0.93" CONTENT="att"/><SP WIDTH="14" VPOS="1143" HPOS="847"/>
							<String ID="string_244" HPOS="861" VPOS="1139" WIDTH="58" HEIGHT="23" WC="0.92" CONTENT="Full-"/>
						</TextLine>
						<TextLine ID="line_30" HPOS="161" VPOS="1175" WIDTH="758" HEIGHT="29">
							<String ID="string_245" HPOS="161" VPOS="1177" WIDTH="95" HEIGHT="27" WC="0.96" CONTENT="mäktige"/><SP WIDTH="23" VPOS="1177" HPOS="256"/>
							<String ID="string_246" HPOS="279" VPOS="1178" WIDTH="41" HEIGHT="21" WC="0.96" CONTENT="den"/><SP WIDTH="18" VPOS="1178" HPOS="320"/>
							<String ID="string_247" HPOS="338" VPOS="1178" WIDTH="13" HEIGHT="21" WC="0.96" CONTENT="6"/><SP WIDTH="18" VPOS="1178" HPOS="351"/>
							<String ID="string_248" HPOS="369" VPOS="1178" WIDTH="45" HEIGHT="21" WC="0.96" CONTENT="Juli"/><SP WIDTH="16" VPOS="1178" HPOS="414"/>
							<String ID="string_249" HPOS="430" VPOS="1178" WIDTH="55" HEIGHT="21" WC="0.93" CONTENT="1878"/><SP WIDTH="19" VPOS="1178" HPOS="485"/>
							<String ID="string_250" HPOS="504" VPOS="1178" WIDTH="80" HEIGHT="21" WC="0.92" CONTENT="lemnat"/><SP WIDTH="18" VPOS="1178" HPOS="584"/>
							<String ID="string_251" HPOS="602" VPOS="1178" WIDTH="38" HEIGHT="21" WC="0.96" CONTENT="sitt"/><SP WIDTH="15" VPOS="1178" HPOS="640"/>
							<String ID="string_252" HPOS="655" VPOS="1177" WIDTH="61" HEIGHT="22" WC="0.96" CONTENT="bifall"/><SP WIDTH="16" VPOS="1177" HPOS="716"/>
							<String ID="string_253" HPOS="732" VPOS="1176" WIDTH="34" HEIGHT="21" WC="0.92" CONTENT="till"/><SP WIDTH="15" VPOS="1176" HPOS="766"/>
							<String ID="string_254" HPOS="781" VPOS="1175" WIDTH="138" HEIGHT="28" WC="0.90" CONTENT="uppgörande"/>
						</TextLine>
						<TextLine ID="line_31" HPOS="161" VPOS="1209" WIDTH="757" HEIGHT="30">
							<String ID="string_255" HPOS="161" VPOS="1211" WIDTH="24" HEIGHT="22" WC="0.96" CONTENT="af"/><SP WIDTH="17" VPOS="1211" HPOS="185"/>
							<String ID="string_256" HPOS="202" VPOS="1211" WIDTH="102" HEIGHT="22" WC="0.96" CONTENT="kontrakt"/><SP WIDTH="18" VPOS="1211" HPOS="304"/>
							<String ID="string_257" HPOS="322" VPOS="1218" WIDTH="35" HEIGHT="15" WC="0.96" CONTENT="om"/><SP WIDTH="15" VPOS="1218" HPOS="357"/>
							<String ID="string_258" HPOS="372" VPOS="1212" WIDTH="57" HEIGHT="21" WC="0.95" CONTENT="lokal"/><SP WIDTH="16" VPOS="1212" HPOS="429"/>
							<String ID="string_259" HPOS="445" VPOS="1212" WIDTH="35" HEIGHT="21" WC="0.96" CONTENT="för"/><SP WIDTH="14" VPOS="1212" HPOS="480"/>
							<String ID="string_260" HPOS="494" VPOS="1213" WIDTH="100" HEIGHT="21" WC="0.96" CONTENT="kontoret"/><SP WIDTH="14" VPOS="1213" HPOS="594"/>
							<String ID="string_261" HPOS="608" VPOS="1213" WIDTH="7" HEIGHT="20" WC="0.96" CONTENT="i"/><SP WIDTH="15" VPOS="1213" HPOS="615"/>
							<String ID="string_262" HPOS="630" VPOS="1212" WIDTH="85" HEIGHT="27" WC="0.96" CONTENT="Kuopio"/><SP WIDTH="16" VPOS="1212" HPOS="715"/>
							<String ID="string_263" HPOS="731" VPOS="1211" WIDTH="32" HEIGHT="21" WC="0.96" CONTENT="uti"/><SP WIDTH="15" VPOS="1211" HPOS="763"/>
							<String ID="string_264" HPOS="778" VPOS="1212" WIDTH="32" HEIGHT="20" WC="0.96" CONTENT="ett"/><SP WIDTH="14" VPOS="1212" HPOS="810"/>
							<String ID="string_265" HPOS="824" VPOS="1209" WIDTH="94" HEIGHT="26" WC="0.94" CONTENT="stenhus,"/>
						</TextLine>
						<TextLine ID="line_32" HPOS="159" VPOS="1243" WIDTH="760" HEIGHT="30">
							<String ID="string_266" HPOS="159" VPOS="1247" WIDTH="31" HEIGHT="20" WC="0.96" CONTENT="uti"/><SP WIDTH="19" VPOS="1247" HPOS="190"/>
							<String ID="string_267" HPOS="209" VPOS="1245" WIDTH="83" HEIGHT="22" WC="0.96" CONTENT="hvilket"/><SP WIDTH="18" VPOS="1245" HPOS="292"/>
							<String ID="string_268" HPOS="310" VPOS="1246" WIDTH="84" HEIGHT="21" WC="0.96" CONTENT="enskild"/><SP WIDTH="14" VPOS="1246" HPOS="394"/>
							<String ID="string_269" HPOS="408" VPOS="1253" WIDTH="79" HEIGHT="20" WC="0.96" CONTENT="person"/><SP WIDTH="14" VPOS="1253" HPOS="487"/>
							<String ID="string_270" HPOS="501" VPOS="1247" WIDTH="105" HEIGHT="21" WC="0.96" CONTENT="förklarat"/><SP WIDTH="15" VPOS="1247" HPOS="606"/>
							<String ID="string_271" HPOS="621" VPOS="1247" WIDTH="33" HEIGHT="26" WC="0.96" CONTENT="sig"/><SP WIDTH="14" VPOS="1247" HPOS="654"/>
							<String ID="string_272" HPOS="668" VPOS="1246" WIDTH="63" HEIGHT="26" WC="0.96" CONTENT="villig"/><SP WIDTH="15" VPOS="1246" HPOS="731"/>
							<String ID="string_273" HPOS="746" VPOS="1246" WIDTH="33" HEIGHT="20" WC="0.96" CONTENT="att"/><SP WIDTH="18" VPOS="1246" HPOS="779"/>
							<String ID="string_274" HPOS="797" VPOS="1244" WIDTH="74" HEIGHT="21" WC="0.96" CONTENT="inreda"/><SP WIDTH="14" VPOS="1244" HPOS="871"/>
							<String ID="string_275" HPOS="885" VPOS="1243" WIDTH="34" HEIGHT="21" WC="0.96" CONTENT="för"/>
						</TextLine>
						<TextLine ID="line_33" HPOS="159" VPOS="1277" WIDTH="760" HEIGHT="31">
							<String ID="string_276" HPOS="159" VPOS="1280" WIDTH="100" HEIGHT="21" WC="0.96" CONTENT="Bankens"/><SP WIDTH="16" VPOS="1280" HPOS="259"/>
							<String ID="string_277" HPOS="275" VPOS="1281" WIDTH="77" HEIGHT="20" WC="0.96" CONTENT="kontor"/><SP WIDTH="16" VPOS="1281" HPOS="352"/>
							<String ID="string_278" HPOS="368" VPOS="1281" WIDTH="88" HEIGHT="27" WC="0.96" CONTENT="lämplig"/><SP WIDTH="15" VPOS="1281" HPOS="456"/>
							<String ID="string_279" HPOS="471" VPOS="1281" WIDTH="64" HEIGHT="26" WC="0.95" CONTENT="lokal,"/><SP WIDTH="9" VPOS="1281" HPOS="535"/>
							<String ID="string_280" HPOS="544" VPOS="1281" WIDTH="116" HEIGHT="22" WC="0.95" CONTENT="bestående"/><SP WIDTH="14" VPOS="1281" HPOS="660"/>
							<String ID="string_281" HPOS="674" VPOS="1280" WIDTH="24" HEIGHT="22" WC="0.95" CONTENT="af"/><SP WIDTH="15" VPOS="1280" HPOS="698"/>
							<String ID="string_282" HPOS="713" VPOS="1279" WIDTH="44" HEIGHT="22" WC="0.96" CONTENT="fem"/><SP WIDTH="12" VPOS="1279" HPOS="757"/>
							<String ID="string_283" HPOS="769" VPOS="1285" WIDTH="53" HEIGHT="20" WC="0.93" CONTENT="rum,"/><SP WIDTH="11" VPOS="1285" HPOS="822"/>
							<String ID="string_284" HPOS="833" VPOS="1277" WIDTH="86" HEIGHT="22" WC="0.91" CONTENT="tambur"/>
						</TextLine>
						<TextLine ID="line_34" HPOS="159" VPOS="1312" WIDTH="759" HEIGHT="29">
							<String ID="string_285" HPOS="159" VPOS="1314" WIDTH="40" HEIGHT="22" WC="0.96" CONTENT="och"/><SP WIDTH="19" VPOS="1314" HPOS="199"/>
							<String ID="string_286" HPOS="218" VPOS="1316" WIDTH="79" HEIGHT="25" WC="0.93" CONTENT="tvänne"/><SP WIDTH="18" VPOS="1316" HPOS="297"/>
							<String ID="string_287" HPOS="315" VPOS="1315" WIDTH="111" HEIGHT="21" WC="0.92" CONTENT="brandfria"/><SP WIDTH="15" VPOS="1315" HPOS="426"/>
							<String ID="string_288" HPOS="441" VPOS="1315" WIDTH="130" HEIGHT="26" WC="0.91" CONTENT="kassahvalf,"/><SP WIDTH="22" VPOS="1315" HPOS="571"/>
							<String ID="string_289" HPOS="593" VPOS="1315" WIDTH="113" HEIGHT="21" WC="0.92" CONTENT="hvarutom"/><SP WIDTH="16" VPOS="1315" HPOS="706"/>
							<String ID="string_290" HPOS="722" VPOS="1312" WIDTH="196" HEIGHT="27" WC="0.90" CONTENT="Bankfullmäktige"/>
						</TextLine>
						<TextLine ID="line_35" HPOS="159" VPOS="1345" WIDTH="761" HEIGHT="31">
							<String ID="string_291" HPOS="159" VPOS="1348" WIDTH="42" HEIGHT="22" WC="0.96" CONTENT="den"/><SP WIDTH="17" VPOS="1348" HPOS="201"/>
							<String ID="string_292" HPOS="218" VPOS="1349" WIDTH="26" HEIGHT="21" WC="0.96" CONTENT="16"/><SP WIDTH="16" VPOS="1349" HPOS="244"/>
							<String ID="string_293" HPOS="260" VPOS="1349" WIDTH="44" HEIGHT="27" WC="0.96" CONTENT="Maj"/><SP WIDTH="17" VPOS="1349" HPOS="304"/>
							<String ID="string_294" HPOS="321" VPOS="1349" WIDTH="55" HEIGHT="22" WC="0.96" CONTENT="1877"/><SP WIDTH="16" VPOS="1349" HPOS="376"/>
							<String ID="string_295" HPOS="392" VPOS="1349" WIDTH="39" HEIGHT="21" WC="0.96" CONTENT="och"/><SP WIDTH="16" VPOS="1349" HPOS="431"/>
							<String ID="string_296" HPOS="447" VPOS="1350" WIDTH="11" HEIGHT="21" WC="0.96" CONTENT="1"/><SP WIDTH="17" VPOS="1350" HPOS="458"/>
							<String ID="string_297" HPOS="475" VPOS="1349" WIDTH="50" HEIGHT="22" WC="0.96" CONTENT="Juni"/><SP WIDTH="16" VPOS="1349" HPOS="525"/>
							<String ID="string_298" HPOS="541" VPOS="1349" WIDTH="53" HEIGHT="22" WC="0.93" CONTENT="1881"/><SP WIDTH="17" VPOS="1349" HPOS="594"/>
							<String ID="string_299" HPOS="611" VPOS="1348" WIDTH="80" HEIGHT="22" WC="0.92" CONTENT="bifallit"/><SP WIDTH="14" VPOS="1348" HPOS="691"/>
							<String ID="string_300" HPOS="705" VPOS="1348" WIDTH="36" HEIGHT="21" WC="0.96" CONTENT="till"/><SP WIDTH="11" VPOS="1348" HPOS="741"/>
							<String ID="string_301" HPOS="752" VPOS="1346" WIDTH="133" HEIGHT="27" WC="0.96" CONTENT="utbetalning"/><SP WIDTH="12" VPOS="1346" HPOS="885"/>
							<String ID="string_302" HPOS="897" VPOS="1345" WIDTH="23" HEIGHT="22" WC="0.96" CONTENT="af"/>
						</TextLine>
						<TextLine ID="line_36" HPOS="159" VPOS="1381" WIDTH="760" HEIGHT="30">
							<String ID="string_303" HPOS="159" VPOS="1381" WIDTH="86" HEIGHT="28" WC="0.96" CONTENT="förhöjd"/><SP WIDTH="22" VPOS="1381" HPOS="245"/>
							<String ID="string_304" HPOS="267" VPOS="1383" WIDTH="53" HEIGHT="28" WC="0.95" CONTENT="hyra"/><SP WIDTH="22" VPOS="1383" HPOS="320"/>
							<String ID="string_305" HPOS="342" VPOS="1383" WIDTH="35" HEIGHT="21" WC="0.96" CONTENT="för"/><SP WIDTH="21" VPOS="1383" HPOS="377"/>
							<String ID="string_306" HPOS="398" VPOS="1383" WIDTH="41" HEIGHT="22" WC="0.96" CONTENT="den"/><SP WIDTH="23" VPOS="1383" HPOS="439"/>
							<String ID="string_307" HPOS="462" VPOS="1383" WIDTH="64" HEIGHT="27" WC="0.94" CONTENT="lokal,"/><SP WIDTH="19" VPOS="1383" HPOS="526"/>
							<String ID="string_308" HPOS="545" VPOS="1383" WIDTH="100" HEIGHT="22" WC="0.96" CONTENT="kontoret"/><SP WIDTH="18" VPOS="1383" HPOS="645"/>
							<String ID="string_309" HPOS="663" VPOS="1383" WIDTH="7" HEIGHT="21" WC="0.97" CONTENT="i"/><SP WIDTH="19" VPOS="1383" HPOS="670"/>
							<String ID="string_310" HPOS="689" VPOS="1382" WIDTH="87" HEIGHT="27" WC="0.96" CONTENT="Kuopio"/><SP WIDTH="18" VPOS="1382" HPOS="776"/>
							<String ID="string_311" HPOS="794" VPOS="1381" WIDTH="34" HEIGHT="21" WC="0.93" CONTENT="för"/><SP WIDTH="15" VPOS="1381" HPOS="828"/>
							<String ID="string_312" HPOS="843" VPOS="1382" WIDTH="76" HEIGHT="19" WC="0.91" CONTENT="närva-"/>
						</TextLine>
						<TextLine ID="line_37" HPOS="159" VPOS="1413" WIDTH="760" HEIGHT="32">
							<String ID="string_313" HPOS="159" VPOS="1417" WIDTH="67" HEIGHT="21" WC="0.96" CONTENT="rande"/><SP WIDTH="14" VPOS="1417" HPOS="226"/>
							<String ID="string_314" HPOS="240" VPOS="1417" WIDTH="120" HEIGHT="27" WC="0.95" CONTENT="begagnar;"/><SP WIDTH="20" VPOS="1417" HPOS="360"/>
							<String ID="string_315" HPOS="380" VPOS="1419" WIDTH="56" HEIGHT="20" WC="0.93" CONTENT="samt"/><SP WIDTH="18" VPOS="1419" HPOS="436"/>
							<String ID="string_316" HPOS="454" VPOS="1417" WIDTH="44" HEIGHT="28" WC="0.88" CONTENT="3:0)"/><SP WIDTH="19" VPOS="1417" HPOS="498"/>
							<String ID="string_317" HPOS="517" VPOS="1419" WIDTH="31" HEIGHT="20" WC="0.96" CONTENT="att"/><SP WIDTH="15" VPOS="1419" HPOS="548"/>
							<String ID="string_318" HPOS="563" VPOS="1417" WIDTH="156" HEIGHT="27" WC="0.96" CONTENT="Fullmäktige,"/><SP WIDTH="16" VPOS="1417" HPOS="719"/>
							<String ID="string_319" HPOS="735" VPOS="1416" WIDTH="29" HEIGHT="27" WC="0.96" CONTENT="på"/><SP WIDTH="18" VPOS="1416" HPOS="764"/>
							<String ID="string_320" HPOS="782" VPOS="1416" WIDTH="27" HEIGHT="21" WC="0.96" CONTENT="de"/><SP WIDTH="18" VPOS="1416" HPOS="809"/>
							<String ID="string_321" HPOS="827" VPOS="1416" WIDTH="7" HEIGHT="21" WC="0.93" CONTENT="i"/><SP WIDTH="14" VPOS="1416" HPOS="834"/>
							<String ID="string_322" HPOS="848" VPOS="1413" WIDTH="71" HEIGHT="24" WC="0.90" CONTENT="Bank-"/>
						</TextLine>
						<TextLine ID="line_38" HPOS="156" VPOS="1448" WIDTH="763" HEIGHT="30">
							<String ID="string_323" HPOS="156" VPOS="1448" WIDTH="149" HEIGHT="30" WC="0.96" CONTENT="fullmäktiges"/><SP WIDTH="15" VPOS="1448" HPOS="305"/>
							<String ID="string_324" HPOS="320" VPOS="1452" WIDTH="117" HEIGHT="22" WC="0.96" CONTENT="berättelse"/><SP WIDTH="14" VPOS="1452" HPOS="437"/>
							<String ID="string_325" HPOS="451" VPOS="1452" WIDTH="34" HEIGHT="21" WC="0.96" CONTENT="till"/><SP WIDTH="18" VPOS="1452" HPOS="485"/>
							<String ID="string_326" HPOS="503" VPOS="1452" WIDTH="53" HEIGHT="22" WC="0.96" CONTENT="1877"/><SP WIDTH="16" VPOS="1452" HPOS="556"/>
							<String ID="string_327" HPOS="572" VPOS="1452" WIDTH="35" HEIGHT="21" WC="0.91" CONTENT="års"/><SP WIDTH="15" VPOS="1452" HPOS="607"/>
							<String ID="string_328" HPOS="622" VPOS="1451" WIDTH="147" HEIGHT="22" WC="0.92" CONTENT="Bankutskott"/><SP WIDTH="14" VPOS="1451" HPOS="769"/>
							<String ID="string_329" HPOS="783" VPOS="1450" WIDTH="68" HEIGHT="21" WC="0.93" CONTENT="under"/><SP WIDTH="15" VPOS="1450" HPOS="851"/>
							<String ID="string_330" HPOS="866" VPOS="1449" WIDTH="12" HEIGHT="27" WC="0.78" CONTENT="$"/><SP WIDTH="12" VPOS="1449" HPOS="878"/>
							<String ID="string_331" HPOS="890" VPOS="1449" WIDTH="29" HEIGHT="21" WC="0.96" CONTENT="23"/>
						</TextLine>
					</TextBlock>
				</ComposedBlock>
			</PrintSpace>
		</Page>
	</Layout>
</alto>
