1025 1664
20 295 19 21 9)
53 294 84 18 Löneför-

13 317 130 23 bättringsfrä-

59 345 37 17 gor.

44 771 81 22 Förslag.

179 130 29 21 44

151 192 123 26 förhöjning
293 192 66 22 borde
374 193 34 21 för
424 192 106 22 särskilde
545 192 129 28 tjenstemän
689 192 8 21 i
712 192 88 22 Banken
814 192 94 27 vidtaga,

151 226 70 22 skulle
237 226 106 22 beräknas
357 227 48 21 från
420 227 40 21 och
475 227 49 21 med
540 227 40 21 den
596 227 31 21 tid
643 228 71 20 staten
726 228 36 24 egt
773 226 136 27 tillämpning

152 260 54 22 eller
221 260 41 21 den
279 261 10 20 1
305 260 89 22 Januari
412 261 62 22 1877.

218 294 23 27 g)
259 293 70 22 Sedan
344 295 108 27 åtskillige
468 295 128 27 tjenstemän
612 295 7 21 i
634 295 89 21 Banken
738 295 68 21 under
821 294 24 21 år
856 294 52 22 1877

150 328 40 21 hos
208 328 197 28 Bankfullmäktige
424 329 58 27 gjort
496 329 108 26 anhällan,
620 331 32 19 att
667 330 42 20 den
724 328 185 27 löneförbättring,

152 368 45 23 som
217 362 120 22 Ständerna
355 364 36 20 vid
406 364 112 21 sisthällne
533 364 103 26 landtdag
651 363 91 21 beslutit
756 362 84 22 tilidela
854 362 55 22 Ban-

152 396 53 21 kens
220 396 92 22 embets-
327 397 39 21 och
381 397 136 27 tjenstemän,
533 400 32 19 att
575 397 52 27 utgä
636 397 48 21 frän
697 396 73 28 början
781 396 23 22 af
813 396 25 22 är
847 396 62 27 1877,

152 430 121 22 tilisvidare
291 431 66 21 mätte
372 432 72 20 säsom
460 432 159 26 dyrtidstillägg
635 431 131 21 utanordnas
781 430 34 22 för
830 432 31 20 att
876 436 34 16 se-

152 464 100 22 dermera
267 464 12 22 &
295 465 63 21 deras
373 466 157 22 löneförmoner
545 465 108 26 afräknas,
669 464 65 22 hafva
749 464 162 22 Bankfullmäk-

152 499 51 26 tige,
226 499 55 21 efter
303 499 123 22 infordrade
448 500 160 27 upplysningar,
631 500 40 21 den
691 499 28 22 26
734 499 103 22 Februari
855 499 54 21 1878

152 533 94 21 tilldelat
265 533 97 27 samtlige
382 534 92 21 embets-
489 534 39 21 och
544 534 129 27 tjenstemän
690 533 109 22 äfvensom
814 534 96 21 vaktmä-

154 569 85 20 starene
253 568 8 20 i
276 567 86 22 Banken
378 568 94 21 tillskott
486 569 6 20 i
508 568 188 21 löneförmonerna
706 567 34 22 för
751 567 52 22 1877
816 569 32 20 att
859 567 53 27 utgä

153 601 32 21 till
209 602 37 20 det
264 601 84 27 belopp,
367 602 102 21 hvarmed
488 603 40 20 den
547 603 125 20 emotsedda
688 608 42 21 nya
744 602 119 21 lönestaten
879 601 31 22 öf-

153 638 98 24 verstege
269 635 56 22 hvad
344 642 26 15 en
390 637 52 20 hvar
460 636 24 21 af
498 637 46 20 dem
561 636 34 21 för
611 637 67 26 sagda
693 636 25 21 är
733 636 70 21 säsom
817 635 94 22 löneför-

153 675 74 16 moner
250 669 39 22 och
311 671 144 25 provisionela
474 671 159 27 dyrtidstillägg
651 671 109 26 uppburit,
780 670 64 21 likväl
861 669 50 22 med

153 703 68 27 nägra
242 704 7 21 i
271 704 209 27 Bankfullmäktiges
498 705 113 21 skrifvelse
630 705 6 21 i
651 706 74 19 ämnet
739 704 59 27 gifna
813 706 98 19 närmare

153 737 160 27 bestämningar
329 739 91 21 rörande
435 739 162 27 tillämpningen
612 739 23 21 af
649 739 93 21 nämnda
756 739 122 26 grundsats.

224 771 37 22 Uti
276 771 112 22 skrifvelse
404 773 23 20 af
441 773 40 21 den
497 773 13 21 3
525 773 6 21 i
548 773 69 21 denna
632 773 78 21 mänad
725 773 39 20 har
779 772 132 21 Bankdirek-

155 805 72 22 tionen
251 805 70 22 anfört
344 808 32 19 att
398 807 68 26 enligt
487 807 152 21 Direktionens
659 807 57 26 äsigt
735 808 31 20 ett
780 806 131 21 missförhäl-

155 839 64 22 lande
234 840 54 27 egde
304 847 46 14 rum
366 841 78 20 mellan
460 841 26 21 de
502 841 163 26 löneförmoner,
681 841 52 21 som
733 835 74 37 enligt
823 840 89 21 Bankens

156 875 43 20 stat
221 874 118 21 tillkomme
363 874 170 27 öfverkassören,
556 875 68 21 förste
644 875 146 26 kamreraren,
813 874 99 21 ombuds-

155 914 91 16 mannen
262 909 39 21 och
317 909 149 22 sekreteraren
481 910 6 20 i
494 910 95 24 Banken,
605 911 7 20 i
629 912 23 25 ty
667 912 33 19 att
714 910 24 21 af
752 910 62 21 desse
824 909 88 27 tjenste-

156 944 47 19 män
219 942 164 22 öfverkassören
398 943 56 22 hade
470 944 63 26 7,000
548 944 61 21 mark
622 944 7 21 i
645 944 35 21 lön
696 944 40 21 och
751 944 63 26 2,000
829 943 61 21 mark
904 943 9 21 i

154 976 142 27 hyresmedel,
319 976 67 22 förste
405 978 137 22 kamreraren
563 979 64 25 6,000
645 978 61 21 mark
722 978 6 20 i
744 978 35 21 lön
795 977 38 22 och
848 978 65 25 2,400

154 1010 61 21 mark
231 1011 6 21 i
252 1011 142 27 hyresmedel,
409 1012 112 21 hvarutom
532 1013 26 21 10
571 1014 99 25 procents
683 1012 170 26 löneförhöjning
861 1017 53 15 vore

155 1044 48 21 dem
219 1038 115 28 hvardera
341 1045 149 22 tillförsäkrad
505 1046 54 21 efter
574 1047 14 21 5
603 1046 40 21 och
658 1046 44 21 lika
717 1046 85 26 mycket
816 1045 54 21 efter
886 1046 28 20 10

154 1078 35 21 års
205 1078 66 27 tjenst
290 1079 6 21 i
316 1084 82 16 samma
412 1080 127 26 befattning,
555 1082 56 20 samt
627 1080 182 21 ombudsmannen
825 1080 38 20 och
879 1085 35 16 se-

153 1112 127 22 kreteraren
294 1112 106 22 hvardera
414 1114 66 25 4,000
494 1114 60 21 mark
569 1114 7 22 i
591 1114 36 21 lön
643 1114 39 22 och
698 1114 66 26 2,000
779 1114 59 21 mark
853 1113 7 21 i
875 1113 38 27 hy-

154 1146 113 22 resmedel.
297 1146 51 21 Med
366 1146 102 23 afseende
483 1148 53 21 härä
550 1150 25 19 är
590 1148 23 21 af
627 1148 140 22 Direktionen
783 1147 130 27 framhället,

154 1182 33 19 att
209 1180 163 22 öfverkassören
395 1181 95 27 åtnjuter
506 1182 61 26 1,000
587 1182 61 21 mark
667 1183 67 26 högre
753 1182 35 21 lön
804 1184 26 19 än
846 1181 68 22 förste

154 1214 145 26 kamreraren,
322 1215 68 21 ehuru
412 1216 81 21 dennes
512 1216 134 27 hyresmedel
665 1216 127 26 visserligen
807 1216 48 20 med
869 1216 45 20 400

154 1248 61 21 mark
233 1248 119 27 öfverstiga
370 1249 182 27 öfverkassörens,
568 1250 110 22 äfvensom
693 1250 133 21 beträffande
842 1250 72 20 sekre-

154 1283 85 20 teraren
255 1283 40 21 och
310 1283 192 22 ombudsmannen:
518 1286 32 19 att
565 1284 63 22 desse
643 1284 53 21 böra
710 1284 66 21 hafva
790 1283 65 27 aflagt
869 1289 45 15 em-

155 1316 137 22 betsexamen
314 1317 40 21 och
376 1319 33 20 att
430 1318 111 27 derjemte,
564 1318 29 27 pä
614 1318 53 21 hvar
686 1318 40 22 och
742 1325 33 19 en,
790 1324 46 15 som
852 1317 62 22 sökte

154 1351 325 28 ombudsmannabefattningen,
496 1353 81 21 stäldes
589 1353 26 21 de
627 1353 100 26 anspråk,
743 1354 32 19 att
790 1353 40 20 han
842 1352 72 21 kunde

154 1385 90 26 uppvisa
259 1385 87 27 flerärig
358 1385 94 27 juridisk
468 1387 91 26 praktik,
575 1387 35 20 för
625 1389 32 19 att
672 1393 64 15 anses
747 1386 124 27 kompetent
881 1387 33 20 att

154 1418 112 27 Ofvertaga
281 1420 70 21 denna
366 1419 144 22 ansvarsfulla
525 1421 40 21 och
580 1420 189 27 maktpäliggande
784 1419 131 27 befattning;

154 1454 32 19 att
208 1453 149 22 sekreteraren
380 1454 40 21 och
440 1454 182 22 ombudsmannen
640 1455 8 21 i
663 1454 119 22 allmänhet
796 1453 46 22 icke
857 1453 58 22 hade
