1028 1670
380 126 22 19 U.
415 125 23 19 B.
452 136 23 3 —
490 125 63 19 XXIII.
800 126 22 18 19

90 185 138 22 valbarheten
245 184 34 21 för
297 183 165 28 ifrägavarande
482 183 100 28 uppdrag
597 183 95 21 minskar
708 183 135 28 möjligheten

91 220 24 21 af
135 221 32 20 att
188 218 34 21 vid
240 218 57 21 valet
315 217 65 22 träffa
396 217 29 28 pä
444 217 49 22 fullt
512 217 104 28 lämpliga
631 224 109 21 personer,
757 217 39 22 och
811 215 34 23 sä-

91 253 66 22 lunda
179 253 77 21 skadar
278 253 84 21 banken
385 259 45 14 mer
448 253 28 20 än
496 259 34 14 om
549 259 50 14 man
615 252 89 27 inväljer
720 259 25 14 en
760 258 84 22 person,

91 288 84 22 hvilken
190 287 34 22 väl
238 288 7 21 i
260 286 66 29 nägot
340 287 38 21 fall
393 287 42 21 kan
451 294 53 14 vara
518 287 67 27 jäfvig
602 288 32 19 att
649 286 86 28 deltaga
754 287 7 20 i
776 285 69 23 beslu-

91 324 38 24 tet,
145 329 47 14 men
207 321 27 22 d&
249 322 40 21 har
304 323 91 26 utvägen
410 323 33 20 att
457 320 46 23 läta
517 321 33 28 sig
565 321 121 21 företrädas
702 321 24 21 af
734 328 26 15 en
768 327 76 15 annan.

92 357 10 20 I
117 356 89 22 främsta
227 358 93 20 rummet
341 355 57 28 gälla
421 355 62 22 dessa
506 356 134 27 synpunkter
654 355 49 21 med
718 355 100 22 afseende
833 353 13 22 ä

93 391 143 27 suppleanter,
259 391 71 21 hvilka
352 391 46 21 icke
420 390 96 28 ständigt
536 390 127 27 tjenstgöra,
682 392 52 19 utan
750 389 96 22 endast
835 385 15 37 i

93 425 158 28 undantagsfall
269 425 40 21 och
327 424 34 22 för
380 426 30 20 ett
428 424 83 22 mindre
527 424 60 22 antal
603 424 173 22 sammanträden
791 424 55 20 före-

93 460 62 21 träda
170 459 106 22 ordinarie
291 459 148 27 Fullmäktige.
465 459 62 21 Hvad
543 458 47 22 åter
605 458 104 22 beträffar
726 458 66 25 desse,
808 465 36 14 an-

94 501 33 15 ser
142 494 108 21 Utskottet
266 493 36 22 det
316 492 69 23 såsom
401 500 26 14 en
442 493 47 21 icke
505 493 137 27 oberättigad
653 492 152 27 förutsättning
815 494 31 19 att

95 536 25 14 en
135 536 83 20 person,
234 535 46 15 som
295 535 76 21 genom
386 530 31 19 ett
432 526 74 23 stånds
517 528 123 21 förtroende
650 528 68 21 kallas
728 527 33 21 till
771 526 77 22 sådant

95 563 104 27 uppdrag,
214 562 108 28 sjelfmant
338 562 84 28 afsäger
437 562 33 28 sig
485 562 75 28 hvarje
575 569 71 14 annan
661 562 126 27 befattning,
802 568 44 14 som

95 597 86 22 dermed
196 598 46 20 icke
257 598 25 20 är
296 597 97 27 förenlig.

163 666 37 21 Uti
222 667 30 21 sin
276 666 32 21 till
330 666 121 21 Ständerna
470 666 82 28 afgifna
571 666 115 21 berättelse
704 673 35 14 om
754 665 94 21 bankens

96 701 87 28 styrelse
205 702 40 20 och
268 700 95 22 tillstånd
385 701 40 21 har
443 700 166 22 Bankutskottet
628 700 110 28 föreslagit
758 706 25 14 en
798 698 50 22 ned-

97 736 93 27 sättning
205 736 23 20 af
241 736 88 21 arvodet
344 735 32 21 för
391 735 190 27 Bankfullmäktig,
601 742 44 14 som
665 735 58 21 förut
738 735 24 20 är
776 734 7 20 i
799 732 49 22 Hel-

97 770 90 28 singfors
198 770 72 22 bosatt
280 771 39 21 och
330 770 46 21 icke
388 771 23 20 är
423 770 152 28 Fullmäktiges
587 770 135 25 ordförande,
735 768 47 22 från
793 768 55 21 6000

96 805 61 21 mark
172 812 33 14 om
221 804 46 22 året
282 805 32 21 till
330 806 62 20 4000.
415 804 67 22 Utom
498 804 40 22 den
554 804 97 28 ändring,
668 811 45 14 som
724 803 124 27 härigenom

96 839 122 22 förorsakas
239 839 7 21 i
269 846 63 15 mom.
351 839 17 27 1)
386 839 24 21 af
426 839 158 21 instruktionen
600 839 16 27 (i
633 838 119 21 Utskottets
767 836 82 27 förslag

97 881 62 14 mom.
175 874 28 27 k),
219 874 40 21 har
274 873 109 22 Utskottet
400 875 54 20 trott
469 873 32 27 sig
516 873 55 21 böra
586 871 79 23 föreslå
680 871 68 29 några
762 871 87 22 ändrin-

97 915 38 21 gar
148 909 78 27 jemväl
241 907 134 22 beträffande
390 907 89 22 arvodet
489 907 34 22 för
533 907 194 27 Bankfullmäktigs
736 905 114 28 suppleant

98 943 39 21 och
152 944 65 20 sättet
231 942 34 22 för
280 943 48 21 dess
343 942 139 28 utbetalning.
505 942 42 21 Det
563 942 39 21 har
617 941 107 28 nämligen
740 943 57 25 synts
810 939 40 21 Ut-

98 977 85 26 skottet,
205 976 70 22 såsom
297 984 50 14 vore
369 977 35 21 det
423 977 50 27 föga
490 977 86 20 rättvist
591 978 32 19 att
638 976 101 27 beloppet
754 975 24 21 af
792 974 58 21 detta

98 1012 84 25 arvode,
197 1011 8 21 i
219 1011 102 22 händelse
336 1011 141 28 suppleanten
493 1011 105 28 tjenstgör
614 1017 25 14 en
654 1009 79 22 månad
744 1009 51 22 eller
803 1009 47 21 der-

98 1047 89 25 utöfver,
209 1045 54 22 skall
282 1053 51 14 vara
350 1045 108 22 beroende
481 1044 29 29 på
525 1045 36 21 det
576 1045 85 26 arvode,
677 1051 46 14 som
739 1044 40 21 den
795 1042 56 22 ordi-

98 1081 60 21 narie
172 1081 156 27 Fullmäktigen
343 1079 100 29 åtnjuter,
459 1080 85 21 hvilken
559 1079 43 22 han
617 1079 126 25 företräder,
755 1077 97 27 hvarige-

98 1123 50 14 nom
163 1123 26 14 en
204 1115 114 27 suppleant
332 1115 43 21 kan
390 1113 83 23 erhålla
488 1115 40 20 333
545 1114 67 25 mark,
628 1121 26 14 en
669 1120 72 15 annan
756 1113 41 20 500
812 1111 40 22 och

100 1150 40 21 den
155 1150 67 27 tredje
238 1151 41 20 666
295 1149 67 26 mark,
378 1149 31 21 alt
423 1150 7 20 i
446 1147 109 27 måraden,
575 1149 89 20 oaktadt
684 1147 168 28 tjenstgöringen

100 1185 33 22 för
148 1185 42 21 alla
205 1185 25 20 är
244 1184 129 28 fullkomligt
387 1183 114 22 enahanda
516 1183 40 21 och
572 1183 26 21 de
609 1182 187 27 omständigheter,
807 1187 45 14 som

99 1220 87 27 betinga
201 1219 109 22 skilnaden
325 1219 79 21 mellan
419 1219 26 20 de
461 1218 109 21 ordinarie
584 1217 153 27 Fullmäktiges
753 1215 100 24 arvoden,

99 1254 40 21 här
153 1254 47 21 icke
214 1253 72 21 kunna
302 1254 52 27 göra
369 1253 33 27 sig
417 1252 106 28 gällande.
546 1251 108 22 Utskottet
664 1252 40 20 har
715 1249 139 23 fördenskuld

100 1288 115 28 föreslagit,
235 1289 32 20 att
285 1288 36 21 det
339 1287 96 28 antydda
451 1286 130 28 stadgandet
597 1286 67 21 skulle
678 1284 121 28 upphäfvas
814 1283 40 21 och

100 1323 114 27 suppleant
238 1322 34 22 för
296 1322 75 28 längre
396 1322 43 20 tids
465 1321 143 28 tjenstgöring
635 1319 83 23 erhålla
743 1316 113 24 enahanda

100 1357 135 28 godtgörelse
256 1364 46 14 som
324 1356 34 22 för
380 1356 87 21 kortare
485 1355 32 22 tid
537 1354 52 22 eller
611 1355 25 20 15
652 1354 61 21 mark
729 1360 34 15 om
779 1352 75 27 dagen,

101 1399 35 14 om
157 1392 42 21 han
221 1392 25 21 är
268 1391 8 21 i
298 1390 133 28 Helsingfors
453 1389 89 26 boende,
569 1389 40 21 och
632 1390 26 19 20
682 1388 61 21 mark
762 1394 35 14 om
812 1386 43 20 han

101 1426 40 22 bor
155 1425 146 26 annorstädes,
317 1425 93 21 hvarhos
425 1424 116 25 Utskottet,
557 1423 33 21 för
609 1423 38 21 sist
664 1422 80 21 nämda
758 1420 45 26 fall,
819 1426 37 14 an-

169 1467 138 16 Bankutskottets
318 1466 104 16 betänkande
435 1465 33 16 N:o
482 1465 16 16 4.
