1025 1661
803 135 28 21 47

172 198 34 21 Då
221 198 120 21 emellertid
359 198 4 21 i
378 197 204 28 Bankreglementet
597 197 116 22 förefinnes
728 197 41 22 den
783 197 56 22 brist
853 197 8 21 i
893 196 82 23 Förslag.

103 232 141 22 förevarande
262 231 110 27 afseende,
391 233 32 20 att
441 231 78 27 sjelfva
538 232 142 27 reglementet
695 231 79 22 saknar
787 231 75 27 hvarje

103 266 135 26 bestämning
249 272 34 14 om
300 265 246 27 Banktjenstemännens
558 265 207 27 semesterledighet,
776 266 39 21 och
827 265 36 21 det

104 300 76 21 endast
190 301 24 19 är
225 299 27 27 på
264 300 69 26 grund
345 299 23 21 af
378 306 25 15 en
415 300 141 26 anmärkning
567 300 8 20 i
586 300 50 26 den,
650 300 68 26 sagda
732 300 131 27 reglemente

104 333 101 27 bifogade
228 335 77 25 staten,
325 340 46 15 som
390 334 198 26 Bankfullmäktige
604 334 87 26 kunnat,
707 334 49 20 med
771 334 92 26 tillämp-

105 368 51 27 ning
175 368 84 22 likvisst
281 368 23 21 af
322 368 56 21 hvad
393 368 68 21 andra
477 368 25 27 $$
517 368 109 21 innehälla
642 374 33 15 om
691 368 173 27 tjenstledighets

104 402 122 27 beviljande
240 403 7 20 i
263 402 72 27 öfrigt,
351 403 87 26 vidtaga
453 409 28 14 nu
497 402 165 27 ifrågavarande
678 402 107 27 åtgärder,
800 401 64 22 hafva

104 436 196 27 Bankfullmäktige
316 438 71 20 ansett
401 437 33 26 sig
450 437 53 20 böra
518 437 39 20 hos
572 436 167 21 Bankutskottet
753 436 111 21 vördsamt

103 470 115 22 hemställa
235 477 33 15 om
286 471 115 26 intagande
419 471 8 20 i
445 471 101 20 Bankens
564 471 132 26 reglemente
716 470 23 21 af
756 471 32 20 ett
805 469 58 22 stad-

104 505 70 27 gande
192 505 24 21 af
235 505 37 21 det
292 505 101 26 innehåll,
415 505 101 26 bifogade
534 505 83 26 förslag
638 505 34 20 till
690 504 13 27 8
719 504 41 21 138
775 509 38 21 ger
827 503 37 21 vid

104 539 91 27 handen,
216 539 39 21 och
272 539 83 21 hvilket
373 539 82 27 förslag
473 541 25 19 är
520 539 117 27 uppgjordt
654 539 68 25 enligt
740 538 27 21 de
785 537 78 27 grund-

105 574 69 20 satser
192 573 197 27 Bankfullmäktige
408 575 72 19 ansett
498 573 33 26 sig
546 573 53 21 böra
613 573 37 21 vid
664 571 199 27 semesterledighe-

104 608 48 20 tens
168 608 108 21 ordnande
290 608 69 21 under
374 608 26 21 de
417 609 86 20 senaste
518 607 52 21 åren
586 607 59 27 följa,
661 606 68 22 ehuru
740 608 31 20 ett
781 612 40 21 par
831 604 32 22 af-

104 641 94 22 vikelser
212 642 70 21 blifvit
298 642 94 21 derifrån
407 642 116 26 medgifna.

173 676 11 21 I
203 676 153 27 sammanhang
374 676 89 21 härmed
483 676 39 21 och
542 676 90 21 emedan
648 675 100 27 gällande
763 674 100 26 stadgan-
875 673 76 27 Förslag
970 672 31 28 till

106 710 40 22 den
162 710 109 26 angående
287 710 163 27 tjenstledighet
465 710 34 21 för
510 709 101 22 Bankens
622 709 93 21 embets-
726 708 39 22 och
776 708 88 26 tjenste-
879 702 27 38 "sy
903 696 92 44 77-86.

106 746 48 19 män
170 744 132 21 förekomma
316 744 29 27 på
360 744 87 27 spridda
463 744 77 21 ställen
556 744 8 20 i
579 744 142 26 reglementet
735 742 106 26 nemligen
856 741 8 21 i
906 740 53 19 m.4.

106 778 25 28 $$
151 778 34 26 77,
205 778 27 21 86
248 778 38 22 och
302 779 35 25 99,
352 778 73 22 hvilka
441 778 68 22 delvis
525 778 109 21 innehålla
649 777 63 21 äfven
727 776 68 22 andra
809 776 56 21 före-

105 812 94 27 skrifter,
225 812 71 21 tillåta
322 813 34 27 sig
377 812 199 26 Bankfullmäktige
598 812 111 20 vördsamt
730 810 82 22 föreslå
833 811 32 19 att

108 846 100 27 samtliga
223 847 63 21 dessa
301 847 133 27 stadganden
449 846 71 22 blefve
537 846 159 21 sammanförda
709 845 29 27 på
753 846 30 20 ett
794 844 70 24 ställe,

108 880 70 22 såsom
194 880 99 27 bifogade
308 881 81 27 förslag
403 881 34 21 till
453 881 117 26 ändringar
585 880 7 21 i
607 880 142 26 reglementet
759 878 68 22 under
839 877 25 27 $$

109 914 33 27 77,
158 914 34 26 86,
208 915 34 26 99,
260 915 40 21 136
315 915 39 21 och
370 915 40 21 137
426 914 24 22 af
463 915 34 27 sig
511 915 53 21 visa.

176 948 18 28 4)
211 950 33 20 De
262 949 7 21 i
288 949 100 21 Bankens
405 951 43 19 stat
463 949 106 27 uppförda
586 947 200 23 diskretionsmedel
802 946 63 21 hafva
887 946 16 26 i)
921 945 74 18 Diskre-

109 983 70 22 blifvit
194 983 111 21 fördelade
320 983 28 27 pä
364 985 43 19 sätt
422 983 210 26 Bankfullmäktiges
648 982 125 21 skrifvelser
788 980 23 22 af
825 980 41 21 den
877 968 125 19 "0nsmedlen.

110 1018 25 21 18
154 1017 118 22 December
293 1017 64 27 1877,
377 1018 13 20 9
409 1017 121 22 December
546 1017 62 26 1878,
624 1017 27 21 25
666 1015 122 22 November
803 1014 63 26 1879,

108 1052 28 21 23
155 1052 119 21 December
298 1052 57 21 1880
373 1052 40 21 och
433 1052 28 20 13
479 1051 123 21 Debember
621 1051 51 21 1881
691 1050 60 28 gifva
765 1049 36 21 vid
814 1048 53 22 han-

108 1086 48 21 den.
178 1086 30 21 Af
221 1086 67 26 sagda
304 1086 69 21 medel
389 1086 118 21 användes:
524 1086 65 25 6,000
604 1085 61 21 mark
677 1085 24 21 år
713 1084 63 25 1877,
789 1082 78 27 10,000

108 1119 61 22 mark
186 1120 68 21 under
273 1120 116 21 hvartdera
407 1119 24 22 af
448 1119 51 22 åren
521 1119 56 21 1878
593 1119 39 21 och
648 1119 62 26 1879,
727 1117 64 27 9,965
805 1116 62 21 mark

108 1154 24 21 år
148 1153 56 22 1880
219 1154 39 21 och
273 1154 63 26 9,315
351 1153 62 22 mark
428 1153 25 22 år
469 1153 61 22 1881.

178 1187 23 28 k)
216 1188 118 21 Pensioner
348 1187 65 22 hafva
428 1187 112 27 beviljats:
556 1187 42 22 den
614 1186 26 22 21
656 1187 45 26 Maj
719 1186 53 21 1877
788 1185 34 21 till
837 1185 31 20 ett
893 1184 18 23 &)
924 1183 75 18 Pensio-

110 1223 64 26 årligt
188 1223 78 26 belopp
281 1222 23 21 af
318 1222 65 27 5,600
398 1222 62 21 mark
475 1222 23 21 åt
511 1221 131 22 Direktören
657 1221 36 21 vid
705 1220 100 22 Bankens
816 1219 51 20 kon-
923 1211 37 13 nen

107 1258 35 21 tor
164 1257 7 21 i
190 1251 46 26 Äbo
255 1257 27 20 K.
301 1256 25 21 A.
345 1256 25 21 E.
387 1255 147 28 Gripenberg;
556 1256 42 21 den
614 1256 26 22 18
654 1254 105 23 Februari
776 1253 55 22 1878
846 1252 23 21 ät

110 1290 210 22 kontorsskrifvaren
342 1290 28 22 H.
391 1290 98 22 Sivenius
510 1290 34 21 till
564 1292 31 19 ett
609 1290 78 26 belopp
703 1289 23 21 af
739 1288 43 22 900
796 1286 71 27 mark;

110 1325 40 21 den
166 1326 24 20 31
208 1325 44 26 Maj
269 1331 82 15 samma
366 1324 24 22 är
406 1324 23 22 åt
444 1324 185 21 Bankdirektören
644 1324 25 21 P.
684 1323 25 21 F.
725 1322 32 22 W.
774 1328 20 15 v.
809 1320 58 22 Hau-

108 1365 38 15 sen
166 1359 13 21 &
197 1359 64 26 5,933
281 1358 62 26 mark
364 1358 28 22 33
408 1358 71 27 penni,
495 1360 56 19 samt
566 1358 42 21 den
624 1358 26 21 12
665 1358 46 21 Juli
729 1356 53 22 1878
799 1355 13 21 ä
825 1354 43 22 533

110 1393 61 21 mark
186 1393 27 21 32
229 1393 64 26 penni
309 1393 22 20 ät
345 1392 168 22 Vaktmästaren
529 1391 23 22 C.
568 1392 30 21 M.
614 1391 150 22 Tötterström.

178 1427 16 27 D
217 1427 71 22 Sedan
310 1426 115 21 framlidne
449 1426 58 21 förre
529 1426 141 21 Direktörens
688 1425 37 21 vid
743 1424 101 21 kontoret
861 1417 32 26 i)
907 1410 60 50 Fråga
977 1419 26 35 om

107 1455 54 33 Åbo,
181 1461 122 22 Statsrådet
320 1460 27 21 K.
367 1460 26 21 A.
412 1461 26 20 E.
461 1459 147 28 Gripenbergs
626 1459 62 26 enka,
704 1457 164 23 Statsrädinnan
883 1461 120 18 tillkomman-
