1025 1667
74 243 36 18 Sid.
122 245 23 18 32
157 244 17 18 ff.

69 1267 37 19 Sid.
119 1269 28 19 47.

218 142 26 22 78

528 207 11 27 8
556 207 48 21 111.

256 245 49 21 Alla
320 246 98 22 Bankens
433 246 77 22 kassor
525 247 53 21 böra
594 246 123 28 sorgfälligt
727 246 78 22 värdas
815 246 40 22 och
865 246 76 21 under-

187 279 73 21 kastas
276 285 123 21 noggranna
413 281 166 27 inventeringar,
594 281 28 27 pä
638 282 44 20 sätt
696 280 39 22 här
750 281 70 21 nedan
836 282 69 26 säges.

256 314 165 22 Hufvudkassan
444 315 6 21 i
473 315 99 21 Bankens
595 314 61 22 hvalf
676 315 122 21 inventeras
821 315 66 21 minst
905 314 36 22 tvä

186 348 82 26 gånger
285 349 68 21 under
375 349 46 22 året
439 349 24 21 af
475 349 197 27 Bankfullmäktige
687 349 28 27 pä
729 350 42 20 den
785 348 32 22 tid
832 349 108 21 Fullmäk-

186 382 44 26 tige
245 382 58 22 finna
317 383 71 21 dertill
404 384 95 26 lämplig.

255 416 49 22 Alla
323 417 68 27 öfriga
411 418 84 26 kassor,
510 418 60 22 såväl
586 418 27 21 de
628 418 8 21 i
650 417 95 27 Banken,
761 423 46 15 som
823 417 26 21 de
864 417 7 21 i
886 417 55 21 Ban-

185 450 53 22 kens
254 450 76 22 kontor
346 452 38 21 och
400 454 121 25 agenturer,
538 452 61 21 skola
618 452 122 21 inventeras
756 458 26 15 en
797 451 56 27 gäng
867 451 74 27 hvarje

186 485 84 26 mänad,
292 485 162 23 handkassorna
475 486 8 21 i
505 486 88 22 Banken
616 486 24 22 af
660 486 209 21 Bankdirektionens
891 486 49 21 ord-

186 519 96 27 förande,
296 520 104 21 kassorna
414 521 36 21 vid
465 521 104 21 kontoren
585 521 40 21 och
640 522 143 25 agenturerna
797 520 57 21 inom
869 520 73 21 landet

186 553 24 21 af
222 554 225 22 Diskontkomiterade
467 555 53 21 eller
538 555 27 21 de
584 555 68 21 andra
666 560 104 22 personer
785 554 12 22 å
813 556 67 24 orten,
895 560 46 15 som

185 587 196 28 Bankfullmäktige
403 589 34 21 till
459 589 195 27 inventeringsmän
674 591 73 24 utsett,
767 590 56 20 samt
837 588 104 22 kassorna

185 622 36 20 vid
236 622 100 22 kontoret
351 623 7 21 i
375 622 32 22 S:t
420 623 132 27 Petersburg
568 623 23 22 af
604 630 26 15 en
646 623 48 21 utaf
709 623 103 21 Senatens
823 622 118 22 Ekonomie

185 656 155 27 Departement
361 657 72 22 dertill
456 657 116 22 förordnad
595 658 67 26 högre
684 657 56 22 finsk
763 657 132 21 embetsman
913 656 27 27 pä

186 691 68 20 orten.

254 730 115 22 Dessutom
391 738 52 20 eger
464 732 202 26 Bankdirektionen,
687 731 120 21 oberoende
827 730 23 22 af
868 731 26 21 de
909 730 31 21 in-

184 765 143 27 venteringar,
343 771 46 15 som
405 766 109 27 företagas
528 766 29 27 pä
571 766 71 26 grund
658 766 23 21 af
689 765 208 26 Bankfullmäktiges
909 764 31 22 ät-

184 798 60 27 gärd,
264 798 51 27 läta,
338 799 25 21 sä
385 799 44 22 ofta
448 800 141 21 Direktionen
611 800 68 22 finner
702 799 105 27 lämpligt,
822 798 119 23 verkställa

184 834 61 20 extra
267 833 134 27 inventering
419 834 23 21 af
460 834 163 21 handkassorna
641 834 7 21 i
667 834 100 21 Bankens
782 833 159 21 hufvudkontor

183 872 78 20 genom
283 866 152 23 Direktionens
457 868 135 27 ordförande,
613 870 56 20 samt
687 868 24 21 af
728 867 158 21 hufvudkassor
901 867 40 21 och

183 900 134 22 handkassor
335 902 6 20 i
361 902 26 21 de
403 902 70 27 öfriga
487 902 105 22 kontoren
608 902 40 22 och
663 904 144 25 agenturerna
822 902 57 20 inom
895 902 45 21 lan-

183 934 43 27 det,
242 941 76 20 genom
329 936 160 22 vederbörande
500 937 205 26 inventeringsmän.
728 936 43 21 För
781 935 159 22 verkställande

182 968 24 22 af
220 970 62 20 extra
296 970 159 27 inventeringar
469 971 36 21 vid
520 971 101 21 kontoret
636 971 6 21 i
659 970 32 22 S:t
700 970 131 26 Petersburg
841 970 99 26 vidtagas

182 1002 24 22 af
226 1002 145 28 Fullmäktige
394 1004 26 22 de
444 1004 106 28 ätgärder,
575 1011 45 15 som
643 1004 34 22 för
699 1004 75 26 hvarje
796 1004 56 26 gäng
870 1003 69 21 finnas

182 1036 109 28 lämpliga.

251 1077 50 21 Alla
318 1078 65 21 dessa
401 1078 165 28 inventeringar,
586 1079 35 21 vid
640 1078 73 22 hvilka
732 1078 42 22 den
788 1077 94 22 befunna
896 1077 43 21 till-

181 1110 85 27 gängen
288 1111 40 21 bör
349 1118 56 20 noga
425 1113 103 27 jemföras
547 1113 49 21 med
615 1113 180 27 räkenskaperna,
811 1112 128 21 verkställas

181 1156 28 3 —
225 1156 28 4 —
269 1157 27 3 —
312 1151 19 15 0.
347 1152 17 15 s.
380 1152 19 15 v.
415 1146 72 22 såsom
501 1146 64 22 förut.

503 1220 11 28 8
531 1221 47 21 135.

254 1265 43 21 Det
318 1266 125 22 ankommer
465 1266 14 22 å
496 1266 196 28 Bankfullmäktige
707 1267 33 21 att
753 1265 80 27 bevilja
847 1265 92 22 medlem

180 1298 6 21 i
202 1298 197 23 Bankdirektionen
413 1300 163 28 tjenstledighet
594 1301 28 27 pä
636 1301 65 26 högst
715 1300 37 22 tvä
767 1300 102 21 mänader
883 1302 56 19 samt

180 1338 70 16 annan
273 1334 33 20 till
329 1334 106 26 tjenstens
454 1334 133 22 förrättande
602 1336 69 20 under
685 1335 60 21 tiden
760 1334 108 21 förordna.
898 1334 40 21 Be-

179 1368 64 26 gäres
266 1368 96 26 ledighet
383 1368 28 27 pä
432 1369 75 27 längre
525 1370 38 26 tid,
582 1372 42 24 äga
642 1368 145 27 Fullmäktige
808 1368 131 21 öfverlemna

179 1401 91 21 ärendet
284 1402 33 21 till
334 1402 104 22 Senatens
453 1403 118 22 Ekonomie
586 1404 156 27 Departement
755 1403 67 26 jemte
837 1402 101 21 anhällan

180 1440 34 16 om
236 1435 145 29 förordnande
404 1437 33 21 till
460 1438 104 26 tjenstens
586 1438 139 22 bestridande
748 1436 35 22 för
801 1436 41 22 den
860 1442 77 21 person

178 1467 147 29 Fullmäktige
340 1476 53 16 anse
409 1471 72 21 dertill
497 1472 94 27 lämplig.
