1014 1667
223 126 12 19 4

193 193 74 27 Enligt
283 194 54 20 1882
353 195 35 20 års
404 195 138 28 statsförslag
565 213 1 5 .
599 213 4 5 .
634 212 4 4 .
671 213 3 4 .
707 213 4 4 .
743 213 4 4 .
765 197 130 26 19,703,450:
912 196 33 20 53.

193 228 101 20 Tillskott
311 228 5 20 i
333 228 46 22 deri
395 232 108 25 upptagna
519 231 156 21 tullintrader.
706 247 5 4 .
742 247 4 4 .
799 231 96 26 500,000:
913 244 25 2 —

239 279 12 10 i
311 262 47 21 från
374 264 232 27 undsättningsfonden
633 282 4 4 .
670 282 4 4 .
706 281 5 5 .
742 281 4 5 .
799 266 96 25 360,400:
914 276 24 3 —

660 305 87 21 Summa
763 306 132 26 20,563,850:
912 306 33 20 53.

263 336 62 22 Hvad
347 339 47 20 äter
417 338 102 22 beträffar
543 340 125 27 utgifterna,
693 340 26 21 de
743 340 38 20 der
800 340 7 20 i
830 340 116 20 allmänhet

191 370 73 22 kunna
279 372 28 26 pä
323 372 72 22 siffran
411 379 150 21 noggrannare
583 374 131 21 bestämmas
735 375 71 20 såsom
821 374 124 26 grundande

191 405 33 26 sig
239 406 28 25 på
282 406 123 21 fastställda
421 410 68 18 stater
505 408 52 20 eller
573 408 69 21 andra
663 408 102 27 speciella
781 408 164 26 förordnanden,

190 439 40 21 har
253 446 26 15 en
303 441 96 26 stegring
419 441 22 21 af
463 442 108 21 desamma
588 442 6 21 i
611 443 113 20 enahanda
740 442 143 27 progression,
901 449 44 14 som

191 474 71 21 kunde
278 475 83 27 framgå
376 476 35 20 vid
427 483 25 14 en
467 477 124 26 jemförelse
611 477 91 21 emellan
723 478 24 19 år
765 478 59 26 1880,
841 477 34 20 det
892 477 53 20 sista

191 509 54 27 året,
261 509 32 21 för
309 510 80 21 hvilket
406 510 108 21 afslutade
530 511 148 26 räkenskaper
694 511 69 21 finnas
779 513 32 18 att
827 511 67 26 tillgå,
906 511 38 20 och

191 544 68 26 några
275 543 129 27 föregående
421 546 30 26 år,
467 545 47 22 icke
530 545 49 22 bort
594 546 136 27 förutsättas,
747 548 52 19 enär
815 546 26 21 de
856 545 89 21 hufvud-

190 577 67 28 titlar,
281 585 45 14 som
349 579 154 22 företrädesvis
518 580 57 21 visat
591 587 25 14 en
632 581 43 26 hög
695 581 90 26 tillväxt,
802 580 33 21 till
851 580 94 21 öfvervä-

190 613 69 26 gande
282 613 34 20 del
339 613 90 22 omfatta
445 614 170 28 embetsverken,
639 615 33 20 för
688 615 73 20 hvilka
777 615 67 20 under
859 616 86 19 senaste

190 647 51 21 åren
257 654 42 19 nya
315 648 174 27 aflöningsstater
503 649 71 20 blifvit
591 649 123 21 faststälda.

264 682 28 21 Af
306 683 25 20 de
348 683 6 20 i
372 684 53 20 1882
449 685 34 19 års
500 684 139 27 statsförslag
655 684 106 27 ingående
778 683 167 27 förslagsposter

189 715 34 22 till
238 716 134 27 betydligare
388 717 76 27 belopp
480 718 85 27 intager
581 719 100 26 anslaget
697 719 33 20 för
745 718 152 27 nybyggnader
908 718 37 20 det

189 750 90 21 främsta
295 754 98 19 rummet.
423 753 76 26 Någon
518 753 141 25 nedsättning
679 753 23 20 af
720 753 59 21 detta
796 753 79 26 anslag,
892 759 52 20 upp-

189 785 82 26 gående
288 786 32 21 till
337 787 91 26 800,000
444 788 67 26 mark,
528 788 39 20 har
583 788 32 20 för
635 787 174 27 finansperioden
824 787 120 21 emellertid

189 819 48 21 icke
253 822 83 19 ansetts
353 821 72 21 kunna
441 822 162 26 ifrägakomma,
621 824 52 19 enär
690 822 140 26 ärsanslagen
839 821 60 21 torde
911 821 33 21 till

190 853 53 22 fullo
266 856 61 25 tagas
351 855 5 20 i
384 856 94 26 anspråk
501 857 33 20 för
554 857 5 20 i
576 859 109 18 närmaste
705 856 88 21 framtid
809 856 135 21 förestående

188 888 203 29 byggnadsföretag,
408 891 70 20 såsom
495 891 133 26 uppförande
645 891 23 21 af
683 893 31 18 ett
729 893 49 24 nytt
789 890 155 21 fruntimmers-

188 923 101 21 skolehus
313 924 39 21 och
372 924 119 27 kirurgiskt
511 925 86 21 institut
614 926 6 20 i
635 925 138 27 Helsingfors
790 927 56 18 samt
860 925 83 20 länere-

188 957 114 21 sidenshus
326 958 7 21 i
356 958 84 27 Kuopio
460 959 39 21 och
515 959 114 28 Uleåborg,
647 960 113 20 hvarutom
777 959 108 26 betydliga
901 959 43 20 till-

188 991 59 21 skott
263 998 25 14 ur
304 992 134 22 statsfonden
455 993 108 22 erfordras
580 994 32 21 till
629 995 26 20 de
672 994 23 21 af
705 994 121 21 Ständerna
837 993 106 27 beviljade

187 1025 77 27 anslag
279 1026 33 21 för
328 1027 133 26 uppförande
478 1030 22 19 af
508 1028 159 27 länsfängelser
678 1029 39 20 och
727 1028 216 27 dårvårdsanstalter,

187 1059 87 22 hvartill
297 1061 39 20 bör
359 1061 74 27 läggas
454 1062 120 21 kostnaden
591 1063 33 20 för
639 1069 43 20 nya
697 1063 126 26 byggnader
838 1063 33 20 för
886 1062 57 21 läns-

186 1093 109 28 fängelset
310 1095 7 20 i
333 1095 143 28 Helsingfors.

258 1129 103 22 Deremot
384 1131 96 20 kommer
495 1137 26 15 en
538 1131 34 21 del
589 1132 68 20 andra
673 1131 76 26 anslag
764 1131 47 20 icke
827 1133 33 18 att
875 1131 68 20 under

185 1162 50 21 hela
249 1162 174 28 finansperioden
439 1167 65 25 tynga
519 1167 28 25 på
562 1165 116 27 budgeten.
709 1165 109 27 Anslagen
833 1165 33 21 för
877 1165 64 21 beko-

186 1198 77 20 stande
286 1198 23 21 af
330 1199 321 27 sjömätningsexpeditionerna
675 1200 7 21 i
703 1200 89 26 Päijäne
815 1199 39 22 och
877 1199 65 21 Pielis

185 1232 130 27 vattendrag
337 1233 97 26 upphöra
457 1235 114 26 nemligen,
595 1235 36 20 det
651 1235 66 26 förra,
736 1234 118 26 utgörande
870 1234 33 20 för
919 1235 23 19 år

187 1266 76 27 18,000
285 1268 68 26 mark,
377 1268 49 20 med
449 1269 24 20 år
497 1270 54 19 1884
575 1269 39 20 och
631 1269 36 20 det
687 1274 77 15 senare
779 1268 33 20 till
828 1268 77 26 belopp
921 1268 23 21 af

186 1301 77 26 11,000
286 1302 60 20 mark
370 1303 49 20 med
442 1304 24 19 år
490 1304 61 26 1883,
571 1303 69 21 ehuru
656 1302 103 27 möjligen
775 1309 25 14 en
816 1302 126 27 ytterligare

184 1336 153 26 utsträckning
353 1337 21 20 af
389 1337 60 21 tiden
465 1337 33 21 för
509 1338 145 20 nästnämnda
663 1337 134 26 expeditions
806 1336 136 22 verksamhet

184 1368 43 22 kan
244 1369 67 21 blifva
326 1370 24 21 af
359 1371 77 27 nöden,
447 1371 112 21 hvarutom
571 1372 40 20 den
624 1372 104 20 Finlands
737 1371 205 27 hypoteksförening

184 1402 120 23 förunnade
321 1404 128 22 subvention
464 1405 33 21 för
505 1406 42 21 fem
559 1407 36 19 års
606 1406 32 21 tid
649 1406 24 21 af
684 1406 90 26 100,000
781 1406 62 20 mark
851 1405 90 28 årligen,

183 1437 87 22 utfaller
285 1438 34 21 för
335 1439 54 21 sista
405 1440 83 26 gången
505 1441 24 19 år
547 1441 60 20 1883.
