1025 1664
213 134 28 21 22

184 198 75 20 räntan
276 197 12 21 &
303 197 156 23 kassakreditiv
473 199 14 21 5
501 201 89 25 procent
602 200 68 26 jemte
686 201 9 20 1
711 202 90 24 procent
813 200 7 21 i
834 200 104 21 inträdes-

184 230 68 28 afgift.

253 264 71 28 Sagda
346 266 164 23 bestämmelser
528 268 121 21 bibehöllos
669 274 77 21 genom
761 268 177 21 Bankfullmäkti-

184 304 37 22 ges
240 298 112 23 skrifvelse
371 300 24 22 af
413 302 40 21 den
472 302 13 21 9
506 302 119 22 December
644 302 55 22 1878
718 302 45 21 tills
779 308 75 20 genom
869 302 69 21 Bank-

183 332 147 28 fullmäktiges
346 334 113 23 skrifvelse
475 336 35 20 till
525 336 197 21 Bankdirektionen
738 336 23 21 af
775 336 41 21 den
827 337 13 20 4
850 336 88 22 Decem-

183 367 39 21 ber
241 368 57 21 1879
313 368 129 28 förordnats,
458 372 32 19 att
504 370 48 21 från
567 370 76 27 början
658 370 24 22 af
695 370 25 21 år
735 370 56 21 1880
805 370 134 22 diskonträn-

182 403 36 19 tan
234 401 34 21 för
282 402 111 22 inhemska
411 404 74 21 vexlar
505 404 69 22 skulle
590 405 106 21 beräknas
711 404 34 22 till
759 404 20 27 5,
795 403 48 26 5!/>
857 405 54 21 eller
925 405 13 21 6

182 438 89 24 procent
282 436 98 28 alltefter
395 438 112 22 vexlarnes
522 438 58 22 olika
595 438 148 22 beskaffenhet
757 438 39 22 och
806 438 66 28 löptid
883 440 56 20 samt

182 471 77 20 räntan
277 470 34 22 för
325 471 43 28 län,
387 472 108 27 beviljade
513 474 45 20 mot
576 474 52 26 pant
643 472 23 22 af
683 472 58 28 guld,
758 472 80 27 silfver,
853 473 31 21 in-
899 472 39 23 och

182 504 115 22 utländska
304 507 136 26 statspapper
448 508 55 20 samt
510 507 103 21 Finlands
626 507 220 27 Hypoteksförenings
858 507 80 27 obliga-

181 538 69 21 tioner
265 539 33 21 till
313 539 13 22 5
338 540 24 28 '/2
380 542 95 25 procent,
496 541 34 21 för
548 541 35 21 län
598 543 46 20 mot
658 547 71 16 annan
744 541 6 21 i
766 541 83 22 banken
864 543 73 25 antag-

182 572 29 27 lig
226 574 52 25 pant
293 573 33 21 till
341 574 14 21 6
369 577 90 24 procent
473 575 111 22 äfvensom
595 575 12 22 &
617 575 164 27 kassakreditiv,
793 576 69 21 såsom
873 575 64 27 förut,

181 606 33 21 till
229 606 13 21 5
257 609 90 24 procent
362 610 59 20 utom
435 609 193 28 inträdesafgiften,
646 611 10 20 1
673 611 94 26 procent.

249 641 101 22 Derefter
372 642 84 22 beslöto
475 643 197 28 Bankfullmäktige
691 644 68 21 under
778 644 39 21 den
835 644 26 21 16
876 644 60 26 April

182 675 55 21 1880
251 687 29 4 —
296 677 49 20 med
361 677 102 22 afseende
478 678 13 21 å
505 678 99 21 Bankens
620 678 104 27 ställning
740 680 55 19 samt
810 678 13 21 &
837 678 41 21 den
893 684 44 15 om-

180 709 156 28 ständigheten,
353 712 32 19 att
399 711 68 27 priset
481 712 28 27 pä
524 712 142 27 obligationer
681 713 107 26 betydligt
801 713 66 26 stigit,
881 714 56 20 samt

180 743 27 21 dä
225 744 100 27 teckning
344 745 13 20 &
373 747 31 20 ett
419 745 65 22 finskt
499 747 91 20 statslän
606 753 38 14 var
659 747 137 21 förestäende
811 747 39 21 och
865 746 71 21 Bank-

178 777 135 28 fullmäktige
328 779 80 27 ansägo
423 779 88 22 Banken
526 781 60 26 böra,
602 783 39 18 när
656 781 78 21 sädant
748 781 71 21 kunde
834 780 37 22 ske
882 783 52 19 utan

179 811 116 27 olägenhet
312 813 35 21 för
365 813 96 27 Banken,
481 814 52 21 söka
548 816 38 25 att,
602 821 78 20 genom
695 815 142 21 nedsättande
851 814 23 22 af
888 817 47 19 rän-

178 847 37 19 tan
234 846 28 27 pä
281 846 70 22 finska
367 847 145 22 Statsverkets
526 849 150 26 obligationer,
691 849 8 20 i
714 849 32 21 sin
762 855 48 15 mon
825 851 52 24 göra
892 855 43 15 om-

178 880 176 27 ständigheterna
376 882 109 27 möjligast
503 889 125 21 gynsamma
646 883 34 21 för
699 889 26 14 en
745 883 66 21 sädan
829 883 105 27 teckning,

178 913 112 23 äfvensom
305 915 28 27 pä
349 916 26 21 de
391 916 70 28 öfriga
476 917 46 21 skäl
538 923 45 15 som
598 917 69 21 finnas
682 919 109 25 upptagna
806 917 6 21 i
827 917 108 27 protokol-

176 948 31 21 let
225 948 35 21 för
279 949 41 21 den
336 950 27 20 16
378 950 61 27 April
457 951 96 24 1880
532 944 14 37 —
569 953 32 19 att
619 951 109 26 förordna,
749 952 36 20 det
801 951 68 21 skulle
885 953 47 19 rän-

176 984 38 19 tan
232 982 34 21 för
284 982 36 22 län
335 990 26 14 ur
375 984 92 28 banken,
483 991 45 15 som
544 985 95 22 derefter
654 986 119 26 beviljades
788 987 45 19 mot
846 987 52 25 pant
913 985 23 21 af

175 1016 53 26 guld
246 1016 40 22 och
306 1017 74 22 silfver
395 1021 57 19 samt
465 1019 69 22 finska
550 1020 147 21 Statsverkets
713 1019 39 21 och
772 1019 102 21 Finlands
891 1019 43 27 Hy-

175 1050 188 28 poteksförenings
379 1052 142 27 obligationer
536 1054 110 21 nedsättas
661 1053 35 21 till
711 1053 14 21 5
739 1055 88 25 procent
837 1059 34 15 om
881 1052 52 27 &ret,

175 1084 111 22 hvarefter
300 1085 203 29 Bankfullmäktige,
519 1088 67 21 sedan
601 1088 62 26 fräga
674 1094 35 15 om
721 1088 170 20 räntesatsernas
902 1088 31 26 yt-

175 1118 103 26 terligare
296 1120 139 28 nedsättning
454 1121 102 22 förevarit
575 1122 41 21 den
636 1123 25 20 11
683 1121 45 27 Maj
745 1123 56 19 samt
815 1122 41 20 den
871 1122 20 25 3,
906 1122 25 20 21

175 1152 40 21 och
236 1152 29 22 28
284 1153 92 27 Augusti
396 1155 62 27 1880,
479 1156 107 27 sistsagde
602 1156 42 27 dag
659 1156 137 26 förordnade,
811 1157 32 19 att
857 1157 76 19 räntan

174 1186 71 22 skulle
260 1187 118 22 beräknas:
394 1188 56 22 efter
464 1190 15 21 4
489 1190 23 30 !/2
526 1192 90 25 procent
630 1190 34 21 för
679 1190 36 21 län
731 1191 44 20 mot
789 1191 51 25 pant
851 1189 22 21 af
882 1189 51 27 guld

174 1220 40 21 och
230 1220 74 22 silfver
320 1224 57 20 samt
391 1222 71 23 finska
477 1224 146 22 Statsverkets
639 1224 40 22 och
697 1224 103 21 Finlands
813 1223 120 27 Hypoteks-

173 1254 111 27 förenings
308 1256 151 28 obligationer,
478 1258 54 21 efter
550 1258 14 22 5
582 1260 90 25 procent
687 1257 34 22 för
736 1258 35 20 län
786 1259 45 19 mot
845 1258 52 26 pant
911 1257 23 21 af

173 1288 69 22 andra
258 1289 46 27 slag
321 1290 25 21 af
359 1290 144 28 obligationer
518 1294 56 20 samt
588 1292 70 22 aktier
674 1292 39 21 och
724 1292 126 21 intecknade
860 1291 72 21 skuld-

173 1323 79 26 sedlar,
276 1323 54 22 efter
353 1325 13 20 6
388 1328 90 24 procent
500 1326 33 21 för
552 1327 36 21 län
608 1328 45 20 mot
672 1332 71 15 annan
761 1326 58 26 slags
837 1325 96 27 antaglig

172 1358 58 25 pant,
250 1357 111 22 äfvensom
377 1361 33 20 att
425 1360 165 22 diskonträntan
605 1361 71 21 skulle
691 1361 77 26 utgöra
782 1360 49 25 4!/>
844 1361 89 25 procent

172 1389 34 22 för
228 1392 34 20 tre
285 1391 114 24 mänaders
423 1395 54 21 eller
495 1395 87 21 kortare
600 1395 44 20 tids
662 1395 81 25 vexlar,
763 1394 14 21 5
795 1395 89 25 procent
898 1393 33 21 för

171 1424 75 21 vexlar
269 1425 27 26 pä
314 1426 76 27 längre
405 1429 39 26 tid,
461 1430 55 20 samt
534 1429 13 21 6
566 1431 96 24 procent,
678 1429 40 21 der
732 1427 199 28 vexelomställning
