1025 1664
779 119 54 22 39

148 183 20 25 e)
191 182 51 22 Med
264 182 115 26 anledning
402 182 63 21 deraf
486 182 33 20 att
537 181 71 22 falska
628 182 28 21 10
670 182 73 21 marks
758 182 79 26 sedlar,
849 182 29 38 o
877 180 41 26 Med
931 186 31 12 an-

78 218 139 28 synnerligen
239 216 35 22 väl
297 216 124 26 efterapade
440 216 103 21 Finlands
562 216 72 21 Banks
654 216 71 21 sedlar
741 216 13 21 &
768 216 70 22 denna

849 202 74 24 ledning
941 202 19 18 af

857 226 60 17 falska
929 226 22 18 10

77 252 72 26 valör,
168 251 68 21 under
255 250 98 22 sistlidne
372 250 50 21 höst
439 250 128 26 upptäcktes
585 251 7 20 i
612 250 108 22 allmänna
735 251 103 25 rörelsen,
851 248 60 18 marks
923 248 40 18 sed-

82 285 172 22 sammanträdde
269 284 198 27 Bankfullmäktige
481 285 50 20 med
546 284 197 22 Bankdirektionen
759 286 41 21 den
813 284 26 22 13

81 320 127 26 September
222 319 34 21 till
271 325 123 21 gemensam
411 318 162 28 öfverläggning
588 325 36 15 om
634 319 27 21 de
672 319 107 26 ätgärder,
791 325 46 15 som

81 354 8 20 i
104 353 114 27 anledning
236 352 64 22 häraf
316 353 73 26 borde,
409 352 34 22 till
459 352 99 22 Bankens
574 353 40 21 och
629 352 155 22 allmänhetens
800 353 37 21 be-

81 388 125 26 tryggande,
221 388 105 26 vidtagas,
342 387 125 27 hvarjemte,
483 387 7 21 i
505 387 116 27 anledning
636 386 63 22 deraf
713 389 32 19 att
760 387 26 21 de
797 387 39 21 fal-

81 421 40 22 ska
135 422 99 21 sedlarne
250 423 72 25 syntes
337 427 53 15 vara
404 420 128 22 förvillande
547 421 45 21 lika
606 421 27 21 de
648 421 57 25 äkta,
717 421 120 27 sakkunnig

80 461 79 21 person
181 456 33 21 för
236 455 123 27 afgifvande
377 455 24 21 af
418 455 153 27 upplysningar
586 455 139 21 tillkallades.
755 455 82 21 Härvid

81 489 110 22 äfvensom
206 490 36 21 vid
258 491 32 19 ett
304 495 75 15 senare
395 490 158 20 sammanträde
569 490 42 20 den
626 490 28 20 26
664 489 126 27 September
800 489 36 21 be-

81 524 54 21 slöts
150 524 64 21 bland
229 525 74 19 annat:
319 525 32 20 att
366 523 87 21 inställa
468 523 136 27 utgifvandet
618 523 24 21 af
656 524 30 20 tio
702 524 71 20 marks
789 523 47 21 sed-

80 557 34 22 lar
136 558 40 21 och
197 559 33 20 att
251 558 39 21 hos
312 557 123 27 Kejserliga
458 557 93 22 Senaten
570 558 87 20 anhälla
672 564 34 15 om
722 557 114 22 förständi-

81 592 70 26 gande
172 592 34 21 för
228 592 160 21 vederbörande
407 592 106 21 ränterier
528 592 40 21 och
583 592 117 21 förvaltare
717 592 23 22 af
754 591 82 22 statens

80 626 77 21 kassor
171 628 33 20 att
218 626 46 22 icke
282 626 83 27 utgifva
384 626 72 21 sedlar
472 626 23 21 af
508 626 8 21 i
532 626 62 27 fräga
608 626 95 22 varande
718 626 70 24 valör;
804 626 33 20 att

80 660 100 27 samtlige
194 660 100 22 kassörer
309 660 70 21 skulle
395 660 83 21 erhälla
492 666 110 20 noggrann
618 660 134 26 beskrifning
767 659 27 27 pä
809 660 26 21 de

80 693 70 22 falska
168 694 106 26 sedlarne,
293 697 56 18 samt
367 696 32 19 att
417 694 145 22 allmänheten
581 694 33 22 till
630 694 119 22 kännedom
765 694 70 21 skulle

80 728 111 22 meddelas
206 728 67 27 nägra
292 728 23 22 af
329 728 26 22 de
371 728 183 26 omständigheter
569 734 46 16 som
630 728 109 22 utmärkte
754 728 27 21 de
797 728 40 21 fal-

80 762 40 22 ska
142 762 108 26 sedlarne;
273 762 109 22 äfvensom
405 764 32 19 att
459 762 88 27 vidtaga
565 762 103 27 lämpliga
687 762 101 27 ätgärder
803 761 34 21 till

81 796 167 22 Törfalskarenes
268 796 164 27 efterspanande
450 796 28 27 pä
496 796 44 22 den
556 798 40 25 ort,
612 797 38 21 der
666 796 171 26 förfalskningen

78 832 78 25 antogs
174 830 65 22 hafva
258 830 64 27 skett,
345 830 7 21 i
367 830 83 22 hvilket
468 830 102 22 afseende
588 830 197 27 Bankfullmäktige
801 830 36 20 be-

80 864 84 22 stämde
179 871 26 15 en
220 866 70 20 större
305 864 100 27 belöning
421 864 33 22 för
470 865 48 25 den,
534 871 46 15 som
596 865 115 27 upptäckte
722 864 115 22 förfalska-

80 904 45 20 ren,
140 900 57 20 samt
212 898 43 22 läto
270 898 164 27 tillkännagifva
449 904 36 16 om
500 905 27 15 en
542 899 84 21 mindre
641 899 101 26 belöning
757 898 24 21 af
793 898 44 21 500

79 932 62 21 mark
163 932 23 21 ät
208 933 47 26 den,
274 939 45 15 som
339 933 115 27 upptäckte
470 933 39 21 och
524 933 8 21 i
547 933 60 21 bevis
623 933 62 22 ledde
701 932 136 28 utspridning

79 966 24 21 af
117 967 7 20 i
139 966 61 27 fråga
215 967 93 21 varande
324 967 77 26 sedlar,
410 967 89 23 hvilken
513 968 132 20 sistnämnda
655 968 101 26 belöning
767 966 70 22 skulle

79 1000 79 22 utfalla
171 1001 49 21 med
235 1001 95 27 förhöjdt
345 1001 78 27 belopp
434 1002 73 20 derest
518 1002 26 21 de
555 1002 160 27 upplysningar,
727 1007 45 15 som
784 1001 52 21 lem-

78 1035 67 21 nades
168 1041 34 15 om
224 1036 145 26 utprånglare,
389 1036 71 20 kunde
475 1036 51 21 leda
542 1036 34 21 till
592 1036 149 27 upptäckande
756 1035 23 21 af
793 1034 43 22 till-

78 1069 112 21 verkaren.
214 1070 37 21 Att
266 1070 70 21 beslut
351 1076 35 15 om
401 1070 31 21 tio
448 1070 73 21 marks
532 1070 86 22 sedelns
628 1070 145 22 förändrande
781 1069 55 27 jem-

78 1103 35 21 väl
129 1104 63 20 häraf
205 1103 137 22 föranleddes
357 1106 25 19 är
396 1104 8 21 i
419 1104 38 21 det
471 1104 130 27 föregäende
616 1105 81 27 antydt.

148 1137 24 26 d)
188 1138 46 20 Den
250 1138 128 26 erfarenhet,
393 1144 46 15 som
455 1138 69 22 under
539 1138 27 22 de
582 1140 86 20 senaste
684 1138 51 22 åren
751 1137 86 22 vunnits

77 1172 9 21 i
102 1171 62 28 fråga
178 1178 34 15 om
227 1172 165 27 tillverkningen
409 1173 23 20 af
446 1173 73 21 sedlar
534 1173 34 21 för
582 1173 103 21 Finlands
701 1173 72 21 Banks
791 1172 47 21 räk-

78 1206 58 27 ning,
159 1206 39 21 har
219 1206 108 22 föranledt
345 1207 197 27 Bankfullmäktige
565 1209 32 20 att
619 1207 112 27 förelägga
746 1207 33 26 sig
795 1207 41 21 den

78 1239 83 28 frågan,
184 1240 105 22 huruvida
310 1241 47 21 icke
380 1241 47 21 skäl
449 1247 52 16 vore
520 1241 34 21 för
572 1241 90 27 handen,
682 1244 33 19 att
733 1241 54 22 söka
802 1240 35 21 för

76 1274 94 21 nämnda
184 1275 99 20 ändamål
299 1275 80 21 inrätta
394 1277 31 19 ett
440 1277 50 25 eget
505 1275 163 28 konsttryckeri.

146 1308 154 22 Anskaffandet
318 1309 24 21 af
359 1309 112 27 ritningar,
487 1309 171 27 förfärdigandet
673 1310 24 21 af
710 1310 71 27 plåtar
797 1309 39 21 och

76 1342 141 27 tryckningen
233 1343 23 21 af
270 1343 78 27 sedlar,
363 1343 8 21 i
387 1343 39 22 och
441 1343 34 22 för
490 1344 33 27 sig
538 1343 118 22 kräfvande
670 1344 111 27 betydliga
792 1349 44 15 om-

74 1375 91 28 gångar,
187 1377 131 26 tidsutdrägt
341 1377 40 21 och
403 1377 124 27 kostnader,
547 1379 37 20 äro
600 1378 125 21 derutöfver
739 1377 96 27 förknip-

74 1410 58 26 pade
147 1411 48 20 med
210 1411 110 21 kännbara
334 1411 139 27 olägenheter
488 1417 34 16 om
538 1412 44 21 alla
597 1412 63 21 dessa
674 1412 89 21 arbeten
774 1411 62 22 skola

74 1442 111 29 företagas
207 1445 28 26 på
257 1451 26 16 en
305 1445 133 22 främmande
458 1447 40 20 ort.
527 1445 140 23 Framförallt
681 1445 103 28 erbjuder
799 1451 37 15 an-

851 271 36 18 lars
911 271 46 19 före-

874 294 65 18 komst.

853 1138 20 22 d)
885 1137 77 22 Förslag

851 1166 44 17 ang.
905 1160 58 17 inrät-

862 1183 55 18 tande
933 1182 19 18 af

858 1207 27 17 ett
897 1206 62 17 konst-

864 1227 83 25 tryckeri.
