1028 1667
277 94 81 22 Ständ.
375 95 54 22 Skr.
445 107 26 3 —
489 94 25 22 U.
530 95 28 21 B.
573 95 41 21 N:o
629 95 20 23 3.
797 96 13 20 3

84 158 104 24 oförsökt,
203 159 23 25 ty
242 158 26 20 de
283 157 29 27 på
326 158 71 26 grund
413 156 24 22 af
449 157 80 27 nådiga
550 156 124 22 manifestet
692 158 42 20 den
749 158 14 20 4
777 157 61 27 April

86 192 56 21 1860
164 190 83 28 utgifne
270 190 100 21 sedlarne
386 191 13 20 å
414 197 26 14 en
456 190 40 21 och
512 192 32 19 tre
559 190 62 22 mark
636 198 51 14 voro
703 192 78 20 endast
795 190 43 22 för-

84 226 66 22 sedde
165 225 50 21 med
228 224 153 27 litograferade
397 224 200 28 namnteckningar,
613 226 53 20 utan
682 227 33 19 att
725 226 62 20 detta
796 224 40 22 för-

83 260 102 22 hållande
201 258 117 27 veterligen
333 258 125 22 framkallat
473 260 67 26 några
556 259 145 27 olägenheter.

153 293 74 27 Enligt
249 292 132 22 Ständernas
403 293 67 21 tanke
494 293 68 27 ligger
582 293 165 27 ifrågavarande
764 300 73 15 namn-

84 327 140 27 teckningars
239 326 113 28 praktiska
366 327 110 28 betydelse
491 327 122 27 egentligen
629 328 51 25 deri,
695 330 33 18 att
739 327 99 22 sedlarne

84 362 48 21 icke
147 362 53 26 utgå
214 361 48 21 från
285 361 116 27 tryckeriet
424 361 8 20 i
447 360 121 28 fullfärdigt
584 361 67 26 skick,
671 362 83 21 hvilket
769 362 68 27 möjli-

85 402 41 21 gen
148 395 74 21 kunde
243 395 97 21 medföra
362 396 72 26 någon
452 396 62 25 våda,
530 396 94 21 särdeles
641 396 27 21 då
683 396 155 21 sedeltillverk-

85 430 80 28 ningen
187 430 105 27 försiggår
311 432 59 19 utom
385 430 80 21 landet.
496 430 49 21 Men
562 431 60 20 detta
637 430 99 27 syftemål
752 431 86 27 uppnås

85 464 45 22 lika
139 464 137 27 fullständigt
287 471 35 14 om
333 464 223 27 namnteckningarna
566 464 117 27 anbringas
691 471 78 21 genom
777 464 61 28 tryck

86 499 53 21 eller
160 498 123 28 stämpling,
306 498 56 22 blott
384 499 79 21 sådant
484 498 49 22 sker
547 500 69 19 under
631 498 207 22 bankdirektionens

86 533 138 21 omedelbara
245 533 94 27 uppsigt,
360 533 39 21 och
419 534 41 20 den
476 532 71 28 derför
562 533 141 27 erforderliga
717 535 121 25 apparaten

87 569 24 20 är
125 567 103 28 uppstäld
243 567 7 20 i
265 567 98 21 bankens
379 574 54 20 egen
448 567 65 21 lokal.

155 601 61 21 Dock
226 608 52 14 anse
289 601 122 21 Ständerna
422 604 32 18 att
464 601 166 27 ifrågavarande
638 602 127 27 förändring
774 602 64 21 borde

87 636 83 22 införas
193 636 77 21 endast
290 635 33 21 för
338 636 71 21 sedlar
425 636 23 20 af
461 636 59 26 lägre
535 636 60 21 valör
610 637 27 19 än
654 636 27 20 50
695 636 69 26 mark,
780 636 60 21 hvar-

87 672 58 20 emot
165 671 26 20 de
206 670 142 21 handskrifna
370 670 224 27 namnteckningarna
614 670 68 21 skulle
697 670 64 22 äfven
776 670 64 21 fram-

88 704 58 22 deles
168 704 119 21 bibehållas
310 703 34 21 för
362 704 70 21 sedlar
448 704 92 27 lydande
556 705 13 20 å
584 704 28 20 50
626 704 62 21 mark
703 704 52 22 eller
771 704 69 21 deröf-

88 745 42 16 ver.
161 738 32 21 De
215 739 68 20 större
306 738 99 21 sedlarne
426 739 52 26 utgå
495 738 106 27 nemligen
616 739 6 19 i
639 740 30 19 ett
683 738 157 28 jemförelsevis

89 774 23 20 så
127 773 62 27 ringa
203 772 66 22 antal,
286 774 32 19 att
333 773 62 20 deras
411 772 191 22 underskrifvande
618 772 33 21 för
667 773 58 21 hand
735 773 36 21 väl
781 774 59 20 med-

88 807 77 21 hinnes
187 806 24 21 af
231 806 97 21 bankens
350 806 91 22 embets-
464 807 40 21 och
526 808 131 26 tjenstemän
677 807 41 21 och
733 807 47 21 icke
796 807 44 21 kan

89 840 97 22 medföra
208 841 26 20 de
257 840 145 27 olägenheter,
426 848 45 14 som
490 842 56 20 varit
560 841 123 21 förbundna
698 842 49 20 med
763 842 78 20 under-

91 875 133 27 skrifningen
240 874 24 22 af
278 875 41 21 den
330 878 59 18 stora
399 882 85 14 massan
496 876 96 26 ständigt
600 876 107 26 utgående
716 875 124 22 småsedlar.

158 909 31 21 På
203 910 69 26 grund
288 908 24 22 af
324 909 57 21 hvad
396 909 63 22 ofvan
475 910 82 20 anförts
572 910 22 21 få
610 910 121 21 Ständerna
747 910 6 20 i
766 910 76 20 under-

92 943 102 27 dånighet
209 943 120 25 hemställa,

365 979 31 19 det
415 979 69 19 täcktes
507 979 77 19 Eders
599 979 138 25 Kejserliga
752 979 91 24 Majes-

297 1014 34 18 tät
352 1019 65 18 genom
440 1013 117 24 utfärdande
578 1013 59 24 nådig
651 1013 115 25 förordning
781 1014 8 19 i
803 1014 41 18 äm-

296 1048 31 18 net
342 1047 69 23 tillåta,
427 1049 29 17 att
471 1048 12 18 ä
499 1048 95 19 Finlands
609 1048 60 19 banks
683 1048 64 19 sedlar
758 1048 25 24 af
791 1048 53 24 lägre

298 1081 54 19 valör
367 1082 25 18 än
407 1082 65 23 femtio
492 1082 56 18 mark
563 1082 22 18 de
599 1082 8 18 i
620 1082 72 24 nädiga
707 1082 138 24 förordningen

298 1116 24 23 af
336 1116 35 19 den
384 1116 25 19 13
431 1116 58 24 April
511 1116 52 18 1874
582 1116 121 24 föreskrifna
717 1116 129 20 namnunder-

282 1162 2 2 -
298 1149 107 24 skrifterna
426 1150 32 19 mä
476 1150 29 24 pä
526 1150 98 20 mekanisk
647 1151 35 23 väg
697 1150 50 19 inom
763 1150 83 20 bankens

300 1184 50 19 lokal
365 1184 110 24 anbringas.

164 1250 104 21 Finlands
284 1250 92 22 Ständer
391 1250 125 22 framhärda
531 1253 39 19 etc.

164 1295 139 27 Helsingfors,
319 1297 41 20 den
376 1298 14 18 4
405 1296 42 27 Maj
466 1297 59 21 1882.

200 1396 130 38 Helsingfors,
344 1408 17 18 J.
375 1408 75 17 Simelii
463 1408 111 23 arfvingars
587 1409 92 22 tryckeri,
691 1400 53 26 1883.
