1006 1664
407 114 61 38 XVII
748 117 41 21 209

63 186 60 22 Ifrån
140 187 26 21 de
182 186 39 22 här
237 186 62 22 ofvan
315 189 111 25 upptagna
442 187 148 27 tillgångarna
615 203 5 5 .
651 187 119 27 9,347,651:
787 186 33 20 57.

63 222 39 20 bör
118 221 112 21 afräknas:
334 215 2 2 i

92 255 101 27 beloppet
209 255 23 21 af
250 256 41 20 den
310 262 25 14 ur
351 256 109 21 allmänna
476 256 143 21 statsmedlen

123 292 81 19 ersatta
227 290 173 27 köpeskillingen
423 290 33 22 för
478 290 78 22 Pällilä
580 290 39 22 och

121 324 102 22 Vehmais
239 325 101 27 hofläger
355 326 49 20 med
434 342 5 4 .
471 326 105 27 .53,395:
592 326 34 20 97.

94 359 26 21 de
139 360 13 20 å
174 359 161 27 löseskillingen
360 360 34 20 för
410 360 68 21 under

124 394 195 21 skattemannarätt
334 394 96 22 försälda
446 395 30 21 lä-

124 428 103 27 genheter
252 429 169 27 uppdebiterade
447 430 31 20 af-

124 463 136 28 betalningar
275 464 61 21 med.
368 480 4 4 .
405 480 3 4 .
440 480 4 4 .
476 480 5 4 .
498 464 128 27 75,673:62.
677 470 96 26 —129,069:
789 470 34 21 59.

654 511 119 27 9,218,581:
789 510 34 21 98.

97 539 111 21 hvaremot
224 539 146 27 tillgängarna
389 539 54 22 böra
463 540 52 22 ökas
531 540 49 21 med
596 540 26 21 de

127 579 25 15 ur
172 573 79 21 fonden
276 573 122 28 förskjutna
422 575 200 21 storskiftskostna-

127 608 45 27 der,
194 608 74 21 hvilka
287 609 85 20 komma
393 611 33 18 att
441 610 69 21 under
526 609 58 22 vissa
600 610 24 20 är

127 644 100 25 ersättas,
243 643 127 26 uppgäende
381 643 65 21 dessa
456 644 118 21 kostnader
588 650 35 15 en-

127 677 39 26 ligt
182 677 137 22 förestående
334 678 94 21 relation
443 679 34 20 till
512 695 4 4 .
548 695 5 4 .
585 695 4 4 .
620 694 5 5 .
679 678 96 26 147,211:
793 677 32 20 19.

551 705 274 7 a

656 719 119 27 9,365,798:
794 718 32 20 17.

70 757 88 22 Bristen
173 757 7 22 i
195 758 79 21 fonden
290 759 42 20 kan
348 759 94 21 sälunda
455 759 125 28 kalkyleras
590 759 34 21 till

129 792 115 27 rätteligen
264 809 4 4 .
300 809 4 5 .
335 810 4 4 .
371 810 3 4 <
407 810 4 5 0
443 810 111 5 000
586 810 40 4 LL
659 793 117 28 1,267,325:
791 803 29 5 —

476 835 88 21 Summa
580 835 47 27 Fay
644 834 132 27 10,633,118:
795 833 32 21 17.

144 873 10 21 I
169 873 52 28 följd
238 874 62 21 deraf
314 876 32 19 att
362 874 95 21 inkomst
473 875 39 21 och
528 875 66 27 utgift
609 875 33 20 för
657 874 116 27 Pyhäjärvi
789 873 39 21 och

73 908 118 27 Walkjärvi
214 908 133 22 vidsträckta
370 910 169 27 donationsgods
562 910 98 21 bokförts
678 910 6 20 i
704 908 124 22 donations-

73 942 85 28 fonden,
182 943 67 21 ehuru
272 944 64 21 dessa
359 944 53 27 gods
435 944 73 22 blifvit
527 945 89 26 inköpta
631 944 33 21 för
680 943 148 22 statsfondens

73 978 97 27 räkning,
195 980 37 19 äro
251 978 99 28 ätkilliga
370 981 81 25 poster,
468 979 114 21 deribland
598 978 231 27 förvaltningskostna-

74 1012 47 27 den,
141 1016 109 24 upptagna
270 1013 34 21 till
323 1014 33 20 för
371 1014 52 26 högt
439 1014 86 27 belopp.
556 1014 80 21 Likasä
652 1014 40 20 har
708 1013 122 21 inkomsten

73 1046 47 22 frän
143 1047 117 21 Lohikoski
283 1048 49 21 med
355 1048 207 22 donationsfondens
585 1048 70 21 medel
678 1048 79 20 inlösta
777 1047 52 27 gods

74 1081 88 27 origtigt
177 1082 141 21 inlevererats
334 1082 34 22 till
384 1082 145 22 statsfonden.
552 1082 70 22 Dessa
637 1082 91 27 misstag
743 1084 37 19 äro
791 1088 38 14 nu-

73 1122 59 15 mera
146 1117 92 21 rättade.

144 1151 42 21 För
206 1151 65 27 öfrigt
290 1153 36 19 mä
341 1154 134 25 omnämnas,
492 1154 33 19 att
540 1151 291 27 förvaltningskostnaderna

75 1186 48 21 med
140 1186 52 21 flera
207 1186 90 27 utgifter
312 1186 85 22 komma
413 1188 33 20 att
461 1186 106 28 besparas
578 1186 80 22 fonden
674 1186 66 21 sedan
751 1185 81 27 godsen

74 1220 70 22 blifvit
154 1220 141 22 storskiftade
306 1221 40 21 och
358 1221 94 21 derefter
463 1222 71 20 under
545 1221 117 21 skatterätt
670 1221 22 20 ät
700 1220 133 22 landboarne

76 1255 166 28 Ofverlemnade,
258 1256 110 21 äfvensom
384 1257 32 20 att
432 1256 126 21 annuiteter
578 1256 12 20 &
606 1256 26 20 de
640 1255 34 21 för
685 1255 90 21 fondens
784 1254 49 21 räk-

74 1290 52 26 ning
141 1292 110 25 upptagna
266 1290 36 21 län
318 1290 105 22 utbetalts
438 1290 97 28 tidigare
550 1292 28 19 än
589 1289 159 27 amorteringen
759 1289 24 21 af
791 1289 42 21 den

73 1324 111 22 bönderna
210 1325 34 21 till
270 1325 111 28 betalning
408 1325 94 27 päförda
528 1325 146 27 köpeskilling
700 1323 98 28 vidtagit,
825 1323 8 21 i

74 1359 53 27 följd
142 1360 23 21 af
184 1359 82 22 hvilket
282 1360 136 21 sistnämnda
439 1359 138 22 förhållande
597 1360 41 21 den
653 1359 110 21 bönderne
779 1358 54 27 älig-

74 1394 70 26 gande
160 1395 160 27 amorteringen
336 1395 97 21 kommer
449 1396 33 19 att
498 1394 73 27 fortgå
586 1393 68 22 under
670 1393 52 22 flera
738 1394 25 20 år
771 1393 63 21 äfven

76 1428 54 21 efter
147 1429 35 21 det
200 1429 65 22 länen
280 1429 34 22 till
329 1429 53 21 fullo
398 1429 138 22 äterbetalts.

765 1479 22 17 14
