1028 1670
385 134 21 19 U.
419 133 23 19 B.
455 144 22 3 —
490 133 65 19 XXDL
811 134 10 18 9

91 192 155 31 skontkomitön
262 191 105 26 erfordra,
390 191 33 22 för
445 190 25 23 så
489 191 45 22 vidt
549 191 26 21 de
597 189 50 29 ingå
669 191 8 21 i
692 191 103 27 förslaget
811 190 33 21 till

91 227 11 28 8
118 227 27 21 88
160 226 7 21 i
183 226 145 28 reglementet,
343 225 47 22 icke
405 224 72 29 någon
493 225 93 22 särskild
601 225 133 28 motivering,
749 225 55 22 helst
819 224 26 21 de

90 261 33 21 till
145 262 46 20 stor
212 260 35 21 del
269 260 190 21 öfverensstämma
481 259 49 22 med
545 259 153 28 Fullmäktiges
714 259 79 28 förslag
809 265 37 15 an-

91 294 82 29 gående
188 301 81 15 samma
283 294 109 28 paragraf.

160 329 61 21 Hvad
244 328 46 22 åter
312 327 103 23 beträffar
431 328 27 22 de
473 328 118 28 ändringar
606 328 7 21 i
628 328 71 28 öfriga
713 327 133 29 paragrafer,

92 363 86 22 hvartill
193 364 67 27 sagda
274 363 134 28 stadganden
423 363 73 21 kunde
511 363 117 25 föranleda,
644 363 41 21 har
695 362 110 22 Utskottet
819 360 28 29 på

93 397 24 22 af
129 398 194 27 Bankfullmäktige
342 397 90 22 anförda
451 397 48 21 skäl
514 398 84 21 förenat
613 397 33 27 sig
662 404 34 14 om
712 397 35 22 det
763 397 23 21 af
799 396 47 21 dem

93 432 121 28 föreslagna
228 432 76 28 tillägg
318 432 33 21 till
366 432 11 27 8
394 432 33 25 58,
443 432 36 21 vid
495 431 80 22 hvilket
589 431 110 21 Utskottet
709 431 75 21 endast
791 430 57 28 gjort

94 473 26 15 en
135 467 81 21 mindre
231 466 258 28 redaktionsförändring.
519 466 102 21 Deremot
636 466 40 20 har
684 465 109 21 Utskottet
802 464 46 21 icke

94 501 94 28 godkänt
210 501 40 21 den
276 500 24 22 af
322 500 198 28 Bankfullmäktige
542 500 122 28 föreslagna
686 499 118 27 ändringen
826 498 21 21 at

94 536 68 28 tredje
185 536 81 28 stycket
287 536 7 20 i
316 536 12 27 $
351 536 34 20 90.
421 535 78 21 Denna
520 534 134 28 förändring,
670 534 137 28 hvarigenom
822 539 25 15 en

94 570 135 28 upprepning
244 570 24 21 af
280 569 56 22 hvad
351 570 7 20 i
373 570 27 20 88
415 570 12 27 $
443 569 90 28 stadgas
548 569 67 22 skulle
630 569 112 25 undvikas,
757 569 24 20 är
789 568 59 20 näm-

94 604 57 28 ligen
166 605 24 21 af
203 604 44 22 helt
262 604 40 22 och
317 603 66 22 hållet
398 603 88 22 formell
499 604 110 27 betydelse
624 606 56 18 samt
695 602 29 28 på
732 603 40 21 den
780 600 69 30 grund

95 638 24 22 så
134 640 84 27 mycket
232 639 83 21 mindre
329 637 104 29 påkallad
448 645 47 15 som
510 638 116 25 Utskottet,
642 637 70 22 såsom
720 637 63 22 ofvan
790 637 58 20 näm-

96 674 43 26 des,
153 674 48 21 icke
215 673 56 22 velat
285 672 79 23 föreslå
378 673 50 21 hela
443 673 151 28 reglementets
609 672 117 28 tryckande
742 671 61 28 ånyo.

163 708 96 22 Emedan
281 708 178 21 Bankutskottets
482 708 63 21 ofvan
566 706 128 22 framstälda
715 706 82 27 förslag
818 704 32 22 till

97 743 163 21 diskontkomité
283 742 46 22 icke
351 742 92 21 innebär
464 742 71 28 någon
557 742 93 27 ändring
671 742 8 20 i
701 740 150 22 Direktionens

97 777 191 27 sammansättning
310 777 40 21 och
372 777 67 21 sättet
458 776 34 22 för
511 776 48 22 dess
574 775 152 26 utnämnande,
742 774 110 22 förblifver

97 813 26 19 65
139 812 12 27 &
165 812 8 21 i
189 811 196 28 bankreglementet
400 810 63 22 deraf
477 810 129 27 fullkomligt
616 810 98 22 oberörd.
745 808 60 22 Dock
813 808 40 21 har

97 845 115 26 Utskottet,
221 845 120 22 oberoende
357 845 24 21 af
395 845 69 28 sagda
479 844 88 28 förslag,
581 844 90 22 beslutit
686 845 32 20 att
736 844 38 21 hos
790 842 62 21 Stän-

97 879 67 22 derna
185 879 113 22 hemställa
320 886 34 15 om
376 886 26 15 en
422 879 93 28 ändring
529 880 7 20 i
551 879 70 21 denna
636 878 109 28 paragraf,
761 877 91 24 hvilken,

98 915 68 20 ehuru
188 914 40 21 den
251 914 18 28 ej
293 914 57 21 afser
372 915 33 20 att
427 913 72 22 införa
517 913 71 28 någon
607 921 28 20 ny
650 913 122 28 grundsats,
788 910 64 22 likväl

97 949 46 21 icke
158 949 62 21 torde
234 949 68 21 sakna
316 948 29 22 all
360 948 117 28 betydelse.
507 948 109 21 Utskottet
632 948 39 21 har
682 947 106 28 nämligen
797 945 55 22 åter-

98 983 99 28 upptagit
212 983 36 21 det
262 983 24 21 af
299 985 85 20 senaste
400 983 105 22 Ständers
519 983 145 22 Bankutskott
685 983 77 21 väckta
776 980 77 22 försla-

99 1019 35 26 get
149 1024 34 15 om
198 1017 151 28 upphäfvande
364 1017 24 22 af
401 1017 90 22 fordran
506 1016 29 29 på
550 1017 136 28 ådagalagda
702 1015 106 30 juridiska
822 1015 32 20 in-

99 1052 65 28 sigter
179 1052 34 21 för
228 1051 41 22 den
284 1059 39 14 ene
338 1051 24 22 af
374 1051 152 22 Direktionens
537 1051 125 22 ledamöter.
692 1049 95 23 Härmed
797 1049 58 22 afser

99 1087 109 21 Utskottet
222 1086 117 28 ingalunda
354 1088 32 20 att
402 1085 48 22 från
467 1086 70 22 denna
551 1086 58 27 plats
623 1087 115 26 utestänga
752 1089 103 22 personer

99 1121 48 21 med
159 1121 93 28 juridisk
266 1120 102 29 bildning,
384 1122 54 20 utan
453 1119 69 23 håller
537 1121 109 21 Utskottet
662 1121 93 20 tvärtom
762 1119 46 21 före
823 1119 33 20 att

99 1155 82 22 sådana
203 1155 59 22 skola
286 1155 62 22 äfven
366 1155 117 22 framdeles
497 1155 36 21 vid
547 1155 96 28 platsens
658 1153 127 23 besättande
799 1152 56 21 före-

99 1190 105 21 trädesvis
218 1190 86 21 komma
318 1190 8 21 i
341 1189 69 28 fråga.
441 1189 50 22 Men
507 1189 27 22 då
549 1189 27 22 de
588 1189 108 28 juridiska
703 1188 97 28 insigter,
809 1193 45 15 som

100 1225 40 20 här
155 1225 85 21 komma
255 1224 33 21 till
302 1224 145 28 användning,
469 1225 39 20 äro
527 1224 24 21 af
564 1224 41 21 den
620 1223 147 22 beskaffenhet
782 1223 33 20 att
830 1220 26 21 de

101 1258 61 22 äfven
184 1260 52 20 utan
258 1258 71 28 aflagd
352 1264 91 16 examen
458 1258 72 21 kunna
544 1258 134 21 förekomma
692 1257 40 21 hos
746 1254 110 29 praktiske

99 1293 117 25 bankmän,
238 1293 40 21 har
300 1292 113 22 Utskottet
434 1294 55 20 trott
510 1294 32 20 att
564 1294 31 20 ett
616 1291 127 29 stadgande,
762 1296 46 15 som
822 1289 36 21 för

101 1327 70 23 denna
193 1328 71 27 tjenst,
280 1340 27 3 —
322 1334 91 14 numera
433 1327 41 22 den
493 1327 56 22 enda
564 1326 35 22 vid
613 1326 103 22 Finlands
731 1324 64 25 bank,
811 1330 46 14 som

101 1363 58 21 ännu
167 1364 25 20 är
198 1362 144 22 underkastad
352 1361 84 23 sådana
443 1362 187 27 inskränkningar,
639 1373 28 4 —
675 1360 77 22 binder
759 1358 57 22 valet
822 1358 35 21 vid

101 1396 102 22 särskildt
210 1396 155 28 examensprof,
373 1395 72 29 någon
454 1396 57 28 gång
515 1396 42 22 kan
563 1396 68 22 varda
638 1394 117 26 hinderligt
762 1393 34 21 för
804 1392 54 28 tjen-

101 1432 58 20 stens
174 1430 126 22 besättande
309 1430 54 25 med
378 1437 110 21 personer,
512 1437 44 15 som
573 1436 76 22 genom
664 1429 48 21 sina
726 1427 133 28 egenskaper

171 1471 137 17 Bankutskottets
320 1470 105 18 betänkande
437 1471 36 16 N:o
485 1472 15 16 4.
