1028 1673
487 137 22 19 U.
523 137 22 19 B.
558 147 21 3 —
593 137 65 19 XX111.

397 195 139 27 beskaffenhet
551 196 25 21 de
590 202 52 15 vara
657 196 43 26 mä,
717 195 50 22 böra
782 196 36 26 för
833 195 114 27 Bankfull-

397 230 90 27 mäktige
503 230 69 22 hällas
587 230 144 28 tillgängliga;

431 278 20 27 €)
471 276 80 27 Hvarje
569 277 80 21 månad
666 276 59 22 skola
745 276 202 28 Bankfullmäktige,

394 312 32 26 pä
442 312 72 26 grund
532 311 27 27 af
573 311 91 22 bankens
679 311 73 21 böcker
766 312 37 20 vid
817 312 129 26 hufvudkon-

397 348 53 20 toret
467 348 55 19 samt
539 346 200 27 veckorapporterna
758 346 53 26 frän
825 346 99 22 kontoren
938 346 9 21 i

397 380 126 27 landsorten,
539 382 102 26 genomgä
656 381 36 21 och
706 380 93 28 granska
811 381 89 21 bankens
914 382 34 20 rö-

396 415 53 22 relse
465 416 36 21 och
515 416 98 26 utlåning
626 416 68 21 under
707 416 50 21 näst
765 416 125 27 föregående
902 416 45 21 mä-

395 450 56 26 nad;

429 491 25 28 d)
470 490 196 28 Bankfullmäktige
684 492 39 20 äro
739 490 87 28 pligtige
846 492 30 20 att
889 490 58 22 doldt

396 526 36 20 och
451 526 105 26 förtegadt
574 525 74 21 bevara
663 525 34 27 alt,
719 532 45 14 som
779 527 59 19 rörer
853 525 93 22 enskilda

391 567 113 20 personers
519 560 134 26 förhållande
668 560 32 21 till
716 560 80 21 banken
808 560 138 28 eller
863 556 10 37 i
881 560 65 28 öfrigt

394 595 36 21 vid
444 594 155 28 förvaltningen
616 594 42 22 kan
676 594 101 27 förefalla
792 595 24 26 af
830 595 68 21 sådan
913 595 32 21 be-

393 630 120 27 skaffenhet,
533 631 30 19 att
577 630 34 20 det
625 629 63 27 enligt
703 629 34 27 lag
752 629 37 21 och
804 629 140 27 bankförfatt-

393 665 77 27 ningar
485 666 40 26 tyst
539 670 51 16 vara
605 664 48 26 bör;

427 707 22 26 e)
468 704 30 28 Ej
516 705 37 21 må
568 704 187 28 Bankfullmäktig
769 706 52 20 utan
836 704 46 28 laga
896 705 45 26 för-

393 740 40 26 fall
447 740 48 21 sina
510 739 167 28 tjenstegöromål
695 740 118 21 åsidosätta
828 740 49 21 eller
891 740 53 26 från

393 774 156 22 sammanträde
564 774 105 27 uteblifva.
692 774 109 27 Inträffar
815 774 77 22 sådant
899 775 44 26 för-

393 809 46 26 fall,
455 809 36 21 bör
505 809 43 21 kan
563 809 71 21 derom
650 809 86 21 anmäla
747 809 37 21 hos
791 809 150 27 ordföranden,

391 851 45 14 som
451 844 112 27 suppleant
577 843 32 22 till
624 844 137 27 tjenstgöring
776 844 9 21 i
795 844 70 21 stället
871 846 73 25 genast

392 879 97 21 inkallar.
519 878 40 22 Vill
575 879 187 27 Bankfullmäktig
776 885 47 15 resa
837 879 53 26 från
900 881 42 20 sta-

393 914 46 26 den,
454 913 53 22 skall
522 913 42 22 han
580 913 97 22 lVikaledes
692 914 71 21 derom
778 913 37 22 hos
830 913 112 27 ordföran-

392 949 40 21 den
447 948 85 22 anmäla
547 948 37 21 och
598 949 47 21 med
660 948 84 27 behörig
758 948 111 27 suppleant
877 949 65 26 träffa

391 983 70 22 sådan
479 983 211 27 öfverenskommelse,
714 985 30 19 att
765 983 111 27 suppleant
897 984 46 25 före

393 1019 39 20 den
447 1018 166 26 tjenstgörandes
631 1018 71 26 afresa
720 1018 54 26 från
788 1018 73 21 staden
875 1018 68 26 finnes

389 1053 30 26 på
435 1054 64 20 orten.
530 1052 126 21 Föranlätes
671 1052 144 26 ordföranden
830 1053 30 20 att
875 1052 68 22 lemna

391 1088 79 25 staden,
493 1086 132 27 handhafvas
644 1087 32 27 på
698 1086 76 22 honom
793 1086 150 22 ankommande

391 1122 132 27 åligganden,
543 1121 32 21 till
594 1122 46 20 dess
656 1121 129 27 ordförande
799 1121 35 26 för
856 1122 86 21 mellan-

391 1156 57 22 tiden
469 1158 80 24 utsetts,
569 1156 23 26 af
611 1156 39 21 den
665 1156 33 26 på
717 1158 59 19 orten
795 1156 102 27 befintlige
912 1156 31 21 till

391 1191 52 21 åren
463 1191 67 21 äldste
548 1191 107 21 ordinarie
674 1190 224 28 Bankfullmäktigen;
916 1192 26 20 är

390 1226 64 27 ingen
479 1226 63 21 bland
563 1225 107 21 ordinarie
692 1224 198 28 Bankfullmäktige
912 1227 30 20 att

390 1260 66 28 tillgå,
472 1260 125 22 tillkommer
611 1260 65 27 sagda
694 1260 112 28 åliggande
821 1260 39 22 den
876 1260 66 22 äldste

389 1295 27 26 af
431 1296 26 20 de
475 1295 32 21 till
527 1295 135 27 tjenstgöring
676 1294 106 22 inkallade
797 1295 143 27 suppleanter;

423 1342 22 27 PD
462 1341 196 28 Bankfullmäktige
672 1341 59 22 skola
745 1348 52 14 vara
813 1341 85 21 beredde
909 1343 33 26 pä

389 1376 82 21 sådana
487 1376 105 27 anstalter,
608 1376 133 28 hvarigenom
756 1376 91 21 bankens
856 1376 85 22 redbar-

387 1410 57 22 heter
459 1411 37 21 och
511 1411 115 27 angelägna
638 1411 133 27 handlingar,
784 1418 33 13 om
829 1410 72 27 nödigt
908 1412 32 26 är,

388 1444 72 22 kunna
482 1448 51 19 utan
555 1446 129 26 tidsutdrägt
702 1445 107 27 förflyttas
824 1444 32 21 till
871 1452 70 14 annan

249 1484 139 18 Bankutskottets
399 1486 106 17 betänkande
517 1486 34 16 N:o
564 1487 16 16 4.
