1031 1661
370 130 20 19 U.
407 129 19 20 B.
442 141 28 2 —
485 129 104 21 H-—XXU.
806 130 26 20 13

105 194 106 27 derdånig
229 193 114 22 skrifvelse
362 193 25 22 af
399 193 135 22 sistnämnda
548 193 50 28 dag,
613 193 64 23 hvari
692 193 73 23 tillika
779 193 83 22 medlen

105 231 35 20 att
154 229 93 22 betäcka
261 228 68 27 sagde
344 227 92 28 utgifter
450 235 52 15 voro
517 227 96 28 angifna.

176 263 81 21 Genom
267 262 68 28 nådig
348 263 130 27 kungörelse
489 262 25 22 af
523 262 42 22 den
573 264 26 20 16
607 262 47 22 Juli
662 263 56 21 1879
725 262 137 23 meddelades

106 297 61 21 Hans
181 296 122 28 Kejserliga
313 296 115 28 Majestäts
439 296 159 28 godkännande
611 296 25 22 af
645 296 27 22 de
683 296 50 22 utaf
741 296 122 23 Ständerna

106 330 109 28 beviljade
226 331 115 27 anslagens
353 331 100 21 ändamål
465 331 40 21 och
514 331 83 27 belopp,
607 330 55 22 dock
670 330 49 22 med
726 330 136 23 uteslutande

107 365 25 22 af
145 364 65 23 ofvan
224 365 97 27 antydda
336 365 114 22 eventuela
465 367 54 25 post,
534 365 91 27 tillföljd
634 365 81 22 hvaraf
723 365 140 23 slutsumman

107 402 25 19 är
146 399 74 22 utförd
233 399 49 22 med
296 400 78 22 endast
392 401 127 26 11,385,400
538 400 69 21 mark.
637 400 51 21 Men
698 399 8 22 i
716 399 66 28 fråga
792 406 34 16 om
836 399 27 23 de

108 434 33 22 till
162 434 63 22 dessa
246 433 103 28 utgifters
367 434 136 22 betäckande
520 434 105 22 anvisade
644 434 120 22 inkomster
777 434 86 28 säges
853 429 15 37 i

108 474 81 16 samma
210 468 129 28 kungörelse
361 468 56 22 intet
439 470 73 25 annat,
531 470 29 20 än
578 470 35 20 att
627 468 129 27 Ständerna,
771 474 45 16 som
830 468 34 22 för

108 503 54 21 åren
177 504 140 20 1878—1882
333 502 73 28 åtagit
420 502 35 28 sig
465 502 126 28 bevillning,
602 502 117 23 hvaröfver
730 502 80 28 stadga
816 502 48 22 blif-

108 536 34 23 vit
156 537 107 27 kungjord
278 537 41 21 den
335 539 27 19 26
377 537 45 21 Juli
437 539 63 26 1878,
518 537 62 27 ,utaf
593 537 27 22 de
635 537 92 22 sålunda
746 536 118 28 inflytande

109 571 83 22 medlen
213 571 88 22 anvisat
323 571 89 27 anslag"
436 583 28 4 —
480 573 40 23 att,
537 571 45 22 dels
597 571 50 22 med
661 571 45 22 dels
721 573 54 20 utan
788 571 76 22 vidare

109 605 76 27 vilkor,
201 605 110 23 användas
326 605 35 22 till
375 605 144 28 nyssberörda
534 606 102 22 ändamål
651 606 39 21 och
704 606 84 27 belopp.

177 640 44 22 Det
234 646 40 16 var
289 639 119 22 emellertid
423 640 48 21 icke
487 639 77 23 endast
579 640 42 22 den
634 640 108 22 allmänna
753 639 111 24 bevillnin-

110 681 48 21 gen,
181 681 44 15 som
243 674 34 22 för
291 674 169 27 ifrågavarande
475 674 92 27 utgifter
582 674 107 27 anvisats;
705 674 111 22 beräknad
831 675 34 20 att

110 708 100 28 inbringa
225 710 92 25 900,000
327 708 62 21 mark
401 708 7 21 i
421 708 67 28 årligt
498 708 107 28 medeltal,
617 709 53 22 eller
678 709 66 21 alltså
750 709 114 26 4,500,000

110 743 62 21 mark
193 743 68 21 under
283 743 49 21 hela
354 742 107 28 perioden,
482 743 72 21 kunde
573 743 70 27 sagda
661 742 143 23 inkomsttitel
818 742 47 22 icke

112 783 72 15 ensam
198 783 55 15 vara
267 776 125 27 tillräcklig.

111 811 93 22 Utöfver
217 811 94 21 nämnda
336 827 5 5 .
371 827 4 5 .
407 827 4 5 .
443 827 5 5 <
551 827 76 5 LL
659 828 4 4 +
693 813 121 25 4,500,000:
830 823 27 2 —

111 845 56 22 hade
182 845 121 22 Ständerna
318 845 96 22 anvisat:

111 879 152 27 behållningen
276 879 38 23 vid
325 881 54 20 1877
391 880 35 21 års
437 880 84 27 utgång
532 880 14 21 å
556 880 108 22 allmänna

168 914 151 28 bevillningen,
335 914 112 22 beräknad
461 914 34 21 till
516 930 5 5 .
552 930 4 5 .
588 930 5 5 .
624 930 4 6 .
659 930 5 5 .
695 915 120 26 3,201,288:
832 915 33 19 10.

112 948 337 28 stämpelpappersbevillningen,
473 948 56 22 efter
546 948 79 28 afdrag
643 948 25 22 af

170 984 92 23 475,000
277 983 62 21 mark
354 982 33 22 för
402 984 54 26 året,
473 989 44 15 som
532 983 85 27 tillagts
627 983 38 21 all-

169 1019 78 19 männa
261 1017 142 27 statsfonden,
419 1017 99 27 omkring
529 1018 92 24 300,000
631 1017 35 22 för

170 1052 53 24 året,
239 1051 68 22 eller.
338 1068 5 5 .
373 1068 5 5 .
589 1068 4 5 <
625 1067 4 5 <
661 1068 4 5 +
696 1053 120 26 1,500,000:
832 1063 27 2 —

113 1085 15 22 &
149 1085 103 22 Finlands
272 1086 74 21 Banks
365 1064 158 81 oäisponerade
538 1064 129 54 vinstmedel

170 1121 33 20 ett
217 1120 76 27 belopp
309 1120 36 21 af.
376 1136 5 6 .
412 1137 4 4 .
447 1137 5 4 .
591 1136 5 4 <
627 1136 4 4 +
662 1136 5 5 .
697 1121 121 26 2,754,161:
834 1120 34 20 90.

588 1160 87 22 Summa
690 1160 134 27 11,955,400:
841 1171 27 3 —

181 1222 112 22 Ehuruväl
308 1222 37 22 det
359 1224 25 20 är
398 1222 112 28 antagligt
524 1224 34 20 att
572 1223 69 27 nädig
650 1222 102 22 sanktion
762 1222 48 22 icke
823 1220 48 23 blif-

114 1256 33 22 vit
161 1257 83 27 vägrad
254 1257 13 21 &
278 1256 133 22 Ständernas
423 1257 71 21 beslut
505 1259 34 19 att
551 1257 138 22 merberörda
698 1256 94 28 utgifter
802 1255 70 22 skulle

114 1290 91 22 medelst
227 1290 92 22 anförda
341 1291 120 27 tillgångar
482 1291 115 27 bestridas,
616 1291 56 22 hade
692 1291 38 22 det
744 1290 56 22 dock
813 1289 59 23 varit

116 1324 95 28 önskligt
226 1326 33 20 att
275 1325 70 21 denna
355 1326 102 21 sanktion
467 1326 66 22 äfven
543 1325 74 23 blifvit
626 1325 115 28 kungjord.
766 1324 106 22 Inkomst-

115 1360 111 25 posternas
241 1359 142 27 fullständiga
398 1360 141 27 upptagande
553 1360 8 21 i
576 1359 66 23 ofvan
657 1359 123 27 äberopade
790 1358 82 27 kungö-

115 1393 56 22 relse
193 1392 25 22 af
235 1393 41 22 den
295 1395 26 20 16
339 1393 46 22 Juli
405 1395 55 20 1879
475 1394 56 21 hade
545 1393 50 22 haft
609 1394 26 21 sä
649 1393 87 28 mycket
750 1398 60 16 mera
824 1391 50 22 skäl

116 1426 34 22 för
163 1427 41 27 sig,
220 1433 44 16 som
279 1427 122 22 Ständerna
416 1434 29 15 nu
459 1427 34 22 för
507 1428 70 22 första
591 1428 94 27 gängen,
701 1427 9 22 i
728 1427 43 22 den
785 1426 30 28 pä
826 1426 48 22 dem

185 1467 150 18 Statsutskottets
347 1467 118 19 betänkande
477 1469 36 17 N:o
525 1469 17 17 9.
