1025 1673
72 537 14 12 s.
97 531 73 19 49—52.

76 1371 13 11 s.
102 1366 72 18 52—54.

198 125 27 34 20
470 130 23 19 U.
505 130 23 19 B.
542 141 22 3 —
576 130 65 19 XXII

180 187 74 22 hvilka
276 189 6 20 i
304 189 49 21 dess
375 189 66 26 tjenst
459 189 94 26 antagits
574 189 54 21 efter
648 189 40 21 den
707 189 13 21 9
735 189 119 22 December
870 189 61 25 1867,

181 222 27 21 då
229 223 83 21 banken
335 223 80 22 stäldes
438 224 69 21 under
530 224 131 21 Ständernas
680 223 135 28 förvaltning,
830 224 66 22 borde
911 223 23 21 af

180 257 96 22 bankens
298 258 68 21 medel
389 258 112 22 utbetalas.
533 258 45 22 Och
600 259 37 21 vill
656 259 165 21 Bankutskottet
839 259 7 20 i
861 258 72 22 anled-

182 292 49 27 ning
246 292 64 21 häraf
323 293 76 21 endast
414 293 90 21 sålunda
519 293 77 27 bringa
611 293 65 22 saken
692 293 33 21 till
742 293 129 21 Ständernas
882 293 50 21 kän-

182 327 76 20 nedom
282 329 54 19 samt
357 327 70 21 tillika
449 327 71 22 såsom
543 328 33 21 sin
597 328 57 27 åsigt
672 328 69 21 uttala
756 329 32 20 att
802 327 131 22 Utskottet
922 323 15 37 i

182 361 67 21 likhet
269 361 47 21 med
330 361 198 28 Bankfullmäktige
543 362 40 21 och
598 362 28 27 på
640 363 26 20 de
682 362 23 21 af
720 362 48 21 dem
783 362 90 21 anförda
887 361 46 22 skäl

182 401 62 15 anser
267 395 100 22 Finlands
389 396 68 21 banks
481 397 127 26 tjenstemän
628 397 59 26 böra,
707 397 62 21 äfven
785 397 6 20 i
807 396 100 21 afseende
922 396 12 21 å

182 429 117 28 ordningen
314 430 33 22 för
362 430 147 22 utbetalandet
523 431 24 21 af
561 431 64 22 dessa
639 431 124 26 understöd,
773 437 52 15 vara
835 430 99 22 likstälde

181 465 49 20 med
245 466 81 20 statens
342 465 67 28 öfrige
425 465 134 28 tjenstemän.

251 533 30 22 Af
304 534 205 27 Bankfullmäktiges
536 535 136 27 redogörelse
699 535 108 26 angående
829 535 106 21 bankhus-

183 568 111 27 bygnaden
320 569 94 27 framgår
439 571 32 19 att
496 569 118 27 utgifterna
638 569 33 22 för
698 569 73 22 husets
797 569 138 27 uppförande,

183 603 68 21 ehuru
272 603 83 22 arbetet
372 605 57 20 ännu
448 604 19 27 ej
487 606 23 19 är
526 604 28 27 på
569 604 59 27 långt
643 605 38 20 när
696 604 85 26 färdigt,
797 604 64 21 redan
877 604 59 26 stigit

183 637 85 22 utöfver
290 638 213 27 kostnadsförslaget.
534 639 136 21 Beträffande
694 639 116 20 orsakerna
828 638 33 21 till
877 638 58 21 detta

183 672 133 22 förhållande
331 673 38 21 vill
384 673 167 22 Bankutskottet
566 673 75 22 endast
656 673 88 21 hänvisa
758 673 33 21 till
806 673 55 21 hvad
875 673 7 20 i
893 673 42 20 slu-

183 708 31 20 tet
229 707 23 21 af
267 708 65 26 sagda
347 708 137 27 redogörelse
502 708 75 21 härom
593 707 94 22 anföres.
717 707 42 22 För
774 707 66 27 öfrigt
855 707 38 21 och
908 707 27 21 då

184 742 36 21 det
234 742 42 22 kan
292 742 63 22 hafva
369 743 62 21 väckt
445 742 189 28 uppmärksamhet
649 744 31 20 att
695 742 116 27 utgifterna
826 742 34 21 för
870 742 65 21 bank-

184 776 62 22 huset
261 777 7 21 i
284 777 75 27 sjelfva
375 777 130 22 berättelsen
524 778 105 26 upptagas
648 777 32 21 till
697 783 26 15 en
739 777 58 26 lägre
813 783 81 15 summa
909 778 26 19 än

184 812 47 26 den,
253 818 45 15 som
321 812 6 21 i
350 812 101 21 balansen
467 812 59 21 öfver
543 812 101 21 Finlands
660 812 67 21 banks
744 811 102 27 ställning
861 811 74 21 ultimo

184 847 118 21 December
326 847 53 21 1881
403 846 53 28 (tab.
479 847 31 26 II)
534 849 24 18 är
577 847 33 20 för
625 853 82 15 samma
722 848 48 25 post
785 846 96 27 uppförd,
897 845 39 22 bör

184 881 36 21 det
242 881 105 22 måhända
369 883 88 20 nämnas
479 883 32 20 att
529 881 55 22 först
599 881 67 27 sagda
681 887 82 15 summa
778 881 159 26 representerar

184 916 41 21 den
244 916 98 26 kostnad,
361 923 46 14 som
424 916 56 21 intill
499 916 59 21 detta
577 916 35 21 års
631 916 80 27 utgång
727 915 103 22 användts
845 915 27 26 på
886 915 51 27 byg-

184 951 144 26 nadsarbetet,
347 951 76 21 medan
441 951 97 21 deremot
554 951 94 21 tabellen
668 952 105 25 upptager
787 949 48 22 hela
851 950 36 21 det
901 949 35 21 be-

184 985 50 26 lopp
252 985 82 21 hvilket
352 985 55 21 intill
426 991 81 16 samma
526 985 100 27 tidpunkt
640 985 141 21 utanordnats
796 984 23 21 åt
833 984 104 27 bygnads-

184 1019 94 22 komitén
294 1019 38 22 och
348 1020 76 21 hvaraf
438 1027 26 14 en
479 1021 83 20 mindre
574 1020 33 21 del
620 1020 27 21 då
662 1021 56 20 ännu
734 1019 19 27 ej
765 1025 37 15 var
812 1019 23 21 af
843 1017 93 23 komitén

185 1054 102 27 utgifven.
310 1054 105 27 Slutligen
430 1055 61 21 torde
506 1055 167 21 Bankutskottet
688 1054 6 21 i
710 1054 113 26 anledning
837 1053 22 21 af
868 1053 69 21 Bank-

185 1089 146 26 fullmäktiges
347 1089 82 27 uppgift
444 1091 32 19 att
491 1090 40 21 den
550 1095 84 21 person,
650 1095 45 15 som
711 1088 115 27 öfvertagit
840 1088 97 21 leveran-

185 1129 37 15 sen
245 1123 24 21 af
288 1123 130 26 jernfenster
439 1124 34 21 till
491 1124 119 27 bygnaden,
626 1123 46 22 icke
688 1123 7 21 i
711 1124 42 20 rätt
768 1123 31 20 tid
814 1122 124 21 aflevererat

186 1157 109 22 desamma
317 1157 52 22 böra
391 1159 98 20 meddela
511 1160 31 19 att
560 1158 117 26 Utskottet,
696 1157 28 27 på
743 1157 61 27 gjord
823 1156 114 27 förfrågan,

186 1192 22 21 af
222 1192 190 27 bygnadskomitön
427 1193 86 21 erhållit
528 1193 42 21 den
584 1193 127 27 upplysning
727 1193 38 25 att,
782 1198 45 15 som
842 1191 95 21 leveran-

185 1229 60 19 tören
270 1229 66 19 ersatt
358 1227 43 21 alla
423 1227 26 22 de
471 1227 116 22 kostnader
606 1227 123 27 bygnadens
744 1226 132 27 beläggande
891 1225 47 21 med

186 1261 139 27 provisionelt
344 1262 37 21 tak
399 1262 99 26 medfört,
513 1262 70 27 någon
598 1262 72 21 direkt
684 1261 78 22 förlust
777 1261 7 21 i
799 1260 52 27 följd
867 1260 22 21 af
903 1260 35 21 be-

186 1297 65 20 rörda
266 1296 149 22 försummelse
429 1297 47 21 icke
491 1297 92 21 drabbat
597 1297 104 20 Finlands
716 1295 63 22 bank.

256 1366 33 20 De
312 1366 100 27 åtgärder
435 1366 48 21 med
506 1366 102 21 afseende
630 1366 14 21 å
662 1365 117 27 ordningen
795 1364 35 21 vid
846 1364 93 21 bankens

187 1400 136 27 förvaltning,
339 1407 46 15 som
401 1400 22 22 af
437 1400 142 27 Fullmäktige
594 1400 128 28 uppräknas,
738 1399 68 21 måste
821 1398 66 27 enligt
901 1398 38 21 Ut-

188 1434 92 21 skottets
302 1435 64 21 tanke
388 1435 94 27 afgjordt
496 1435 114 22 betecknas
633 1435 70 21 såsom
727 1433 158 26 förbättringar,
901 1432 38 22 och

258 1474 137 18 Bankutskottets
405 1475 90 17 berättelse.
