1011 1673
341 137 80 24 Ständ,
437 137 54 22 Skr.
508 149 25 2 —
550 137 40 22 N:o
606 137 20 21 4.

383 427 102 24 Finlands
499 427 106 24 Ständers
618 426 123 25 skrifvelse
751 425 33 26 till
795 425 68 25 bank-

316 466 138 31 fallmäktige
474 465 114 33 angående
605 466 138 30 afskrifaiog
758 465 26 25 af
797 465 66 32 hypo-

316 506 197 31 teksföreningens
531 505 35 26 lån
585 507 6 24 i
611 506 102 25 Finlands
731 505 67 25 bank.

111 574 74 21 Till]
200 574 157 21 Finlands
373 573 155 21 Ständers
547 573 303 26 Bankfullmäktige.

181 631 34 21 Då
239 631 121 21 Ständerna
382 630 35 21 vid
440 630 146 21 innevarande
602 630 104 28 landtdag
721 631 34 20 till
770 630 95 21 behand-

109 667 46 27 ling
180 665 98 22 förehaft
301 665 78 27 nädiga
395 665 162 27 propositionen
573 666 112 26 angäende
701 664 129 27 afskrifning
845 664 24 21 af

120 699 240 29 iypoteksföreningens
384 699 36 21 län
436 699 6 20 i
458 699 104 21 Finlands
586 699 64 26 bank,
666 700 65 21 hafva
747 699 122 21 Ständerna

111 734 111 27 medgifvit
243 736 32 19 att
291 733 90 21 berörda
396 733 43 25 län,
455 734 129 26 uppgående
600 734 33 20 till
648 735 93 24 600,000
750 733 69 25 mark,
834 734 35 20 mä

111 768 115 22 afskrifvas
247 768 49 20 med
311 767 78 22 vilkor:
443 762 3 3 |

184 804 32 19 att
233 802 138 26 föreningens
388 802 78 25 deficit,
483 808 51 19 som,
551 802 54 21 efter
620 802 75 27 afdrag
711 802 24 21 af
749 802 18 27 ej
778 802 89 27 mindre

115 838 37 20 det
167 836 81 27 belopp
266 837 124 20 densamma
407 836 70 21 såsom
497 836 126 21 subvention
644 836 23 21 af
679 836 111 21 allmänna
806 837 62 19 stats-

115 871 70 21 medel
209 870 113 27 tilldelats,
344 871 27 20 än
387 870 63 21 äfven
466 870 164 27 ifrågavarande
646 871 42 25 lån,
704 870 118 21 beräknats
837 872 32 19 ut-

117 906 53 26 göra
187 905 99 26 omkring
301 905 93 24 465,000
410 905 67 24 mark,
492 906 76 20 varder
578 912 77 20 genom
666 905 138 26 föreningens
814 911 55 20 egna

115 939 147 27 tillgöranden
278 939 144 24 amorteradt;

184 975 33 19 att
232 973 145 26 förvaltnings
400 973 148 21 kostnaderna
570 973 33 21 för
623 973 74 28 hvarje
713 975 24 20 år
752 973 66 21 blifva
835 973 34 20 be-

115 1007 75 22 täckta
213 1009 53 19 utan
290 1007 112 22 anlitande
426 1007 23 22 af
463 1009 26 20 de
505 1007 33 22 för
553 1009 63 20 ränta
631 1008 39 21 och
686 1008 132 27 amortering
834 1007 35 22 be-

115 1041 83 28 höfliga
214 1041 85 22 medlen
316 1041 38 21 och

185 1078 32 19 att
232 1075 34 21 till
280 1075 145 28 betryggande
450 1076 23 21 af
495 1076 137 27 föreningens
651 1076 98 27 förmåga
768 1078 32 18 att
816 1075 53 21 bära

114 1111 108 24 förluster,
246 1117 45 14 som
316 1110 75 21 kunna
413 1111 80 26 uppstå
516 1111 24 20 af
560 1112 65 20 redan
644 1110 60 27 gifna
721 1109 43 26 lån,
779 1110 7 19 i
802 1109 66 27 regle-

115 1146 82 20 mentet
213 1143 81 22 införes
309 1151 25 14 en
351 1144 142 27 bestämning.
514 1152 44 13 som
574 1145 87 27 ålägger
676 1144 113 21 bildandet
805 1143 24 21 af
842 1150 26 14 en
891 1146 2 2 '

115 1178 132 24 reservfond,
272 1178 32 21 till
326 1178 103 27 beloppet
451 1179 48 21 icke
515 1179 166 27 understigande
699 1185 26 14 en
743 1180 90 25 procent
849 1177 24 22 af

113 1212 107 27 samtliga
245 1211 130 28 utelöpande
399 1211 149 27 förbindelser,
570 1214 39 20 och
624 1216 38 22 att,
678 1220 35 14 om
729 1213 95 20 nämnda
839 1219 31 14 re-

115 1246 101 23 servfond
234 1247 82 27 nedgär
331 1248 69 20 under
417 1248 60 20 detta
493 1248 116 26 minimum,
628 1248 101 26 åtgärder
739 1249 77 25 genast
827 1247 44 21 vid-

115 1283 62 24 tagas
192 1279 33 21 till
243 1280 135 20 densammas
398 1280 166 27 uppbringande
581 1280 32 22 till
628 1282 68 26 sagda
711 1281 87 27 belopp.

184 1313 78 21 Tillika
277 1313 65 22 hafva
358 1314 125 22 Ständerna
497 1315 57 21 velat
572 1315 127 27 bemyndiga
711 1314 160 22 bankfullmäk-

115 1349 44 27 tige
174 1350 40 23 att,
231 1348 24 20 så
271 1350 59 18 snart
352 1348 235 28 hypoteksföreningen
609 1349 33 21 för
660 1349 136 27 fullmäktige
807 1349 63 25 visar,

115 1384 36 20 det
167 1382 138 26 föreningen,
321 1384 52 19 utan
389 1384 32 19 att
438 1382 73 22 skrida
526 1383 32 21 till
572 1384 67 20 sådan
650 1383 78 27 partiel
741 1383 130 27 uttaxering,

115 1416 144 26 hvarigenom
282 1422 26 14 en
329 1416 34 21 del
379 1416 24 21 af
417 1418 48 20 dess
481 1417 98 27 delegare
594 1418 6 20 i
616 1418 67 20 större
699 1418 128 27 proportion
843 1418 28 20 än

117 1451 69 20 andra
212 1449 70 21 skulle
304 1450 21 20 få
347 1450 52 21 bära
419 1450 139 28 föreningens
573 1451 45 21 före
634 1452 24 20 år
674 1452 56 20 1878
747 1451 126 27 uppkomna
