1028 1656
772 84 24 21 1

89 149 83 21 fönster
191 150 69 20 vettar
283 150 22 20 ät
326 148 133 28 Mariegatan
479 150 24 20 är
522 149 73 22 hvälfd
610 150 49 22 med
674 151 113 22 korshvalf
800 152 28 27 pä

85 182 155 29 jernkolonner
255 183 41 21 och
311 182 40 22 har
370 190 26 14 en
411 182 65 28 längd
491 183 25 21 af
528 184 26 20 37
570 184 38 26 fot,
624 191 26 14 en
665 185 69 21 bredd
749 186 24 20 af
786 187 41 27 334

87 217 32 21 fot
141 216 41 22 och
204 224 26 14 en
252 216 51 28 höjd
324 216 48 21 från
388 216 80 27 golfvet
482 217 34 21 till
530 217 150 29 hvalfhjessan
695 219 23 21 af
734 220 40 28 174
788 219 39 23 fot.

89 251 43 21 Det
146 251 29 26 pä
189 251 104 21 motsatta
308 250 61 22 sidan
386 251 23 20 af
422 250 64 22 huset
500 252 46 20 mot
560 252 160 28 Riddaregatan
734 253 93 27 belägna

89 285 83 21 arkivet
186 284 39 21 har
241 291 82 14 samma
338 284 152 22 konstruktion
506 285 40 21 och
558 286 82 27 jämväl
653 293 83 15 samma
746 287 81 27 längd-,

88 318 79 22 bredd-
183 319 40 22 och
238 318 197 28 höjddimensioner
450 326 46 14 som
506 319 132 22 biblioteket.
668 321 114 21 Tillträdet
794 321 33 21 till

88 352 127 22 biblioteket
231 353 40 21 och
287 353 82 21 arkivet
384 353 42 21 kan
442 353 44 26 ske,
501 355 61 23 utom
570 354 48 21 frän
629 355 124 28 vestibylen,
765 355 62 21 äfven

88 387 49 21 frän
153 386 25 22 de
193 388 82 20 smärre
293 388 226 26 trappuppgängarne.
550 388 176 22 Arbetsrummen
744 390 29 22 F2
787 389 40 21 och

89 422 32 22 H2
141 421 102 26 kunna,
237 416 12 38 i
264 420 103 22 händelse
390 421 23 21 af
433 420 71 26 behof,
528 422 148 26 entresoleras,
700 423 28 21 dä
748 423 79 27 höjden

89 455 69 21 skulle
173 455 66 21 blitva
255 454 98 28 omkring
369 456 12 20 8
391 454 38 22 fot.
459 455 319 29 Begvämlighetsinrättningar
788 456 40 22 fin-

90 496 39 15 nas
145 490 7 20 i
169 489 69 21 denna
253 490 78 26 våning
345 490 29 26 pä
388 490 36 20 två
439 489 77 22 ställen
531 490 52 22 KK.

158 523 33 21 Då
208 530 51 14 man
279 524 66 26 stiger
365 530 44 20 upp
427 523 34 21 för
480 525 60 20 stora
559 526 93 26 trappan
668 524 32 21 till
716 525 112 27 hufvudvd-

90 559 75 26 ningen
185 558 114 27 (trappans
314 557 122 21 midtelarm
450 559 25 19 är
491 559 27 20 14
533 558 32 21 fot
580 558 40 22 och
636 558 148 22 sidoarmarne
801 560 24 20 11

89 592 33 21 fot
144 592 82 28 breda),
249 592 119 21 inkommer
391 599 51 14 man
460 592 7 20 i
486 599 26 14 en
531 592 42 28 ljus
589 593 40 21 och
644 592 78 28 rymlig
736 592 91 28 vestibyl

89 627 48 21 AA.
168 626 45 20 Har
229 632 50 14 man
294 626 45 21 valt
353 627 104 26 trappans
476 627 60 20 östra
550 626 100 26 sidoarm,
667 626 95 22 befinner
778 633 49 14 man

90 660 33 27 sig
143 659 54 21 midt
214 660 91 20 framför
323 660 171 27 ingängsdörren
508 660 34 21 till
556 660 174 22 Presteständets
745 660 83 22 förrum

89 694 20 21 D
129 694 74 27 (längd
223 694 27 21 27
269 694 38 26 fot,
321 693 69 22 bredd
407 695 24 20 17
447 694 49 28 fot),
513 694 94 21 deriträn
622 702 50 14 man
687 695 119 21 inkommer
821 695 7 21 i

90 728 75 28 sjelfva
188 728 119 27 plenisalen
328 728 29 25 M,
377 727 86 22 hvilken
485 728 49 21 med
553 729 33 20 tre
602 728 83 22 fönster
699 730 69 20 vettar
783 730 46 20 mot

90 762 140 27 Mariegatan.
262 761 71 27 Salen,
352 761 85 22 hvilken
458 763 24 20 är
499 762 110 21 beräknad
627 764 34 20 för
676 764 26 20 84
718 769 109 21 personer,

89 798 70 20 mäter
178 796 8 21 i
200 796 66 28 längd
281 797 26 20 57
324 797 37 26 fot,
377 797 8 20 i
400 796 68 22 bredd
483 798 26 20 34
524 796 33 22 fot
572 797 40 21 och
627 797 7 21 i
649 797 51 27 höjd
717 798 68 21 omkr.
801 798 27 20 26

90 831 38 21 fot.
158 831 31 21 På
211 831 74 27 hvarje
307 838 80 20 person
409 830 87 28 belöper
514 831 33 27 sig
561 831 92 21 sålunda
668 838 26 14 en
710 832 82 27 goltyta
807 831 24 21 af

91 866 26 20 23
133 872 34 20 qv.
182 866 37 20 tot.
244 860 10 37 —
264 864 41 21 Till
319 865 173 21 Presteständets
507 865 119 21 kanslirum
641 866 11 21 P
666 865 74 28 (längd
752 866 26 20 29
789 865 38 26 fot,

91 899 69 22 bredd
181 900 26 20 25
227 899 33 21 fot
279 899 40 21 och
333 899 52 27 höjd
401 898 66 22 omkr.
486 901 39 26 164
541 899 47 27 fot),
603 899 96 21 kommer
714 906 50 14 man
780 899 49 21 med

91 933 78 21 lätthet
183 940 76 20 genom
274 940 108 20 passagen
390 934 23 24 J.
430 946 26 2 —
472 933 31 21 På
520 933 136 29 byggnadens
668 936 104 19 motsatta
782 934 47 21 sida

91 968 23 21 åt
128 968 159 26 Riddaregatan
302 967 69 27 ligger
385 967 194 27 Borgareståndets
597 968 128 21 sessionssal
740 968 24 26 N,
780 968 49 21 med

91 1001 130 22 tillhörande
243 1002 83 20 förrum
349 1002 18 21 E
389 1001 41 21 och
449 1001 119 21 kanslirum
585 1003 23 20 H.
639 1002 49 21 Alla
703 1002 63 21 dessa
781 1009 48 13 rum

82 1035 73 28 hafva
170 1041 82 15 samma
266 1035 81 27 längd-,
364 1035 77 20 bredd-
457 1035 40 22 och
511 1035 197 27 höjddimensioner
718 1043 47 14 som
775 1036 55 20 mot-

92 1069 103 22 svarande
212 1069 83 21 lokaler
317 1069 34 21 för
369 1069 168 21 Presteständet.
552 1081 28 4 —
595 1069 42 21 Till
656 1069 173 22 Bondeständets

91 1104 82 21 förrum
190 1104 16 21 F
219 1103 74 28 (längd
309 1103 26 20 28
351 1103 32 21 fot
398 1103 41 20 och
454 1103 68 21 bredd
538 1104 25 19 21
580 1103 47 28 fot),
640 1103 87 26 hvilket,
738 1103 91 21 likasom

92 1138 132 21 förrummen
239 1137 19 21 D
274 1137 40 21 och
329 1138 24 27 E,
364 1137 82 21 erhålla
456 1137 32 21 sin
499 1137 114 28 belysning
622 1137 49 21 från
681 1137 149 28 ljusgärdarne

92 1173 45 24 LL,
160 1171 119 21 inkommer
297 1178 50 14 man
365 1171 103 21 likaledes
489 1171 83 21 direkte
586 1171 48 21 frän
649 1171 124 28 vestibylen,
790 1171 40 21 och

92 1206 48 21 frän
160 1205 126 22 förrummet
305 1205 133 22 omedelbart
458 1206 8 19 i
482 1205 76 26 sjelfva
572 1205 119 27 plenisalen
706 1207 22 24 O,
744 1205 87 22 hvilken

92 1240 49 21 med
163 1241 33 19 tre
218 1240 59 20 stora
298 1239 142 27 trekopplade
463 1239 84 21 fönster
567 1239 100 22 vettande
682 1240 22 21 ät
719 1247 52 14 norr
785 1240 46 20 mot

93 1280 98 21 sguaren,
207 1274 25 20 är
247 1273 75 21 atsedd
337 1274 32 20 att
383 1273 105 28 inrymma
502 1274 39 20 140
551 1280 103 20 personer
664 1275 56 20 samt
730 1280 50 21 eger
790 1273 40 21 föl-

90 1307 67 28 jande
179 1307 153 21 dimensioner:
357 1307 65 27 längd
445 1307 27 20 68
494 1307 38 25 fot,
551 1307 67 21 bredd
634 1308 26 20 49
676 1307 32 22 fot
723 1307 41 22 och
779 1307 51 27 höjd

93 1341 62 21 omkr.
177 1342 26 19 30
218 1341 39 20 fot.
272 1340 34 21 En
321 1340 82 28 golfyta
417 1340 24 22 af
453 1342 101 20 närmare
569 1342 27 20 24
611 1348 33 20 gv.
660 1341 32 22 fot
702 1341 86 22 komme
797 1341 34 21 sä-

92 1375 68 21 lunda
178 1375 32 21 att
227 1373 79 28 belöpa
325 1374 32 27 sig
375 1375 29 26 pä
418 1374 74 28 hvarje
506 1375 110 21 beräknad
631 1381 85 21 person.
746 1375 85 22 Bonde-
