1025 1661
810 132 29 22 45

108 198 34 20 att
163 195 96 28 påräkna
279 195 116 22 befordran
418 195 28 27 på
466 196 41 21 den
523 195 108 28 juridiska
649 195 71 21 banan
740 195 39 21 och
794 195 33 20 att
842 194 26 21 de

108 231 59 21 inom
189 229 88 22 Banken
299 235 51 16 vore
374 229 24 21 så
420 230 52 26 godt
491 236 46 15 som
552 229 137 22 uteslutande
705 229 115 22 hänvisade
836 227 34 22 till

108 265 163 20 konkurrensen
294 269 35 15 om
352 263 41 21 den
412 263 108 27 juridiska
534 264 134 20 ledamotens
683 264 57 26 plats
755 264 6 20 i
777 262 93 22 Bankdi-

109 298 123 24 rektionen;
248 299 56 19 samt
319 299 32 19 att
368 297 104 21 särskildt
487 297 316 27 ombudsmannabefattningen
820 302 51 16 vore

109 332 52 26 föga
184 331 130 22 afundsvärd
337 331 27 21 då
383 332 125 21 densamma
527 338 51 14 vore
597 331 90 21 förenad
707 332 49 20 med
777 337 26 15 en
819 332 52 20 nära

110 372 43 20 nog
169 366 138 27 oberäknelig
323 366 137 27 ansvarighet
476 366 40 21 och
532 366 63 27 drygt
611 366 81 26 arbete,
701 365 81 22 hvilket
798 364 73 29 påkal-

109 400 51 21 lade
179 400 95 27 oaflåtlig
294 400 191 27 uppmärksamhet
499 401 40 20 och
553 400 137 27 fullständigt
705 401 50 26 toge
771 400 53 21 hans
839 399 32 21 tid

111 434 8 22 i
142 435 99 26 anspråk,
259 434 100 21 hvarföre
379 435 37 20 det
433 434 47 21 icke
499 441 52 14 vore
567 434 85 27 obilligt
667 435 33 20 att
714 434 42 21 han
771 434 8 21 i
794 434 78 21 ekono-

113 469 67 21 miskt
198 468 101 21 afseende
313 468 135 27 någorlunda
462 469 113 20 likstäldes
590 468 49 21 med
655 467 162 22 öfverkassören
833 467 40 22 och

112 502 68 22 förste
192 503 147 25 kamreraren;
355 503 40 20 och
410 503 39 20 har
464 503 141 21 Direktionen
621 502 48 21 med
685 502 115 27 anledning
812 501 63 22 häraf

113 536 124 27 föreslagit:
259 538 32 19 att
309 536 194 22 ombudsmannens
519 537 39 21 och
574 537 162 20 sekreterarens
750 536 35 20 lön
802 536 71 20 kunde

112 570 70 27 höjas,
191 571 40 21 den
247 570 68 22 förres
335 570 33 21 till
384 570 65 26 6,000
467 571 62 21 mark
544 570 39 22 och
599 571 41 21 den
659 576 87 16 senares
761 570 33 21 till
808 569 66 27 5,000

112 604 69 28 mark,
198 605 39 21 och
253 605 48 21 med
316 604 64 22 dessa
394 604 78 28 belopp
488 605 52 27 utgå
555 605 46 21 från
617 605 145 21 innevarande
777 604 35 22 års
825 604 48 21 bör-

110 638 46 28 jan,
175 639 108 21 äfvensom
304 640 32 20 att
351 639 63 21 dessa
430 638 119 28 aflöningar
565 639 70 21 skulle
650 639 52 21 ökas
717 639 49 21 med
783 639 27 21 10
825 643 49 22 pro-

113 675 50 20 cent
181 673 55 21 efter
253 673 124 27 ytterligare
396 673 44 21 fem
458 673 36 21 års
509 673 110 27 oförvitlig
633 673 67 27 tjenst
718 673 3 21 i
737 678 81 16 samma
836 672 37 21 be-

113 707 94 27 fattning
221 707 105 21 likaledes
341 708 91 20 räknadt
447 707 47 21 från
511 708 144 21 innevarande
670 708 36 20 års
717 707 86 27 början;
818 707 57 20 samt

113 743 35 19 att
168 741 68 21 förste
257 742 137 20 kamreraren
410 742 72 20 kunde
496 742 141 21 tillerkännas
654 742 64 26 7,000
732 740 61 22 mark
808 740 8 21 i
830 740 43 26 lön,

114 777 46 20 mot
175 776 37 20 det
227 777 31 19 att
272 776 53 20 hans
341 776 136 27 hyresmedel
493 776 110 21 nedsattes
619 776 33 20 till
669 776 63 26 1,500
744 774 67 26 mark,
820 775 54 20 mot-

114 810 107 21 svarande
243 810 66 21 andre
330 810 150 21 kamrerarens
503 810 143 27 hyresmedel,
673 810 25 20 sä
720 809 65 21 framt
807 808 67 21 förste

114 843 139 22 kamreraren
275 844 47 21 icke
344 844 70 21 skulle
436 850 64 15 anses
519 844 53 21 böra
591 844 82 21 erhålla
690 842 135 29 hyresmede]
840 842 34 20 till

115 884 83 16 samma
213 878 84 27 belopp,
313 884 46 16 som
374 878 171 22 öfverkassören.

185 923 195 27 Bankfullmäktige
405 924 73 21 kunna
496 924 34 21 för
548 924 33 21 sin
597 924 35 21 del
647 924 19 26 ej
682 924 66 21 annat
763 924 26 20 än
804 922 8 21 i
827 921 48 21 huf-

115 958 85 20 vudsak
222 958 74 26 billiga
315 958 26 20 de
360 958 24 20 af
397 958 141 21 Direktionen
554 958 128 21 framhällna
698 957 47 21 skäl
760 956 34 22 för
808 955 67 22 bevil-

113 991 67 27 jande
200 992 23 21 af
240 992 132 21 förbättrade
392 992 159 21 löneförmoner
566 992 23 21 åt
603 992 156 26 sekreteraren,
776 990 99 22 ombuds-

116 1032 91 15 mannen
227 1025 39 22 och
281 1026 68 21 förste
364 1026 145 21 kamreraren.
541 1026 61 21 Hvad
618 1026 103 21 särskildt
735 1025 67 21 förste
817 1024 59 21 kam-

115 1066 89 15 reraren
220 1060 107 26 beträffar,
341 1066 53 18 anse
409 1060 198 27 Bankfullmäktige
623 1060 36 22 det
672 1060 110 21 dessutom
792 1058 83 27 vigtigt,

116 1095 34 20 att
172 1094 80 21 sådana
274 1094 158 21 löneförmoner
455 1094 142 21 tillerkännas
616 1094 49 21 dess
683 1093 146 25 innehafvare,
845 1093 33 20 att

116 1133 28 16 en
166 1127 74 27 duglig
261 1133 85 21 person,
369 1134 45 15 som
437 1128 146 27 tilläfventyrs
601 1128 55 21 hade
675 1128 69 26 utsigt
762 1126 62 22 äfven
844 1125 33 22 till

116 1167 72 15 annan
203 1161 124 27 befattning,
336 1161 71 22 kunde
422 1162 123 27 qvarhållas
561 1162 28 27 på
602 1162 164 27 ifrågavarande
782 1159 96 28 maktpå-

116 1195 101 27 liggande
233 1197 55 25 post,
304 1196 111 21 hvarutom
432 1196 37 21 det
484 1197 61 20 torde
561 1203 52 14 vara
628 1196 83 21 mindre
726 1195 104 27 lämpligt,
846 1195 33 20 att

116 1229 69 22 förste
200 1229 144 27 kamreraren,
360 1230 69 21 ehuru
444 1230 50 21 chef
507 1230 34 21 för
555 1230 99 22 Bankens
669 1229 208 25 kamrerarekontor,

116 1263 89 22 hvartill
221 1264 61 21 äfven
302 1264 129 21 kassörerne
450 1265 60 26 höra,
526 1264 94 28 åtnjuter
635 1266 70 19 sämre
720 1263 159 22 löneförmoner

118 1299 27 19 än
161 1304 26 15 en
203 1298 64 21 bland
283 1299 69 21 desse.
382 1298 199 28 Bankfullmäktige
596 1299 70 21 tillåta
677 1299 34 26 sig
723 1297 85 22 derföre
816 1296 63 22 vörd-

117 1334 58 19 samt
190 1332 121 26 hemställa,
331 1334 32 20 att
382 1333 168 21 Bankutskottet
565 1333 51 21 ville
631 1332 38 22 hos
686 1332 85 22 landets
787 1330 92 22 Ständer

116 1366 83 21 föreslå
219 1366 65 21 sådan
299 1367 93 26 ändring
407 1367 7 20 i
430 1367 101 26 gällande
546 1368 43 20 stat
604 1367 33 21 för
651 1366 105 21 Finlands
771 1364 63 22 Bank
848 1366 33 19 att

117 1422 155 23 Sekreteraren
287 1424 8 20 i
310 1423 87 22 Banken
414 1424 82 21 erhölle
511 1424 36 21 lön
571 1439 5 5 .
599 1439 6 6 .
629 1439 4 5 .
657 1439 4 4 .
686 1439 4 5 .
714 1422 84 27 .5,000
813 1421 66 22 mark.

188 1457 134 27 hyresmede]
337 1457 71 22 såsom
424 1457 60 22 förut
513 1473 5 5 .
543 1474 4 5 .
571 1474 6 5 .
601 1473 4 5 .
630 1473 3 5 .
657 1473 4 5 .
685 1472 34 5 ..
732 1456 66 27 2,000
842 1472 9 11 ,
