1025 1667
192 127 11 18 4
465 128 24 18 U.
502 127 22 19 B.
537 138 23 2 —
572 128 65 18 XXIII.

170 184 102 22 förluster
294 185 83 22 banken
396 186 7 20 i
419 185 54 27 följd
488 185 24 22 af
525 185 107 22 reformen
648 186 49 21 lidit
711 186 28 27 pä
754 192 26 15 en
796 186 34 21 del
845 186 23 21 af
882 186 46 21 sina

169 219 128 26 gäldenärer
312 219 39 22 och
366 219 73 22 hvilka
453 220 48 21 icke
519 219 73 22 kunna
607 226 38 15 ens
660 221 140 21 närmelsevis
815 220 111 22 beräknas.

38 249 36 18 Sid.
87 250 75 21 2—5%).
237 253 69 22 Bland
329 254 26 21 de
378 255 108 26 åtgärder,
509 260 45 15 som
573 255 8 20 i
596 255 101 21 ändamål
712 256 33 20 att
758 255 123 22 underlätta
896 254 31 22 öf-

168 288 123 27 vergängen
313 288 33 21 till
369 288 145 28 guldmyntfot
532 288 24 21 af
569 288 198 28 Bankfullmäktige
782 289 105 27 vidtogos,
903 291 24 19 är

169 322 36 21 det
227 323 50 21 med
299 322 75 22 firman
393 323 29 21 M.
439 323 25 21 A.
479 329 41 15 von
535 323 127 22 Rothschild
678 323 18 21 &
712 323 71 22 Söhne
799 323 40 22 den
854 324 14 21 2
882 323 44 22 Juli

170 356 54 22 1878
247 357 108 21 afslutade
377 357 152 21 kreditivlänet
552 357 89 27 förtjent
663 357 25 22 af
708 357 104 22 särskildt
834 359 92 20 omnäm-

169 391 75 22 nande.

239 425 75 22 Såsom
337 426 37 21 det
394 425 166 28 hufvudsakliga
575 425 40 22 och
629 425 79 28 jemväl
724 426 67 27 enligt
805 425 122 22 Utskottets

168 459 64 22 tanke
254 459 50 22 fullt
325 460 108 21 bindande
455 460 89 21 motivet
565 460 33 21 till
622 460 70 22 denna
715 460 76 27 åtgärd
813 460 114 21 framhålla

168 493 196 28 Bankfullmäktige
380 494 186 27 nödvändigheten
581 494 34 22 för
630 495 85 21 banken
730 496 38 25 att,
785 494 27 22 då
823 494 103 22 utvexlin-

168 534 40 21 gen
223 528 24 21 af
261 529 52 26 guld
327 529 71 21 skulle
416 529 94 26 vidtaga,
525 529 7 20 i
548 529 33 21 sin
596 529 65 21 kassa
675 528 65 22 hafva
755 530 31 20 ett
801 528 126 27 tillräckligt

167 561 74 22 förråd
263 562 24 21 af
308 563 69 21 denna
398 563 82 21 metall.
510 563 110 26 Derjemte
643 563 86 21 anföres
745 562 23 22 af
782 561 144 28 Fullmäktige

168 596 123 27 huruledes,
313 597 7 20 i
342 597 103 21 händelse
471 597 96 21 bankens
590 597 115 21 utländska
720 597 73 21 valuta
815 597 41 21 fått
877 597 49 21 allt-

167 630 34 22 för
229 630 85 28 mycket
339 630 77 28 nedgå,
442 631 60 21 detta
526 631 82 21 kunnat
633 630 113 22 föranleda
771 637 26 15 en
820 630 25 22 så
866 630 59 22 stark

168 664 121 28 minskning
308 665 23 21 af
345 665 149 22 sedelstocken
510 665 39 21 och
565 666 89 21 dermed
669 665 95 27 följande
780 665 54 21 brist
848 665 27 27 på
891 666 32 19 rö-

168 699 135 27 relsemedel,
319 700 31 20 att
365 699 153 22 affärsverlden
535 699 70 21 skulle
621 700 7 20 i
644 699 140 21 fördubbladt
798 699 54 21 mått
861 698 64 22 hafva

166 733 53 22 känt
234 734 27 21 de
276 734 140 26 svårigheter,
432 740 45 15 som
493 734 70 21 denna
573 734 161 26 öfvergångstid
744 734 7 20 i
762 733 44 21 alla
815 733 38 21 fall
864 733 61 21 förde

167 768 49 22 med
231 768 40 26 sig.
301 763 69 27 Äfven
385 768 60 22 detta
460 768 47 21 skäl
522 768 68 21 måste
605 768 113 21 Utskottet
730 768 7 21 i
748 768 44 21 allo
802 767 122 27 godkänna;

166 804 23 26 ty
207 802 90 22 emedan
315 802 85 22 banken
418 808 77 21 genom
514 802 41 22 den
574 802 85 26 hastiga
674 802 149 26 minskningen
838 801 23 21 af
875 802 50 20 dess

166 836 268 27 kontokurantfordringar
454 836 8 21 i
484 836 99 22 utlandet
604 836 55 22 hade
682 842 42 21 nog
743 836 85 28 mycket
842 838 84 19 närmat

167 870 33 27 sig
218 872 93 25 gränsen
329 870 34 22 för
382 871 33 21 sin
430 870 230 27 sedelutgifningsrätt,
676 872 25 20 är
716 870 37 22 det
768 870 18 27 ej
804 870 120 22 osannolikt

166 906 38 25 att,
223 910 35 16 om
277 905 116 21 kreditivet
407 905 47 21 icke
469 905 55 21 hade
539 905 116 27 upptagits,
671 904 56 22 både
742 904 181 22 bankförvaltnin-

166 945 41 21 gen
230 939 41 21 och
293 939 144 21 allmänheten
456 939 82 21 kunnat
555 939 84 27 intagas
655 938 24 22 af
692 938 88 22 fruktan
795 940 32 20 att
841 938 84 27 möjlig-

166 973 63 21 heten
252 973 35 21 för
308 973 85 21 banken
411 975 32 19 att
461 973 84 27 utgifva
560 973 35 21 lån
611 973 71 21 skulle
698 973 102 27 upphöra.
831 972 50 22 Men
895 978 29 15 nu

166 1007 84 27 intager
265 1007 103 21 Finlands
384 1007 57 21 bank
456 1007 70 21 såsom
542 1007 47 21 icke
604 1007 56 21 blott
675 1007 42 21 den
732 1007 129 27 mäktigaste
876 1006 49 22 kre-

166 1041 150 26 ditinrättning
335 1041 6 21 i
360 1041 74 21 landet
449 1042 51 20 utan
516 1041 62 21 äfven
595 1041 41 21 den
651 1041 25 21 så
691 1042 32 20 att
738 1043 52 24 säga
805 1041 55 21 enda
873 1046 51 21 pen-

166 1075 184 27 ningereservoar,
368 1081 26 15 ur
408 1075 87 21 hvilken
510 1075 154 21 affärsverlden
680 1075 46 21 dels
742 1075 71 21 direkt
828 1074 45 22 dels
888 1081 36 20 ge-

165 1115 50 15 nom
237 1109 129 26 förmedling
385 1109 24 21 af
426 1109 26 22 de
468 1109 83 27 privata
567 1109 228 27 bankinrättningarna
810 1109 35 21 vid
860 1109 66 21 behof

165 1143 69 22 måste
253 1143 72 21 hemta
344 1143 37 22 det
396 1143 79 27 nödiga
489 1143 101 27 beloppet
604 1143 160 26 rörelsemedel,
780 1149 27 15 en
822 1143 25 21 så
861 1149 63 20 egen-

166 1177 81 27 domlig
264 1177 108 27 ställning,
388 1179 33 20 att
436 1183 26 16 en
478 1177 66 22 sådan
561 1177 139 22 eventualitet
715 1183 45 15 som
776 1177 42 21 den
829 1179 48 19 näst
887 1183 37 15 an-

164 1211 67 28 tydda
250 1212 19 26 ej
289 1211 81 22 kunnat
388 1211 72 27 undgå
475 1213 31 20 att
521 1211 97 22 medföra
633 1211 64 27 högst
711 1211 113 27 allvarliga
839 1211 84 26 följder.

234 1245 76 22 Ehuru
319 1245 168 22 Bankutskottet
497 1245 84 22 således
590 1251 63 16 anser
662 1245 146 27 upptagandet
815 1245 24 22 af
844 1245 79 26 ifråga-

166 1280 94 21 varande
278 1280 130 21 kreditivlån
426 1279 64 22 hafva
508 1280 56 27 varit
579 1279 22 22 af
616 1279 212 28 omständigheterna
842 1279 81 27 högeli-

233 1366 19 21 +)
265 1365 86 18 Siffrorna
371 1365 11 18 å
400 1365 111 23 marginalen
529 1365 84 18 utmärka
631 1365 22 17 de
669 1365 48 18 sidor
729 1365 6 17 i
747 1363 176 23 Bankfullmäktiges

164 1394 104 21 berättelse,
291 1393 24 24 på
332 1394 63 17 hvilka
413 1393 33 18 den
466 1393 6 18 i
490 1393 111 18 motstående
619 1393 38 18 text
675 1393 113 18 behandlade
806 1392 52 23 fråga
877 1392 45 18 före-

164 1423 85 17 kommer.

234 1457 138 17 Bankutskottets
384 1451 90 23 berättelse.
