1034 1664
201 130 26 19 18
441 131 19 19 U.
477 130 19 19 B.
512 141 29 3 —
556 130 103 20 IN—XXH.

172 193 40 22 har
233 193 85 28 utgjort
341 195 98 26 120,215:
463 196 27 19 66
506 196 58 21 emot
578 196 33 21 ett
626 194 76 27 anslag
717 194 25 22 af
757 196 90 25 108,985
863 194 66 21 mark.

172 228 35 21 Då
223 229 55 20 1872
295 228 35 22 års
345 228 94 23 Ständer
449 229 38 22 vid
497 229 63 22 detta
570 229 86 27 anslags
668 229 121 28 beviljande
799 229 85 22 fästade
894 228 36 21 det

172 262 68 21 vilkor
254 264 34 19 att
303 263 118 22 detsamma
439 263 33 28 ,ej
485 263 8 22 i
504 264 73 27 någon
588 263 103 22 händelse
698 263 58 28 finge
763 263 166 26 öfverskridas*,

172 297 44 20 kan
231 296 114 23 Utskottet
359 297 19 28 ej
395 297 74 28 undgå
485 299 34 20 att
534 298 104 21 anmärka
653 299 34 20 att
702 297 61 22 detta
777 297 72 22 vilkor
858 297 73 22 blifvit

173 330 105 22 förbisedt
293 331 7 21 i
315 331 37 22 det
367 332 100 27 anslaget
482 331 152 23 öfverskridits
649 332 48 21 med
712 332 62 21 mark
793 332 85 27 11,230:
893 331 36 22 66.

242 367 26 24 €).
299 365 106 28 Slutligen
415 367 40 21 har
468 366 320 28 iresekostnadsersättningar
795 366 33 21 till
838 366 93 21 folksko-

172 399 157 27 leinspektörer
343 406 28 15 m.
386 407 28 14 m.
430 401 120 21 utbetalats
565 402 84 25 34,144:
665 401 35 26 40,
715 400 89 22 hvilken
820 402 49 25 post
883 400 48 22 icke

174 435 24 20 är
215 433 33 22 uti
266 434 236 28 anslagsbevillningen
519 435 145 27 specificerad,
681 435 77 22 endast
772 435 38 22 vid
825 441 106 15 summans

174 467 133 29 afrundning
322 469 133 28 inbegripen.

244 542 170 29 Sammandrag:

545 583 83 23 Utgiften
642 583 86 18 öfversti-
742 583 83 22 Utgiften
839 583 91 17 understi-

411 607 69 31 Utgift.
575 612 28 22 git
615 612 87 22 anslaget
771 612 27 22 git
810 611 87 22 anslaget

621 640 42 17 med
813 640 42 16 med

174 670 23 23 a)
212 667 153 28 skolstyrelsen
402 670 136 26 134,148:15
574 670 84 25 55,148:
676 671 25 19 15
821 680 25 3 me

174 702 20 24 0)
210 702 153 22 seminarierna
379 704 157 26 1,183,823:82
561 704 97 26 195,513:
675 705 27 19 82
821 714 26 3 —

175 738 18 21 c)
209 736 146 22 folkskolorna
381 739 156 25 1,011,110:96
615 750 28 2 —
748 738 97 26 138,888:
861 739 26 19 98

175 770 23 26 d)
213 770 140 22 blindanstal-

212 807 37 19 ten
287 821 4 5 .
323 821 4 5 .
358 822 4 5 .
401 807 135 25 120,215:66
576 807 82 26 11,230:
675 808 26 19 66
820 818 28 3 —

175 841 19 23 e)
209 839 166 22 resekostnader

212 880 27 14 m.
255 880 27 14 m.
323 890 4 4 .
359 890 4 5 .
416 876 120 26 34,144:40
614 887 27 2 =
822 886 29 3 ==

174 907 74 21 härtill
263 908 40 21 bör
317 908 44 28 läg-

188 947 39 21 gas
243 942 27 21 de
285 942 8 21 i
308 942 37 22 det

188 975 133 28 föregäende
335 976 32 21 af-

190 1010 85 27 dragna
289 1010 86 22 restitu-

190 1044 65 22 erade
271 1047 72 24 poster
366 1062 4 4 .
416 1047 119 25 19,950:—
613 1058 29 4 —
822 1058 27 2 —

377 1081 121 26 2,503,392:
509 1082 27 20 99
560 1082 98 25 261,892:
676 1082 26 19 63
748 1082 97 25 138,888:
863 1082 33 19 98.

244 1153 36 21 Dä
295 1154 151 22 totalsumman
461 1154 93 28 utgifter
569 1154 33 22 för
613 1154 212 22 folkskoleväsendet
835 1156 25 19 är
869 1154 63 28 lägre

174 1190 28 19 än
218 1188 191 27 anslagssumman,
425 1189 92 21 oaktadt
530 1189 157 22 ofvanstäende
698 1188 123 28 fördelning
831 1188 58 22 visar
899 1190 34 20 att

175 1228 27 15 en
218 1222 34 21 del
268 1222 77 28 anslag
360 1222 151 22 öfverskridits
527 1223 48 22 med
590 1225 70 20 större
675 1223 76 27 belopp
767 1225 28 19 än
811 1224 33 20 ett
857 1223 76 21 under-

174 1256 102 28 stigande
291 1256 26 22 af
329 1256 76 28 anslag
421 1259 37 25 egt
473 1264 53 20 rum,
542 1258 97 27 framgär
653 1257 66 22 häraf
732 1258 34 20 att
781 1257 70 21 totala
864 1257 69 22 ansla-

175 1292 39 25 get
228 1290 68 22 afsett
311 1292 34 20 att
359 1291 65 22 äfven
440 1292 73 21 kunna
528 1294 58 19 möta
601 1292 125 21 oförutsedd
742 1291 99 28 stegring
857 1291 24 22 af
898 1292 35 21 be-

175 1324 84 27 hofvet;
276 1325 83 22 hvilket
373 1326 44 21 kan
433 1332 62 15 anses
510 1326 71 22 säsom
596 1328 33 20 ett
642 1326 130 27 ytterligare
782 1325 49 22 skäl
839 1327 36 22 att
885 1325 48 22 icke

174 1359 123 22 framställa
315 1360 142 28 anmärkning
476 1361 92 21 rörande
583 1361 73 28 nägon
672 1367 72 16 annan
759 1361 49 26 post
823 1362 28 19 än
866 1359 67 22 blind-

176 1393 117 23 anstalten.

245 1427 20 22 2.
296 1429 203 28 Fyrinrättningar.
530 1430 43 21 Det
588 1429 77 28 belopp
681 1429 25 22 af
716 1430 97 26 171,317:
825 1429 34 25 44,
871 1428 62 22 hvar-

246 1468 150 18 Statsutskottets
409 1469 117 17 betänkande
539 1469 37 17 N:o
588 1469 16 17 9.
