1025 1667
208 127 28 23 56

179 190 34 21 för
235 191 145 22 ledamöterne
399 192 7 21 i
426 191 219 22 diskontkomitéerna
659 192 62 21 skola
736 191 23 22 af
772 190 162 23 Bankfullmäk-

179 224 43 27 tige
245 225 82 26 årligen
349 225 155 28 tillförordnas,
522 226 69 21 under
609 226 41 22 den
668 226 14 21 2
698 225 39 22 och
753 226 26 21 19
794 225 90 28 Augusti
898 224 34 22 till

180 259 137 26 suppleanter
332 260 100 21 utsedde:

250 292 34 21 vid
300 293 99 22 kontoret
414 295 7 20 i
436 294 89 27 Wiborg
540 295 141 22 Handlanden
694 293 69 22 Oskar
775 293 106 28 Clouberg
893 293 39 22 och

179 327 198 22 Länebokhållaren
393 328 23 22 C.
432 329 27 21 H.
474 329 77 26 Gartz;

247 361 35 21 vid
301 361 99 23 kontoret
418 363 8 21 i
441 357 46 27 Åbo
503 363 156 22 Handlandene
673 363 67 21 Ernst
754 362 123 21 Dahlström
893 362 40 22 och

179 395 25 22 G.
219 395 118 28 Hoffstedt;
710 392 2 2 |

249 431 35 20 vid
301 431 98 22 kontoret
413 432 7 21 i
435 432 133 27 Björneborg
582 431 156 22 Handlandene
752 431 20 22 J.
787 431 25 21 F.
826 430 108 27 Lojander

179 465 39 20 och
233 464 26 22 G.
276 465 130 28 Svensberg;

247 500 36 21 vid
301 500 99 22 kontoret
414 501 7 21 i
436 501 135 21 Nikolaistad
589 501 142 21 Handlanden
752 499 22 22 C.
794 500 20 21 J.
829 499 104 22 Hartman

179 533 38 22 och
232 534 138 21 Prokuristen
387 534 79 22 Gustaf
479 535 114 26 Roschier;

247 569 35 20 vid
301 569 99 21 kontoret
417 569 7 21 i
439 569 108 27 Uleåborg
566 569 210 22 Landskamreraren
790 569 20 20 J.
827 567 25 22 G.
868 567 66 22 Hort-

178 602 44 26 ling
237 603 38 20 och
292 603 206 21 Politierådmannen
514 604 20 20 J.
550 603 25 21 G.
592 603 121 25 Snellman;

245 637 37 21 vid
303 636 99 22 kontoret
424 638 7 20 i
450 638 83 26 Kuopio
552 638 142 21 Handlanden
710 636 34 22 W.
759 635 122 22 Moldakoff
894 636 40 21 och

178 670 135 27 Apotekaren
330 671 61 27 Hugo
406 672 94 26 Lignell;
517 674 55 19 samt

247 706 35 20 vid
294 705 98 21 kontoret
407 706 3 21 i
422 706 143 22 Tammerfors
577 706 112 27 Kaptenen
697 704 91 22 Fredrik
796 704 138 26 Mörtengren

179 739 37 22 och
232 740 246 27 Vicehäradshöfdingen
493 741 25 21 V.
536 740 100 28 Cajanus.

247 774 32 21 De
294 774 121 27 påföljande
430 775 51 21 åren
496 775 138 21 meddelades
649 774 112 22 enahanda
776 773 158 21 förordnanden

177 808 34 21 för
233 809 143 26 nyssnämnda
400 813 109 22 personer,
533 810 75 20 endast
634 809 48 21 med
709 807 160 22 nedanstående
895 813 40 15 un-

178 838 91 35 dantag:
561 857 2 2 :

247 877 43 21 För
305 877 49 21 ären
372 878 62 26 1879,
452 878 54 21 1880
521 878 99 21 och1881
639 884 38 14 var
693 876 210 22 Landskamreraren
912 876 21 21 J.

177 911 20 21 J.
213 911 96 21 Hällfors
331 912 78 21 utsedd
431 912 34 21 till
484 912 113 27 suppleant
615 912 35 21 vid
670 912 101 20 kontoret
784 910 8 21 i
806 904 47 27 Åbo
867 909 67 27 jemte

177 946 142 20 Handlanden
341 946 131 26 Dahlström,
494 953 47 14 men
565 946 27 21 dä
610 946 212 21 Landskamreraren
837 944 97 21 Hällfors

178 980 107 26 sistsagda
300 980 24 20 är
338 980 110 26 afflyttade
463 980 32 22 till
512 980 141 27 Helsingfors,
669 979 75 27 utsägs
758 978 175 22 Vicelandskam-

177 1020 87 15 reraren
279 1014 25 21 A.
320 1014 109 21 Savander
444 1014 7 21 i
466 1014 53 21 hans
535 1014 63 21 ställe
611 1014 40 21 den
663 1014 29 22 20
704 1013 61 27 April
777 1012 33 22 till
823 1012 112 27 suppleant

178 1047 33 22 för
230 1047 123 22 äterstoden
369 1047 23 22 af
405 1048 54 26 äret,
474 1048 38 21 och
529 1049 40 20 den
586 1049 26 20 19
627 1047 123 22 November
767 1046 53 22 1881
837 1046 34 21 till
886 1052 49 21 sup-

178 1083 73 26 pleant
265 1082 68 21 under
348 1083 143 21 innevarande
506 1083 65 21 är.
553 1077 13 37 —
581 1083 42 20 Till
639 1082 115 27 suppleant
768 1081 36 21 vid
814 1081 101 21 kontoret
928 1081 8 20 i

178 1117 89 27 Wiborg
283 1117 46 21 blef
342 1117 40 21 den
398 1117 13 21 8
427 1117 120 21 November
563 1117 55 22 1879
641 1116 78 22 utsedd
738 1115 112 27 Kaptenen
871 1114 22 21 C.
909 1115 26 21 A.

178 1151 101 21 Ekström
298 1151 7 20 i
323 1151 73 21 stället
414 1151 34 21 för
467 1151 140 22 Handlanden
627 1151 115 25 Clouberg,
758 1149 86 22 hvilken
859 1149 77 21 önskat

179 1185 55 27 afgä,
250 1185 109 22 hvarefter
373 1185 112 27 Kaptenen
500 1185 101 22 Ekström
623 1184 135 23 fortfarande
778 1183 56 22 varit
852 1183 85 21 förord-

178 1219 42 21 nad
235 1219 33 21 till
284 1219 114 27 suppleant
411 1219 34 21 för
461 1219 218 22 diskontkomiterade
694 1219 7 21 i
714 1218 96 26 Wiborg.
833 1217 42 21 Till
887 1223 50 20 sup-

178 1253 73 27 pleant
269 1253 34 22 för
322 1254 26 21 de
367 1253 132 22 komiterade
514 1254 7 21 i
536 1254 132 27 Björneborg
683 1252 143 23 förordnades
840 1251 8 22 i
864 1251 73 22 stället

178 1287 34 22 för
235 1287 140 22 Handlanden
402 1287 120 28 Svensberg
541 1288 40 21 den
601 1287 13 22 8
632 1286 122 23 December
770 1285 54 22 1878
840 1285 97 22 Drätsel-

178 1321 138 22 kamreraren
331 1321 20 22 J.
367 1321 120 28 Leineberg
501 1321 34 22 för
549 1318 26 25 &r
589 1321 67 26 1879;
675 1321 41 22 och
732 1320 42 21 den
788 1319 14 22 8
816 1319 122 22 November

180 1356 55 21 1879
253 1357 89 26 utsägos
360 1356 34 21 till
414 1357 137 26 suppleanter
565 1355 34 22 för
613 1355 126 28 påföljande
754 1354 25 21 är
793 1353 144 22 Vicekonsuln

179 1391 33 20 W.
231 1391 113 22 Rosenlew
359 1392 55 20 samt
429 1391 153 21 Stadsläkaren
596 1390 84 21 Doktor
694 1389 28 22 K.
739 1389 25 22 F.
772 1389 77 26 Walle,
864 1388 76 21 hvilka

178 1425 69 27 begge
270 1425 132 22 fortfarande
424 1425 8 21 i
450 1425 111 22 enahanda
579 1424 108 27 egenskap
705 1423 38 22 vid
761 1423 101 21 kontoret
876 1428 62 21 gvar-

179 1459 59 21 stätt.
