1023 1673
213 131 22 18 24
481 131 23 20 U.
517 132 23 19 B.
554 142 19 3 —
587 132 65 19 XXIH.

189 189 68 21 mäste
271 189 74 27 väljas,
361 195 50 16 vore
426 189 37 22 det
478 190 108 21 sannolikt
601 191 33 20 för
649 190 73 27 hvarje
738 190 66 22 Ständ
819 191 76 21 lättare
910 191 32 20 att

189 222 56 22 finna
267 225 77 20 tvänne
366 229 109 22 personer,
498 225 75 20 hvilka
594 225 141 21 tillsammans
753 225 66 21 borde
834 224 108 22 företräda

189 257 96 28 Ständet,
293 260 26 19 än
335 259 32 20 att
381 258 118 22 bestämma
515 259 33 27 sig
562 259 34 21 för
611 265 33 21 en,
664 265 45 16 som
725 260 53 26 egde
794 261 31 19 att
839 261 51 25 göra
906 259 36 20 det

188 293 77 21 allena.

256 326 60 22 Inom
339 327 110 22 Utskottet
471 328 39 21 har
533 328 63 22 äfven
618 329 88 20 uttalats
729 329 40 21 den
784 328 56 27 åsigt
854 330 38 25 att,
907 328 33 21 till

188 361 105 22 vinnande
315 361 23 22 af
356 362 78 27 nödiga
453 363 110 26 garantier
578 363 33 21 för
627 364 32 20 att
673 363 35 21 vid
723 363 57 21 valet
796 362 22 22 af
831 363 109 21 Bankfull-

187 396 94 27 mäktige
304 396 63 21 träffa
389 397 26 21 de
433 398 58 20 rätta
505 403 138 21 personerna,
659 403 26 16 en
700 397 66 22 sådan
781 397 123 27 förändring
918 397 24 21 af

187 430 101 22 valsättet
309 431 67 21 borde
399 431 46 26 ske,
464 433 32 19 att
511 432 58 21 valet
584 431 69 22 skulle
668 431 126 22 verkställas
810 433 130 26 gemensamt

187 465 34 21 för
243 465 44 22 alla
309 465 66 22 Stånd
398 472 76 20 genom
498 466 114 27 elektorer,
628 467 89 20 utsedde
739 467 33 20 till
788 467 43 20 lika
846 466 58 21 antal
918 465 24 22 af

186 499 74 28 hvarje
276 499 72 22 Stånd.
379 499 56 22 Utan
450 501 75 21 tvifvel
541 501 70 21 skulle
626 503 31 19 ett
672 501 68 26 dylikt
754 501 80 21 valsätt
844 501 95 21 medföra

185 534 58 21 vissa
258 534 100 27 fördelar,
375 534 28 22 bl.
412 541 19 15 a.
440 535 62 22 äfven
519 535 40 22 den
575 537 32 19 att
622 535 82 22 antalet
718 535 142 27 Fullmäktige
868 535 70 22 kunde

186 569 128 21 bestämmas
330 569 55 22 efter
399 569 76 28 behag.
505 569 50 22 Men
572 570 27 21 då
615 570 68 21 denna
697 569 87 27 reform,
796 569 69 22 såsom
880 569 58 22 inne-

185 603 95 22 bärande
302 604 89 27 ändring
413 604 24 21 af
457 604 239 27 laudtdagsordningen,
711 604 47 21 icke
781 604 68 21 skulle
868 604 70 21 kunna

185 638 36 21 vid
235 644 30 15 nu
280 638 115 27 påstående
411 639 103 27 landtdag
529 639 142 26 genomföras,
687 639 42 21 kan
745 639 40 21 den
800 639 87 26 möjliga
901 639 36 20 be-

185 671 129 28 höfligheten
328 673 61 21 deraf
403 673 19 27 ej
438 675 77 25 utgöra
530 673 66 28 något
611 673 46 22 skäl
674 675 57 20 emot
746 673 36 22 det
797 673 23 22 af
828 673 110 21 Utskottet

185 706 126 22 framstälda
325 707 110 28 förslaget,
450 707 83 22 hvilket
545 708 46 27 just
605 708 39 21 har
659 707 122 22 fördelarna
795 707 23 22 af
827 709 32 20 att
866 707 71 22 kunna

186 742 134 22 omedelbart
335 744 68 20 sättas
418 743 7 21 i
439 743 165 27 verkställighet
619 743 39 21 och
673 743 46 21 icke
729 743 86 27 påkalla
822 743 69 27 någon
899 744 37 20 än-

187 776 63 27 dring
266 777 7 21 i
287 783 51 15 vare
355 777 32 27 sig
401 777 244 27 Landtdagsordningen
667 778 53 21 eller
735 778 201 26 bankreglementet.

254 811 38 21 Att
307 818 26 15 en
347 811 113 28 förökning
472 812 24 21 af
502 812 208 27 Bankfullmäktiges
718 812 57 21 antal
782 812 77 27 jemväl
868 812 69 21 skulle

185 845 97 22 medföra
297 848 32 19 ett
342 847 93 21 tillskott
449 847 8 21 i
471 847 118 26 utgifterna
604 847 33 21 för
653 847 68 21 denna
736 848 48 25 post
799 847 41 21 kan
847 847 46 20 icke
901 846 36 21 be-

186 880 86 21 stridas.
289 895 2 2 -
308 881 75 21 Likväl
406 881 39 21 har
459 881 112 22 Utskottet
593 883 71 20 ansett
686 883 32 20 att
740 881 25 22 de
781 881 33 21 för
828 880 108 22 Bankfull-

185 915 94 27 mäktige
293 922 29 15 nu
338 915 110 22 bestämda
463 916 93 21 arvoden
572 916 70 21 kunde
651 916 65 26 något
723 916 116 25 nedsättas,
848 915 88 21 sålunda

184 949 108 27 nämligen
307 951 32 20 att
354 950 26 21 de
395 950 124 27 ledamöter,
536 957 45 14 som
597 950 58 21 förut
674 952 37 19 äro
729 950 7 21 i
751 949 134 27 Helsingfors
900 949 36 21 bo-

185 985 63 25 satte,
264 985 69 21 skulle
349 985 82 21 erhålla
445 985 65 26 4,000
525 985 60 21 mark
601 991 33 15 om
651 985 51 25 året,
725 985 110 20 hvaremot
849 983 87 21 Utskot-

184 1019 31 20 tet
230 1021 71 19 ansett
315 1020 32 20 att
361 1019 20 27 ej
396 1019 82 22 mindre
501 1019 149 26 ordföranden,
674 1019 13 21 å
701 1019 85 21 hvilken
802 1019 30 20 ett
847 1018 89 27 drygare

184 1053 54 21 mått
253 1053 24 21 af
289 1054 99 21 omtanke
404 1054 39 21 och
458 1054 74 21 arbete
547 1054 45 21 helt
607 1053 103 27 naturligt
725 1053 68 22 måste
804 1052 57 27 falla,
870 1052 66 21 borde

183 1087 133 22 fortfarande
331 1088 82 27 åtnjuta
429 1089 64 26 6,000
507 1088 68 27 mark,
591 1090 26 19 än
633 1088 62 21 äfven
703 1088 26 21 de
738 1087 143 26 medlemmar,
890 1093 46 25 som

183 1121 34 21 för
231 1121 158 28 befattningens
411 1123 63 21 skuld
493 1123 48 21 från
557 1129 68 14 annan
641 1124 34 19 ort
690 1121 98 28 inflyttat,
803 1121 77 21 liksom
895 1121 41 27 hit-

183 1155 68 22 intills
266 1157 67 21 under
348 1157 25 21 de
388 1159 33 20 tre
437 1157 67 22 första
519 1157 52 22 åren
586 1157 95 27 uppbära
696 1157 81 26 årligen
790 1155 63 27 8,000
868 1155 67 26 mark,

184 1190 137 23 alldenstund
344 1191 36 22 det
403 1192 60 21 torde
485 1198 53 15 vara
560 1191 59 22 svårt
637 1192 31 20 att
686 1191 69 21 förmå
770 1191 33 21 för
818 1189 118 28 uppdraget

183 1224 102 28 lämpliga
307 1231 102 22 personer
431 1228 33 19 att
479 1227 45 20 mot
538 1226 83 21 mindre
637 1225 141 27 fördelaktiga
793 1225 69 21 vilkor
876 1223 60 28 flytta

182 1260 33 21 till
231 1259 142 28 Helsingfors.
403 1260 34 21 Då
453 1261 39 20 den
507 1261 114 26 tillökning
636 1260 7 21 i
658 1260 121 26 kostnader,
795 1266 46 15 som
849 1259 86 21 Utskot-

182 1295 43 20 tets
241 1293 81 28 förslag
337 1294 126 27 föranleder,
487 1294 56 27 förty
558 1294 47 21 icke
627 1293 70 22 blefve
713 1294 133 27 synnerligen
862 1293 73 27 betyd-

182 1328 37 27 lig,
235 1335 63 20 synes
313 1329 41 21 den
369 1329 48 21 med
432 1329 82 27 hänsyn
529 1329 33 20 till
577 1329 72 26 vigten
665 1328 23 21 af
694 1329 26 21 de
729 1329 111 25 intressen,
848 1327 86 22 hvarom

181 1363 40 21 här
237 1365 25 19 är
277 1363 67 27 fråga,
360 1363 47 22 icke
423 1363 51 21 böra
489 1365 78 25 utgöra
582 1363 65 26 något
662 1363 46 21 skäl
725 1364 57 20 emot
796 1362 110 26 förslaget.

251 1398 166 21 Bankutskottet
431 1397 33 22 får
479 1398 90 26 således,
583 1398 67 26 jemte
665 1398 85 21 erinran
765 1398 31 20 att
806 1397 34 21 val
848 1396 24 22 af
877 1396 57 21 Full-

182 1432 95 27 mäktige
292 1432 39 22 och
345 1432 115 22 Revisorer
472 1432 87 27 jemlikt
573 1432 28 22 68
617 1432 12 28 &
643 1432 24 21 L.
676 1432 24 22 O.
716 1432 39 21 bör
770 1432 8 20 i
792 1432 42 26 god
849 1431 31 21 tid
888 1430 46 22 före

253 1473 135 17 Bankutskottets
400 1473 90 17 berättelse.
