1025 1670
198 134 22 18 16
471 134 21 19 U.
505 134 22 19 B.
541 144 22 3 —
575 133 66 19 XXIII.

173 197 41 21 gen
237 197 50 16 men
305 191 98 22 deremot
417 192 121 27 betydande
554 191 151 28 utgiftsposter
720 191 152 24 bortlemnade,
888 192 44 25 tyc-

173 225 38 22 kas
234 226 68 21 likväl
319 226 63 21 dessa
400 226 129 27 handlingar
544 227 77 25 utvisa,
637 227 32 20 att
682 225 144 22 kostnaderna
842 225 33 22 för
889 225 43 21 till-

172 260 132 27 verkningen
323 260 23 21 af
362 261 104 20 Finlands
486 260 68 21 banks
570 261 72 20 sedlar
657 260 36 21 vid
708 261 31 20 ett
755 260 67 21 under
836 259 95 22 bankens

172 294 131 27 förvaltning
325 295 89 21 stående
436 295 164 27 konsttryckeri,
624 294 76 27 skulle,
724 295 6 20 i
746 294 102 21 händelse
863 294 68 21 denna

172 329 139 26 tillverkning
325 329 47 21 icke
387 329 85 22 komme
489 331 32 19 att
535 329 72 26 uppgå
621 329 34 21 till
671 330 69 20 större
751 329 77 26 belopp
838 330 26 19 än
875 328 56 21 hvad

173 363 40 21 den
235 363 78 21 hittills
335 363 89 27 utgjort,
447 363 56 27 stiga
524 363 107 27 betydligt
652 363 68 27 högre
738 365 26 19 än
780 363 55 21 hvad
850 369 81 15 samma

171 397 146 26 tillverkning,
340 397 68 27 enligt
430 397 26 22 de
475 397 24 22 af
512 397 197 21 Bankdirektionen
731 397 125 21 meddelade
878 403 53 21 upp-

171 430 65 27 gifter
251 432 56 20 samt
321 431 25 21 af
358 431 112 21 Utskottet
485 431 98 21 anstälda
597 431 151 27 beräkningar,
764 430 81 28 utgjort
854 431 77 21 medan

172 464 106 28 sedlarne,
301 465 70 21 såsom
395 466 56 20 ända
473 466 33 20 till
528 466 134 20 närvarande
677 466 32 20 tid
725 465 62 26 skett,
803 464 70 22 blifvit
887 464 43 22 för-

171 498 112 28 färdigade
298 499 7 21 i
320 500 104 21 utlandet.

240 534 41 20 Väl
305 533 94 27 framgår
422 534 37 21 det
480 540 26 15 ur
528 534 89 21 brefven
636 534 48 21 från
700 534 80 21 Herrar
796 533 78 22 Soldån
890 533 39 21 och

171 566 96 22 Grönvik
283 569 31 19 att
329 568 140 27 tryckningen
485 568 23 22 af
521 568 96 22 bankens
633 568 73 22 sedlar
720 568 7 20 i
742 568 97 21 utlandet
854 570 23 18 är
887 567 42 21 för-

170 601 95 28 knippad
284 602 47 21 med
347 602 85 28 mycket
446 603 96 22 känbara
557 602 141 27 svårigheter.
727 602 50 22 Men
793 602 13 21 å
820 602 66 21 andra
901 602 28 21 si-

170 636 41 21 dan
227 636 41 21 kan
284 636 167 23 Bankutskottet
465 638 47 21 icke
527 637 70 22 heller
612 637 81 22 förbise
709 638 32 20 att
756 643 76 20 genom
848 637 79 21 sedlar-

171 676 38 15 nes
224 671 139 27 tillverkning
378 672 13 21 å
406 678 26 15 en
447 671 34 22 för
496 672 85 21 banken
596 671 135 22 främmande
747 671 78 22 anstalt
840 670 51 22 flere
906 670 23 22 af

171 705 27 20 de
217 705 139 27 olägenheter
374 706 46 21 helt
436 706 38 21 och
490 706 67 21 hållet
571 706 111 26 undvikas,
700 705 72 22 hvilka
787 705 140 26 ovilkorligen

171 739 70 21 skulle
265 739 119 22 framträda
406 747 34 14 om
460 741 92 21 berörda
567 741 139 26 tillverkning
720 740 85 21 komme
820 741 32 20 att
866 739 38 22 ske
919 739 7 21 i

171 774 31 20 ett
219 773 24 21 af
259 773 84 22 banken
363 774 116 21 förvaltadt
494 775 163 27 konsttryckeri,
673 774 109 22 äfvensom
797 776 31 19 att
844 774 35 21 det
894 780 33 15 ar-

170 807 55 26 bete,
241 807 82 22 hvilket
338 815 62 20 synes
416 809 64 21 hafva
495 809 66 21 vållat
576 809 27 21 de
619 810 80 20 största
714 808 159 27 svårigheterna
888 808 39 21 och

170 841 46 21 icke
239 842 62 26 ringa
322 842 124 26 kostnader,
466 843 107 27 nämligen
589 843 141 27 graveringen
746 842 22 22 af
781 842 98 27 plåtarna
893 841 34 21 för

170 875 151 28 sedeltrycket,
335 876 48 22 icke
406 883 62 21 synes
487 877 64 21 hafva
569 877 65 27 tagits
653 877 7 21 i
678 876 141 22 betraktande
834 876 35 21 vid
883 876 44 21 för-

170 909 81 27 slagets
273 911 143 26 upprättande
439 911 53 21 eller
514 911 129 21 åtminstone
667 911 47 21 icke
728 911 32 21 uti
775 910 26 21 de
817 910 110 22 Utskottet

169 943 112 27 förelagda
296 944 98 28 kalkyler
409 945 71 21 blifvit
496 946 70 20 såsom
581 945 145 27 uppgiftspost
734 945 143 21 observeradt.
893 944 34 21 Då

169 978 36 21 det
227 978 109 22 dessutom
364 979 41 21 kan
428 980 110 21 betraktas
561 980 71 21 såsom
649 986 26 15 en
690 980 24 20 af
727 979 148 21 erfarenheten
890 979 36 21 be-

168 1011 87 22 kräftad
278 1013 90 27 sanning
390 1015 32 19 att
440 1014 135 21 industriella
590 1014 143 26 inrättningar
748 1026 26 3 —
790 1013 39 21 och
844 1013 32 21 till
893 1013 33 21 sä-

168 1046 56 21 dana
240 1046 69 22 måste
322 1047 25 27 ju
362 1054 26 14 en
404 1048 80 21 anstalt
499 1048 23 21 af
535 1048 164 27 ifrågavarande
714 1047 145 22 beskaffenhet
872 1047 53 27 jem-

167 1080 35 21 väl
217 1080 102 22 hänföras
335 1094 26 2 —
378 1082 28 21 då
421 1082 26 21 de
464 1082 79 29 drifvas
559 1082 38 22 och
613 1082 73 22 skötas
702 1082 23 21 af
738 1084 69 19 staten
823 1082 52 20 eller
889 1082 36 21 nå-

168 1116 37 24 got
219 1115 144 26 ämbetsverk,
379 1116 69 21 sällan
463 1116 72 22 kunna
549 1117 98 26 tillämpa
662 1116 26 22 de
704 1116 108 27 billigaste
824 1116 38 21 och
870 1118 55 19 mest

167 1148 185 28 ändamålsenliga
370 1150 175 27 arbetsmetoder,
562 1152 56 20 samt
632 1150 140 22 fördenskuld
786 1151 7 20 i
809 1150 116 22 allmänhet

167 1182 67 22 blifva
259 1184 52 26 dyra
333 1184 40 21 och
396 1185 130 27 opraktiska,
542 1185 39 21 har
604 1185 36 21 det
655 1186 59 26 synts
729 1185 111 21 Utskottet
854 1185 70 21 såsom

166 1216 74 26 borde,
264 1218 7 20 i
293 1217 103 23 händelse
416 1220 32 20 ett
463 1219 152 27 sedeltryckeri
629 1219 113 21 härstädes
757 1220 84 20 komme
856 1221 31 19 att
903 1219 23 21 af

166 1250 85 26 banken
270 1251 98 27 inrättas,
388 1252 44 21 alla
450 1253 33 20 till
500 1253 110 21 sedlarnes
626 1253 112 27 tryckning
753 1253 95 21 hörande
863 1253 61 21 arbe-

166 1286 43 23 ten,
225 1285 72 21 såsom
313 1286 37 21 det
364 1286 59 22 skett
437 1287 6 20 i
460 1287 95 26 Sverige,
570 1287 28 27 på
613 1287 143 27 entreprenad
771 1287 115 21 öfverlåtas
902 1287 22 21 åt

166 1319 70 27 någon
257 1320 83 22 enskild
359 1327 85 20 person,
465 1321 92 27 hvilken,
575 1321 66 27 jemte
658 1322 36 21 det
709 1322 42 21 han
766 1322 64 26 åtoge
845 1322 32 26 sig
892 1323 32 20 att

166 1355 57 19 emot
246 1354 43 21 viss
312 1355 120 27 ersättning
450 1356 39 20 och
508 1356 49 21 med
572 1362 55 20 egna
642 1356 99 22 arbetare
756 1356 116 22 verkställa
887 1356 37 22 det

166 1387 81 25 arbete,
271 1394 44 16 som
339 1389 23 21 af
382 1389 85 22 banken
486 1390 69 21 skulle
570 1390 33 21 till
619 1390 77 21 honom
712 1390 148 25 öfverlemnas,
876 1390 47 22 der-

163 1421 67 27 jemte
249 1428 51 16 vore
319 1423 122 27 berättigad
460 1426 31 19 att
507 1424 62 21 äfven
585 1424 34 22 för
633 1424 99 22 enskilda
746 1430 113 21 personers
875 1424 48 22 räk-

235 1462 139 18 Bankutskottets
386 1464 90 17 berättelse.
