1031 1673
182 121 14 20 8
371 121 184 23 Ständerhuset.
571 133 28 4 —
614 121 41 22 N:o
669 120 21 22 2.

156 183 73 28 hugad
245 185 32 20 att
292 184 56 28 sälja
363 184 32 21 sin
411 185 53 27 gård
480 184 35 21 för
529 185 94 25 135,000
638 183 68 26 mark,
722 184 69 21 under
801 183 112 22 förutsätt-

156 217 52 28 ning
231 220 33 19 att
286 218 67 28 köpet
375 219 91 21 afslutas
483 219 60 21 inom
558 225 37 15 sex
610 218 111 26 månader,
736 217 121 28 hvarjämte
872 218 41 21 den

157 259 76 15 senare
256 259 78 21 egaren
356 253 125 22 förbehällit
503 253 33 27 sig
559 253 104 28 rättighet
686 254 33 19 att
733 252 23 21 få
771 252 27 21 bo
814 259 53 20 qvar
881 251 32 22 till

158 288 41 20 den
221 287 13 21 1
256 287 48 28 juni
326 288 63 21 1883.
419 287 102 22 Deremot
544 287 40 22 har
606 294 79 21 egaren
704 287 33 21 till
752 288 83 20 tomten
851 293 34 15 n:o
901 287 13 20 2

157 321 36 22 vid
215 321 142 28 Kyrkogatan
379 321 112 26 förklarat,
515 323 32 20 att
562 322 44 21 han
622 323 29 26 på
665 322 52 27 inga
731 321 70 22 vilkor
815 320 100 28 försäljer

159 357 71 20 denna
246 356 32 21 sin
294 356 60 27 gård.

447 425 185 22 Packhustomten.

226 477 76 21 Såsom
325 476 111 22 Utskottet
458 476 101 22 framhöll
574 477 7 20 i
597 477 36 20 sitt
651 476 138 21 betänkande
805 483 35 14 n:o
857 476 18 24 1,
891 476 24 19 är

158 511 7 20 i
181 510 158 28 frågavarande
362 511 57 28 plats
441 511 25 22 af
486 512 42 21 den
550 511 78 27 trånga
650 510 154 24 beskaffenhet,
820 512 32 19 att
868 510 47 21 dess

160 545 128 28 utvidgning
304 546 23 21 åt
342 553 51 14 norr
407 553 79 20 genom
501 545 67 28 inköp
584 545 25 22 af
616 546 151 27 angränsande
778 547 79 19 tomter
866 550 49 15 vore

160 582 32 18 att
215 587 65 14 anses
295 587 45 14 som
356 582 32 19 ett
403 580 157 27 oundgängligt
575 579 70 22 vilkor
659 579 34 22 för
708 579 97 28 platsens
821 579 95 21 använd-

159 613 77 22 barhet
254 614 34 21 till
302 616 55 19 tomt
371 614 34 22 för
420 614 163 22 Ständerhuset.
615 614 72 21 Sedan
703 613 120 22 emellertid
838 619 78 21 egarne

160 648 24 21 af
204 651 109 19 tomterna
336 656 35 15 n:o
387 651 13 19 5
416 649 40 22 och
471 650 14 20 6
500 649 37 21 vid
552 649 134 27 Mariegatan
703 648 104 22 förklarat
823 648 32 27 sig
869 647 48 22 icke

159 682 76 22 kunna
255 683 58 21 afstå
335 684 126 27 någondera
483 683 24 22 af
523 684 56 25 dem,
595 683 70 22 såsom
681 683 94 21 varande
791 683 49 21 med
855 682 62 23 hvar-

160 717 69 21 andra
251 717 170 29 sammanbygda
443 718 40 22 och
507 717 106 28 behöfliga
634 717 33 22 för
681 717 89 22 firmans
785 717 8 21 i
808 718 108 21 närmaste

160 752 126 27 grannskap
309 752 100 22 bedrifna
431 752 170 26 fabriksrörelse,
622 753 24 21 så
661 753 62 21 torde
739 753 88 20 dermed
842 752 75 28 frågan

161 793 34 14 om
218 786 169 22 Ständerhusets
409 787 138 28 uppförande
565 788 13 20 å
593 786 183 22 Packhustomten
791 786 74 22 kunna
881 794 37 14 an-

161 827 34 15 ses
210 820 66 23 hafva
290 820 97 23 förfallit.

226 891 84 20 Platsen
327 890 10 21 å
354 891 223 26 Observatoriiberget
594 891 54 20 invid
665 891 178 26 Länemagasinet.

229 941 30 22 Af
272 943 15 20 t.
303 941 14 21 f.
333 941 187 28 stadsingeniören
536 941 39 22 har
592 941 110 22 Utskottet
718 941 113 28 emottagit
846 943 30 20 ett
896 942 23 21 sä

161 975 95 28 lydande
272 975 114 22 utlätande
402 977 113 26 angäende
530 977 73 20 denna
618 976 68 27 plats:

191 1027 5 8 »
198 1009 53 26 Den
275 1011 14 20 &
303 1010 147 28 medföljande
466 1010 117 28 plankarta
597 1011 49 20 med
662 1010 154 21 bokstäfverna
831 1017 20 19 a,
868 1010 17 26 O,
902 1017 17 18 c,

162 1045 20 24 d,
198 1044 112 22 utmärkta
325 1045 86 27 platsen
426 1045 35 21 för
475 1045 157 21 Ständerhuset
647 1045 40 21 har
701 1044 71 21 blifvit
787 1044 50 22 vald
848 1044 7 21 i
865 1051 55 14 sam-

162 1079 39 20 räd
224 1079 50 20 med
296 1079 126 22 arkitekten
445 1079 24 22 F.
487 1080 24 21 A.
528 1079 104 28 Sjöström
648 1079 56 21 efter
719 1079 13 21 &
747 1079 85 27 platsen
848 1078 72 21 hällen

161 1120 45 20 syn.
238 1113 75 22 Säsom
329 1113 24 22 af
365 1113 79 22 kartan
460 1114 101 27 framgär,
577 1115 26 20 är
617 1113 85 28 platsen
718 1115 78 26 ytterst
807 1113 63 26 träng
881 1112 40 22 och

161 1153 39 21 ger
215 1147 119 28 anledning
349 1148 34 21 till
398 1148 103 27 temligen
517 1148 136 21 omfattande
669 1147 250 28 terrasseringsarbeten,

161 1182 7 20 i
184 1183 37 20 det
236 1184 33 19 att
284 1183 60 20 östra
359 1183 40 21 och
415 1183 99 27 sydöstra
528 1187 119 23 gränserna
661 1183 25 21 af
699 1184 83 19 tomten
793 1181 86 22 komma
890 1184 32 19 att

162 1216 119 27 begränsas
297 1217 26 21 af
335 1223 26 15 en
376 1218 29 20 15
420 1217 14 21 å
449 1218 29 21 20
492 1217 32 22 fot
539 1217 43 27 hög
597 1217 126 28 stödjemur.
753 1216 118 21 Dessutom
880 1216 42 21 blir

162 1250 86 27 platsen
271 1251 122 28 tillgänglig
416 1253 78 20 endast
515 1251 82 22 medels
619 1253 62 26 gator
695 1251 51 21 med
760 1250 84 27 ganska
859 1251 63 20 svära

162 1285 40 20 och
226 1285 120 28 obegväma
368 1286 265 27 stigningsförhällanden.
664 1285 48 22 Den
730 1286 45 20 rätt
789 1285 30 27 pä
834 1285 42 20 den
892 1284 31 21 fö-

162 1319 102 28 reslagna
287 1320 86 27 platsen
396 1321 93 21 ledande
511 1323 67 25 gatan
596 1320 92 21 innehar
703 1327 28 14 en
747 1320 68 21 sädan
830 1319 93 26 lutning,

161 1357 33 19 att
217 1355 43 21 den
283 1356 68 23 redan
375 1357 25 20 är
415 1357 60 21 svärt
490 1355 129 22 trafikerbar
635 1356 49 20 med
699 1355 80 21 äkdon.
811 1353 74 22 Säsom
901 1353 24 22 af

161 1389 79 21 kartan
263 1390 102 27 framgär,
388 1390 63 22 faller
471 1390 172 28 länemagasinet
666 1390 59 21 inom
741 1390 42 20 den
799 1388 122 28 föreslagna

161 1424 145 27 tomtplatsen
321 1424 41 22 och
377 1426 68 20 måste
461 1425 93 21 sålunda
569 1424 162 22 undanskatffas.
757 1424 32 21 De
805 1423 117 22 nedanföre

162 1459 36 21 vid
209 1458 200 28 Brunnshusvägen
420 1460 90 22 stäende
521 1460 244 27 handelsmagasinerna
773 1458 68 22 mäste
851 1458 72 21 äfven-
