1031 1670
375 130 22 19 U.
410 130 23 19 B.
446 141 22 3 —
481 131 65 18 XXIII
793 132 23 18 35

285 188 61 22 säker
369 190 33 19 ort
424 189 57 20 inom
504 188 76 26 landet,
603 188 81 22 hvilken
700 189 23 26 af
738 188 101 22 Senatens

288 222 264 27 Ekonomiedepartement,
574 224 33 25 pä
630 222 207 28 Bankfullmäktiges

286 257 86 27 förslag,
388 257 134 26 bestämmes;

318 300 24 25 g)
366 297 198 27 Bankfullmäktige
584 298 50 20 böra
656 297 32 21 till
706 298 131 22 Ständernas

287 332 141 22 Bankutskott
445 332 37 22 vid
500 332 70 27 hvarje
589 332 111 28 landtdags
715 332 73 28 början
803 332 31 26 öf-

286 368 103 21 verlemna
404 367 110 22 berättelse
529 374 33 14 om
577 367 91 21 bankens
683 367 102 27 tillstånd,
800 369 35 19 rö-

284 402 54 21 else
356 402 36 21 och
411 402 130 27 förvaltning
555 404 55 19 samt
628 402 25 21 de
668 402 37 21 hos
720 402 115 26 Bankfull-

286 437 90 27 mäktige
391 436 114 27 förehafda
520 436 161 27 hufvudsakliga
693 437 92 21 ärenden
796 443 40 14 un-

287 472 36 21 der
338 471 40 22 den
393 471 53 26 efter
461 473 81 19 senaste
554 471 99 27 landtdag
664 471 102 27 förflutna
774 471 62 27 tiden,

282 506 64 26 jemte
368 505 81 22 allmän
472 505 99 27 öfversigt
589 505 24 27 af
631 505 91 22 bankens
736 505 100 27 ställning

288 540 35 22 vid
338 540 137 27 landtdagens
490 540 84 27 början;

321 581 23 27 h)
360 580 187 28 Bankfullmäktig
562 582 26 19 är
598 580 19 28 ej
627 580 92 27 förment
730 583 30 19 att
772 583 64 19 emot-

288 618 47 25 taga
350 616 36 20 och
401 615 113 27 innehafva
526 616 107 20 ordinarie
641 616 63 26 tjenst
710 616 50 21 eller
767 618 69 20 extra-

287 650 107 22 ordinarie
413 650 122 27 befattning,
554 651 26 21 sä
594 650 44 22 vidt
652 650 54 22 hans
720 650 116 28 skyldighe-

287 688 30 19 ter
332 685 8 21 i
354 685 136 26 förstnämda
500 684 102 28 egenskap
613 684 43 22 icke
668 685 118 27 derigenom
792 686 44 21 äsi-

288 720 103 26 dosättas;
408 719 52 22 dock
474 720 36 20 mä
522 719 185 28 Bankfullmäktig
717 720 43 21 icke
771 720 67 22 tillika

287 762 51 14 vara
356 756 84 20 senator
458 754 50 21 eller
523 754 92 21 dircktör
629 754 9 21 i
652 754 150 28 statskontoret,
818 755 20 27 ej

286 789 64 22 heller
365 788 93 22 direktör
474 788 49 22 eller
538 789 121 27 tjensteman
674 789 8 21 i
693 789 143 28 hypoteksför-

286 824 62 27 ening
362 823 50 22 eller
427 823 83 22 enskild
523 823 183 28 bankinrättning
696 819 12 36 ;

321 870 17 27 i)
358 869 65 22 Hvad
441 869 9 21 i
468 869 132 27 förestående
614 870 65 21 måtto
694 870 94 27 stadgats
802 871 35 26 för

287 904 193 27 Bankfullmäktig,
499 904 67 27 gäller
585 904 63 27 äfven
666 905 36 26 för
720 905 116 27 suppleant,

286 940 30 21 då
331 939 41 21 han
387 939 121 26 företräder
523 939 196 27 Bankfullmäktig;

320 984 24 28 k)
361 984 197 27 Bankfullmäktige
573 984 83 27 åtnjuta
668 985 8 21 i
687 985 65 27 årligt
763 986 75 20 arvode

287 1019 145 27 ordföranden
458 1026 37 14 sex
518 1020 65 25 tusen,
607 1019 67 27 öfrige
696 1019 142 28 Fullmäktige

287 1054 77 21 enhvar
386 1054 49 27 fyra
454 1055 60 19 tusen
532 1053 59 22 mark
606 1053 64 27 finskt
684 1056 64 25 mynt,
765 1061 33 14 om
813 1054 25 22 de

286 1089 60 26 förut
360 1089 38 20 äro
414 1088 9 21 i
438 1088 136 27 Helsingfors
588 1088 82 27 bosatte,
690 1089 37 21 och
745 1089 45 21 åtta
804 1091 33 19 tu-

286 1130 37 14 sen
338 1122 66 27 mark,
422 1129 33 15 om
470 1123 24 21 de
509 1122 35 27 för
555 1122 79 22 nämda
642 1122 126 28 befattnings
776 1123 63 22 skuld

286 1158 52 26 från
353 1164 72 14 annan
441 1159 33 19 ort
489 1157 31 21 dit
531 1157 101 27 inflyttat;
648 1157 50 21 dock
708 1158 68 26 gäller
787 1158 50 22 sist-

286 1192 80 21 nämda
381 1192 176 27 aflöningsgrund
566 1192 35 26 för
612 1199 26 14 en
649 1192 36 21 och
696 1199 82 15 samma
785 1200 52 20 per-

286 1234 38 14 son
339 1226 50 22 blott
404 1227 25 21 de
444 1228 31 20 tre
491 1226 67 27 första
573 1227 58 26 åren,
647 1226 105 27 hvarefter
766 1227 48 26 han,
830 1228 10 20 i

286 1261 40 27 fall
344 1261 144 27 befattningen
506 1260 86 27 fortfar,
611 1261 82 27 årligen
707 1261 83 26 undfår
805 1261 34 22 det

286 1296 60 26 förra
361 1295 98 27 beloppet.
487 1295 38 22 Om
541 1295 191 28 Bankfullmäktig,
747 1302 45 15 som
803 1297 35 20 åt-

285 1330 70 27 njuter
370 1330 50 27 fyra
435 1331 59 20 tusen
508 1329 70 22 marks
594 1330 64 27 årligt
673 1331 81 26 arvode,
764 1330 73 27 tjenst-

284 1367 40 26 gör
338 1365 36 26 för
390 1365 143 26 ordföranden
551 1365 68 21 under
634 1365 74 27 längre
723 1365 31 21 tid
769 1365 30 20 än
814 1371 25 15 en

288 1399 87 27 månad,
390 1399 86 27 uppbär
491 1399 42 21 han
547 1399 35 26 för
596 1400 66 27 sagda
677 1399 33 22 tid
724 1399 27 27 af
762 1399 78 22 dennes

287 1435 76 21 arvode
378 1436 28 19 ett
421 1434 91 28 tillskott,
532 1433 115 23 beräknadt
661 1434 53 26 efter
729 1434 35 23 två
779 1435 60 25 tusen

148 1476 138 18 Bankutskottets
297 1476 105 18 betänkande
414 1476 35 17 N:o
462 1476 15 20 4,
