1006 1667
215 138 42 21 210
528 138 72 22 XVIII

232 270 147 30 Relation
402 270 135 40 angäende
561 268 339 40 stämpelpappersmedlen.

258 339 70 22 Jemte
345 340 36 21 det
396 340 59 21 Hans
471 340 145 27 Kejserliga
609 340 104 26 Majestät
728 338 97 21 faststält
840 337 100 21 Ständer-

185 380 39 15 nas
240 374 36 21 vid
292 377 85 19 senaste
393 375 103 27 landtdag
512 374 82 22 fattade
610 374 72 21 beslut
698 376 31 18 att
739 374 71 33 Jätaga
827 372 32 26 sig
875 374 65 18 stäm-

186 409 248 27 pelpappersbevillning
449 410 48 20 från
514 409 39 21 och
569 409 49 20 med
635 409 40 20 den
694 410 8 19 1
721 400 51 29 Juni
790 408 53 19 1878
859 406 34 21 till
908 408 32 18 ut-

186 444 84 26 gängen
294 443 22 21 af
338 445 24 19 är
386 445 54 20 1883
463 446 56 19 samt
537 445 32 19 att
593 443 26 21 de
643 444 12 20 &
679 440 261 28 stämpelpappersbevill-

185 477 80 27 ningen
288 478 68 21 under
374 479 52 20 ären
443 479 140 20 1878—1883
600 477 117 27 inflytande
734 476 71 21 medel
820 475 53 21 böra
889 475 51 20 bok-

185 512 58 21 föras
260 512 39 21 och
314 513 110 20 redovisas
441 513 71 20 såsom
528 513 69 26 öfriga
611 511 208 26 bevillningsmedel,
831 511 39 20 har
881 509 59 21 Hans

185 547 102 26 Majestät
311 547 40 21 den
374 548 27 20 20
424 547 42 27 Maj
492 548 53 20 1878
565 547 96 20 utfärdat
677 545 66 27 nädig
759 544 132 26 förordning,
907 545 33 19 rö-

185 581 67 21 rande
269 581 288 27 stämpelpappersafgiftens
573 581 142 27 erläggande;
732 580 39 21 och
783 579 70 21 utvisa
864 579 76 20 räken-

185 615 108 27 skaperna
316 616 58 21 öfver
393 617 66 26 sagda
475 616 69 21 medel
560 616 33 21 för
609 617 52 20 ären
679 615 140 21 1878—1880
835 613 104 27 följande:

505 673 118 18 Debet.

409 720 97 21 Balans
522 719 59 22 frän
597 721 28 19 är
642 719 71 21 1877.

185 759 98 22 Kontant
298 759 125 28 behällning
438 760 7 21 i
460 760 265 27 kartasigillatakontoret
751 774 4 5 .
822 757 68 27 5,416:
908 757 32 20 14.

517 817 95 23 Inkomst,

185 857 43 21 För
243 857 93 22 försåldt
344 857 117 27 stämpladt
467 864 82 20 papper
556 857 40 22 och
603 859 61 20 extra
672 858 81 25 stämp-

243 891 128 28 lingsmedel
386 899 27 14 m.
429 899 28 14 m.
497 909 5 4 .
533 909 5 4 .
678 907 4 5 2
715 907 4 4 +
751 907 4 4 +
771 889 119 27 2,295,376:
921 889 18 20 8.

381 949 128 28 Leverering
519 949 60 27 frän
593 948 146 27 statsfonden.

184 988 128 28 Ersättning
322 989 34 22 för
366 989 97 28 utgifter,
474 995 45 16 som
532 989 49 21 bort
591 990 53 26 utgä
655 989 24 20 af
689 990 64 19 stats-

241 1023 91 22 fondens
348 1024 80 21 medel.
460 1041 4 4 .
495 1041 5 4 .
531 1041 4 4 so
568 1040 40 5 ss
640 1040 4 5 so
677 1039 4 4 so
713 1039 40 4 «oc
820 1022 69 27 2,462:
906 1021 33 20 60.

499 1081 118 28 Påföring.

182 1121 30 21 Af
232 1122 126 26 postverket
380 1123 83 20 ersatta
484 1121 97 28 utgifter,
597 1127 47 15 som
659 1120 94 27 förskju-

239 1156 39 21 tits
294 1156 24 21 af
331 1156 256 27 stämpelpappersmedel
607 1173 1 4 .
639 1172 4 5 .
676 1171 5 5 .
713 1171 4 4 .
749 1171 4 4 +
819 1154 69 27 2,876:
905 1165 27 4 —

181 1189 96 23 Dubbelt
292 1191 137 21 utanordnad
444 1191 109 26 provision
569 1197 27 15 m.
612 1197 28 15 m.
675 1206 5 5 .
712 1206 5 4 .
749 1205 4 5 .
856 1189 33 20 33:
906 1189 33 20 50.

667 1229 87 22 Summa
769 1229 120 27 2,306,164:
905 1229 34 20 32.

485 1287 148 19 Kredit.

504 1335 111 28 Aföring.

179 1373 91 23 Skilnad
295 1375 91 22 emellan
402 1376 37 26 pä-
455 1374 39 22 och
510 1375 91 27 afföring
633 1376 68 26 1,552:
717 1375 34 21 84.

178 1408 55 28 Agio
248 1411 28 25 pä
292 1410 92 21 försäldt
399 1410 61 27 ryskt
475 1413 60 24 mynt
556 1427 4 4 .
591 1426 5 5 .
665 1410 35 20 45:
716 1410 33 20 34.
820 1415 67 26 1,598:
906 1415 25 20 18

625 1456 122 27 Transport
818 1456 69 26 1,598:
905 1456 32 20 18.
