1014 1661
441 123 21 20 H
779 123 26 20 25

150 190 74 21 Ehuru
247 191 150 21 dödsstraffets
420 191 150 22 motståndare
590 192 69 21 under
678 192 159 26 behandlingen

79 225 24 20 af
116 225 76 26 frågan
215 231 33 15 om
269 225 131 21 detsammas
421 223 143 29 qvarstående
580 226 6 20 i
604 226 165 27 lagstiftningen
785 226 52 21 eller

79 259 164 21 utmönstrande
259 259 96 27 derutur,
376 260 122 26 åberopade
519 260 52 20 flere
587 261 88 20 talande
692 261 47 20 skäl
755 260 32 20 för
804 261 33 20 sin

80 294 63 26 åsigt,
158 300 38 14 var
211 294 37 21 det
263 294 54 21 dock
334 296 31 19 ett
381 300 45 15 som
443 294 26 22 de
485 295 48 20 med
545 296 58 19 rätta
614 295 91 21 framför
717 295 42 21 alla
768 295 67 20 andra

79 328 50 21 ville
153 330 52 24 göra
220 328 107 28 gällande,
344 328 107 27 nemligen
467 329 42 21 den
525 329 143 27 fyratioåriga
687 329 150 21 erfarenheten

80 362 7 21 i
103 362 79 21 landet.
213 362 82 21 Genom
317 363 80 26 nådiga
420 363 146 27 kungörelsen
591 364 40 21 den
656 365 24 20 21
702 364 59 26 April
784 364 53 21 1826

80 397 55 21 hade
158 397 59 20 Hans
241 397 102 27 Majestät
365 397 107 22 förklarat
497 400 33 19 att
551 398 54 21 hans
626 398 149 27 samvetspligt
790 398 53 21 icke

80 431 87 27 medgaf
181 433 32 19 att
228 431 109 22 fastställa
352 433 72 26 någon
442 433 104 20 dödsdom
559 433 90 20 såframt
661 433 18 27 ej
689 433 82 21 brottet
781 432 57 27 åsyf-

82 466 51 21 tade
149 468 31 19 ett
196 467 102 20 störande
314 467 23 20 af
351 467 36 20 det
403 467 61 21 helas
481 467 99 28 bestånd,
597 467 40 21 och
653 469 32 19 att
700 467 42 21 han
754 467 84 20 således

82 501 6 20 i
105 501 42 20 alla
170 501 67 20 andra
259 501 100 21 lifssaker
382 501 50 21 ville
455 501 100 27 begagna
574 502 41 21 den
636 502 78 21 honom
730 502 7 20 i
753 501 48 21 stöd
817 501 23 20 af

83 535 159 26 grundlagarna
257 535 162 21 tillkommande
436 536 182 26 benådningsrätt
637 536 33 20 till
686 536 152 26 brottslingar-

82 575 77 20 garnes
175 569 143 21 förskonande
333 570 48 20 från
393 570 152 21 dödsstraffets
562 570 158 27 undergående.
751 570 38 20 Att
799 576 36 14 an-

84 604 53 20 talet
160 604 22 20 af
203 604 80 27 grofva,
306 604 49 21 med
378 604 119 22 dödsstraff
517 605 92 26 belagda
625 605 58 21 brott
699 605 54 21 efter
769 604 67 21 utfär-

83 638 80 21 dandet
179 638 22 20 af
215 638 70 22 denna
300 638 128 27 författning
444 639 70 21 skulle
530 640 7 20 i
553 639 74 21 landet
638 640 69 26 ökats,
716 640 39 20 har
766 639 71 26 aldrig

85 672 82 21 kunnat
191 672 62 28 visas,
276 679 49 15 men
347 680 49 14 man
412 673 39 21 har
475 674 58 20 velat
548 674 53 20 söka
617 674 98 26 grunden
730 674 33 20 till
780 674 60 20 detta

83 706 134 22 förhållande
233 707 46 21 deri
295 709 32 19 att
343 707 124 21 straffhotet
483 708 6 20 i
506 708 64 26 lagen
581 708 102 26 qvarstod
695 708 38 21 och
742 710 39 18 när
792 714 45 14 som

83 741 57 21 helst
155 742 71 20 kunde
242 742 65 20 blifva
323 742 128 26 verklighet.
482 742 58 21 Från
556 742 76 27 början
648 742 89 27 förtjent
753 742 22 21 af
788 742 50 26 föga

85 776 107 26 afseende,
215 776 39 20 har
278 776 59 21 detta
360 779 114 24 argument
495 777 46 21 helt
557 777 74 21 säkert
647 784 88 14 numera
750 777 90 20 förlorat

85 810 29 20 all
129 810 117 26 betydelse.
278 806 163 32 Öfvertygelsen
457 817 35 15 om
503 813 33 19 att
548 811 150 21 dödsstraffets
707 811 133 21 afskaffande

85 844 38 21 hos
140 850 35 15 oss
199 844 46 21 icke
268 851 38 15 var
329 845 100 21 förenadt
451 846 50 20 med
520 846 71 26 någon
607 846 56 20 våda
677 846 34 20 för
727 845 113 21 samhället

86 879 73 26 gjorde
176 879 32 26 sig
224 880 65 20 också
305 880 82 26 ganska
409 880 91 20 allmänt
515 880 101 26 gällande
634 880 60 26 långt
710 880 65 21 innan
790 886 50 14 man

85 914 88 26 började
199 916 31 18 att
253 915 47 20 med
325 914 70 21 siffror
418 915 78 21 utreda
520 917 32 18 att
573 915 43 20 alla
631 915 131 21 härutinnan
777 915 64 26 hysta

85 948 102 26 farhågor
202 954 50 15 voro
263 949 146 26 öfverflödiga.
440 949 76 21 Såsom
528 949 67 21 redan
607 949 57 21 förut
673 949 70 21 blifvit
752 949 89 21 nämndt

85 988 38 15 var
139 983 36 20 det
190 982 55 22 först
261 984 24 20 år
303 984 51 20 1841
372 990 46 14 som
439 984 146 20 domstolarne
607 984 6 20 i
629 984 74 21 landet
719 984 74 20 ålades
809 985 32 19 att

86 1017 82 26 årligen
184 1017 33 21 till
232 1018 144 26 prokuratorn
393 1018 108 20 inkomma
517 1018 49 20 med
586 1018 109 27 uppgifter
711 1024 33 15 om
760 1018 26 20 de
801 1018 39 20 hos

87 1051 47 21 dem
157 1051 128 21 förevordna
307 1052 43 21 mål
373 1052 39 21 och
437 1058 26 15 en
479 1053 68 26 derpä
562 1053 98 26 grundad
675 1053 166 26 fullständigare

87 1086 190 26 sammanfattning
299 1086 23 21 af
340 1086 63 21 deras
421 1087 140 21 verksamhet
576 1087 48 21 kom
641 1087 32 21 till
691 1087 69 21 ständ.
790 1086 51 21 Med

86 1119 139 27 möjligheten
242 1122 32 19 att
288 1122 53 19 utan
357 1120 73 21 alltför
446 1122 46 19 stor
508 1121 110 26 svärighet
633 1121 72 21 kunna
721 1121 82 21 erhälla
814 1127 27 14 en

87 1154 88 21 säkrare
192 1154 80 21 inblick
288 1154 7 21 i
313 1155 130 20 hithörande
463 1157 85 25 ämnen,
569 1155 71 27 tilltog
661 1155 61 22 äfven
740 1155 101 21 intresset

85 1188 34 21 för
141 1189 108 20 desamma
273 1189 38 20 och
334 1190 69 25 några
426 1189 217 27 forskningsarbeten
665 1191 28 25 pä
716 1190 60 21 detta
794 1189 47 27 fält,

86 1223 73 20 hvilka
181 1223 66 21 likväl
271 1224 76 20 endast
370 1223 119 22 omfattade
509 1224 58 21 vissa
587 1225 88 20 kortare
691 1224 150 27 tidsperioder,

87 1257 70 21 blefvo
174 1258 30 20 tid
221 1257 54 22 efter
291 1265 71 14 annan
379 1258 91 27 synliga.
501 1259 71 20 Bland
588 1259 63 20 dessa
667 1259 90 21 arbeten
772 1258 69 21 finnas

87 1292 62 21 äfven
165 1292 80 21 sådana
261 1299 45 15 som
323 1293 104 21 särskildt
449 1293 79 21 beröra
546 1294 148 26 föreliggande
709 1294 68 26 fråga,
793 1299 50 15 men

87 1326 36 21 det
145 1326 42 21 kan
210 1333 51 15 vara
283 1333 43 21 nog
349 1329 33 19 att
405 1328 39 20 här
467 1328 58 20 fästa
547 1328 192 26 uppmärksamhet
761 1328 35 20 vid
811 1329 32 19 ett

86 1361 55 21 enda
157 1361 22 21 af
193 1361 54 27 dem,
258 1362 107 25 nemligen
376 1362 115 21 framlidne
502 1362 147 21 Prokuratorn
665 1368 41 16 von
722 1362 120 25 Knorrings

87 1395 24 20 år
128 1395 52 21 1866
197 1395 6 21 i
218 1396 62 26 tryck
295 1395 84 27 utgifna
398 1396 119 21 berättelse
537 1397 6 20 i
559 1396 118 27 anledning
693 1396 23 21 af
730 1396 53 21 hans
800 1402 43 14 em-

86 1428 98 21 betsresa
206 1429 7 20 i
229 1429 73 21 landet
317 1430 69 21 under
402 1436 122 15 sommaren
541 1431 60 26 1865,
617 1431 87 20 hvilken
721 1430 118 21 berättelse
