1028 1670
210 138 12 21 8
529 137 20 24 U.
569 138 22 23 B.

319 200 41 21 den
376 200 95 22 Societas
482 208 44 21 pro
542 200 71 24 fauna
629 203 20 19 et
658 201 62 27 flora
734 200 105 28 Fennica,
855 200 85 22 Finska

320 234 199 29 konstföreningen,
537 235 127 21 Historiska
679 235 126 26 samfundet
820 235 38 21 och
873 234 66 22 Folk-

318 269 270 29 upplysningssällskapet,
603 269 43 28 för
666 272 32 18 att
713 268 30 28 af
754 270 61 20 dessa
834 269 106 27 samfund

318 304 113 21 användas
447 304 35 22 till
491 304 134 28 främjande
640 304 30 28 af
681 304 64 21 deras
760 304 111 28 ändamål,

387 338 21 27 0)
424 341 33 19 att
474 338 206 28 Bankfullmäktige
700 338 105 21 anmodas
825 339 35 21 till
874 340 65 20 nästa

319 372 106 28 landtdag
445 372 110 22 inkomma
571 373 48 21 med
628 372 90 28 förslag
733 373 94 21 rörande
842 373 97 21 använd-

318 408 80 27 ningen
419 406 29 28 af
464 408 63 20 såväl
546 408 41 20 den
609 414 91 20 summa,
716 406 85 22 hvilken
816 407 30 25 af
856 408 82 20 nämda

318 441 59 26 hälft
392 441 43 22 kan
450 442 89 25 äterstä,
550 441 68 22 sedan
626 441 56 26 frän
692 441 126 21 densamma
828 441 111 28 afdragits

312 475 135 28 Jörenämda
463 475 163 28 utbetalningar
636 478 56 19 samt
696 475 242 28 förvaltningskostna-

318 510 38 21 der
372 510 38 21 och
425 511 63 27 legat,
503 517 46 14 som
564 511 39 20 ock
617 510 42 21 den
674 510 35 21 del
724 510 30 27 af
765 510 26 21 de
795 509 87 28 fonden
895 509 43 22 L:a

317 544 26 22 B.
360 545 69 21 under
448 545 41 21 den
504 547 101 19 närmast
618 545 69 28 derpä
697 544 106 28 följande
819 545 59 21 tiden
894 545 45 21 till-

312 578 107 29 flytande
433 579 124 27 inkomster,
573 579 87 21 hvilken
672 579 33 28 pä
719 579 73 28 grund
807 579 29 27 af
848 579 89 21 bestäm-

318 614 109 27 ningarna
443 615 8 20 i
467 616 132 19 testamentet
608 613 44 27 får
667 613 138 28 disponeras;
823 616 58 19 samt

386 649 19 26 c)
428 651 33 18 att
477 647 171 29 förvaltningen
662 647 29 27 af
699 647 157 28 Längmanska
872 650 65 19 testa-

317 682 149 28 mentsfonden
475 682 149 27 fortfarande
638 682 58 21 skall
706 682 139 27 handhafvas
860 681 29 28 af
895 681 41 22 Di-

317 717 110 21 rektionen
436 716 43 28 för
493 717 112 21 Finlands
622 717 58 21 bank
693 717 70 21 under
778 716 159 28 Fullmäktiges

316 751 105 27 inseende,
445 751 111 27 äfvensom
578 751 164 28 granskningen
764 751 29 27 af
805 751 71 21 denna
885 750 52 27 för-

318 786 98 27 valtning
430 786 75 28 åligga
522 785 136 22 Ständernas
674 785 175 22 Bankrevisorer.

246 848 11 22 I
279 848 101 22 händelse
395 849 60 21 detta
469 849 80 27 förslag
563 849 74 21 vinner
652 848 130 22 Ständernas
797 848 59 22 bifall
870 848 67 27 vågar

177 881 167 23 Bankutskottet
358 883 69 21 tillika
441 883 113 21 hemställa

387 946 24 26 d)
426 948 33 19 att
477 945 206 28 Bankfullmäktige
698 946 66 20 måtte
777 952 75 21 genom
867 944 69 28 skrif-

315 980 55 20 velse
379 980 60 26 från
455 979 126 22 Ständerna
591 980 113 28 angående
714 980 88 21 beslutet
811 979 77 21 härom
897 986 40 14 un-

316 1014 117 22 derrättas.

245 1064 11 22 I
279 1066 99 21 ärendets
398 1066 129 27 behandling
546 1066 64 22 hafva
626 1066 89 27 deltagit
731 1066 120 22 Utskottets
866 1066 71 21 ordfö-

175 1098 67 22 rande
264 1098 112 23 Hackman
398 1100 39 21 och
452 1100 117 22 ledamöter
584 1100 130 26 Ehrnrooth,
730 1107 41 15 von
787 1100 149 27 Christierson,

175 1132 106 28 Lindelöf,
304 1134 119 27 Runeberg,
447 1134 110 27 Hirvinen,
577 1135 120 27 Björkstén,
714 1134 114 27 Snellman,
844 1134 91 28 Hoving,

177 1165 133 28 Costiander,
326 1168 108 27 Svedberg
449 1169 40 21 och
504 1169 61 21 Keto.

247 1212 139 28 Helsingfors,
402 1214 40 21 den
458 1215 25 21 31
501 1214 58 21 Mars
576 1215 60 22 1882.

237 1503 157 19 Bankutskottets
406 1505 123 17 Betänkande
541 1505 38 17 N:o
593 1505 19 17 2.
