1025 1673
216 136 84 23 Ständ.
315 135 55 24 Skr.
387 148 28 4 —
431 135 82 24 Ständ.
529 135 64 22 utsk.
609 135 41 23 N:o
664 135 22 22 3.

345 373 134 25 Finlands
507 373 135 25 Ständers
664 372 161 26 underdåni-

277 421 33 24 ga
328 413 121 25 anmälan
469 421 33 18 om
520 413 138 26 tillsättande
677 414 27 25 af
719 421 27 18 en
761 414 63 24 Stän-

277 453 218 31 derhusdelegation.

127 533 226 28 Stormäktigste,
368 534 208 27 Allernådigste
594 533 115 28 Kejsare
729 533 49 22 och

367 585 166 22 Storfurste!

141 642 34 22 Då
197 642 104 22 Finlands
323 642 94 22 Ständer
438 643 37 22 vid
490 643 146 22 innevarande
652 643 105 27 landtdag
772 642 55 22 före-

73 677 47 21 haft
142 677 32 21 till
196 677 132 27 behandling
347 678 76 27 frågan
439 685 36 14 om
489 678 136 28 uppförande
640 678 26 21 af
678 680 32 19 ett
725 677 102 21 Ständer-

74 711 47 26 hus,
136 712 65 22 hafva
216 712 122 21 Ständerna
353 712 88 21 beslutit
456 714 33 20 att
500 713 101 21 nedsätta
611 719 26 15 en
653 712 130 27 delegation,
792 711 36 21 be-

74 746 89 22 stående
185 746 25 21 af
229 748 33 20 tre
284 746 119 22 ledamöter
426 746 41 22 och
489 746 47 28 fyra
551 747 141 27 suppleanter
707 746 33 22 för
755 746 74 27 hvarje

74 781 64 20 stånd
160 782 56 20 samt
239 781 22 21 åt
280 780 150 28 delegationen
451 780 141 22 öfverlemnat
615 783 32 19 att
662 783 48 19 utse
726 783 55 19 tomt
796 779 33 21 för

74 814 162 27 Ständerhuset,
259 815 110 22 äfvensom
391 818 33 19 att
440 816 99 21 anskaffa
554 816 81 27 ritning
650 816 34 21 för
699 815 129 28 byggnaden

75 849 40 22 och
135 849 121 29 ombesörja
279 851 48 20 dess
346 850 145 28 uppförande,
510 850 40 22 allt
565 851 69 21 under
648 850 143 27 iakttagande
807 849 25 21 af

74 883 95 28 följande
184 884 170 28 bestämningar:

347 933 32 20 att
393 932 151 27 delegationen,
559 939 45 14 som
622 931 155 28 ofördröjligen
792 930 37 21 bör

278 966 97 28 begynna
395 967 37 21 sin
453 966 136 27 verksamhet,
609 967 81 21 ordnar
704 966 125 21 densamma

275 1002 33 25 på
330 1002 44 20 sätt
391 1001 32 28 $$
438 1003 36 24 33,
489 1003 32 20 42
534 1001 38 21 och
586 1003 30 19 44
631 1001 9 21 i
654 1000 174 28 Landtdagsord-

278 1036 81 27 ningen
368 1035 143 28 föreskrifva,
527 1037 57 20 samt
598 1035 125 22 bestämmer
737 1035 92 28 aflönin-

278 1077 40 20 gen
335 1069 42 28 för
398 1070 41 21 den
457 1069 28 29 af
497 1070 144 27 delegationen
656 1071 97 26 antagna
768 1069 61 27 betje-

278 1104 93 27 ningen;

347 1140 32 20 att
393 1139 150 28 delegationen,
563 1139 37 22 vid
614 1139 66 22 beslut
694 1146 34 14 om
743 1139 86 21 bestäm-

278 1173 77 21 mande
370 1173 29 28 af
411 1175 51 20 tomt
476 1173 36 22 och
522 1173 156 28 fastställande
692 1173 29 28 af
725 1179 105 21 program

278 1207 37 22 och
337 1208 84 28 ritning
438 1208 41 28 för
503 1208 129 28 byggnaden,
654 1208 38 22 bör
702 1207 128 29 förstärkas

278 1242 49 22 med
348 1243 36 21 två
399 1242 29 28 af
439 1243 163 27 suppleanterne
612 1243 41 27 för
667 1242 76 27 hvarje
757 1242 71 26 stånd,

278 1277 108 21 hvaremot
408 1277 8 21 i
433 1277 76 28 frågor
524 1277 28 28 af
563 1278 83 20 mindre
660 1278 46 27 vigt
721 1276 109 28 delegatio-

278 1318 42 14 nen
342 1313 27 19 är
388 1311 108 28 beslutför,
512 1312 29 21 då
555 1312 37 26 sju
606 1312 115 21 ledamöter
735 1312 39 20 äro
789 1310 40 22 till-

278 1346 85 26 städes;
377 1348 58 20 samt

348 1382 32 20 att
387 1380 144 28 delegationen
538 1380 40 28 för
586 1380 147 28 anskaffande
741 1382 27 24 aj
778 1381 52 19 tomt

280 1414 38 21 och
329 1415 84 27 ritning
423 1417 56 19 samt
489 1415 135 27 byggnadens
634 1414 137 28 uppförande
782 1420 49 20 eger

279 1449 102 21 använda
393 1449 26 21 de
429 1449 28 27 af
468 1448 122 22 Ständerna
600 1449 41 27 för
656 1448 124 22 ändamålet
790 1455 38 14 an-

279 1483 74 21 visade
367 1484 72 21 medel.
