1028 1673
241 124 81 22 Ständ.
337 124 54 22 Skr.
407 136 27 3 —
449 123 28 22 U.
491 123 29 22 B.
535 135 27 3 —
577 121 99 23 XXIII.
787 120 14 20 9

284 188 42 24 fria
347 187 38 25 dag
398 187 9 20 i
420 187 59 25 April
500 186 72 20 månad
596 187 30 19 uti
640 186 72 20 banken
726 184 33 21 och
774 185 55 19 emot-

286 224 50 24 taga,
352 223 8 19 i
375 222 129 25 fullmäktiges
519 222 92 23 närvaro,
627 221 25 25 af
664 220 167 20 bankdirektionen

287 257 125 20 direktionens
435 256 99 20 berättelse
548 262 31 14 om
594 256 83 20 bankens
692 254 93 24 tillstånd,
800 255 31 18 rö-

286 292 49 20 relse
350 292 33 20 och
398 291 117 25 förvaltning
524 291 60 20 under
593 290 175 25 redovisningsäret
773 289 58 24 jemte

287 326 72 20 allmän
379 326 93 24 öfversigt
492 326 25 24 af
536 325 82 20 bankens
638 324 90 25 ställning
742 323 32 20 vid
790 322 42 20 dess

287 361 76 24 utgång,
379 360 171 20 ombudsmannens
564 360 100 19 berättelse
680 365 30 14 om
720 358 76 20 sådana
806 357 29 19 till

287 394 49 20 hans
350 394 70 26 ätgärd
434 394 141 25 öfverlemnade
588 394 41 20 mäl
642 393 34 21 och
690 392 88 24 ärenden,
793 397 41 14 som

288 430 33 19 vid
335 429 52 20 årets
401 429 39 20 slut
454 429 39 20 icke
506 435 46 14 vore
562 428 98 25 behörigen
669 427 103 26 slutförda,
784 428 51 19 samt

289 465 78 24 uppgift
388 470 30 14 om
440 463 125 27 tillgångarne
579 464 8 19 i
601 463 82 20 bankens
702 462 133 25 hufvudkassa

291 499 35 19 den
339 499 24 19 31
378 498 87 20 sistlidne
479 498 67 24 Mars;
560 498 101 20 hvarutom
676 497 31 20 det
721 497 72 25 åligger
807 495 27 20 di-

289 533 96 20 rektionen
405 534 29 19 att
450 533 26 19 då
496 533 33 19 och
542 533 61 19 under
616 533 116 19 revisionens
746 530 89 26 fortgång

290 567 146 21 tillhandahålla
450 567 119 20 revisorerne
590 567 40 20 alla
645 567 23 20 de
681 567 71 23 böcker,
768 565 67 20 räken-

290 602 75 25 skaper,
380 602 122 23 inventarier,
514 601 125 26 protokoller,
651 601 74 20 diarier
734 601 33 19 och
776 599 59 20 hand-

291 637 67 24 lingar,
380 642 40 13 som
441 636 119 19 revisorerne
579 636 54 24 finna
655 636 33 24 för
706 636 30 24 sig
760 635 75 24 nödiga.

291 670 60 20 Såväl
367 670 126 20 direktionens
502 670 123 20 medlemmar
636 676 41 14 som
687 669 83 21 bankens
778 670 57 19 samt-

292 705 35 25 lige
345 705 111 24 tjenstemän
478 706 35 18 äro
531 705 33 19 ock
579 705 84 24 skyldige
677 706 30 18 att
720 703 117 25 beredvilligt

291 739 86 20 meddela
398 739 118 20 revisorerne
538 739 22 20 de
574 739 144 25 upplysningar,
734 745 42 13 som
789 737 48 20 revi-

293 780 77 13 sorerne
383 773 65 20 kunna
462 773 26 24 af
500 773 42 20 dem
556 773 55 20 äska.

324 837 81 33 Tillägg
423 836 35 24 till
473 840 76 20 staten
568 836 37 24 för
621 835 105 26 Finlands
743 835 64 25 bank.

410 889 114 18 Kontoret
540 889 5 17 i
560 890 167 20 Tammerfors.

349 935 52 19 Lika
410 935 44 19 med
463 935 87 19 kontoret
556 935 9 19 i
572 935 123 20 Nikolaistad
702 935 48 25 Fmy:
757 934 83 24 17,400;

160 977 45 22 Och
219 977 87 21 anhålla
321 977 119 21 Ständerna
455 976 57 28 förty
526 977 44 21 lika
584 978 150 26 underdånigt,

351 1012 32 20 det
397 1012 70 20 täcktes
482 1012 87 20 Eders
583 1012 163 25 Kejserliga
760 1012 79 24 Maj
817 1008 25 33 e-

295 1048 57 18 stät
365 1047 9 19 i
386 1046 60 20 nåder
468 1046 99 25 stadfästa
589 1047 56 20 dessa
660 1047 60 19 beslut
734 1048 52 18 samt
800 1046 40 19 låta

295 1081 42 20 dem
352 1081 30 20 till
396 1081 127 24 efterrättelse
536 1081 92 25 kungöra.

164 1155 10 21 I
189 1155 155 27 sammanhang
359 1155 88 21 härmed
462 1154 23 22 få
500 1155 121 21 Ständerna
635 1155 39 21 hos
688 1155 91 21 Eders
794 1154 48 22 Ma-

91 1189 97 27 jestät
202 1189 87 22 anhålla
304 1196 34 15 om
353 1190 64 26 nådig
432 1190 78 26 åtgärd
525 1190 88 26 derhän,

353 1227 30 18 att
397 1225 161 25 ofvananmärkta
572 1226 8 18 i
593 1227 17 23 $
625 1226 13 19 7
652 1225 26 25 af
694 1224 149 25 bankreglemen-

297 1261 36 18 tets
353 1259 63 24 finska
438 1261 41 18 text
499 1260 155 24 förekommande
668 1259 101 25 oriktighet
782 1259 61 24 blefve

297 1294 74 19 rättad.

163 1332 103 22 Finlands
281 1332 92 22 Ständer
388 1332 124 22 framhärda
527 1335 40 19 etc.

165 1372 139 28 Helsingfors,
319 1374 42 20 den
376 1374 13 20 5
405 1373 52 21 Juni
472 1374 62 20 1882.

226 1465 117 23 Helsingfors,
357 1466 16 17 J.
385 1466 67 17 Simelii
465 1466 96 21 arfvingars
573 1466 81 22 tryckeri,
669 1466 48 16 1882.
