1017 1664
220 114 26 21 26
560 115 16 21 I

191 184 78 25 mente,
292 182 34 22 för
348 185 32 19 att
402 183 60 21 Hans
482 184 122 26 Kejserliga
619 184 115 26 Majestäts
750 184 79 26 nådiga
844 182 100 28 pröfning

192 216 38 21 och
246 217 139 21 stadfästelse
400 218 155 26 underställas;

263 253 39 25 att,
325 252 33 20 till
381 252 165 21 underlättande
570 252 23 21 af
614 252 175 27 inqvarteringen
812 252 48 21 utaf
881 252 63 21 den
932 248 17 35 i

191 285 74 21 landet
287 286 98 26 förlagda
408 287 65 26 ryska
494 286 88 28 militär,
605 287 34 21 till
662 287 66 27 ryska
748 287 196 21 militärväsendets

191 319 147 22 kostnadsfria
354 320 140 28 begagnande
512 321 61 21 skola
588 322 103 26 upplåtas
708 322 26 20 de
750 321 23 21 af
786 322 93 20 nämnda
889 321 55 21 mili-

190 356 35 18 tär
248 354 33 21 för
304 356 134 20 närvarande
454 356 149 27 disponerade,
619 356 71 20 finska
705 356 153 21 militieverket
873 355 71 21 tillhö-

191 388 47 27 riga
253 388 205 28 kasernbyggnader
474 392 12 19 &
502 385 125 27 Skåtudden
646 390 40 21 och
702 390 35 21 vid
753 390 57 21 Esbo
826 390 39 21 tull
876 390 7 21 i
894 390 50 21 Hel-

192 422 92 28 singfors
301 424 109 22 äfvensom
426 425 7 21 i
449 426 101 20 städerna
566 419 46 27 Åbo
628 425 40 21 och
680 425 133 21 Tavastehus
825 424 119 22 tillsvidare

191 457 39 21 och
253 458 57 21 intill
334 459 49 21 dess
400 459 72 21 derom
488 459 23 21 af
525 460 59 20 Hans
600 460 124 26 Kejserliga
739 459 101 27 Majestät
855 459 7 21 i
878 459 66 21 nåder

192 492 135 21 annorlunda
349 493 120 28 förordnas,
493 497 56 18 emot
568 494 114 27 åliggande
698 494 34 20 för
748 494 64 26 ryska
826 494 118 20 militärvä-

192 527 76 21 sendet
284 529 32 19 att
331 528 69 20 under
415 528 59 21 tiden
490 528 121 28 ombesörja
624 529 39 20 och
675 528 91 22 bekosta
777 528 91 22 berörda
879 528 65 27 bygg-

190 561 80 21 naders
294 562 88 27 eldning
400 563 39 21 och
454 563 113 27 belysning
583 563 110 21 äfvensom
710 563 62 21 deras
789 563 102 26 behöriga
906 569 38 14 un-

191 596 93 25 derhåll;
301 599 56 18 samt

262 633 33 19 att
318 632 71 20 såsom
412 632 120 27 ersättning
554 632 32 21 för
603 632 26 21 de
645 632 97 27 utgifter,
758 631 68 22 finska
842 634 102 18 statsver-

190 664 38 21 ket
242 664 43 22 fått
300 665 120 21 vidkännas
436 666 33 21 för
485 666 40 21 den
541 666 7 21 i
564 666 92 21 Finland
672 666 99 27 förlagda
787 666 64 26 ryska
866 666 78 20 militä-

190 705 49 15 rens
256 699 148 28 inqvartering
419 701 68 21 under
505 702 50 20 1881
574 702 35 20 års
626 701 54 21 sista
696 701 80 27 tertial,
790 700 22 21 af
821 701 122 20 Riksskatt-

190 733 125 22 kammaren
338 734 8 21 i
368 735 164 27 Kejsaredömet
555 736 55 20 skall
634 736 109 20 utbetalas
762 737 32 19 ett
808 735 84 27 belopp,
907 735 36 21 be-

190 768 94 21 räknadt
299 768 55 22 efter
372 770 89 26 115,485
478 770 60 20 rubel
556 770 120 21 metalliskt
691 772 61 23 mynt
768 770 32 20 för
816 770 30 20 år.

262 804 54 20 42:0.
347 803 42 21 Vid
411 804 143 21 besvarandet
577 804 24 21 af
621 804 81 27 nådiga
721 804 167 26 propositionen,
906 810 37 14 an-

190 837 83 26 gäende
296 838 102 21 framtida
421 838 158 27 förvaltningen
602 839 23 21 af
639 838 153 27 Längmanska
806 840 138 19 testaments-

190 871 86 28 fonden,
300 874 24 18 är
344 872 23 21 af
381 872 121 22 Ständerna
516 873 7 21 i
539 873 175 27 underdänighet
729 873 102 27 anmäldt,
847 875 32 19 att
894 872 49 21 Fin-

190 906 62 21 lands
269 906 33 21 till
318 907 104 27 landtdag
440 908 129 20 församlade
586 907 92 21 Ständer
690 909 83 19 ansetts
784 909 108 19 motsvara
902 907 42 20 den

190 940 32 21 uti
237 940 14 21 f.
268 941 20 21 d.
305 941 143 22 Handlanden
464 942 122 27 Längmans
602 944 132 19 testamente
750 942 98 26 äsyftade
856 941 87 27 komite,

190 977 56 19 samt
269 977 33 19 att
326 975 121 22 Ständerna
470 983 49 14 vore
542 976 94 22 beredde
656 978 38 25 att,
714 977 24 20 sä
754 976 42 21 fort
812 976 38 20 ske
865 976 78 26 kunde,

190 1009 111 27 Ofvertaga
325 1010 67 27 sagda
414 1010 187 27 testamentsfond,
618 1010 33 21 för
667 1010 83 21 hvilket
766 1010 99 21 ändamål
882 1010 62 21 Stän-

190 1044 67 20 derna
272 1044 72 21 tillika
359 1044 99 22 beslutit:
475 1047 31 19 att
522 1045 112 26 uppdraga
650 1046 22 19 ät
688 1044 133 22 Ständernas
832 1044 111 21 Bankfull-

189 1078 96 27 mäktige
309 1081 39 25 att,
371 1080 71 20 säsom
466 1079 132 21 Ständernas
621 1081 185 24 representanter,
826 1079 19 27 ej
861 1078 82 21 mindre

190 1112 23 21 af
234 1112 104 22 Finlands
362 1113 138 21 Statskontor
523 1116 109 24 emottaga
655 1114 71 20 denna
749 1113 51 21 fond
822 1113 49 20 med
888 1113 55 20 hvad

190 1147 72 21 dertill
284 1148 74 27 hörde,
378 1150 27 19 än
426 1148 62 21 äfven
504 1148 94 27 granska
614 1148 41 20 den
671 1148 138 27 redovisning
824 1147 59 21 öfver
899 1147 44 21 fon-

190 1182 52 21 dens
258 1182 133 27 förvaltning
406 1183 85 27 dittills,
507 1189 45 14 som
568 1183 72 20 kunde
656 1183 86 20 komma
756 1185 34 19 att
805 1182 34 21 till
855 1182 47 21 dem
914 1181 30 21 af-

189 1216 78 26 gifvas:
292 1219 32 18 att
346 1217 46 21 tills
415 1217 73 21 vidare
504 1217 131 21 öfverlemna
651 1218 23 20 åt
689 1217 142 21 Direktionen
847 1216 33 21 för
895 1216 49 21 Fin-

188 1250 62 21 lands
267 1251 63 20 Bank
345 1253 39 26 att,
400 1252 69 21 under
486 1251 211 27 Bankfullmäktiges
718 1251 102 21 inseende
836 1251 39 20 och
891 1251 6 20 i
914 1250 30 21 öf-

188 1285 44 26 rigt
255 1285 69 27 enligt
346 1286 26 21 de
395 1285 143 28 föreskrifter,
561 1292 46 15 som
630 1286 73 21 kunde
719 1285 117 27 meddelas,
852 1285 91 20 förvalta

188 1319 86 27 fonden,
291 1322 57 19 samt
363 1322 32 19 att
410 1320 102 21 förordna
530 1319 134 22 Ständernas
679 1319 172 22 Bankrevisorer
867 1321 32 19 att
909 1319 35 20 vid

188 1353 74 28 hvarje
285 1354 95 21 revision
402 1354 24 21 af
447 1355 103 20 Finlands
569 1355 62 20 Bank
647 1354 95 27 granska
758 1354 63 21 äfven
836 1353 109 22 Direktio-

188 1394 53 15 nens
257 1388 132 28 förvaltning
404 1389 24 21 af
442 1389 70 21 denna
527 1389 61 26 fond;
607 1389 93 21 hvarhos
718 1389 121 20 Ständerna
849 1388 7 21 i
867 1388 77 21 under-

188 1422 104 27 dänighet
315 1423 176 28 tillkännagifvit,
514 1425 33 19 att
568 1423 201 26 Bankfullmäktige
787 1422 71 21 blifvit
872 1428 73 15 anmo-
