1031 1673
209 133 22 18 10
475 134 23 18 U.
512 134 22 18 B.
547 144 21 3 —
581 134 65 18 XXIII

185 190 7 21 i
207 190 66 28 öfrigt
294 197 49 15 vore
358 190 71 22 dertill
450 191 130 29 lämpligast.
617 192 33 21 En
670 191 94 22 särskild
779 192 115 28 anledning
909 192 31 20 att

186 232 29 14 nu
230 224 86 28 vidtaga
331 224 69 22 denna
414 226 126 28 förändring
555 233 35 15 ser
605 226 111 22 Utskottet
731 226 7 21 i
754 226 41 22 den
810 226 130 27 omständig-

186 260 72 24 heten,
274 261 31 19 att
320 258 163 29 ifrägavarande
498 260 66 28 tjenst
578 262 7 20 i
600 260 54 28 följä
670 261 22 21 at
708 260 92 22 dödsfall
816 260 34 22 för
864 262 75 20 närva-

184 293 67 21 rande
267 294 25 20 är
306 293 88 22 obesatt.

252 327 82 22 Endast
349 335 25 15 en
389 328 113 28 sjelffallen
517 329 132 27 konsegvens
664 330 23 20 at
703 330 60 20 detta
777 329 81 28 förslag
866 331 24 20 är
898 330 40 21 den

186 363 24 20 af
223 362 109 22 Utskottet
347 362 121 29 föreslagna
483 363 127 29 förändring
624 364 8 21 i
647 364 11 28 8
675 365 35 20 79.

251 502 165 22 Bankutskottet
437 502 99 29 öfvergår
558 510 29 14 nu
606 503 33 21 till
657 502 159 28 behandlingen
832 503 24 21 af
869 503 69 28 öfriga

182 537 82 27 förslag
278 536 32 21 till
326 537 116 28 ändringar
459 538 8 20 i
484 537 146 28 reglementet,
647 537 74 21 dervid
736 537 138 28 upptagande
890 537 48 22 dem

182 572 7 20 i
204 578 82 15 samma
304 571 154 28 ordningsföljd
477 579 46 14 som
543 571 26 22 de
588 571 128 28 paragrafer
731 571 120 26 innehafva,
867 572 70 21 hvilka

182 606 24 21 af
220 605 48 22 dem
282 605 95 22 beröras.

249 640 193 28 Bestämningarna
460 641 6 20 i
481 641 12 27 $
509 642 20 24 6,
545 641 93 22 rörande
656 641 97 21 bankens
768 641 119 22 metalliska
902 648 34 15 va-

181 675 53 25 luta,
250 675 41 20 har
306 674 108 22 Utskottet
428 675 70 22 funnit
506 683 53 14 vara
568 676 8 20 i
587 675 36 22 det
632 675 102 22 afseende
744 675 192 22 otillfredsställan-

182 709 32 25 de,
237 711 33 19 att
292 708 35 21 vid
342 709 144 28 beräkningen
505 710 23 21 af
542 710 68 27 sagda
624 709 74 22 valuta
713 717 27 14 en
756 709 34 22 del
805 710 24 21 af
842 710 94 21 bankens

181 742 117 29 tillgångar
319 745 106 26 upptagas
447 744 32 21 till
497 746 31 20 ett
543 746 68 20 annat
626 744 65 21 värde
707 745 29 20 än
752 744 42 25 det,
809 745 86 20 hvartill
910 745 26 21 de

178 778 84 27 jemlikt
285 778 40 20 106
348 778 12 27 &
382 778 107 22 bokföras.
520 778 95 23 Sålunda
630 779 54 21 skall
700 779 31 21 alt
746 779 37 21 det
797 778 78 27 silfver,
891 786 45 14 som

180 813 18 27 ej
222 811 62 29 ingår
306 812 8 21 i
336 812 40 22 den
398 813 121 22 metalliska
540 814 85 25 kassan,
641 813 107 22 beräknas
764 813 33 21 till
812 813 36 21 sitt
863 813 45 28 pris
924 813 12 21 å

180 846 210 26 verldsmarknaden,
405 848 80 22 hvilket
499 848 49 22 med
564 848 100 22 afseende
679 847 13 22 å
708 848 36 21 det
757 848 101 28 myntade
868 848 68 22 silfret

179 881 19 28 ej
214 881 55 21 blott
284 882 25 20 är
324 882 122 28 oegentligt,
465 882 28 22 dä
511 883 36 21 det
566 890 76 20 genom
657 882 164 28 bestämningen
836 884 32 20 att
883 883 52 21 ban-

178 916 41 21 ken
241 916 34 21 för
298 915 118 23 detsamma
434 918 40 20 när
488 924 46 14 som
549 917 56 21 helst
619 917 43 22 kan
677 917 75 21 fordra
768 917 51 27 guld
834 917 24 21 af
872 919 63 19 stats-

178 950 80 26 verket,
274 950 100 28 erbjuder
390 958 82 15 samma
486 952 101 21 säkerhet
602 958 45 15 som
663 951 59 28 guld,
732 953 53 19 utan
796 951 61 22 äfven
868 952 67 21 skulle

178 984 112 22 föranleda
304 991 27 15 en
346 985 126 28 omräkning
487 986 53 21 efter
555 986 51 21 kurs
617 986 35 21 vid
662 986 74 28 hvarje
747 985 89 22 månads
847 985 87 29 utgång.

178 1018 71 22 Också
272 1026 62 20 synes
357 1019 59 21 detta
438 1020 118 28 stadgande
578 1020 47 22 icke
643 1020 64 22 hafva
725 1020 71 22 blifvit
810 1020 124 28 efterföljdt,

178 1055 52 19 utan
253 1053 41 21 har
316 1060 50 14 man
384 1054 35 21 vid
437 1054 146 28 beräkningen
598 1054 24 22 af
635 1055 87 21 valutan
738 1055 101 27 upptagit
853 1055 81 21 silfver-

178 1089 82 26 myntet
282 1087 33 21 till
337 1087 48 22 dess
407 1088 116 22 nominella
540 1089 72 21 värde.
646 1089 26 27 Ej
688 1089 84 21 mindre
788 1088 106 28 oegentlig
910 1091 24 19 är

176 1121 137 22 föreskriften
328 1124 33 18 att
376 1122 142 28 obligationer
533 1123 39 21 och
589 1125 137 26 statspapper
736 1124 7 20 i
754 1123 112 21 utländskt
876 1126 58 25 mynt

176 1155 61 21 skola
251 1156 107 21 beräknas
377 1156 54 22 efter
450 1157 63 21 deras
531 1157 129 28 inköpspris,
676 1160 23 26 ty
714 1164 26 15 en
756 1157 35 21 del
806 1157 66 26 deraf,
888 1164 46 15 som

175 1190 86 27 inköpts
284 1190 33 22 för
339 1190 67 28 högre
428 1191 52 27 pris,
503 1192 68 27 gäller
589 1199 29 14 nu
637 1192 105 28 betydligt
758 1192 84 21 mindre
856 1193 28 20 än
899 1192 35 21 vid

176 1224 59 21 tiden
257 1224 34 22 för
313 1224 109 28 köpslutet
444 1228 56 18 samt
514 1226 69 21 skulle
598 1225 90 27 säledes,
704 1233 34 15 om
754 1226 48 22 icke
816 1226 118 22 bokvärdet

175 1258 69 21 blifvit
259 1258 93 25 nedsatt,
367 1258 51 28 ingå
432 1259 66 22 bland
514 1260 146 22 sedelvalutan
674 1260 49 22 med
740 1262 31 20 ett
786 1260 86 28 belopp,
888 1268 45 14 som

174 1299 51 15 vore
244 1293 67 27 högre
330 1294 28 20 än
377 1293 48 21 dess
440 1294 96 28 verkliga
551 1294 72 22 värde.
653 1295 43 21 För
711 1297 33 19 att
758 1294 99 28 afhjelpa
872 1295 62 21 dessa

174 1326 138 28 olägenheter
327 1327 40 22 och
383 1328 69 21 tillika
467 1328 71 22 införa
552 1336 26 14 en
594 1336 122 21 gemensam
731 1329 73 28 grund
814 1329 34 22 för
857 1329 75 21 beräk-

173 1361 81 21 nandet
268 1362 24 21 af
305 1362 97 21 bankens
416 1363 121 21 metalliska
552 1363 78 26 valuta,
646 1364 40 21 har
702 1364 112 22 Utskottet
828 1364 46 21 icke
889 1366 43 20 tve-

172 1395 38 21 kat
229 1396 32 21 att
279 1395 86 26 föreslå,
384 1396 36 22 det
435 1397 68 27 sagda
518 1397 120 29 beräkning
652 1398 68 22 borde
734 1398 98 28 grundas
847 1397 28 29 pä
890 1398 42 21 till-

172 1428 123 29 gängarnas
310 1430 116 26 bokvärde,
441 1431 139 29 hvarigenom
596 1432 61 22 äfven
673 1432 40 22 den
729 1432 71 22 fördel
810 1439 80 15 vunnes
900 1434 32 20 att

243 1470 142 18 Bankutskottets
396 1472 105 18 betänkande
513 1472 35 16 N:o
560 1473 15 16 4.
