1009 1664
427 129 62 21 XXII

90 278 32 19 2:0
138 280 27 15 att
181 278 31 17 vid
227 279 107 22 jemförelse
352 277 19 20 af
383 279 74 18 inkom-

47 310 65 15 sterna
120 307 30 18 för
158 305 45 19 ären
216 307 59 22 1871,
290 307 50 18 1872
351 307 34 18 och
398 308 59 23 1873,

48 335 69 18 sädana
137 335 23 18 de
179 335 6 18 i
201 337 124 18 nästberörda
342 337 85 18 relation
439 338 20 17 är

51 365 82 22 angifna,
150 365 42 17 med
208 364 22 18 de
251 365 20 18 af
286 365 99 18 Utskottet
401 366 59 23 enligt

50 393 199 24 kapitalräkningarna
267 394 58 17 funna
343 394 77 23 belopp,
436 401 22 11 en

50 422 73 17 olikhet
146 421 29 18 för
191 422 63 25 hvarje
272 423 21 18 af
306 423 54 18 dessa
375 422 21 19 är
412 423 48 18 visat

50 451 28 23 sig
101 450 35 18 och
160 451 29 18 för
212 451 23 18 de
259 452 10 17 3
293 450 43 19 åren
353 452 19 17 in
388 458 72 11 summa

50 479 68 22 8,399:
136 479 25 18 35
178 480 52 23 lägre
245 480 6 17 i
266 481 112 18 relationen.

97 600 31 18 3:0
136 602 28 15 att
171 599 110 25 behållning
289 600 34 18 och
332 601 85 17 inkomst
424 601 38 17 till-

53 635 92 11 sammans
167 629 57 17 ställa
246 629 28 24 sig
292 630 58 23 enligt
366 630 97 18 böckerna

56 656 79 23 18,389:
153 658 10 17 5
181 658 53 24 lägre
253 659 22 16 än
295 658 104 18 relationen
417 665 46 17 upp-

54 688 58 22 tager,
128 689 47 15 samt
190 689 28 15 att
232 687 130 18 inkomsterna
378 688 30 17 för
418 687 45 18 ären

58 715 52 19 1869
127 715 36 18 och
182 716 52 17 1870
246 716 59 23 enligt
314 716 150 24 kapitalräknin-

55 750 57 18 garna
135 743 78 25 uppgätt
235 744 29 18 till
283 751 48 17 resp.
355 745 65 21 1,441:
438 746 25 16 40

56 773 35 18 och
116 772 46 19 345:
179 774 26 17 20
225 773 58 23 högre
299 774 22 17 än
337 774 6 16 i
359 774 106 18 relationen

54 802 94 24 angifvits.

101 860 31 19 4:0
144 860 41 18 att
178 856 9 31 i
194 860 104 18 relationen
308 860 75 18 saknats
393 860 74 23 uppgift

56 889 54 18 öfver
133 894 81 18 revenyn
233 889 61 17 under
309 895 23 11 en
348 889 45 17 hvar
408 888 21 18 af
443 889 23 17 de

56 918 62 17 skilda
142 918 57 21 titlar,
223 917 106 18 hvarunder
352 918 72 17 skatter
444 916 24 25 på

57 947 61 23 grund
141 946 20 18 af
181 946 193 24 bevillningsstadgan
393 947 74 23 uppbu-

57 975 41 19 rits.

117 1112 131 24 Angående
268 1112 142 24 utgifterna:

104 1152 31 20 5:o
144 1155 28 15 att
179 1153 134 23 afkortningen
322 1153 30 17 för
360 1152 43 18 åren
416 1152 48 19 1871

59 1182 92 21 —1875,
176 1180 133 26 afskrifningar
334 1182 135 21 inberäknade,

60 1211 20 17 är
98 1211 58 23 enligt
173 1210 97 18 böckerna
289 1210 68 24 8,074:
375 1210 10 18 3
403 1208 66 27 (rätte-

60 1239 51 23 ligen
128 1239 67 23 6,074:
213 1239 21 23 3)
250 1239 73 17 mindre
334 1240 23 16 än
366 1239 104 17 relationen

61 1268 88 24 upptagit
171 1271 48 14 samt
237 1268 106 18 kostnaden
359 1268 30 17 för
405 1258 67 37 bevill-

60 1296 65 23 nings-
140 1296 35 18 och
195 1295 218 25 pröfningskomitderna
431 1295 42 18 åter

61 1324 47 18 766:
126 1325 23 18 51
168 1325 67 18 större.

813 129 41 21 223

474 199 21 18 af
509 199 198 24 kapitalräkningarna
723 199 29 18 för
768 198 43 19 åren
831 199 52 18 1870

475 228 36 17 och
522 229 49 17 1871
589 228 90 24 uppgifna
690 227 110 24 behällning
809 228 75 18 konsta-

475 260 50 15 teras
541 257 30 18 för
581 257 59 24 öfrigt
647 257 42 18 icke
698 257 20 18 af
727 257 157 24 räkenskaperna.

519 285 32 19 2:0
569 286 56 17 Hvad
647 287 130 16 inkomsterna
794 286 30 18 för
842 285 44 18 åren

481 314 137 18 1871—1873
632 315 95 24 beträffar,
743 321 55 17 synes
809 315 36 18 den
854 321 31 11 an-

477 343 74 18 märkta
560 343 95 18 olikheten
666 341 163 26 hufvudsakligast
839 349 47 18 upp-

477 371 46 18 stätt
531 372 91 23 deraf,att
629 375 68 20 posten
705 371 145 25 ,,skolafyifter**
859 372 29 17 uti

482 401 49 17 1871
550 401 36 17 och
605 401 52 18 1873
674 400 53 19 årens
739 401 148 24 kapitalräknin-

478 436 33 17 gar
526 429 96 18 äfvensom
641 430 203 24 sjöfartsbevillningen
861 430 27 17 uti

479 458 116 18 sistnämnda
603 459 80 24 räkning
694 459 32 17 äro
739 459 87 23 oriktiga,
835 458 53 18 hvar-

480 491 51 14 utom
547 487 28 18 uti
588 488 123 17 summariska
721 487 126 24 räkningarna
862 487 26 17 in-

480 516 33 23 gär
528 515 40 18 frän
585 515 181 24 Passexpeditionen
782 516 66 18 endast
863 516 26 17 le-

480 545 111 23 vereringen
607 545 29 18 till
655 545 88 23 Wiborgs
763 545 40 18 läns
819 545 71 17 ränteri

481 573 35 18 och
531 574 42 17 icke
589 573 35 18 den
637 574 112 18 debiterade
756 574 134 22 bevillningen.

520 608 31 18 3:0
561 606 177 20 DäStatsutskottet
746 608 39 23 lagt
793 608 29 18 till
830 607 61 24 grund

481 636 30 18 för
520 638 27 16 sin
557 637 62 23 kalkyl
628 637 262 23 kapitalräkningarna,

482 671 41 12 men
539 666 127 17 relationerna
685 666 51 17 stödt
752 666 28 23 sig
795 664 25 25 pä
834 671 57 11 sum-

482 694 101 18 mariska
613 694 168 24 räkningarna,
811 694 21 17 är
860 694 33 17 det

483 723 96 23 sjelffallet
602 725 27 15 att
651 723 94 18 olikheter
764 722 59 18 mäste
841 723 52 17 före-

485 752 80 23 komma,
590 752 45 17 enär
657 752 55 18 dessa
734 752 102 23 räkningar
851 751 43 18 icke

485 781 32 17 äro
541 780 43 18 med
606 780 106 18 hvarandra
734 780 45 18 fullt
798 780 95 18 öfverens-

485 809 122 23 stämmande,
625 808 22 25 på
663 810 37 18 sätt
718 809 34 18 här
768 809 55 17 ofvan
839 809 55 17 äfven

485 837 119 19 framhållits.

529 866 32 19 4:o
581 866 38 18 Vid
635 866 114 18 relationens
769 866 125 24 upprättande

486 895 33 17 har
535 896 47 23 lagts
598 895 30 18 till
643 896 60 23 grund
723 895 97 18 enahanda
838 894 57 18 förfa-

486 924 107 24 rande,som
616 924 31 18 vid
670 924 123 24 uppgörande
812 924 20 17 af
847 924 49 17 före-

487 952 72 24 gäende
576 952 103 18 relationer
695 953 63 17 blifvit
772 953 63 23 följdt.

531 982 111 17 Emellertid
665 982 35 17 och
724 988 39 11 som
783 982 36 17 den
835 981 20 17 af
868 983 29 15 ut-

488 1011 72 17 skottet
576 1010 111 18 omnämnda
707 1010 75 24 uppgift
797 1010 42 18 icke
855 1010 42 17 sak-

487 1045 34 11 nar
543 1039 88 24 intresse,
655 1039 33 17 har
710 1040 28 16 uti
754 1045 25 11 nu
794 1038 104 18 aflemnade

488 1068 80 17 relation
585 1074 22 12 en
624 1068 110 24 förändring
749 1068 6 17 i
767 1066 67 19 sädant
849 1067 50 24 syfte

488 1096 94 24 vidtagits.

534 1159 32 19 5:0
577 1160 28 17 De
621 1160 97 17 anmärkta
735 1159 120 19 olikheterna
868 1160 32 17 be-

490 1188 94 18 träffande
599 1188 117 24 afkortning,
727 1188 130 18 kostnaderna
870 1188 32 18 för

491 1217 122 23 bevillnings-
633 1217 36 17 och
683 1216 219 24 pröfningskomiteerna

481 1256 1 4 i
492 1248 47 15 samt
562 1246 74 17 diverse
656 1246 77 23 utgifter
748 1246 55 17 hafva
817 1244 86 26 uppstått

492 1274 41 18 dels
549 1274 55 18 deraf
621 1276 28 16 att
668 1280 22 12 en
706 1274 31 18 del
755 1277 65 21 poster
835 1277 68 21 uppta-

493 1304 37 23 gits
547 1303 60 17 under
623 1303 51 17 olika
689 1304 58 20 titlar,
763 1303 41 17 dels
817 1302 87 24 sålunda,

493 1335 28 14 att
543 1331 157 24 sjöfartsafgiften
723 1331 66 18 endast
812 1331 29 18 till
860 1331 44 18 dess

494 1363 53 14 retto
567 1360 70 23 belopp
658 1359 60 24 ingått
732 1360 6 17 i
754 1360 150 23 kapitalräknin-

495 1395 62 17 garna,
588 1388 98 18 hvarutom
712 1388 192 24 Passexpeditionens

495 1417 88 23 uppbörd
598 1416 25 25 på
637 1417 110 24 nästantydt
758 1418 37 17 sätt
811 1417 94 24 upptagits

496 1446 6 17 i
518 1446 123 17 summariska
656 1446 131 23 räkningarna.
