1014 1664
437 121 20 21 In
770 123 26 19 45

68 190 139 26 lämpningen
224 190 22 21 af
261 190 136 21 straffbuden
413 190 5 21 i
433 191 54 20 1866
500 191 35 20 års
548 190 152 27 förordningar
712 190 39 21 och
761 190 65 21 bland

71 224 47 21 dem
142 224 103 21 särskildt
271 224 154 27 förordningen
441 231 35 14 om
492 225 58 21 falsk
565 225 118 26 angifvelse
700 225 39 21 och
756 231 70 15 annan

69 259 162 26 ärekränkning
246 260 116 20 osäkerhet
376 259 39 21 hos
431 260 218 20 underdomstolarne
663 260 45 20 ofta
716 260 45 26 nog
771 259 55 21 före-

70 293 95 21 kommit.
197 293 44 21 Och
258 294 85 26 gjordes
360 294 76 21 härvid
452 296 59 18 ännu
527 294 37 21 det
584 294 83 27 tillägg,
684 296 32 19 att
732 294 94 21 erfaren-

70 327 64 21 heten
150 328 7 20 i
172 328 133 21 hofrätterne
321 328 57 21 varit
394 328 47 27 den,
458 330 34 18 att
508 328 88 21 straffen
612 328 35 22 vid
663 328 76 27 början
752 328 22 21 af
783 328 43 21 till-

70 362 138 26 lämpningen
224 362 22 20 af
262 363 54 20 1866
332 364 35 19 års
384 362 152 27 förordningar
552 363 6 20 i
575 363 118 21 allmänhet
709 363 55 21 varit
779 362 47 22 mil-

71 396 58 27 dare,
146 403 48 14 men
211 397 135 26 småningom
362 397 94 21 utbildat
472 397 34 26 sig
522 399 120 25 strängare.

141 430 34 22 Då
189 430 76 27 frågan
281 431 124 21 sedermera
421 431 23 21 af
458 433 69 19 mötet
543 434 91 24 upptogs
646 432 33 21 till
692 432 80 20 allmän
784 432 42 20 dis-

71 465 95 27 kussion,
190 465 130 21 förnummos
344 468 70 18 röster
437 466 75 21 hvilka
527 466 114 21 betviflade
657 466 133 27 riktigheten
806 466 22 20 af

72 500 35 20 det
123 500 136 20 slutresultat
274 500 88 21 hvartill
379 500 109 21 utskottet
504 500 4 20 i
526 500 138 22 förestående
683 502 68 20 måtto
768 500 58 21 kom-

71 534 40 20 mit
126 536 56 18 samt
203 534 124 21 förmenade
347 536 71 25 någon
435 535 210 26 anmärkningsvärd
660 535 116 21 osäkerhet
791 534 35 21 vid

71 568 163 27 tillämpningen
251 569 22 21 af
289 570 53 20 1866
359 570 35 20 års
410 569 153 27 förordningar
579 570 47 21 icke
642 570 64 21 hafva
720 570 56 20 visat
787 569 39 27 sig,

69 603 67 27 jemte
160 604 36 20 det
218 603 71 21 tillika
312 604 112 20 framhölls
449 604 46 21 dels
516 606 32 19 att
567 604 108 21 utskottet
690 604 78 21 saknat
785 604 42 20 alla

73 638 122 20 statistiska
218 638 51 20 data
283 638 35 21 till
334 639 69 26 grund
419 638 33 21 för
469 638 39 21 sitt
523 639 119 27 utlåtande,
660 639 45 21 dels
724 640 32 20 att
771 638 56 21 hvad

72 672 104 21 särskildt
192 673 328 27 ärekränkningsförordningen
531 673 78 27 angick
620 674 163 26 svårigheterna
791 672 36 21 vid

72 706 49 22 dess
137 708 58 20 rätta
210 707 140 26 tillämpande
366 707 88 21 härrört
470 708 47 20 icke
530 708 23 20 af
560 708 203 26 strafflatituderna,
775 709 52 19 utan

72 741 62 21 deraf
149 743 31 19 att
196 741 116 27 begreppet
328 742 137 26 ,,smädelse"
481 742 6 20 i
504 742 153 26 förordningen
672 742 48 21 icke
731 742 96 20 tillräck-

72 776 39 26 ligt
134 776 78 26 tydligt
231 776 132 27 definierats,
378 776 84 21 hvilket
477 776 47 21 haft
540 776 33 21 till
588 777 82 26 påföljd
686 778 32 19 att
734 776 93 21 domsto-

72 810 60 21 larne
149 810 44 21 ofta
216 811 70 20 såsom
310 811 68 20 sådan
401 810 109 27 uppfattat
534 818 26 14 en
579 811 104 27 handling
699 817 45 15 som
761 810 67 27 enligt

72 844 165 27 förordningens
261 845 143 27 andemening
427 846 56 20 blott
505 846 57 20 varit
584 852 27 14 en
634 862 5 10 ,
642 845 185 28 förolämpning",

72 886 49 14 men
145 880 119 20 emellertid
283 880 72 21 blifvit
374 880 79 26 belagd
468 880 49 21 med
533 882 113 25 strängare
663 886 78 15 ansvar
758 882 26 18 än
800 880 28 26 på

74 914 123 21 densamma
213 914 116 27 rätteligen
344 914 52 27 följa
412 915 56 21 bort.
821 908 4 4 |

145 948 75 27 Någon
243 949 95 27 egentlig
357 949 86 27 lösning
459 949 23 21 af
496 949 75 27 frågan
588 956 66 14 vanns
672 949 84 21 således
774 948 54 27 icke,

73 983 40 21 och
129 983 27 21 då
172 984 124 21 densamma
312 984 116 26 onekligen
444 986 24 19 är
484 984 24 20 af
522 984 99 27 intresse,
633 984 105 21 särskildt
748 983 33 21 för
792 983 36 21 be-

73 1018 105 20 dömande
200 1018 23 20 af
244 1018 36 21 det
303 1025 41 20 nya
368 1018 211 27 strafflagförslaget,
599 1018 39 21 har
652 1019 38 26 jag
706 1020 71 18 ansett
793 1017 35 21 det

73 1052 50 20 löna
145 1053 78 20 mödan
246 1054 33 20 att
301 1053 88 21 försöka
406 1053 122 26 hopbringa
543 1053 75 27 nödigt
632 1052 101 22 material
749 1052 33 20 för
797 1054 32 18 att

75 1087 66 26 derpå
164 1087 72 21 kunna
259 1088 84 26 grunda
366 1094 27 14 en
413 1088 138 20 bestämdare
568 1088 57 26 åsigt
640 1090 27 18 än
684 1088 41 20 den
741 1086 87 21 hvartill

71 1121 134 27 juristmötet
219 1122 103 26 lyckades
343 1122 91 21 komma.
466 1122 41 26 Jag
526 1122 40 21 har
584 1122 33 21 för
632 1122 79 21 sådant
729 1121 100 21 ändamål

75 1156 18 27 ej
110 1156 92 21 allenast
217 1156 49 21 från
285 1156 275 27 Justitiedepartementets
581 1157 92 26 konsept
688 1156 73 27 utslag
776 1162 53 20 upp-

74 1191 49 20 sökt
139 1191 42 21 alla
197 1191 33 21 till
246 1191 123 28 Kejserliga
386 1191 94 22 Senaten
496 1192 6 20 i
518 1192 133 26 besvärsväg
666 1191 102 21 inkomna
779 1190 49 27 mål,

73 1225 37 21 vid
125 1225 84 21 hvilkas
224 1226 102 27 pröfning
346 1227 55 20 1866
422 1227 35 20 års
473 1226 123 21 kriminella
612 1226 152 25 förordningar
780 1224 49 21 åbe-

73 1261 80 25 ropats,
169 1262 52 19 utan
237 1261 40 20 ock
293 1261 49 20 med
357 1261 93 26 tillhjelp
467 1261 23 20 af
504 1261 26 20 de
545 1261 31 20 uti
594 1260 105 21 Senatens
715 1259 61 21 arkiv
787 1259 42 20 för-

74 1294 79 21 varade
176 1295 62 20 akter
260 1295 32 20 uti
316 1295 64 20 dessa
402 1295 44 20 mål
464 1295 56 26 tagit
535 1295 121 20 kännedom
672 1301 35 14 om
722 1294 56 20 huru
794 1293 36 21 de-

74 1335 82 14 samma
172 1329 23 20 af
208 1329 217 21 underdomstolarne
437 1329 39 21 och
488 1329 5 20 i
502 1329 135 21 hofrätterne
645 1329 72 21 blifvit
725 1327 104 28 afgjorda.

74 1363 154 21 Resultaterna
243 1363 23 21 af
281 1363 63 21 dessa
360 1363 145 28 forskningar,
521 1364 73 21 hvilka
610 1363 91 22 omfatta
711 1363 60 20 tiden
782 1362 48 21 från

75 1397 39 20 och
130 1397 49 21 med
196 1399 60 26 1870,
273 1398 28 20 då
321 1398 147 26 nyssnämnda
487 1398 151 26 förordningar
654 1397 77 21 trädde
747 1397 6 20 i
768 1397 62 20 verk-

75 1431 89 28 samhet,
181 1432 33 21 till
231 1432 40 21 och
287 1433 49 20 med
354 1433 61 26 1880,
432 1432 62 21 hafva
512 1432 32 21 för
560 1433 78 20 lättare
650 1431 125 26 öfversigts-
792 1430 39 21 och
