1009 1667
421 135 51 21 XXI
759 135 41 20 219

147 204 30 20 På
193 204 68 26 grund
276 204 23 20 af
316 204 40 20 den
375 203 33 21 för
423 204 148 26 nyssnämnda
590 203 101 21 emission
709 202 125 22 fastställda

76 238 222 26 amorteringsplanen
317 238 64 21 hafva
397 238 144 26 obligationer
557 238 12 20 å
583 238 79 26 jemväl
679 238 41 20 den
731 237 64 21 andel
810 236 21 22 af

76 273 65 26 lånet,
165 278 44 15 som
232 272 56 21 varit
310 272 100 21 bestämd
433 274 33 19 att
485 272 117 21 framdeles
622 272 100 26 försäljas
738 271 93 27 ingått
821 267 14 36 i

77 308 26 20 de
128 307 129 21 föreskrifna
279 306 184 28 utlottningarna;
488 307 40 21 och
550 306 64 22 hafva
637 307 92 21 sålunda
748 306 23 22 af
784 306 48 21 icke

77 341 126 21 emitterade
219 341 142 27 obligationer
377 342 32 20 ett
424 341 78 27 belopp
518 341 23 21 af
555 342 63 26 9,700
633 341 62 21 mark
705 340 36 21 vid
757 340 75 22 utlott-

78 376 105 26 ningarna
198 376 87 20 utfallit.

148 404 130 27 Återstoden
301 410 24 21 af
346 410 173 27 obligationerna
538 410 65 21 hafva
623 410 97 21 deremot
739 410 24 20 år
780 410 54 21 1879

77 444 125 21 realiserats
224 445 33 20 till
280 445 105 21 nominelt
414 446 113 26 1,066,100
547 445 68 26 mark,
642 444 79 21 hvaraf
742 445 92 26 997,400

79 479 62 20 mark
156 479 33 21 till
205 481 31 19 ett
250 480 45 25 pris
311 479 23 21 af
348 481 49 26 94
386 475 10 37 g
413 480 40 21 och
465 481 78 26 68,700
558 479 62 21 mark
628 479 34 21 till
676 480 19 20 95
707 480 11 26 g
735 479 23 20 af
766 479 68 20 nomi-

79 513 49 21 nela
144 514 81 20 värdet.

152 547 127 22 Sedermera
296 548 40 21 har
351 549 42 26 väl,
407 549 87 26 jemlikt
509 548 80 27 nädiga
599 548 144 27 kungörelsen
755 547 41 21 den
808 547 25 20 13

80 582 92 27 Augusti
190 583 60 26 1879,
267 583 22 20 ät
299 583 122 26 Kejserliga
431 583 94 21 Senaten
538 583 159 26 öfverlemnats,
706 584 33 19 att
747 581 86 22 utfärda

79 617 142 26 obligationer
244 618 13 19 å
279 617 127 26 ytterligare
429 617 65 27 högst
517 618 114 27 4,000,000
646 617 62 20 mark
723 616 110 27 nominelt,

79 651 120 26 utgörande
221 651 138 21 äterstäende
382 651 103 27 beloppet
504 651 23 21 af
541 652 27 20 de
583 651 33 21 för
632 651 83 21 inlösen
731 651 24 20 af
769 651 64 20 dona-

79 685 110 27 tionsgods
206 685 22 21 af
243 685 120 22 Ständerna
382 686 145 26 garanterade
547 686 99 26 statslän,
662 691 49 15 men
727 685 23 20 af
764 685 71 20 denna

79 726 42 21 nya
136 720 101 21 emission
256 720 39 21 har
315 720 54 21 dock
388 720 70 21 under
473 721 25 20 är
516 721 54 20 1880
589 720 132 27 realiserats,
738 719 54 21 efter
808 725 27 15 en

80 754 51 21 kurs
147 754 23 21 af
183 755 27 20 95
221 755 18 26 9,
256 756 31 19 ett
301 754 78 27 belopp
396 754 23 21 af
433 755 79 20 endast
527 755 114 26 2,000,000
655 755 68 20 mark.

150 789 29 20 Af
197 789 26 20 de
241 789 33 20 för
293 789 84 20 inlösen
396 789 24 20 af
434 789 169 26 donationsgods
619 789 114 20 utfärdade
754 788 80 27 obliga-

80 823 70 21 tioner
171 823 40 21 har
233 823 84 22 således
344 825 31 19 ett
401 824 106 21 nominelt
529 824 79 26 belopp
632 823 23 21 af
677 823 158 26 sammanlagdt

80 858 112 27 9,975,800
208 858 61 20 mark
283 858 120 27 föryttrats.

152 891 81 22 Genom
249 892 65 27 nädig
329 892 132 27 kungörelse
477 892 23 21 af
514 892 41 20 den
574 893 25 20 14
609 891 45 22 Juli
664 893 54 19 1880
727 891 39 21 har
774 891 60 21 Hans

80 926 121 27 Kejserliga
216 926 108 27 Majestät,
341 927 27 26 pä
384 926 70 27 grund
471 926 23 21 af
509 926 41 21 den
565 925 70 21 finska
651 925 138 27 statsverket,
798 931 35 15 en-

80 961 41 26 ligt
136 960 78 27 nädiga
229 961 144 26 kungörelsen
389 961 41 20 den
449 961 26 20 12
490 960 59 21 Mars
568 961 61 26 1868,
644 960 135 21 förbehällna
791 962 44 19 rät-

80 995 70 26 tighet
164 996 39 25 att,
219 995 54 20 efter
296 1001 36 15 sex
347 995 104 20 mänader
472 995 140 20 derförinnan
627 995 107 26 kungjord
749 995 86 26 termin,

80 1029 35 21 vid
133 1030 53 20 1880
202 1030 35 20 ärs
254 1031 79 25 utgäng
349 1029 53 21 eller
417 1036 74 14 annan
507 1035 77 15 senare
594 1029 102 26 tidpunkt
707 1030 28 25 pä
744 1035 26 15 en
779 1029 56 26 gäng

81 1064 21 20 al
116 1064 47 26 pari
186 1064 94 21 inbetala
303 1064 123 21 äterstoden
450 1064 24 21 af
489 1064 26 21 de
530 1064 33 21 för
585 1064 142 21 statsverkets
743 1063 92 27 räkning

80 1099 49 20 med
144 1098 146 21 Pankirhuset
309 1105 40 14 von
369 1099 108 26 Erlanger
493 1098 18 21 &
527 1098 70 21 Söhne
613 1105 27 14 m.
656 1098 20 21 fl.
693 1099 24 20 är
735 1099 53 20 1868
804 1097 31 21 af-

82 1133 84 20 slutade
189 1133 34 27 69
245 1133 42 26 län,
303 1133 112 20 förordnat
434 1134 33 19 att
484 1133 43 20 alla
543 1133 134 26 utestående,
693 1132 33 21 till
743 1132 92 21 berörda

81 1167 37 20 län
133 1167 101 26 hörande,
250 1167 47 20 icke
313 1167 106 20 utlottade
435 1166 147 27 obligationer
597 1167 70 20 skulle
683 1169 108 24 uppsägas
801 1166 34 21 till

81 1201 83 21 inlösen
180 1201 41 21 den
238 1203 9 19 1
265 1201 103 21 Februari
391 1202 62 26 1881,
473 1201 40 21 och
533 1201 3 21 i
556 1201 154 26 sammanhang
725 1201 88 21 dermed
828 1201 7 20 i

82 1236 68 21 näder
164 1236 139 26 bemyndigat
317 1235 123 27 Kejserliga
461 1235 96 22 Senaten
573 1237 39 25 att,
627 1235 34 21 för
676 1235 123 21 beredande
814 1234 23 22 af

81 1272 66 25 utväg
162 1270 33 21 till
211 1271 66 26 sagda
292 1270 83 21 inlösen
390 1270 50 20 med
455 1270 63 22 Hans
533 1270 123 27 Kejserliga
669 1270 113 27 Majestäts
798 1270 37 20 nä-

83 1304 50 27 diga
156 1304 100 22 sanktion
275 1304 158 26 uppnegociera
448 1306 33 19 ett
497 1304 37 21 län
550 1304 33 21 till
600 1304 136 26 erforderligt
751 1304 84 26 belopp,

82 1341 33 18 att
130 1340 48 20 med
193 1345 27 15 en
236 1341 107 19 räntesats
363 1339 48 20 icke
430 1338 163 28 öfverstigande
609 1340 48 26 438
676 1345 75 20 genom
767 1338 69 26 ärliga

83 1374 122 20 annuiteter
229 1374 116 26 ligvideras
369 1373 57 21 inom
449 1380 28 14 en
496 1374 34 20 tid
545 1373 24 21 af
582 1374 41 26 303
639 1374 31 26 är,
685 1372 151 22 motsvarande

84 1408 41 20 den
141 1408 136 20 äterstäende
293 1407 206 27 amorteringstiden
520 1407 33 21 för
569 1408 65 26 sagde
650 1408 12 20 6
677 1409 100 24 procents
793 1406 43 21 län.

154 1442 10 20 I
179 1442 53 26 följd
246 1442 64 21 häraf
323 1442 70 26 hafva,
413 1442 55 21 efter
488 1441 133 27 föregängen
640 1441 89 26 behörig
744 1443 93 24 uppsäg-
