1017 1661
472 125 16 21 I
815 126 11 20 7

102 195 57 19 stäts
174 193 78 26 nådiga
268 194 133 26 proposition
418 200 34 15 om
468 195 107 20 allmänna
591 194 144 27 fattigvården
746 194 40 21 har
796 193 60 21 Hans

103 227 122 27 Kejserliga
240 228 102 27 Majestät
357 228 49 21 låtit
421 229 41 21 den
480 230 24 20 17
521 229 130 21 Mars-1879
668 229 85 20 utfärda
774 228 82 21 förord-

104 263 51 25 ning
170 263 6 19 i
193 264 77 18 ämnet.

176 296 171 21 Vidkommande
371 296 36 21 det
430 296 82 26 förslag
535 297 33 20 till
591 297 136 26 kungörelse,
747 296 111 26 angående

104 330 100 27 flyttning
226 330 48 21 från
293 337 25 14 en
339 330 126 27 församling
485 331 32 21 till
536 337 69 15 annan
626 333 55 19 samt
701 338 33 14 om
750 331 108 21 arbetssö-

105 365 70 21 kande
190 366 56 20 inom
264 365 51 21 eller
334 368 59 18 utom
413 366 98 25 Finland,
532 365 113 22 hvaröfver
661 365 120 22 Ständerna
797 364 61 27 afgif-

105 400 31 21 vit
158 400 107 25 yttrande,
289 400 38 21 har
350 400 60 21 Hans
434 400 123 27 Kejserliga
576 401 108 26 Maiestät,
705 400 54 21 efter
778 400 81 21 uteslu-

105 434 71 25 tande,
196 434 28 27 på
244 436 43 19 sätt
305 434 160 27 Ridderskapet
484 435 39 20 och
543 435 68 20 Adeln
628 438 55 17 samt
699 434 105 27 Borgare-
820 434 39 21 och

106 468 166 21 Bondestånden
296 469 103 25 förordat,
423 468 23 21 af
463 469 12 27 8
495 470 12 20 5
525 469 7 20 i
553 469 91 20 berörda
661 469 80 26 förslag
757 469 37 20 och
812 468 47 21 med

106 503 37 20 det
159 503 75 26 tillägg
255 503 45 20 deri
320 503 132 21 beträtfande
471 503 116 26 förslagets
611 505 11 18 7
639 503 18 28 8,
674 510 44 14 som
735 503 125 26 päkallades

106 537 23 20 af
143 537 56 20 hvad
214 537 61 20 Hans
296 537 120 27 Kejserliga
436 537 104 27 Majestät
559 538 112 20 förordnat
687 539 5 19 i
709 538 115 24 anledning
839 536 23 21 af

108 571 132 21 Ständernas
260 578 48 14 svar
328 572 27 26 pä
375 572 79 26 nädiga
471 572 162 26 propositionen
649 572 110 26 angäende
776 571 84 21 lösdrif-

107 612 50 14 vare
180 606 39 20 och
243 606 62 20 deras
329 606 136 26 behandling,
491 606 48 20 lätit
562 606 6 20 i
589 606 94 26 enlighet
703 606 86 21 dermed
806 606 54 20 före-

106 640 93 21 nämnde
214 640 42 26 dag
272 640 128 26 kungörelse
416 640 59 26 utgä.

179 675 53 21 21:0.
265 674 62 22 Efter
347 675 35 21 det
401 674 122 22 Ständerna
546 675 101 21 besvarat
665 675 79 26 nädiga
763 674 98 27 proposi-

108 709 79 24 tionen,
208 709 109 26 angäende
337 710 90 26 ändring
448 709 23 21 af
489 710 100 26 gällande
610 710 79 26 lagbud
709 716 34 14 om
762 708 100 27 giftorätt

106 744 41 20 och
170 743 34 21 arf
225 744 55 20 efter
303 744 107 20 landsrätt
433 746 56 18 samt
512 750 33 14 om
565 744 160 26 morgongäfva,
745 744 39 20 har
801 743 59 21 Hans

109 778 121 26 Kejserliga
246 778 102 26 Majestät
364 778 49 20 lätit
428 778 40 21 den
485 779 26 20 27
527 778 52 21 Juni
597 779 53 20 1878
667 779 5 19 i
689 780 72 19 ämnet
776 777 86 21 utfärda

108 811 133 27 förordning,
258 812 91 27 lydande
365 812 71 21 säsom
453 812 120 21 Ständerna
589 812 117 26 föreslagit.

181 848 55 19 22:0.
267 846 95 22 Emedan
383 846 122 22 Ständerna
524 847 35 20 vid
582 847 143 21 besvarandet
743 846 23 21 af
785 846 79 26 nådiga

108 882 170 26 propositionen,
299 882 110 25 angäende
429 882 167 26 tingsgästning,
616 882 7 20 i
639 881 173 26 underdänighet
827 886 36 15 an-

108 916 60 25 mält,
185 918 33 18 att
233 916 162 21 ständerbeslut
410 916 6 20 i
433 917 90 20 ärendet
542 916 47 21 icke
605 916 82 21 kunnat
702 916 162 20 ästadkommas

108 950 41 21 och
164 952 33 18 att
212 950 105 27 förslaget
332 951 33 20 till
381 950 126 27 förordning
524 957 33 14 om
574 951 161 26 tingsgästning
751 950 64 21 alltså
831 950 33 20 för

108 984 43 21 den
174 985 83 26 gängen
277 985 96 25 förfallit,
394 985 39 21 har
451 985 61 21 Hans
533 985 120 27 Kejserliga
670 985 102 27 Majestät
788 984 76 21 tillsvi-

109 1019 53 21 dare
178 1019 48 21 lätit
242 1020 35 20 vid
293 1019 78 21 sakens
387 1020 142 20 omförmälda
544 1020 81 26 utgäng
641 1020 57 20 bero.

182 1054 54 20 23:0.
267 1054 42 20 Vid
333 1054 144 20 besvarandet
500 1054 23 20 af
543 1054 78 26 nädiga
641 1054 168 26 propositionen,
829 1059 37 15 an-

110 1088 83 25 gäende
209 1088 166 25 häradsnämnd,
397 1088 64 20 hafva
481 1088 120 21 Ständerna
617 1089 6 20 i
639 1088 173 26 underdänighet
828 1093 37 15 an-

110 1122 59 26 mält,
186 1124 32 19 att
234 1122 120 21 Ständerna
369 1122 33 21 för
418 1123 33 20 sin
468 1123 34 20 del
519 1123 82 26 antagit
617 1129 25 14 en
658 1123 127 25 förordning
804 1122 6 20 i
822 1123 44 19 äm-

111 1159 37 18 net
163 1157 23 20 af
200 1157 68 20 sädan
287 1157 87 26 lydelse,
396 1156 133 22 Ständernas
549 1157 176 21 svarsskrifvelse
741 1156 126 21 innehäller.

110 1191 62 21 Hans
195 1191 122 26 Kejserliga
339 1191 104 27 Majestät
466 1192 39 21 har
528 1191 46 22 icke
593 1192 58 20 velat
669 1191 109 21 fastställa
794 1191 36 20 det
846 1190 23 21 af

111 1225 122 22 Ständerna
252 1228 95 24 antagna
365 1225 254 28 författningsförslaget,
638 1228 52 19 utan
710 1225 107 22 förklarat
835 1226 33 19 att

110 1260 42 21 den
168 1260 78 25 nädiga
262 1260 163 26 propositionen
441 1260 121 21 tillsvidare
578 1259 56 28 finge
649 1260 92 21 förfalla.

184 1296 54 19 24:0.
269 1294 37 21 Uti
323 1294 116 21 aflemnadt
455 1301 49 15 svar
520 1295 27 27 pä
563 1295 78 27 nådiga
651 1294 169 27 propositionen,
832 1300 38 14 an-

110 1328 84 26 gående
210 1335 26 14 en
255 1328 127 27 förordning
401 1335 34 14 om
457 1331 77 25 vägars
555 1330 38 20 och
610 1330 75 20 broars
702 1328 112 27 byggande
830 1328 39 20 och

112 1362 112 21 underhåll
248 1363 13 20 &
283 1363 79 22 landet,
386 1362 64 22 hafva
473 1363 120 21 Ständerna
612 1363 124 21 förbehällit
755 1363 33 25 sig
808 1363 38 24 att,
862 1361 7 21 i

111 1397 103 20 händelse
230 1396 71 27 nägon
317 1397 91 26 ändring
424 1397 6 20 i
447 1397 42 21 den
505 1397 22 21 af
541 1397 120 21 Ständerna
676 1399 94 24 antagna
786 1395 84 22 förord-

112 1431 52 26 ning
180 1431 6 20 i
202 1433 73 18 ämnet
291 1431 103 21 befunnes
411 1431 72 26 nödig,
500 1431 21 21 fä
537 1431 73 21 derom
627 1431 90 21 besluta.
748 1430 50 21 Men
814 1435 57 16 eme-
