1025 1670
371 132 22 23 U.
410 131 23 25 B.
451 145 24 3 —
492 132 67 24 XXIII.
806 132 14 21 3

93 193 56 21 vinst
163 191 33 22 för
211 192 50 20 ären
278 191 147 26 1872—1876,
449 196 48 16 men
511 190 82 22 hvilket
608 192 56 20 ännu
687 190 35 22 vid
744 190 105 26 utgängen

94 227 22 21 af
128 226 97 22 sistlidna
239 226 24 21 är
278 225 45 21 icke
339 225 55 21 hade
409 224 22 22 af
444 224 129 22 statsverket
583 224 65 28 tagits
663 224 8 22 i
686 224 98 28 anspråk.

162 266 11 22 I
188 266 67 21 likhet
269 265 48 21 med
332 264 194 28 Bankfullmäktige
541 271 63 16 anser
619 264 61 22 äfven
696 265 110 22 Utskottet
819 265 33 21 att

95 301 97 22 Bankens
207 300 77 27 grund-
299 300 38 21 och
351 299 146 22 reservfonder
515 302 37 20 äro
568 299 128 28 tillräckliga
710 299 32 22 för
757 300 95 26 upprätt-

95 335 108 22 hällandet
218 334 22 22 af
253 334 94 22 bankens
362 334 136 22 verksamhet
512 334 5 21 i
539 334 48 22 dess
609 334 122 22 nuvarande
754 332 96 28 omfäng;

95 369 84 22 hvarför
195 369 64 27 enligt
273 368 121 22 Utskottets
410 368 64 22 tanke
497 368 46 22 skäl
565 370 32 20 att
620 369 49 21 med
687 369 70 27 nägon
775 368 33 22 del
831 366 23 23 af

95 404 138 21 vinstmedlen
260 404 40 20 öka
323 403 61 21 dessa
406 402 76 22 fonder
510 403 48 22 icke
581 403 67 22 heller
670 403 33 21 för
721 402 131 22 närvarande

95 438 118 22 förefinnas.

164 479 38 20 Att
217 478 101 26 deremot,
341 477 7 21 i
363 477 102 22 händelse
480 477 77 27 nädiga
582 477 160 28 propositionen
761 476 40 23 N:o
824 477 25 21 31

96 520 34 15 om
146 512 122 27 afskrifning
284 511 21 22 af
326 511 245 28 Hypoteksföreningens
586 512 36 21 län
641 512 8 21 i
670 512 101 21 Finlands
795 511 56 22 bank

96 548 73 21 vinner
183 547 129 22 Ständernas
327 545 65 27 bifall,
410 547 40 21 den
466 546 120 28 disponibla
600 546 141 22 bankvinsten
756 546 96 21 kommer

96 584 32 20 att
143 582 92 21 minskas
246 581 47 21 med
302 581 25 21 de
335 581 93 26 600,000
437 581 67 26 mark,
515 581 66 22 hvarä
591 581 66 27 sagda
665 581 35 22 län
710 581 66 28 lyder,
791 580 61 21 torde

96 617 45 21 icke
156 615 91 22 behöfva
261 615 100 22 särskildt
378 615 129 22 framhållas.

164 657 31 21 På
210 655 67 28 grund
293 655 22 22 af
327 655 56 22 hvad
399 655 168 22 Bankutskottet
581 655 46 22 haft
638 658 51 19 äran
700 655 61 22 ofvan
772 654 80 27 anföra,

98 691 32 22 får
145 691 110 21 Utskottet
270 689 121 28 härigenom
408 690 109 21 vördsamt
532 690 83 21 anmäla

302 761 32 18 att
354 758 85 27 utöfver
454 759 42 20 den
510 765 84 15 summa
617 758 29 28 af
656 759 120 26 2,754,161
792 757 62 22 mark

234 794 28 20 90
268 793 71 27 penni,
348 799 44 14 som
401 793 37 20 vid
448 794 58 20 1877
510 795 85 20 —1878
603 793 38 22 års
650 793 106 28 landtdag
767 793 87 28 anslogs

233 828 35 20 till
283 827 55 21 vissa
352 826 124 28 statsbehof
489 827 37 21 och
542 829 60 19 ännu
617 827 46 21 icke
678 827 73 28 blifvit
760 827 95 25 använd,

234 862 48 20 hela
305 861 95 28 beloppet
420 861 30 27 af
462 862 110 21 Finlands
588 862 67 21 banks
671 862 60 21 intill
746 862 108 28 utgången

235 896 29 26 af
283 896 26 20 är
331 897 58 20 1881
412 896 115 27 upplupna
550 896 156 28 odisponerade
721 896 57 21 vinst
792 897 63 27 utgör

234 931 117 25 5,509,055
367 930 64 21 mark
445 932 30 20 20
488 931 74 27 penni.

98 994 39 22 och
152 994 79 22 tillåter
246 993 31 27 sig
285 993 111 22 Utskottet
408 987 70 27 lika
489 993 107 22 vördsamt
607 994 112 22 hemställa

303 1053 32 19 att
358 1051 23 21 åt
405 1050 164 22 Statsutskottet
584 1052 66 20 måtte
665 1051 143 26 öfverlemnas
824 1053 32 19 att

236 1088 51 24 taga
302 1085 8 20 i
325 1084 161 27 öfvervägande
501 1088 56 18 samt
572 1085 37 21 hos
627 1085 125 22 Ständerna
761 1085 94 27 föreslä,

235 1120 35 20 till
297 1119 74 21 hvilka
396 1120 160 28 statsutgifters
581 1120 137 21 bestridande
744 1119 111 29 ifrägava-

235 1154 67 21 rande
319 1154 125 21 vinstmedel
461 1154 63 21 borde
539 1155 80 20 anslås.

164 1223 103 25 Emedan,
289 1223 69 21 säsom
382 1223 67 21 redan
472 1223 109 28 antyddes,
598 1224 41 21 den
653 1222 205 28 Bankfullmäktiges

97 1256 115 22 berättelse
234 1256 85 27 bilagda
341 1256 76 22 balans
433 1256 23 22 af
469 1257 102 23 Finlands
586 1258 67 22 banks
668 1257 100 27 ställning
783 1256 74 22 ultimo

98 1291 117 21 December
236 1291 52 21 1881
313 1292 55 20 samt
387 1290 96 23 tabellen
502 1291 57 22 öfver
581 1292 95 22 bankens
692 1292 56 22 vinst
762 1291 41 22 oeh
818 1290 41 22 för-

98 1325 42 21 lust
155 1325 67 21 under
237 1331 80 15 samma
331 1326 25 20 är
371 1327 38 19 äro
425 1326 120 27 uppgjorda
566 1326 45 22 före
625 1326 109 22 bokslutet
749 1327 56 21 samt
814 1324 46 28 följ-

98 1360 93 27 aktligen
213 1360 46 21 icke
282 1359 48 21 fullt
353 1360 85 27 exakta,
462 1360 40 22 har
519 1360 169 22 Bankutskottet
702 1360 69 22 funnit
786 1360 74 27 nödigt

98 1394 39 21 här
160 1394 96 22 meddela
279 1400 79 16 samma
381 1394 94 22 tabeller
496 1395 80 22 sådana
599 1396 26 21 de
640 1395 53 22 efter
708 1395 52 22 derä
774 1394 85 22 utförda

98 1428 99 22 rättelser
217 1428 102 22 definitivt
334 1428 93 27 gestalta
442 1429 40 27 sig,
498 1429 73 22 dervid
587 1430 54 22 dock
655 1429 103 23 balansen
774 1428 23 23 af
809 1428 51 22 ban-

99 1462 51 22 kens
166 1462 99 28 ställning
280 1464 121 26 upprättats
421 1463 3 21 i
440 1464 177 27 sammandragen
631 1464 60 22 form.

168 1502 153 18 Bankutskottets
334 1502 120 19 betänkande
467 1503 38 19 N:o
518 1504 17 16 1.
