1025 1670
343 133 37 23 U.
395 133 36 23 B.
447 145 28 4 —
491 132 120 23 XXIII.
822 134 10 20 1

381 460 206 22 Bankutskottets
606 461 117 22 betänkande
742 460 32 22 N:o
791 460 18 26 1,
831 466 33 14 an-

313 493 69 28 gäende
397 495 88 22 Finlands
496 495 59 22 banks
571 495 130 28 odisponerade
717 494 112 22 vinstmedel.

175 569 95 22 Emedan
287 569 40 22 den
342 569 122 25 berättelse,
483 576 45 16 som
545 570 36 21 det
593 569 85 28 jemlikt
694 570 27 21 38
737 569 12 28 &
764 569 8 21 i
787 568 79 23 Landt-

107 604 169 27 dagsordningen
284 604 80 27 åligger
372 604 168 22 Bankutskuttet
549 606 38 25 att,
599 604 54 21 efter
664 603 106 22 verkstäld
781 603 86 27 gransk-

105 639 51 27 ning
179 638 22 22 af
221 638 101 22 Finlands
345 639 67 21 banks
431 639 90 27 styrelse
537 639 39 22 och
596 638 103 27 tillständ,
723 637 97 22 deröfver
834 637 31 21 till

106 673 121 22 Ständerna
249 673 82 27 afgifva,
354 673 7 21 i
382 673 105 22 anseende
502 673 32 22 till
557 673 153 26 omfattningen
728 673 22 21 af
765 672 102 27 ifrägava-

105 708 66 21 rande
187 707 157 28 undersökning
359 709 56 20 ännu
431 708 18 26 ej
466 707 43 22 kan
532 707 32 21 till
579 707 120 22 Ständerna
722 706 145 26 öfverlemnas,

106 748 48 16 men
170 742 36 21 det
221 742 64 21 likväl
300 748 61 21 synes
377 748 51 15 vara
443 741 23 22 af
480 742 44 27 vigt
546 743 32 20 att
601 741 121 22 Ständerna
743 741 7 21 i
772 741 43 26 god
837 740 30 21 tid

106 776 81 22 erhålla
202 776 119 22 kännedom
337 783 33 14 om
386 777 36 20 det
437 776 78 27 belopp
531 776 22 21 af
567 776 96 21 bankens
674 775 132 26 vinstmedel,
822 781 44 15 som

106 811 41 21 kan
163 811 32 21 för
214 811 152 21 statsändamäl
390 811 131 26 disponeras,
547 811 39 21 har
608 810 112 22 Utskottet
742 809 69 22 funnit
833 809 35 20 det

105 844 122 28 lämpligast
243 846 38 25 att,
296 845 68 21 såsom
378 844 79 28 jemväl
469 844 78 22 skedde
558 844 34 22 vid
605 845 141 21 1877—1878
756 844 35 20 års
801 842 68 22 landt-

107 879 46 27 dag,
178 879 109 27 angäende
301 879 117 21 sistnämda
434 878 60 28 fräga
508 878 109 22 inkomma
639 878 49 22 med
710 877 101 23 särskildt
834 877 35 21 be-

106 913 112 21 tänkande.

176 948 165 26 Sammanlagda
361 947 104 28 beloppet
491 947 156 28 odisponerade
669 946 125 22 vinstmedel
817 948 24 19 är
863 946 7 20 i

107 982 39 22 den
162 982 121 27 berättelse,
299 982 85 22 hvilken
399 982 104 22 Finlands
519 982 102 22 Ständers
637 981 195 27 Bankfullmäktige
843 980 26 27 pä

108 1016 69 27 grund
192 1016 22 22 af
227 1023 62 15 mom.
306 1015 13 22 A
343 1016 7 21 i
371 1016 99 27 gällande
496 1016 129 22 instruktion
648 1016 32 21 till
703 1015 167 22 Bankutskottet

107 1050 87 28 afgifvit,
217 1052 102 26 upptaget
341 1050 32 22 till
390 1051 115 26 8,226,503
521 1050 35 22 mk
572 1051 27 21 25
614 1057 28 21 p.,
666 1050 73 22 dervid
754 1049 55 22 dock
830 1049 39 21 den

108 1084 139 27 anmärkning
263 1085 22 21 af
297 1084 195 28 Bankfullmäktige
507 1085 68 21 blifvit
590 1085 62 27 gjord
667 1086 32 20 att
714 1083 157 27 vinstbeloppet

106 1119 33 21 för
154 1120 25 21 är
196 1120 52 21 1881
265 1122 56 19 ännu
337 1120 17 27 ej
372 1120 56 21 varit
443 1119 112 27 definitivt,
579 1122 51 19 utan
646 1119 69 21 skulle
728 1118 88 21 komma
839 1119 32 19 att

108 1160 76 20 genom
200 1160 26 15 en
242 1154 33 21 del
291 1156 72 25 poster
378 1154 66 27 nägot
460 1154 59 21 ökas.
551 1153 69 22 Sedan
635 1153 134 26 fullständigt
785 1151 86 22 bokslut

107 1187 32 22 för
154 1188 116 21 sistnämda
285 1189 24 20 är
325 1187 119 22 emellertid
460 1189 123 26 upprättats
598 1187 39 22 och
647 1186 69 22 blifvit
726 1185 145 23 Bankutskot-

107 1224 31 19 tet
154 1222 107 27 delgifvet,
276 1224 24 19 är
310 1222 110 22 Utskottet
433 1228 88 15 numera
537 1222 7 21 i
560 1221 81 22 tillfälle
657 1223 32 20 att
704 1222 105 26 noggrant
820 1226 51 21 upp-

106 1256 57 27 gifva
179 1256 139 22 bankvinsten
334 1256 34 22 vid
384 1256 99 21 sistlidna
498 1257 35 20 års
548 1256 86 26 utgång.
665 1255 75 22 Såsom
756 1254 22 22 af
786 1254 85 26 bilagda

107 1290 66 22 tabell
188 1290 21 22 II
225 1297 68 21 synes,
315 1290 91 28 uppgick
422 1290 97 22 bankens
534 1290 117 21 nettovinst
665 1289 33 21 för
713 1290 24 20 är
760 1290 52 20 1881
838 1287 33 24 till

107 1332 33 20 my
165 1326 117 26 1,691,685:
301 1326 32 26 12,
360 1324 81 28 hvaraf,
465 1324 66 22 sedan
555 1324 26 21 de
604 1324 32 21 till
651 1324 104 21 särskilda
771 1319 99 25 ändamål

107 1359 101 27 anslagna
230 1360 55 20 samt
300 1361 59 19 utom
374 1359 87 21 kolumn
477 1359 62 21 förda
561 1364 122 16 summorna
705 1357 108 27 afdragits,
837 1357 32 21 sä-

110 1400 45 15 som
179 1393 119 28 disponibla
319 1394 81 21 återstå
424 1393 114 27 1,061,403
555 1393 59 21 mark
631 1393 26 21 72
673 1392 69 27 penni.
758 1391 53 22 eller
835 1397 34 21 Zac

107 1429 98 25 286,713:
224 1429 26 20 85
269 1427 83 21 utöfver
367 1428 62 20 den
424 1422 15 36 i
452 1427 205 27 Bankfullmäktiges
679 1426 117 22 berättelse
819 1431 51 21 upp-

107 1464 65 24 tagna
187 1468 87 16 summa.
304 1462 50 21 Med
375 1461 77 27 tillägg
467 1462 24 21 af
512 1462 59 20 detta
593 1462 77 26 belopp
689 1462 77 26 utgöra
785 1459 84 22 således

176 1501 153 18 Bankutskottets
342 1501 118 17 betänkande
473 1502 39 16 N:o
525 1501 17 17 1.
