1006 1673
248 214 91 28 förskott
360 216 28 27 af
406 215 126 29 förslagsvis
551 216 87 26 25,000
653 216 63 22 mark
736 216 32 22 till
783 216 124 23 bekostande

249 249 28 28 af
295 250 26 21 de
343 250 9 21 i
373 250 95 22 stånden
490 250 66 28 förda
578 250 275 29 diskussionsprotokollens
875 252 32 21 ut-

250 284 103 27 gifvande
367 284 10 22 i
393 284 74 28 tryck;

319 320 33 20 att
366 319 75 28 hvarje
458 320 66 22 stånd
542 319 36 28 för
596 320 35 28 sig
649 320 96 28 afslutar
759 320 101 22 kontrakt
875 327 33 15 om

251 353 144 29 tryckningen
414 354 28 27 af
462 354 38 22 sitt
516 354 105 28 protokoll
636 354 38 22 och
689 354 90 22 besluter
797 362 34 14 om
845 356 63 20 sättet

250 388 35 27 för
300 388 47 22 dess
357 388 140 22 distribution
512 389 38 21 och
564 389 72 28 öfriga
650 389 92 22 härmed
755 390 152 21 sammanhän-

249 423 71 27 gande
333 423 90 28 frägar;
438 425 56 20 samt

319 459 31 20 att
370 458 120 22 ständerna
510 459 114 28 uppdraga
646 459 24 21 ät
688 458 159 23 Statsutskottet
869 460 37 25 att,

250 491 8 21 i
273 492 159 28 sammanhang
452 493 48 21 med
515 493 123 22 ordnandet
652 493 28 28 af
691 493 130 22 ständernas
837 493 71 28 öfriga

251 526 96 22 ekonomi
370 527 53 27 efter
446 527 144 28 landtdagens
613 528 131 27 afslutande,
768 528 83 28 afgifva
865 528 43 27 för-

250 561 49 28 slag
313 561 9 21 i
337 559 100 30 afseende
452 562 14 21 å
480 562 185 29 verkställigheten
685 563 28 27 af
724 563 104 22 ständens
843 563 65 21 beslut

250 595 94 22 rörande
355 596 144 27 protokollens
515 597 116 28 tryckning
646 597 37 21 och
698 597 139 22 distribution
852 599 56 20 samt

249 630 124 27 uppbörden
388 631 27 28 af
427 631 37 21 och
477 631 169 28 redovisningen
655 631 36 28 för
701 631 122 28 inflytande
833 631 72 22 medel.

213 670 11 22 I
243 670 162 29 behandlingen
428 671 24 22 af
473 671 61 22 detta
556 672 80 21 ärende
658 671 33 22 uti
706 672 115 21 Utskottet
842 671 66 23 hafva

148 704 93 28 deltagit
268 705 144 22 ordföranden
433 706 107 21 Mechelin
562 708 56 19 samt
642 706 146 22 ledamöterne
807 706 100 22 Friherre

147 739 68 28 Boije,
241 739 26 22 A.
289 739 126 28 Schauman,
443 740 148 28 Charpentier,
615 741 25 21 G.
660 741 24 21 Z.
705 740 111 27 Forsman,
839 741 66 27 Hjelt,

150 774 112 27 Johnsson,
278 774 107 28 Kihlman,
397 775 90 28 Kurtén,
498 775 120 28 Lindblom,
629 775 85 27 Heikel,
726 775 97 27 Castrén,
834 775 71 28 Värri,

147 809 109 27 Kyander,
272 809 87 22 Hoikka
374 810 40 21 och
428 810 73 21 Häkli.

213 849 144 28 Helsingfors,
373 850 41 22 den
431 852 26 20 10
472 851 45 27 Maj
534 853 62 19 1882.

218 1505 149 18 Statsutskottets
381 1506 116 17 betänkande
510 1507 36 17 N:o
558 1507 27 17 16.
