1017 1664
88 194 79 25 nådiga
183 194 140 26 proposition,
340 194 111 26 angående
467 194 124 26 inteckning
605 194 6 20 i
624 194 99 21 enskilda
731 194 111 26 jernvägs-

89 229 161 26 anläggningar,
271 229 62 20 hafva
353 228 122 21 Ständerna
493 229 7 20 i
519 229 172 26 underdånighet
707 228 86 26 anmält,
810 230 32 18 att

90 263 119 21 Ständerna
224 263 35 21 väl
275 263 46 21 icke
337 263 83 21 kunnat
436 264 114 24 godkänna
566 264 40 20 den
623 264 79 26 nådiga
713 263 129 27 propositio-

89 304 41 14 nen
146 298 137 25 oförändrad,
303 304 47 14 men
371 300 32 19 att
423 298 128 26 Ständerna,
569 298 66 26 jemte
655 299 37 19 det
711 298 25 20 de
753 297 90 21 anhållit

90 339 32 14 om
147 333 134 26 proposition
304 332 33 20 till
361 332 124 26 påföljande
505 333 103 25 landtdag
629 333 110 26 angående
759 338 25 15 en
800 332 42 26 lag,

90 374 45 14 som
154 366 170 27 fullständigare,
345 368 27 19 än
392 367 37 20 det
447 367 68 25 enligt
533 367 107 26 grundlag
663 373 50 15 vore
733 367 28 26 på
776 366 66 21 admi-

89 402 99 20 nistrativ
205 403 40 24 väg
261 401 89 27 möjligt,
371 402 85 20 komme
477 403 32 19 att
524 401 52 27 fylla
592 402 103 20 luckorna
711 402 31 20 uti
759 401 83 21 landets

90 436 107 20 allmänna
220 435 136 27 lagstiftning
381 442 33 14 om
439 436 112 26 byggande
575 436 22 20 af
609 436 97 26 jernväg,
723 435 119 21 emellertid

90 470 46 21 icke
156 470 56 21 velat
231 470 140 26 undandraga
391 470 34 26 sig
444 472 33 18 att
496 470 66 21 redan
581 470 117 21 medverka
717 470 32 21 till
766 476 26 14 en
807 470 35 26 lag

90 511 34 14 om
140 504 94 27 hypotek
250 504 31 20 uti
299 504 90 26 jernväg
409 506 57 19 samt
484 504 134 21 fördenskull
635 505 34 20 för
685 505 33 20 sin
734 504 33 21 del
784 506 59 18 anta-

90 540 32 26 git
138 546 24 13 en
178 539 126 26 förordning
320 545 33 14 om
370 539 125 26 inteckning
509 540 7 20 i
531 540 90 25 jernväg
636 539 23 21 af
673 540 66 20 sådan
756 538 87 27 lydelse,

91 574 131 21 Ständernas
239 574 176 20 svarsskrifvelse
431 576 113 24 upptager.
576 574 46 20 Den
639 574 23 20 af
676 574 121 20 Ständerna
807 579 37 15 an-

90 610 66 24 tagna
171 608 151 26 förordningen
335 614 34 14 om
380 608 125 26 inteckning
518 608 6 20 i
534 608 91 26 jernväg
637 608 38 21 har
686 608 61 21 Hans
758 608 86 26 Kejser-

90 643 44 26 liga
151 642 101 27 Majestät
263 642 46 21 icke
324 642 60 21 velat
395 642 116 26 fastställa,
523 645 51 18 utan
586 643 49 20 låtit
645 642 75 27 frågan
732 648 34 15 om
778 642 66 20 sådan

90 677 172 26 inteckningslag
277 677 120 21 tillsvidare
414 677 92 26 förfalla,
523 678 118 26 hvarjemte
652 677 61 21 Hans
724 676 122 27 Kejserliga

91 711 102 27 Majestät
212 712 80 20 lemnat
312 711 133 21 Ständernas
466 712 148 26 underdåniga
629 712 100 20 anhållan
746 717 33 15 om
796 716 49 21 pro-

91 746 94 26 position
201 746 32 20 till
250 746 69 20 denna
335 746 103 26 landtdag
455 746 110 26 angående
581 752 25 14 en
623 746 177 26 koncessionslag
812 745 33 21 för

91 780 113 26 byggande
220 780 22 20 af
253 780 90 26 jernväg
359 780 34 20 för
409 780 41 20 den
466 780 84 26 gången
567 782 51 18 utan
634 780 108 21 afseende.

162 815 40 20 8:0.
234 814 36 21 Uti
286 814 117 20 aflemnadt
419 820 50 14 svar
484 815 28 26 på
528 814 79 27 nådiga
622 815 170 26 propositionen,
808 820 37 14 an-

91 848 81 26 gående
188 849 130 26 anläggning
338 848 39 21 och
397 848 140 27 beskattning
556 849 23 20 af
597 850 145 26 mjölqvarnar
758 848 38 21 och
812 850 34 18 sä-

92 883 162 27 desstampverk
273 883 47 20 med
340 889 71 14 annan
431 883 104 21 drifkraft
553 885 27 19 än
600 885 80 24 vatten,
700 883 64 21 hafva
784 882 62 22 Stän-

91 917 66 21 derna
172 917 7 21 i
194 917 171 26 underdånighet
381 917 175 27 tillkännagifvit,
573 920 32 18 att
621 918 120 20 Ständerna
751 917 47 21 icke
810 923 36 15 an-

91 952 55 26 tagit
162 952 40 20 den
218 951 122 26 föreslagna
359 952 157 25 författningen
535 952 137 23 oförändrad,
692 954 52 18 utan
764 952 33 20 för
812 951 33 21 sin

92 986 34 20 del
142 986 90 20 beslutit
247 986 32 20 till
296 992 26 14 en
338 986 24 21 så
377 986 95 26 lydande
489 986 134 27 författning,
639 993 46 14 som
701 986 32 21 uti
745 986 101 21 Ständer-

91 1026 39 15 nas
154 1020 110 21 svarsbref
285 1019 68 22 finnes
376 1020 94 26 intagen.
502 1020 95 21 Emedan
621 1020 120 22 Ständerna
764 1020 23 20 af
805 1020 40 20 den

91 1054 123 27 föreslagna
232 1054 155 27 författningen
407 1055 48 21 icke
474 1055 84 26 antagit
577 1055 11 27 &
608 1056 20 25 2,
643 1054 151 22 innehållande
810 1054 36 21 be-

92 1090 134 26 stämningar
241 1095 34 15 om
291 1090 40 20 den
349 1090 66 25 skatt,
432 1096 45 14 som
494 1089 47 21 från
558 1096 92 20 gvarnar
665 1090 23 20 af
697 1089 92 21 nämnda
800 1089 47 26 slag

91 1124 68 20 borde
182 1124 32 20 till
234 1124 81 20 kronan
335 1124 60 26 utgå,
415 1125 53 19 utan
483 1124 34 20 för
537 1124 66 26 sagde
618 1124 103 27 paragraf
734 1123 114 26 föreslagit

92 1158 68 21 sådan
183 1158 86 27 lydelse,
290 1160 33 19 att
341 1158 74 27 dylika
433 1164 94 21 gvarnar
546 1158 69 21 blefve
631 1158 47 22 från
694 1158 28 21 all
739 1158 59 21 skatt
813 1157 33 21 till

92 1193 82 20 kronan
197 1192 48 26 fria,
267 1192 39 21 har
329 1192 62 21 Hans
410 1192 123 27 Kejserliga
551 1193 104 27 Majestät
672 1193 47 21 icke
738 1194 58 19 velat
810 1192 37 21 be-

92 1227 73 20 kräfta
180 1227 56 20 hvad
252 1227 121 25 Ständerna
388 1227 8 20 i
411 1229 74 19 ämnet
504 1227 118 27 föreslagit,
639 1229 52 19 utan
707 1227 50 21 låtit
770 1226 76 27 frågan

92 1261 93 21 förfalla.

164 1294 138 22 Beträffande
317 1293 134 23 Ständernas
467 1295 7 21 i
491 1295 153 27 sammanhang
659 1296 48 21 med
723 1295 64 22 deras
798 1301 50 14 svar

93 1329 28 27 på
140 1329 40 21 den
201 1329 78 26 nådiga
299 1330 165 26 propositionen
483 1330 76 26 gjorda
579 1330 148 26 underdåniga
747 1329 101 21 hemstäl-

93 1364 42 25 lan,
152 1364 105 20 huruvida
273 1363 60 21 Hans
349 1363 124 27 Kejserliga
488 1364 103 27 Majestät
605 1364 47 21 icke
668 1364 65 21 funne
749 1364 48 21 skäl
815 1365 33 19 att

94 1398 6 21 i
123 1398 67 21 nåder
212 1398 87 26 vidtaga
321 1398 38 21 det
377 1398 29 27 på
425 1398 61 21 Hans
506 1399 121 26 Kejserliga
642 1399 104 26 Majestät
761 1398 87 21 ankom-

94 1433 76 20 mande
192 1432 93 21 initiativ
309 1432 34 21 till
365 1433 168 26 gvarnskattens
552 1433 157 27 upphäfvande,
729 1433 39 21 har
788 1432 60 21 Hans
