1011 1673
316 192 81 24 Ständ.
413 192 57 23 und.
485 192 56 24 Skr.
555 192 42 23 N:o
612 192 20 24 1.
810 192 13 21 3

166 256 34 22 till
217 256 74 26 förste
313 255 281 28 bankrevisorssuppleant:
618 254 166 23 Handlanden
777 243 15 45 i
807 247 45 28 Åbo

98 291 66 21 Ernst
177 290 134 26 Dahlström;

167 324 33 22 till
218 324 69 20 andre
310 323 371 28 bankrevisorssuppleant
588 317 92 39 :Bokhan
690 323 76 22 dlaren
781 322 8 22 i
804 321 47 22 Wi-

98 360 51 27 borg
166 358 82 22 Walter
262 358 95 28 Hoving;
377 359 55 20 samt

167 392 33 22 till
220 392 68 27 tredje
306 391 281 28 bankrevisorssuppleant:
609 392 128 28 Inspektorn
752 390 33 22 för
800 390 51 22 folk-

99 427 97 22 skolorna
211 426 7 21 i
233 425 140 29 Helsingfors,
384 425 115 28 Magistern
510 426 7 21 i
528 426 25 21 de
569 425 235 29 Historisk-filologiska
818 432 33 14 ve-

99 461 140 28 tenskaperna
254 460 77 23 Viktor
345 459 105 22 Wilhelm
466 456 94 32 Öhberg;
577 460 39 22 och

254 507 55 20 inom
326 506 166 21 Bondeständet:

168 546 32 22 till
216 545 197 27 dankfullmäktig:
430 544 142 30 Godsegaren,
588 545 193 23 Kommunalrådet
796 544 56 28 Aga-

99 580 52 22 thon
166 580 121 26 Meurman;

167 614 33 22 till
215 614 73 27 förste
304 613 321 29 bankfullmäktigssuppleant:
641 614 209 24 Senatstranslatorn,

100 649 99 21 Filosofie
214 648 115 28 Magistern
343 648 75 22 Anton
434 648 91 22 Fredrik
539 649 115 28 Almberg;

168 683 33 21 till
216 682 68 21 andre
295 682 324 28 bankfullmäktigssuppleant:
634 682 217 28 Justitieborgmästa-

100 725 37 14 ren
151 717 8 21 i
174 716 134 29 Helsingfors
322 717 72 21 Johan
411 716 81 23 Gustaf
504 717 114 27 Sohlman;

168 752 32 21 till
219 751 67 28 tredje
304 751 325 28 bankfullmäktigssuppleant:
651 750 198 29 Tidningsredaktö-

99 794 44 18 ren,
159 786 99 21 Filosofie
273 785 137 22 Kandidaten
425 785 49 22 Nils
490 786 77 22 Viktor
582 786 77 21 Alfred
673 785 104 29 Löfgren;

168 820 32 22 till
224 820 149 21 dankrevisor:
400 819 142 29 Godsegaren,
566 820 193 22 Kommunalrådet
780 818 72 23 Edvin

100 855 105 22 Avellan:

169 888 32 22 till
220 888 73 27 förste
318 888 277 28 bankrevisorssuppleant:
623 889 135 28 Godsegaren
780 887 73 22 Johan

100 922 96 26 Brusila;

169 956 33 22 till
220 957 69 20 andre
306 956 280 28 bankrevisorssuppleant:
607 957 198 28 Hemmansegaren
816 955 36 22 Jo-

101 991 42 22 han
158 990 130 25 Riihimäki;
304 993 55 20 samt

169 1025 33 21 till
218 1025 70 27 tredje
303 1025 279 27 bankrevisorssuppleant:
597 1025 142 29 Grodsegaren,
755 1023 98 23 Filosofie

101 1058 115 29 Magistern
232 1058 78 22 Daniel
324 1059 87 22 Edvard
426 1059 100 21 Joachim
541 1060 108 22 Duncker.

170 1098 103 22 Finlands
288 1099 91 22 Ständer
393 1098 121 23 framhärda
531 1102 38 20 etc.

170 1138 140 29 Helsingfors,
327 1139 40 21 den
383 1139 27 21 30
426 1138 42 29 Maj
486 1140 61 21 1882.

218 1520 123 26 Helsingfors,
357 1523 15 18 J.
388 1523 70 17 Simelii
472 1525 105 21 arfvingars
591 1524 87 22 tryckeri,
688 1524 50 17 1882.
