1011 1661
404 319 154 22 Innehåll.

175 383 15 17 I.
213 382 95 17 Berättelse
322 382 27 16 till
361 380 166 18 Storfurstendömet
541 380 84 17 Finlands
636 380 27 17 till
675 380 64 17 allmän
754 378 83 23 landtdag
848 379 6 17 i

107 412 112 22 Helsingfors
231 411 19 17 år
263 411 44 17 1882
321 409 147 18 sammankallade
480 409 73 17 Ständer
565 415 29 11 om
607 408 96 22 Styrelsens
719 408 115 22 tillgöranden
846 408 6 16 i

108 440 93 22 anledning
213 439 19 17 af
242 439 22 17 de
276 438 39 18 utaf
321 438 97 18 Ständerna
427 438 28 17 vid
464 438 89 22 sisthållna
560 437 83 23 landtdag
652 437 65 17 fattade
725 437 62 19 beslut,
794 436 59 18 hvilka

108 469 61 17 vunnit
179 468 50 17 Hans
241 468 81 22 Majestät
337 467 95 22 Kejsarens
444 467 33 17 och
489 466 116 18 Storfurstens
622 466 62 22 nådiga
700 466 49 17 bifall
762 465 33 18 och
808 465 45 17 stad-

108 497 76 22 fästelse,
203 496 89 18 äfvensom
311 496 73 17 rörande
401 496 45 17 hvad
464 496 49 17 Hans
530 495 99 23 Kejserliga
646 495 81 22 Majestät
738 494 5 17 i
756 494 58 22 öfrigt,
831 494 22 22 pä

108 526 55 23 grund
175 526 19 16 af
205 524 154 22 förhandlingarna
371 524 28 18 vid
409 524 53 22 sagde
474 524 87 22 landtdag,
575 524 56 17 täckts
644 523 88 18 förordna.

175 554 23 17 II.
224 553 129 18 Prokuratorns
365 553 5 17 i
383 553 98 22 Kejserliga
497 553 75 17 Senaten
590 552 27 21 för
633 552 74 17 Finland
719 551 96 18 Berättelse
827 550 26 17 till

109 583 44 17 1882
165 583 27 16 års
204 582 83 22 landtdag
298 588 29 11 om
340 582 133 22 lagskipningen
486 581 32 18 och
531 581 80 22 lagarnes
622 580 135 18 handhafvande
769 580 5 17 i
787 579 64 18 landet.

176 611 132 22 Lagutskottets
320 610 80 18 deröfver
412 610 67 22 afgifna
490 610 115 22 betänkande,
619 615 31 12 n:o
665 611 26 16 13.

175 639 111 18 III—XXII.
311 639 82 18 Relation
405 639 26 17 till
444 639 82 18 Finlands
538 639 19 17 år
571 639 44 17 1882
627 638 103 18 församlade
742 637 74 18 Ständer
825 642 28 11 om

108 669 116 17 Statsverkets
240 668 83 17 tillstånd.
348 668 84 22 Afgifven
445 667 20 18 af
474 667 188 22 Finansexpeditionen
674 667 5 17 i
692 667 98 22 Kejserliga
801 665 53 18 Sena-

108 702 28 13 ten
149 697 28 17 för
188 697 81 22 Finland,
283 697 34 17 den
329 698 20 16 31
361 697 71 21 januari
444 697 50 16 1882.
752 715 2 2 N

175 725 135 23 Approximativ
321 725 61 21 kalkyl
394 725 49 17 öfver
455 724 122 19 Statsfondens
589 725 93 22 tillgångar
693 724 35 18 och
736 723 56 18 behof
797 723 57 17 under

108 755 41 16 åren
163 755 118 16 1883—1886.

176 783 140 17 Statsutskottets
328 782 112 17 betänkande
447 782 5 17 i
461 782 94 22 anledning
563 782 20 17 af
589 781 199 23 Finansexpeditionens
797 781 6 16 i
811 780 43 22 Kej-

153 811 63 22 serliga
227 811 75 17 Senaten
319 811 25 16 till
360 810 97 18 Ständerna
475 811 66 22 afgifna
557 811 72 17 relation
645 816 29 12 om
690 810 112 17 statsverkets
820 809 33 17 till-

153 840 55 22 ständ,
222 845 30 11 n:o
265 840 16 16 9.

174 868 141 17 Statsutskottets
328 868 66 22 förslag
405 868 26 16 till
444 868 174 22 sammanjemkning.

175 896 83 18 Finlands
270 896 82 18 Ständers
364 896 120 22 underdäniga
496 896 96 18 skrifvelse.

173 925 69 17 XXII.
269 925 83 17 Finlands
370 924 83 18 Ständers
472 924 167 23 Bankfullmiiktiges
656 924 96 18 Berättelse
763 924 27 17 till
802 923 50 17 Stän-

106 954 62 17 dernas
180 954 115 17 bankutskott
307 954 109 17 omfattande
428 954 41 16 åren
482 954 43 17 1877
534 950 66 30 —1881.

174 982 145 19 Bankutskottets
336 982 93 17 berättelse
447 982 50 17 öfver
513 982 87 17 verkstäld
617 982 107 22 granskning
738 981 21 17 af
768 980 83 18 Finlands

105 1011 57 18 banks
174 1012 72 21 styrelse
258 1011 33 17 och
303 1011 77 17 tillständ
392 1011 55 17 under
459 1011 41 17 ären
514 1012 119 16 1877—1881.

173 1040 145 17 Bankutskottets
334 1040 117 19 betänkande,
469 1046 29 11 n:o
510 1042 15 21 1,
542 1040 90 22 angående
649 1039 83 18 Finlands
747 1038 57 19 banks
816 1038 37 18 odi-

105 1069 98 22 sponerade
215 1068 109 17 vinstmedel.

173 1097 145 17 Bankutskottets
337 1097 115 21 betänkande,
472 1103 28 11 n:o
517 1099 17 21 2,
551 1097 90 22 angående
659 1096 123 22 Längmanska
800 1098 52 14 testa-

105 1125 128 18 mentsfonden.

173 1154 82 17 Finlands
273 1153 83 18 Ständers
373 1154 92 17 skrifvelse
482 1154 25 17 till
522 1153 160 23 Bankfullmäktige
694 1153 90 23 angående
796 1152 58 23 Läng-

105 1182 73 18 manska
189 1182 172 18 testamentsfonden.

172 1210 145 18 Bankutskottets
329 1210 117 23 betänkande,
460 1217 29 12 n:o
498 1214 15 20 3,
526 1211 89 23 angående
627 1209 203 20 .namnunderskrifterna
842 1210 11 16 &

104 1239 82 17 Finlands
200 1239 54 17 banks
266 1239 58 17 sedlar
336 1240 19 16 af
365 1240 48 21 lägre
425 1240 49 17 valör
485 1242 22 15 än
519 1242 22 16 50
553 1240 55 17 mark.

170 1267 83 18 Finlands
268 1268 83 17 Ständers
369 1268 119 22 underdäniga
504 1268 91 18 skrifvelse
609 1268 40 18 med
661 1268 80 18 anhällan
753 1273 29 12 om
795 1266 57 18 förän-

103 1296 54 18 drade
169 1291 135 34 bestämningar,
317 1296 90 22 angående
420 1297 202 24 namnunderskrifterna
633 1298 10 16 &
654 1297 84 17 Finlands
749 1296 57 18 banks
814 1295 38 18 sed-

103 1325 26 17 lar
141 1324 20 18 af
171 1325 48 21 lägre
230 1325 48 17 valör
291 1327 22 15 iin
326 1326 22 16 60
360 1325 55 18 mark.
678 1319 2 3 |

170 1353 145 18 Bankutskottets
333 1354 117 22 betänkande,
464 1359 29 13 n:o
504 1356 19 21 4,
537 1354 89 23 angående
637 1354 65 22 förslag
714 1354 26 18 till
752 1353 99 18 förändrin-

103 1386 31 16 gar
145 1382 5 16 i
163 1382 163 21 bankreglementet
337 1382 32 17 och
383 1382 26 17 till
420 1388 24 16 ny
456 1383 105 18 instruktion
573 1384 28 16 för
613 1383 163 22 bankfullmäktige.

171 1410 146 17 Bankutskottets
329 1411 65 22 förslag
406 1411 26 17 till
444 1411 175 23 sammanjerakning.

171 1437 83 18 Finlands
272 1438 82 18 Ständers
371 1439 119 23 underdåniga
502 1440 95 22 skrifvelse,
611 1440 89 23 angående
712 1439 122 22 förändringar
845 1439 5 17 i

103 1466 113 21 reglementet
229 1467 27 16 för
268 1466 83 19 Finlands
362 1467 54 18 bank.
