<?xml version="1.0" encoding="UTF-8"?>
<alto xmlns="http://www.loc.gov/standards/alto/ns-v3#" xmlns:xlink="http://www.w3.org/1999/xlink" xmlns:xsi="http://www.w3.org/2001/XMLSchema-instance" xsi:schemaLocation="http://www.loc.gov/standards/alto/ns-v3# http://www.loc.gov/alto/v3/alto-3-0.xsd">
	<Description>
		<MeasurementUnit>pixel</MeasurementUnit>
		<sourceImageInformation>
			<fileName>/tmp/tess_2edd9f2n_input.PNG</fileName>
		</sourceImageInformation>
		<OCRProcessing ID="OCR_0">
			<ocrProcessingStep>
				<processingSoftware>
					<softwareName>tesseract 5.3.4</softwareName>
				</processingSoftware>
			</ocrProcessingStep>
		</OCRProcessing>
	</Description>
	<Layout>
		<Page WIDTH="1028" HEIGHT="1656" PHYSICAL_IMG_NR="0" ID="page_0">
			<PrintSpace HPOS="0" VPOS="0" WIDTH="1028" HEIGHT="1656">
				<ComposedBlock ID="cblock_0" HPOS="798" VPOS="92" WIDTH="14" HEIGHT="21">
					<TextBlock ID="block_0" HPOS="798" VPOS="92" WIDTH="14" HEIGHT="21">
						<TextLine ID="line_0" HPOS="798" VPOS="92" WIDTH="14" HEIGHT="21">
							<String ID="string_0" HPOS="798" VPOS="92" WIDTH="14" HEIGHT="21" WC="0.93" CONTENT="9"/>
						</TextLine>
					</TextBlock>
				</ComposedBlock>
				<ComposedBlock ID="cblock_1" HPOS="101" VPOS="159" WIDTH="746" HEIGHT="1013">
					<TextBlock ID="block_1" HPOS="101" VPOS="159" WIDTH="740" HEIGHT="130">
						<TextLine ID="line_1" HPOS="101" VPOS="159" WIDTH="738" HEIGHT="29">
							<String ID="string_1" HPOS="101" VPOS="161" WIDTH="69" HEIGHT="27" WC="0.96" CONTENT="priset"/><SP WIDTH="17" VPOS="161" HPOS="170"/>
							<String ID="string_2" HPOS="187" VPOS="168" WIDTH="35" HEIGHT="14" WC="0.96" CONTENT="om"/><SP WIDTH="19" VPOS="168" HPOS="222"/>
							<String ID="string_3" HPOS="241" VPOS="160" WIDTH="62" HEIGHT="26" WC="0.96" CONTENT="2,500"/><SP WIDTH="16" VPOS="160" HPOS="303"/>
							<String ID="string_4" HPOS="319" VPOS="160" WIDTH="62" HEIGHT="20" WC="0.96" CONTENT="mark"/><SP WIDTH="14" VPOS="160" HPOS="381"/>
							<String ID="string_5" HPOS="395" VPOS="159" WIDTH="122" HEIGHT="22" WC="0.96" CONTENT="tilldelades"/><SP WIDTH="15" VPOS="159" HPOS="517"/>
							<String ID="string_6" HPOS="532" VPOS="160" WIDTH="49" HEIGHT="21" WC="0.93" CONTENT="med"/><SP WIDTH="15" VPOS="160" HPOS="581"/>
							<String ID="string_7" HPOS="596" VPOS="160" WIDTH="157" HEIGHT="27" WC="0.91" CONTENT="öfvervägande"/><SP WIDTH="14" VPOS="160" HPOS="753"/>
							<String ID="string_8" HPOS="767" VPOS="159" WIDTH="72" HEIGHT="27" WC="0.93" CONTENT="plura-"/>
						</TextLine>
						<TextLine ID="line_2" HPOS="101" VPOS="193" WIDTH="738" HEIGHT="28">
							<String ID="string_9" HPOS="101" VPOS="196" WIDTH="48" HEIGHT="20" WC="0.95" CONTENT="litet"/><SP WIDTH="15" VPOS="196" HPOS="149"/>
							<String ID="string_10" HPOS="164" VPOS="194" WIDTH="25" HEIGHT="22" WC="0.95" CONTENT="de"/><SP WIDTH="15" VPOS="194" HPOS="189"/>
							<String ID="string_11" HPOS="204" VPOS="194" WIDTH="84" HEIGHT="21" WC="0.91" CONTENT="märket"/><SP WIDTH="14" VPOS="194" HPOS="288"/>
							<String ID="string_12" HPOS="302" VPOS="194" WIDTH="54" HEIGHT="21" WC="0.91" CONTENT="”Lex"/><SP WIDTH="15" VPOS="194" HPOS="356"/>
							<String ID="string_13" HPOS="371" VPOS="194" WIDTH="46" HEIGHT="20" WC="0.95" CONTENT="Lux"/><SP WIDTH="15" VPOS="194" HPOS="417"/>
							<String ID="string_14" HPOS="432" VPOS="194" WIDTH="56" HEIGHT="20" WC="0.95" CONTENT="Pax”"/><SP WIDTH="13" VPOS="194" HPOS="488"/>
							<String ID="string_15" HPOS="501" VPOS="193" WIDTH="96" HEIGHT="21" WC="0.93" CONTENT="bärande"/><SP WIDTH="15" VPOS="193" HPOS="597"/>
							<String ID="string_16" HPOS="612" VPOS="194" WIDTH="227" HEIGHT="27" WC="0.91" CONTENT="projektritningarna,"/>
						</TextLine>
						<TextLine ID="line_3" HPOS="102" VPOS="227" WIDTH="739" HEIGHT="27">
							<String ID="string_17" HPOS="102" VPOS="228" WIDTH="87" HEIGHT="22" WC="0.91" CONTENT="hvartill"/><SP WIDTH="17" VPOS="228" HPOS="189"/>
							<String ID="string_18" HPOS="206" VPOS="228" WIDTH="140" HEIGHT="21" WC="0.90" CONTENT="namnsedeln"/><SP WIDTH="20" VPOS="228" HPOS="346"/>
							<String ID="string_19" HPOS="366" VPOS="227" WIDTH="66" HEIGHT="27" WC="0.90" CONTENT="angaf"/><SP WIDTH="12" VPOS="227" HPOS="432"/>
							<String ID="string_20" HPOS="444" VPOS="228" WIDTH="72" HEIGHT="26" WC="0.92" CONTENT="kongl."/><SP WIDTH="16" VPOS="228" HPOS="516"/>
							<String ID="string_21" HPOS="532" VPOS="227" WIDTH="121" HEIGHT="22" WC="0.93" CONTENT="arkitekten"/><SP WIDTH="16" VPOS="227" HPOS="653"/>
							<String ID="string_22" HPOS="669" VPOS="228" WIDTH="24" HEIGHT="22" WC="0.93" CONTENT="E."/><SP WIDTH="16" VPOS="228" HPOS="693"/>
							<String ID="string_23" HPOS="709" VPOS="228" WIDTH="25" HEIGHT="20" WC="0.93" CONTENT="V."/><SP WIDTH="17" VPOS="228" HPOS="734"/>
							<String ID="string_24" HPOS="751" VPOS="227" WIDTH="90" HEIGHT="27" WC="0.96" CONTENT="Langlet"/>
						</TextLine>
						<TextLine ID="line_4" HPOS="102" VPOS="261" WIDTH="440" HEIGHT="28">
							<String ID="string_25" HPOS="102" VPOS="264" WIDTH="49" HEIGHT="20" WC="0.90" CONTENT="trån"/><SP WIDTH="15" VPOS="264" HPOS="151"/>
							<String ID="string_26" HPOS="166" VPOS="262" WIDTH="124" HEIGHT="22" WC="0.93" CONTENT="Stockholm"/><SP WIDTH="15" VPOS="262" HPOS="290"/>
							<String ID="string_27" HPOS="305" VPOS="262" WIDTH="71" HEIGHT="21" WC="0.92" CONTENT="såsom"/><SP WIDTH="15" VPOS="262" HPOS="376"/>
							<String ID="string_28" HPOS="391" VPOS="261" WIDTH="151" HEIGHT="28" WC="0.81" CONTENT="upphofsman,"/>
						</TextLine>
					</TextBlock>
					<TextBlock ID="block_2" HPOS="103" VPOS="295" WIDTH="739" HEIGHT="363">
						<TextLine ID="line_5" HPOS="171" VPOS="295" WIDTH="670" HEIGHT="28">
							<String ID="string_29" HPOS="171" VPOS="296" WIDTH="138" HEIGHT="21" WC="0.91" CONTENT="Beträffande"/><SP WIDTH="22" VPOS="296" HPOS="309"/>
							<String ID="string_30" HPOS="331" VPOS="296" WIDTH="26" HEIGHT="20" WC="0.96" CONTENT="de"/><SP WIDTH="22" VPOS="296" HPOS="357"/>
							<String ID="string_31" HPOS="379" VPOS="295" WIDTH="54" HEIGHT="21" WC="0.92" CONTENT="efter"/><SP WIDTH="21" VPOS="295" HPOS="433"/>
							<String ID="string_32" HPOS="454" VPOS="295" WIDTH="157" HEIGHT="27" WC="0.92" CONTENT="täflingstidens"/><SP WIDTH="21" VPOS="295" HPOS="611"/>
							<String ID="string_33" HPOS="632" VPOS="296" WIDTH="81" HEIGHT="27" WC="0.91" CONTENT="utgäng"/><SP WIDTH="20" VPOS="296" HPOS="713"/>
							<String ID="string_34" HPOS="733" VPOS="296" WIDTH="108" HEIGHT="21" WC="0.92" CONTENT="ankomna"/>
						</TextLine>
						<TextLine ID="line_6" HPOS="103" VPOS="329" WIDTH="737" HEIGHT="28">
							<String ID="string_35" HPOS="103" VPOS="330" WIDTH="35" HEIGHT="27" WC="0.92" CONTENT="sju"/><SP WIDTH="22" VPOS="330" HPOS="138"/>
							<String ID="string_36" HPOS="160" VPOS="330" WIDTH="139" HEIGHT="27" WC="0.92" CONTENT="ritningarna,"/><SP WIDTH="24" VPOS="330" HPOS="299"/>
							<String ID="string_37" HPOS="323" VPOS="329" WIDTH="70" HEIGHT="21" WC="0.91" CONTENT="bletvo"/><SP WIDTH="23" VPOS="329" HPOS="393"/>
							<String ID="string_38" HPOS="416" VPOS="329" WIDTH="64" HEIGHT="21" WC="0.96" CONTENT="dessa"/><SP WIDTH="20" VPOS="329" HPOS="480"/>
							<String ID="string_39" HPOS="500" VPOS="330" WIDTH="29" HEIGHT="26" WC="0.96" CONTENT="pä"/><SP WIDTH="20" VPOS="330" HPOS="529"/>
							<String ID="string_40" HPOS="549" VPOS="329" WIDTH="69" HEIGHT="27" WC="0.96" CONTENT="grund"/><SP WIDTH="21" VPOS="329" HPOS="618"/>
							<String ID="string_41" HPOS="639" VPOS="329" WIDTH="24" HEIGHT="21" WC="0.93" CONTENT="af"/><SP WIDTH="10" VPOS="329" HPOS="663"/>
							<String ID="string_42" HPOS="673" VPOS="330" WIDTH="77" HEIGHT="27" WC="0.91" CONTENT="juryns"/><SP WIDTH="16" VPOS="330" HPOS="750"/>
							<String ID="string_43" HPOS="766" VPOS="329" WIDTH="74" HEIGHT="21" WC="0.92" CONTENT="derom"/>
						</TextLine>
						<TextLine ID="line_7" HPOS="103" VPOS="362" WIDTH="738" HEIGHT="28">
							<String ID="string_44" HPOS="103" VPOS="363" WIDTH="83" HEIGHT="22" WC="0.95" CONTENT="fattade"/><SP WIDTH="15" VPOS="363" HPOS="186"/>
							<String ID="string_45" HPOS="201" VPOS="363" WIDTH="72" HEIGHT="22" WC="0.96" CONTENT="beslut"/><SP WIDTH="15" VPOS="363" HPOS="273"/>
							<String ID="string_46" HPOS="288" VPOS="363" WIDTH="41" HEIGHT="21" WC="0.96" CONTENT="och"/><SP WIDTH="14" VPOS="363" HPOS="329"/>
							<String ID="string_47" HPOS="343" VPOS="363" WIDTH="66" HEIGHT="21" WC="0.93" CONTENT="sedan"/><SP WIDTH="19" VPOS="363" HPOS="409"/>
							<String ID="string_48" HPOS="428" VPOS="363" WIDTH="77" HEIGHT="21" WC="0.92" CONTENT="domen"/><SP WIDTH="16" VPOS="363" HPOS="505"/>
							<String ID="string_49" HPOS="521" VPOS="362" WIDTH="59" HEIGHT="22" WC="0.96" CONTENT="öfver"/><SP WIDTH="15" VPOS="362" HPOS="580"/>
							<String ID="string_50" HPOS="595" VPOS="363" WIDTH="26" HEIGHT="21" WC="0.96" CONTENT="de"/><SP WIDTH="15" VPOS="363" HPOS="621"/>
							<String ID="string_51" HPOS="636" VPOS="363" WIDTH="7" HEIGHT="21" WC="0.93" CONTENT="i"/><SP WIDTH="14" VPOS="363" HPOS="643"/>
							<String ID="string_52" HPOS="657" VPOS="363" WIDTH="91" HEIGHT="27" WC="0.92" CONTENT="behörig"/><SP WIDTH="14" VPOS="363" HPOS="748"/>
							<String ID="string_53" HPOS="762" VPOS="363" WIDTH="32" HEIGHT="21" WC="0.93" CONTENT="tid"/><SP WIDTH="15" VPOS="363" HPOS="794"/>
							<String ID="string_54" HPOS="809" VPOS="363" WIDTH="32" HEIGHT="20" WC="0.92" CONTENT="in-"/>
						</TextLine>
						<TextLine ID="line_8" HPOS="103" VPOS="396" WIDTH="737" HEIGHT="29">
							<String ID="string_55" HPOS="103" VPOS="398" WIDTH="98" HEIGHT="21" WC="0.92" CONTENT="lemnade"/><SP WIDTH="15" VPOS="398" HPOS="201"/>
							<String ID="string_56" HPOS="216" VPOS="398" WIDTH="112" HEIGHT="27" WC="0.92" CONTENT="projekten"/><SP WIDTH="15" VPOS="398" HPOS="328"/>
							<String ID="string_57" HPOS="343" VPOS="397" WIDTH="62" HEIGHT="26" WC="0.92" CONTENT="fallit,"/><SP WIDTH="17" VPOS="397" HPOS="405"/>
							<String ID="string_58" HPOS="422" VPOS="396" WIDTH="157" HEIGHT="22" WC="0.92" CONTENT="öfverlemnade"/><SP WIDTH="14" VPOS="396" HPOS="579"/>
							<String ID="string_59" HPOS="593" VPOS="396" WIDTH="35" HEIGHT="22" WC="0.93" CONTENT="till"/><SP WIDTH="10" VPOS="396" HPOS="628"/>
							<String ID="string_60" HPOS="638" VPOS="397" WIDTH="133" HEIGHT="27" WC="0.92" CONTENT="granskning"/><SP WIDTH="10" VPOS="397" HPOS="771"/>
							<String ID="string_61" HPOS="781" VPOS="398" WIDTH="23" HEIGHT="20" WC="0.96" CONTENT="ät"/><SP WIDTH="10" VPOS="398" HPOS="804"/>
							<String ID="string_62" HPOS="814" VPOS="396" WIDTH="26" HEIGHT="22" WC="0.97" CONTENT="de"/>
						</TextLine>
						<TextLine ID="line_9" HPOS="103" VPOS="430" WIDTH="738" HEIGHT="30">
							<String ID="string_63" HPOS="103" VPOS="432" WIDTH="8" HEIGHT="20" WC="0.96" CONTENT="i"/><SP WIDTH="12" VPOS="432" HPOS="111"/>
							<String ID="string_64" HPOS="123" VPOS="432" WIDTH="65" HEIGHT="28" WC="0.96" CONTENT="juryn"/><SP WIDTH="16" VPOS="432" HPOS="188"/>
							<String ID="string_65" HPOS="204" VPOS="431" WIDTH="128" HEIGHT="28" WC="0.93" CONTENT="deltagande"/><SP WIDTH="15" VPOS="431" HPOS="332"/>
							<String ID="string_66" HPOS="347" VPOS="431" WIDTH="111" HEIGHT="21" WC="0.92" CONTENT="inhemske"/><SP WIDTH="14" VPOS="431" HPOS="458"/>
							<String ID="string_67" HPOS="472" VPOS="431" WIDTH="149" HEIGHT="25" WC="0.92" CONTENT="fackmännen,"/><SP WIDTH="15" VPOS="431" HPOS="621"/>
							<String ID="string_68" HPOS="636" VPOS="430" WIDTH="35" HEIGHT="22" WC="0.96" CONTENT="för"/><SP WIDTH="16" VPOS="430" HPOS="671"/>
							<String ID="string_69" HPOS="687" VPOS="431" WIDTH="41" HEIGHT="21" WC="0.93" CONTENT="den"/><SP WIDTH="10" VPOS="431" HPOS="728"/>
							<String ID="string_70" HPOS="738" VPOS="430" WIDTH="103" HEIGHT="22" WC="0.93" CONTENT="händelse"/>
						</TextLine>
						<TextLine ID="line_10" HPOS="104" VPOS="464" WIDTH="736" HEIGHT="29">
							<String ID="string_71" HPOS="104" VPOS="468" WIDTH="32" HEIGHT="19" WC="0.93" CONTENT="att"/><SP WIDTH="14" VPOS="468" HPOS="136"/>
							<String ID="string_72" HPOS="150" VPOS="466" WIDTH="66" HEIGHT="27" WC="0.92" CONTENT="nägot"/><SP WIDTH="15" VPOS="466" HPOS="216"/>
							<String ID="string_73" HPOS="231" VPOS="465" WIDTH="24" HEIGHT="21" WC="0.96" CONTENT="af"/><SP WIDTH="14" VPOS="465" HPOS="255"/>
							<String ID="string_74" HPOS="269" VPOS="465" WIDTH="63" HEIGHT="21" WC="0.93" CONTENT="dessa"/><SP WIDTH="14" VPOS="465" HPOS="332"/>
							<String ID="string_75" HPOS="346" VPOS="465" WIDTH="109" HEIGHT="27" WC="0.93" CONTENT="projekter"/><SP WIDTH="15" VPOS="465" HPOS="455"/>
							<String ID="string_76" HPOS="470" VPOS="472" WIDTH="50" HEIGHT="14" WC="0.93" CONTENT="vore"/><SP WIDTH="15" VPOS="472" HPOS="520"/>
							<String ID="string_77" HPOS="535" VPOS="464" WIDTH="23" HEIGHT="22" WC="0.96" CONTENT="af"/><SP WIDTH="10" VPOS="464" HPOS="558"/>
							<String ID="string_78" HPOS="568" VPOS="465" WIDTH="35" HEIGHT="21" WC="0.93" CONTENT="det"/><SP WIDTH="9" VPOS="465" HPOS="603"/>
							<String ID="string_79" HPOS="612" VPOS="465" WIDTH="146" HEIGHT="21" WC="0.92" CONTENT="framstäende"/><SP WIDTH="12" VPOS="465" HPOS="758"/>
							<String ID="string_80" HPOS="770" VPOS="465" WIDTH="70" HEIGHT="25" WC="0.96" CONTENT="värde,"/>
						</TextLine>
						<TextLine ID="line_11" HPOS="104" VPOS="498" WIDTH="737" HEIGHT="29">
							<String ID="string_81" HPOS="104" VPOS="502" WIDTH="33" HEIGHT="19" WC="0.96" CONTENT="att"/><SP WIDTH="15" VPOS="502" HPOS="137"/>
							<String ID="string_82" HPOS="152" VPOS="500" WIDTH="48" HEIGHT="21" WC="0.93" CONTENT="dess"/><SP WIDTH="15" VPOS="500" HPOS="200"/>
							<String ID="string_83" HPOS="215" VPOS="499" WIDTH="150" HEIGHT="22" WC="0.92" CONTENT="förvärfvande"/><SP WIDTH="14" VPOS="499" HPOS="365"/>
							<String ID="string_84" HPOS="379" VPOS="506" WIDTH="77" HEIGHT="20" WC="0.96" CONTENT="genom"/><SP WIDTH="16" VPOS="506" HPOS="456"/>
							<String ID="string_85" HPOS="472" VPOS="498" WIDTH="42" HEIGHT="28" WC="0.92" CONTENT="köp"/><SP WIDTH="15" VPOS="498" HPOS="514"/>
							<String ID="string_86" HPOS="529" VPOS="498" WIDTH="69" HEIGHT="22" WC="0.86" CONTENT="blefve"/><SP WIDTH="18" VPOS="498" HPOS="598"/>
							<String ID="string_87" HPOS="616" VPOS="499" WIDTH="100" HEIGHT="28" WC="0.92" CONTENT="önskligt."/><SP WIDTH="32" VPOS="499" HPOS="716"/>
							<String ID="string_88" HPOS="748" VPOS="499" WIDTH="93" HEIGHT="21" WC="0.90" CONTENT="Gransk-"/>
						</TextLine>
						<TextLine ID="line_12" HPOS="104" VPOS="532" WIDTH="737" HEIGHT="29">
							<String ID="string_89" HPOS="104" VPOS="534" WIDTH="79" HEIGHT="27" WC="0.91" CONTENT="ningen"/><SP WIDTH="21" VPOS="534" HPOS="183"/>
							<String ID="string_90" HPOS="204" VPOS="534" WIDTH="65" HEIGHT="21" WC="0.92" CONTENT="utföll"/><SP WIDTH="22" VPOS="534" HPOS="269"/>
							<String ID="string_91" HPOS="291" VPOS="532" WIDTH="118" HEIGHT="22" WC="0.91" CONTENT="emellertid"/><SP WIDTH="22" VPOS="532" HPOS="409"/>
							<String ID="string_92" HPOS="431" VPOS="532" WIDTH="97" HEIGHT="26" WC="0.90" CONTENT="sälunda,"/><SP WIDTH="23" VPOS="532" HPOS="528"/>
							<String ID="string_93" HPOS="551" VPOS="535" WIDTH="32" HEIGHT="19" WC="0.93" CONTENT="att"/><SP WIDTH="21" VPOS="535" HPOS="583"/>
							<String ID="string_94" HPOS="604" VPOS="533" WIDTH="56" HEIGHT="21" WC="0.92" CONTENT="intet"/><SP WIDTH="20" VPOS="533" HPOS="660"/>
							<String ID="string_95" HPOS="680" VPOS="534" WIDTH="22" HEIGHT="20" WC="0.95" CONTENT="af"/><SP WIDTH="23" VPOS="534" HPOS="702"/>
							<String ID="string_96" HPOS="725" VPOS="533" WIDTH="63" HEIGHT="21" WC="0.96" CONTENT="dessa"/><SP WIDTH="20" VPOS="533" HPOS="788"/>
							<String ID="string_97" HPOS="808" VPOS="533" WIDTH="33" HEIGHT="27" WC="0.96" CONTENT="sju"/>
						</TextLine>
						<TextLine ID="line_13" HPOS="104" VPOS="566" WIDTH="738" HEIGHT="30">
							<String ID="string_98" HPOS="104" VPOS="568" WIDTH="109" HEIGHT="28" WC="0.91" CONTENT="projekter"/><SP WIDTH="14" VPOS="568" HPOS="213"/>
							<String ID="string_99" HPOS="227" VPOS="567" WIDTH="72" HEIGHT="21" WC="0.96" CONTENT="kunde"/><SP WIDTH="16" VPOS="567" HPOS="299"/>
							<String ID="string_100" HPOS="315" VPOS="567" WIDTH="23" HEIGHT="21" WC="0.93" CONTENT="af"/><SP WIDTH="13" VPOS="567" HPOS="338"/>
							<String ID="string_101" HPOS="351" VPOS="567" WIDTH="74" HEIGHT="21" WC="0.92" CONTENT="herrar"/><SP WIDTH="15" VPOS="567" HPOS="425"/>
							<String ID="string_102" HPOS="440" VPOS="566" WIDTH="100" HEIGHT="22" WC="0.92" CONTENT="fackmän"/><SP WIDTH="16" VPOS="566" HPOS="540"/>
							<String ID="string_103" HPOS="556" VPOS="566" WIDTH="126" HEIGHT="28" WC="0.92" CONTENT="obetingadt"/><SP WIDTH="14" VPOS="566" HPOS="682"/>
							<String ID="string_104" HPOS="696" VPOS="566" WIDTH="100" HEIGHT="22" WC="0.92" CONTENT="förordas"/><SP WIDTH="12" VPOS="566" HPOS="796"/>
							<String ID="string_105" HPOS="808" VPOS="566" WIDTH="34" HEIGHT="22" WC="0.96" CONTENT="till"/>
						</TextLine>
						<TextLine ID="line_14" HPOS="105" VPOS="600" WIDTH="736" HEIGHT="29">
							<String ID="string_106" HPOS="105" VPOS="602" WIDTH="72" HEIGHT="27" WC="0.91" CONTENT="inköp,"/><SP WIDTH="19" VPOS="602" HPOS="177"/>
							<String ID="string_107" HPOS="196" VPOS="601" WIDTH="87" HEIGHT="22" WC="0.92" CONTENT="hvarför"/><SP WIDTH="20" VPOS="601" HPOS="283"/>
							<String ID="string_108" HPOS="303" VPOS="600" WIDTH="154" HEIGHT="28" WC="0.92" CONTENT="Delegationen"/><SP WIDTH="20" VPOS="600" HPOS="457"/>
							<String ID="string_109" HPOS="477" VPOS="601" WIDTH="31" HEIGHT="21" WC="0.97" CONTENT="lät"/><SP WIDTH="14" VPOS="601" HPOS="508"/>
							<String ID="string_110" HPOS="522" VPOS="600" WIDTH="35" HEIGHT="22" WC="0.96" CONTENT="vid"/><SP WIDTH="15" VPOS="600" HPOS="557"/>
							<String ID="string_111" HPOS="572" VPOS="600" WIDTH="43" HEIGHT="22" WC="0.96" CONTENT="alla"/><SP WIDTH="15" VPOS="600" HPOS="615"/>
							<String ID="string_112" HPOS="630" VPOS="601" WIDTH="73" HEIGHT="21" WC="0.93" CONTENT="vidare"/><SP WIDTH="15" VPOS="601" HPOS="703"/>
							<String ID="string_113" HPOS="718" VPOS="600" WIDTH="102" HEIGHT="28" WC="0.89" CONTENT="ätgärder"/><SP WIDTH="14" VPOS="600" HPOS="820"/>
							<String ID="string_114" HPOS="834" VPOS="600" WIDTH="7" HEIGHT="21" WC="0.96" CONTENT="i"/>
						</TextLine>
						<TextLine ID="line_15" HPOS="106" VPOS="636" WIDTH="139" HEIGHT="22">
							<String ID="string_115" HPOS="106" VPOS="636" WIDTH="67" HEIGHT="22" WC="0.93" CONTENT="saken"/><SP WIDTH="14" VPOS="636" HPOS="173"/>
							<String ID="string_116" HPOS="187" VPOS="636" WIDTH="58" HEIGHT="20" WC="0.96" CONTENT="bero."/>
						</TextLine>
					</TextBlock>
					<TextBlock ID="block_3" HPOS="105" VPOS="668" WIDTH="742" HEIGHT="504">
						<TextLine ID="line_16" HPOS="173" VPOS="668" WIDTH="670" HEIGHT="28">
							<String ID="string_117" HPOS="173" VPOS="669" WIDTH="58" HEIGHT="21" WC="0.91" CONTENT="Enär"/><SP WIDTH="20" VPOS="669" HPOS="231"/>
							<String ID="string_118" HPOS="251" VPOS="668" WIDTH="36" HEIGHT="22" WC="0.96" CONTENT="det"/><SP WIDTH="18" VPOS="668" HPOS="287"/>
							<String ID="string_119" HPOS="305" VPOS="668" WIDTH="49" HEIGHT="21" WC="0.96" CONTENT="med"/><SP WIDTH="18" VPOS="668" HPOS="354"/>
							<String ID="string_120" HPOS="372" VPOS="668" WIDTH="68" HEIGHT="22" WC="0.96" CONTENT="första"/><SP WIDTH="14" VPOS="668" HPOS="440"/>
							<String ID="string_121" HPOS="454" VPOS="669" WIDTH="70" HEIGHT="27" WC="0.93" CONTENT="priset"/><SP WIDTH="13" VPOS="669" HPOS="524"/>
							<String ID="string_122" HPOS="537" VPOS="668" WIDTH="111" HEIGHT="22" WC="0.92" CONTENT="utmärkta"/><SP WIDTH="14" VPOS="668" HPOS="648"/>
							<String ID="string_123" HPOS="662" VPOS="669" WIDTH="107" HEIGHT="27" WC="0.92" CONTENT="projektet"/><SP WIDTH="14" VPOS="669" HPOS="769"/>
							<String ID="string_124" HPOS="783" VPOS="669" WIDTH="60" HEIGHT="21" WC="0.93" CONTENT="inne-"/>
						</TextLine>
						<TextLine ID="line_17" HPOS="105" VPOS="702" WIDTH="738" HEIGHT="28">
							<String ID="string_125" HPOS="105" VPOS="703" WIDTH="46" HEIGHT="22" WC="0.91" CONTENT="höll"/><SP WIDTH="14" VPOS="703" HPOS="151"/>
							<String ID="string_126" HPOS="165" VPOS="703" WIDTH="106" HEIGHT="21" WC="0.93" CONTENT="särskilda"/><SP WIDTH="16" VPOS="703" HPOS="271"/>
							<String ID="string_127" HPOS="287" VPOS="703" WIDTH="128" HEIGHT="21" WC="0.93" CONTENT="alternativa"/><SP WIDTH="14" VPOS="703" HPOS="415"/>
							<String ID="string_128" HPOS="429" VPOS="702" WIDTH="83" HEIGHT="28" WC="0.92" CONTENT="törslag"/><SP WIDTH="14" VPOS="702" HPOS="512"/>
							<String ID="string_129" HPOS="526" VPOS="702" WIDTH="56" HEIGHT="22" WC="0.96" CONTENT="både"/><SP WIDTH="10" VPOS="702" HPOS="582"/>
							<String ID="string_130" HPOS="592" VPOS="702" WIDTH="33" HEIGHT="21" WC="0.93" CONTENT="till"/><SP WIDTH="9" VPOS="702" HPOS="625"/>
							<String ID="string_131" HPOS="634" VPOS="702" WIDTH="88" HEIGHT="22" WC="0.96" CONTENT="fasader"/><SP WIDTH="10" VPOS="702" HPOS="722"/>
							<String ID="string_132" HPOS="732" VPOS="702" WIDTH="40" HEIGHT="22" WC="0.93" CONTENT="och"/><SP WIDTH="10" VPOS="702" HPOS="772"/>
							<String ID="string_133" HPOS="782" VPOS="702" WIDTH="61" HEIGHT="28" WC="0.92" CONTENT="plan-"/>
						</TextLine>
						<TextLine ID="line_18" HPOS="106" VPOS="736" WIDTH="737" HEIGHT="28">
							<String ID="string_134" HPOS="106" VPOS="738" WIDTH="126" HEIGHT="26" WC="0.92" CONTENT="anordning,"/><SP WIDTH="21" VPOS="738" HPOS="232"/>
							<String ID="string_135" HPOS="253" VPOS="737" WIDTH="40" HEIGHT="21" WC="0.96" CONTENT="och"/><SP WIDTH="20" VPOS="737" HPOS="293"/>
							<String ID="string_136" HPOS="313" VPOS="737" WIDTH="28" HEIGHT="21" WC="0.96" CONTENT="dä"/><SP WIDTH="18" VPOS="737" HPOS="341"/>
							<String ID="string_137" HPOS="359" VPOS="737" WIDTH="66" HEIGHT="27" WC="0.96" CONTENT="enligt"/><SP WIDTH="15" VPOS="737" HPOS="425"/>
							<String ID="string_138" HPOS="440" VPOS="736" WIDTH="36" HEIGHT="22" WC="0.96" CONTENT="det"/><SP WIDTH="15" VPOS="736" HPOS="476"/>
							<String ID="string_139" HPOS="491" VPOS="737" WIDTH="22" HEIGHT="21" WC="0.93" CONTENT="at"/><SP WIDTH="14" VPOS="737" HPOS="513"/>
							<String ID="string_140" HPOS="527" VPOS="736" WIDTH="142" HEIGHT="28" WC="0.92" CONTENT="Landtdagen"/><SP WIDTH="15" VPOS="736" HPOS="669"/>
							<String ID="string_141" HPOS="684" VPOS="738" WIDTH="23" HEIGHT="20" WC="0.92" CONTENT="ät"/><SP WIDTH="15" VPOS="738" HPOS="707"/>
							<String ID="string_142" HPOS="722" VPOS="736" WIDTH="121" HEIGHT="28" WC="0.92" CONTENT="Delegatio-"/>
						</TextLine>
						<TextLine ID="line_19" HPOS="105" VPOS="770" WIDTH="739" HEIGHT="29">
							<String ID="string_143" HPOS="105" VPOS="778" WIDTH="42" HEIGHT="15" WC="0.93" CONTENT="nen"/><SP WIDTH="16" VPOS="778" HPOS="147"/>
							<String ID="string_144" HPOS="163" VPOS="771" WIDTH="58" HEIGHT="28" WC="0.92" CONTENT="gifna"/><SP WIDTH="14" VPOS="771" HPOS="221"/>
							<String ID="string_145" HPOS="235" VPOS="770" WIDTH="122" HEIGHT="28" WC="0.96" CONTENT="uppdraget"/><SP WIDTH="14" VPOS="770" HPOS="357"/>
							<String ID="string_146" HPOS="371" VPOS="770" WIDTH="127" HEIGHT="28" WC="0.93" CONTENT="fullständig"/><SP WIDTH="15" VPOS="770" HPOS="498"/>
							<String ID="string_147" HPOS="513" VPOS="771" WIDTH="79" HEIGHT="27" WC="0.96" CONTENT="ritning"/><SP WIDTH="14" VPOS="771" HPOS="592"/>
							<String ID="string_148" HPOS="606" VPOS="770" WIDTH="40" HEIGHT="22" WC="0.93" CONTENT="och"/><SP WIDTH="10" VPOS="770" HPOS="646"/>
							<String ID="string_149" HPOS="656" VPOS="770" WIDTH="188" HEIGHT="28" WC="0.96" CONTENT="kostnadsförslag"/>
						</TextLine>
						<TextLine ID="line_20" HPOS="107" VPOS="804" WIDTH="736" HEIGHT="28">
							<String ID="string_150" HPOS="107" VPOS="805" WIDTH="68" HEIGHT="22" WC="0.92" CONTENT="borde"/><SP WIDTH="21" VPOS="805" HPOS="175"/>
							<String ID="string_151" HPOS="196" VPOS="804" WIDTH="116" HEIGHT="26" WC="0.90" CONTENT="anskaflas,"/><SP WIDTH="22" VPOS="804" HPOS="312"/>
							<String ID="string_152" HPOS="334" VPOS="804" WIDTH="100" HEIGHT="28" WC="0.91" CONTENT="uppdrog"/><SP WIDTH="19" VPOS="804" HPOS="434"/>
							<String ID="string_153" HPOS="453" VPOS="804" WIDTH="156" HEIGHT="28" WC="0.92" CONTENT="Delegationen"/><SP WIDTH="14" VPOS="804" HPOS="609"/>
							<String ID="string_154" HPOS="623" VPOS="806" WIDTH="23" HEIGHT="20" WC="0.93" CONTENT="ät"/><SP WIDTH="15" VPOS="806" HPOS="646"/>
							<String ID="string_155" HPOS="661" VPOS="805" WIDTH="121" HEIGHT="21" WC="0.91" CONTENT="arkitekten"/><SP WIDTH="15" VPOS="805" HPOS="782"/>
							<String ID="string_156" HPOS="797" VPOS="805" WIDTH="46" HEIGHT="27" WC="0.91" CONTENT="Sjö-"/>
						</TextLine>
						<TextLine ID="line_21" HPOS="106" VPOS="838" WIDTH="739" HEIGHT="28">
							<String ID="string_157" HPOS="106" VPOS="841" WIDTH="67" HEIGHT="20" WC="0.92" CONTENT="ström"/><SP WIDTH="16" VPOS="841" HPOS="173"/>
							<String ID="string_158" HPOS="189" VPOS="840" WIDTH="32" HEIGHT="20" WC="0.96" CONTENT="att"/><SP WIDTH="14" VPOS="840" HPOS="221"/>
							<String ID="string_159" HPOS="235" VPOS="839" WIDTH="49" HEIGHT="21" WC="0.96" CONTENT="med"/><SP WIDTH="14" VPOS="839" HPOS="284"/>
							<String ID="string_160" HPOS="298" VPOS="838" WIDTH="87" HEIGHT="28" WC="0.96" CONTENT="ledning"/><SP WIDTH="16" VPOS="838" HPOS="385"/>
							<String ID="string_161" HPOS="401" VPOS="838" WIDTH="23" HEIGHT="22" WC="0.97" CONTENT="af"/><SP WIDTH="14" VPOS="838" HPOS="424"/>
							<String ID="string_162" HPOS="438" VPOS="838" WIDTH="26" HEIGHT="21" WC="0.96" CONTENT="de"/><SP WIDTH="16" VPOS="838" HPOS="464"/>
							<String ID="string_163" HPOS="480" VPOS="838" WIDTH="24" HEIGHT="21" WC="0.93" CONTENT="af"/><SP WIDTH="10" VPOS="838" HPOS="504"/>
							<String ID="string_164" HPOS="514" VPOS="838" WIDTH="76" HEIGHT="28" WC="0.92" CONTENT="juryns"/><SP WIDTH="15" VPOS="838" HPOS="590"/>
							<String ID="string_165" HPOS="605" VPOS="840" WIDTH="99" HEIGHT="26" WC="0.92" CONTENT="experter"/><SP WIDTH="12" VPOS="840" HPOS="704"/>
							<String ID="string_166" HPOS="716" VPOS="838" WIDTH="129" HEIGHT="22" WC="0.92" CONTENT="framstälda"/>
						</TextLine>
						<TextLine ID="line_22" HPOS="107" VPOS="872" WIDTH="738" HEIGHT="28">
							<String ID="string_167" HPOS="107" VPOS="875" WIDTH="81" HEIGHT="20" WC="0.91" CONTENT="smärre"/><SP WIDTH="20" VPOS="875" HPOS="188"/>
							<String ID="string_168" HPOS="208" VPOS="872" WIDTH="184" HEIGHT="28" WC="0.91" CONTENT="ändringsförslag"/><SP WIDTH="18" VPOS="872" HPOS="392"/>
							<String ID="string_169" HPOS="410" VPOS="872" WIDTH="8" HEIGHT="21" WC="0.96" CONTENT="i"/><SP WIDTH="20" VPOS="872" HPOS="418"/>
							<String ID="string_170" HPOS="438" VPOS="874" WIDTH="31" HEIGHT="19" WC="0.93" CONTENT="ett"/><SP WIDTH="15" VPOS="874" HPOS="469"/>
							<String ID="string_171" HPOS="484" VPOS="872" WIDTH="84" HEIGHT="28" WC="0.91" CONTENT="slutligt"/><SP WIDTH="13" VPOS="872" HPOS="568"/>
							<String ID="string_172" HPOS="581" VPOS="872" WIDTH="86" HEIGHT="28" WC="0.93" CONTENT="projekt"/><SP WIDTH="15" VPOS="872" HPOS="667"/>
							<String ID="string_173" HPOS="682" VPOS="872" WIDTH="163" HEIGHT="22" WC="0.91" CONTENT="sammanställa"/>
						</TextLine>
						<TextLine ID="line_23" HPOS="109" VPOS="906" WIDTH="734" HEIGHT="28">
							<String ID="string_174" HPOS="109" VPOS="908" WIDTH="36" HEIGHT="20" WC="0.92" CONTENT="det"/><SP WIDTH="26" VPOS="908" HPOS="145"/>
							<String ID="string_175" HPOS="171" VPOS="907" WIDTH="62" HEIGHT="21" WC="0.92" CONTENT="bästa"/><SP WIDTH="27" VPOS="907" HPOS="233"/>
							<String ID="string_176" HPOS="260" VPOS="906" WIDTH="26" HEIGHT="21" WC="0.96" CONTENT="de"/><SP WIDTH="27" VPOS="906" HPOS="286"/>
							<String ID="string_177" HPOS="313" VPOS="906" WIDTH="107" HEIGHT="21" WC="0.93" CONTENT="särskilda"/><SP WIDTH="23" VPOS="906" HPOS="420"/>
							<String ID="string_178" HPOS="443" VPOS="906" WIDTH="129" HEIGHT="22" WC="0.89" CONTENT="alternativa"/><SP WIDTH="23" VPOS="906" HPOS="572"/>
							<String ID="string_179" HPOS="595" VPOS="906" WIDTH="109" HEIGHT="28" WC="0.89" CONTENT="förslagen"/><SP WIDTH="24" VPOS="906" HPOS="704"/>
							<String ID="string_180" HPOS="728" VPOS="906" WIDTH="115" HEIGHT="22" WC="0.90" CONTENT="innehöllo."/>
						</TextLine>
						<TextLine ID="line_24" HPOS="108" VPOS="940" WIDTH="737" HEIGHT="28">
							<String ID="string_181" HPOS="108" VPOS="941" WIDTH="70" HEIGHT="22" WC="0.92" CONTENT="Sedan"/><SP WIDTH="22" VPOS="941" HPOS="178"/>
							<String ID="string_182" HPOS="200" VPOS="941" WIDTH="49" HEIGHT="21" WC="0.96" CONTENT="herr"/><SP WIDTH="22" VPOS="941" HPOS="249"/>
							<String ID="string_183" HPOS="271" VPOS="940" WIDTH="106" HEIGHT="28" WC="0.92" CONTENT="Sjöström"/><SP WIDTH="20" VPOS="940" HPOS="377"/>
							<String ID="string_184" HPOS="397" VPOS="940" WIDTH="61" HEIGHT="21" WC="0.92" CONTENT="äfven"/><SP WIDTH="20" VPOS="940" HPOS="458"/>
							<String ID="string_185" HPOS="478" VPOS="940" WIDTH="93" HEIGHT="28" WC="0.89" CONTENT="benäget"/><SP WIDTH="16" VPOS="940" HPOS="571"/>
							<String ID="string_186" HPOS="587" VPOS="940" WIDTH="99" HEIGHT="28" WC="0.87" CONTENT="fullgjort"/><SP WIDTH="24" VPOS="940" HPOS="686"/>
							<String ID="string_187" HPOS="710" VPOS="940" WIDTH="59" HEIGHT="22" WC="0.93" CONTENT="detta"/><SP WIDTH="21" VPOS="940" HPOS="769"/>
							<String ID="string_188" HPOS="790" VPOS="948" WIDTH="55" HEIGHT="20" WC="0.92" CONTENT="upp-"/>
						</TextLine>
						<TextLine ID="line_25" HPOS="108" VPOS="974" WIDTH="738" HEIGHT="28">
							<String ID="string_189" HPOS="108" VPOS="976" WIDTH="59" HEIGHT="26" WC="0.92" CONTENT="drag,"/><SP WIDTH="33" VPOS="976" HPOS="167"/>
							<String ID="string_190" HPOS="200" VPOS="974" WIDTH="34" HEIGHT="21" WC="0.95" CONTENT="får"/><SP WIDTH="21" VPOS="974" HPOS="234"/>
							<String ID="string_191" HPOS="255" VPOS="974" WIDTH="155" HEIGHT="27" WC="0.91" CONTENT="Delegationen"/><SP WIDTH="26" VPOS="974" HPOS="410"/>
							<String ID="string_192" HPOS="436" VPOS="974" WIDTH="106" HEIGHT="28" WC="0.91" CONTENT="härjämte"/><SP WIDTH="22" VPOS="974" HPOS="542"/>
							<String ID="string_193" HPOS="564" VPOS="974" WIDTH="33" HEIGHT="21" WC="0.96" CONTENT="till"/><SP WIDTH="22" VPOS="974" HPOS="597"/>
							<String ID="string_194" HPOS="619" VPOS="974" WIDTH="104" HEIGHT="22" WC="0.85" CONTENT="Finlands"/><SP WIDTH="30" VPOS="974" HPOS="723"/>
							<String ID="string_195" HPOS="753" VPOS="974" WIDTH="93" HEIGHT="22" WC="0.85" CONTENT="Ständer"/>
						</TextLine>
						<TextLine ID="line_26" HPOS="108" VPOS="1008" WIDTH="737" HEIGHT="27">
							<String ID="string_196" HPOS="108" VPOS="1009" WIDTH="109" HEIGHT="21" WC="0.93" CONTENT="vördsamt"/><SP WIDTH="20" VPOS="1009" HPOS="217"/>
							<String ID="string_197" HPOS="237" VPOS="1008" WIDTH="130" HEIGHT="21" WC="0.90" CONTENT="öfverlemna"/><SP WIDTH="20" VPOS="1008" HPOS="367"/>
							<String ID="string_198" HPOS="387" VPOS="1008" WIDTH="59" HEIGHT="21" WC="0.93" CONTENT="detta"/><SP WIDTH="17" VPOS="1008" HPOS="446"/>
							<String ID="string_199" HPOS="463" VPOS="1008" WIDTH="50" HEIGHT="21" WC="0.92" CONTENT="herr"/><SP WIDTH="15" VPOS="1008" HPOS="513"/>
							<String ID="string_200" HPOS="528" VPOS="1008" WIDTH="117" HEIGHT="27" WC="0.91" CONTENT="Sjöströms"/><SP WIDTH="15" VPOS="1008" HPOS="645"/>
							<String ID="string_201" HPOS="660" VPOS="1008" WIDTH="92" HEIGHT="27" WC="0.93" CONTENT="projekt,"/><SP WIDTH="16" VPOS="1008" HPOS="752"/>
							<String ID="string_202" HPOS="768" VPOS="1008" WIDTH="77" HEIGHT="22" WC="0.92" CONTENT="omfat-"/>
						</TextLine>
						<TextLine ID="line_27" HPOS="107" VPOS="1041" WIDTH="740" HEIGHT="28">
							<String ID="string_203" HPOS="107" VPOS="1043" WIDTH="71" HEIGHT="25" WC="0.96" CONTENT="tande,"/><SP WIDTH="19" VPOS="1043" HPOS="178"/>
							<String ID="string_204" HPOS="197" VPOS="1044" WIDTH="60" HEIGHT="19" WC="0.96" CONTENT="utom"/><SP WIDTH="18" VPOS="1044" HPOS="257"/>
							<String ID="string_205" HPOS="275" VPOS="1041" WIDTH="186" HEIGHT="28" WC="0.96" CONTENT="kostnadsförslag"/><SP WIDTH="19" VPOS="1041" HPOS="461"/>
							<String ID="string_206" HPOS="480" VPOS="1041" WIDTH="99" HEIGHT="22" WC="0.96" CONTENT="slutande"/><SP WIDTH="21" VPOS="1041" HPOS="579"/>
							<String ID="string_207" HPOS="600" VPOS="1042" WIDTH="32" HEIGHT="27" WC="0.93" CONTENT="sig"/><SP WIDTH="19" VPOS="1042" HPOS="632"/>
							<String ID="string_208" HPOS="651" VPOS="1043" WIDTH="13" HEIGHT="20" WC="0.81" CONTENT="ä"/><SP WIDTH="18" VPOS="1043" HPOS="664"/>
							<String ID="string_209" HPOS="682" VPOS="1049" WIDTH="26" HEIGHT="14" WC="0.96" CONTENT="en"/><SP WIDTH="16" VPOS="1049" HPOS="708"/>
							<String ID="string_210" HPOS="724" VPOS="1049" WIDTH="85" HEIGHT="14" WC="0.96" CONTENT="summa"/><SP WIDTH="14" VPOS="1049" HPOS="809"/>
							<String ID="string_211" HPOS="823" VPOS="1041" WIDTH="24" HEIGHT="22" WC="0.96" CONTENT="af"/>
						</TextLine>
						<TextLine ID="line_28" HPOS="109" VPOS="1075" WIDTH="736" HEIGHT="28">
							<String ID="string_212" HPOS="109" VPOS="1077" WIDTH="90" HEIGHT="25" WC="0.91" CONTENT="800,000"/><SP WIDTH="15" VPOS="1077" HPOS="199"/>
							<String ID="string_213" HPOS="214" VPOS="1075" WIDTH="67" HEIGHT="26" WC="0.96" CONTENT="mark,"/><SP WIDTH="16" VPOS="1075" HPOS="281"/>
							<String ID="string_214" HPOS="297" VPOS="1076" WIDTH="12" HEIGHT="20" WC="0.92" CONTENT="8"/><SP WIDTH="16" VPOS="1076" HPOS="309"/>
							<String ID="string_215" HPOS="325" VPOS="1075" WIDTH="78" HEIGHT="26" WC="0.92" CONTENT="fasad-,"/><SP WIDTH="13" VPOS="1075" HPOS="403"/>
							<String ID="string_216" HPOS="416" VPOS="1076" WIDTH="62" HEIGHT="27" WC="0.93" CONTENT="plan-"/><SP WIDTH="10" VPOS="1076" HPOS="478"/>
							<String ID="string_217" HPOS="488" VPOS="1076" WIDTH="41" HEIGHT="21" WC="0.93" CONTENT="och"/><SP WIDTH="10" VPOS="1076" HPOS="529"/>
							<String ID="string_218" HPOS="539" VPOS="1076" WIDTH="306" HEIGHT="27" WC="0.92" CONTENT="genomskärningsritningar,"/>
						</TextLine>
						<TextLine ID="line_29" HPOS="109" VPOS="1109" WIDTH="736" HEIGHT="29">
							<String ID="string_219" HPOS="109" VPOS="1112" WIDTH="55" HEIGHT="19" WC="0.95" CONTENT="samt"/><SP WIDTH="19" VPOS="1112" HPOS="164"/>
							<String ID="string_220" HPOS="183" VPOS="1109" WIDTH="34" HEIGHT="22" WC="0.95" CONTENT="för"/><SP WIDTH="18" VPOS="1109" HPOS="217"/>
							<String ID="string_221" HPOS="235" VPOS="1110" WIDTH="34" HEIGHT="21" WC="0.97" CONTENT="sin"/><SP WIDTH="15" VPOS="1110" HPOS="269"/>
							<String ID="string_222" HPOS="284" VPOS="1109" WIDTH="34" HEIGHT="21" WC="0.93" CONTENT="del"/><SP WIDTH="14" VPOS="1109" HPOS="318"/>
							<String ID="string_223" HPOS="332" VPOS="1109" WIDTH="178" HEIGHT="22" WC="0.92" CONTENT="rekommendera"/><SP WIDTH="16" VPOS="1109" HPOS="510"/>
							<String ID="string_224" HPOS="526" VPOS="1109" WIDTH="35" HEIGHT="22" WC="0.96" CONTENT="det"/><SP WIDTH="15" VPOS="1109" HPOS="561"/>
							<String ID="string_225" HPOS="576" VPOS="1117" WIDTH="83" HEIGHT="14" WC="0.96" CONTENT="samma"/><SP WIDTH="15" VPOS="1117" HPOS="659"/>
							<String ID="string_226" HPOS="674" VPOS="1111" WIDTH="32" HEIGHT="20" WC="0.93" CONTENT="att"/><SP WIDTH="15" VPOS="1111" HPOS="706"/>
							<String ID="string_227" HPOS="721" VPOS="1110" WIDTH="75" HEIGHT="28" WC="0.92" CONTENT="läggas"/><SP WIDTH="16" VPOS="1110" HPOS="796"/>
							<String ID="string_228" HPOS="812" VPOS="1110" WIDTH="33" HEIGHT="21" WC="0.96" CONTENT="till"/>
						</TextLine>
						<TextLine ID="line_30" HPOS="109" VPOS="1143" WIDTH="569" HEIGHT="29">
							<String ID="string_229" HPOS="109" VPOS="1144" WIDTH="69" HEIGHT="28" WC="0.96" CONTENT="grund"/><SP WIDTH="15" VPOS="1144" HPOS="178"/>
							<String ID="string_230" HPOS="193" VPOS="1144" WIDTH="34" HEIGHT="21" WC="0.93" CONTENT="för"/><SP WIDTH="15" VPOS="1144" HPOS="227"/>
							<String ID="string_231" HPOS="242" VPOS="1143" WIDTH="166" HEIGHT="22" WC="0.91" CONTENT="Ständerhusets"/><SP WIDTH="16" VPOS="1143" HPOS="408"/>
							<String ID="string_232" HPOS="424" VPOS="1143" WIDTH="120" HEIGHT="22" WC="0.93" CONTENT="eventuella"/><SP WIDTH="14" VPOS="1143" HPOS="544"/>
							<String ID="string_233" HPOS="558" VPOS="1143" WIDTH="120" HEIGHT="22" WC="0.93" CONTENT="utförande."/>
						</TextLine>
					</TextBlock>
				</ComposedBlock>
				<ComposedBlock ID="cblock_2" HPOS="182" VPOS="1199" WIDTH="427" HEIGHT="29">
					<TextBlock ID="block_4" HPOS="166" VPOS="1187" WIDTH="443" HEIGHT="41">
						<TextLine ID="line_31" HPOS="182" VPOS="1199" WIDTH="427" HEIGHT="29">
							<String ID="string_234" HPOS="182" VPOS="1199" WIDTH="132" HEIGHT="29" WC="0.95" CONTENT="Helsingfors"/><SP WIDTH="15" VPOS="1199" HPOS="314"/>
							<String ID="string_235" HPOS="329" VPOS="1200" WIDTH="42" HEIGHT="21" WC="0.96" CONTENT="den"/><SP WIDTH="17" VPOS="1200" HPOS="371"/>
							<String ID="string_236" HPOS="388" VPOS="1201" WIDTH="24" HEIGHT="20" WC="0.96" CONTENT="10"/><SP WIDTH="16" VPOS="1201" HPOS="412"/>
							<String ID="string_237" HPOS="428" VPOS="1200" WIDTH="104" HEIGHT="21" WC="0.93" CONTENT="Februari"/><SP WIDTH="18" VPOS="1200" HPOS="532"/>
							<String ID="string_238" HPOS="550" VPOS="1201" WIDTH="59" HEIGHT="21" WC="0.96" CONTENT="1882."/>
						</TextLine>
					</TextBlock>
				</ComposedBlock>
				<ComposedBlock ID="cblock_3" HPOS="123" VPOS="1261" WIDTH="710" HEIGHT="104">
					<TextBlock ID="block_5" HPOS="123" VPOS="1261" WIDTH="710" HEIGHT="104">
						<TextLine ID="line_32" HPOS="123" VPOS="1261" WIDTH="710" HEIGHT="24">
							<String ID="string_239" HPOS="123" VPOS="1263" WIDTH="20" HEIGHT="22" WC="0.96" CONTENT="E."/><SP WIDTH="15" VPOS="1263" HPOS="143"/>
							<String ID="string_240" HPOS="158" VPOS="1262" WIDTH="169" HEIGHT="22" WC="0.79" CONTENT="WASASTJERNA."/><SP WIDTH="307" VPOS="1262" HPOS="327"/>
							<String ID="string_241" HPOS="634" VPOS="1261" WIDTH="51" HEIGHT="22" WC="0.90" CONTENT="AVG."/><SP WIDTH="15" VPOS="1261" HPOS="685"/>
							<String ID="string_242" HPOS="700" VPOS="1262" WIDTH="133" HEIGHT="22" WC="0.95" CONTENT="SCHAUMAN."/>
						</TextLine>
						<TextLine ID="line_33" HPOS="123" VPOS="1301" WIDTH="649" HEIGHT="23">
							<String ID="string_243" HPOS="123" VPOS="1303" WIDTH="64" HEIGHT="21" WC="0.92" CONTENT="ALFR."/><SP WIDTH="16" VPOS="1303" HPOS="187"/>
							<String ID="string_244" HPOS="203" VPOS="1302" WIDTH="108" HEIGHT="21" WC="0.96" CONTENT="KIHLMAN."/><SP WIDTH="325" VPOS="1302" HPOS="311"/>
							<String ID="string_245" HPOS="636" VPOS="1301" WIDTH="21" HEIGHT="22" WC="0.95" CONTENT="0."/><SP WIDTH="16" VPOS="1301" HPOS="657"/>
							<String ID="string_246" HPOS="673" VPOS="1302" WIDTH="99" HEIGHT="21" WC="0.96" CONTENT="DONNER."/>
						</TextLine>
						<TextLine ID="line_34" HPOS="123" VPOS="1341" WIDTH="701" HEIGHT="24">
							<String ID="string_247" HPOS="123" VPOS="1342" WIDTH="52" HEIGHT="23" WC="0.90" CONTENT="AVG."/><SP WIDTH="16" VPOS="1342" HPOS="175"/>
							<String ID="string_248" HPOS="191" VPOS="1342" WIDTH="21" HEIGHT="21" WC="0.93" CONTENT="H."/><SP WIDTH="16" VPOS="1342" HPOS="212"/>
							<String ID="string_249" HPOS="228" VPOS="1342" WIDTH="65" HEIGHT="21" WC="0.84" CONTENT="BADE."/><SP WIDTH="342" VPOS="1342" HPOS="293"/>
							<String ID="string_250" HPOS="635" VPOS="1341" WIDTH="21" HEIGHT="22" WC="0.86" CONTENT="C."/><SP WIDTH="15" VPOS="1341" HPOS="656"/>
							<String ID="string_251" HPOS="671" VPOS="1341" WIDTH="21" HEIGHT="22" WC="0.93" CONTENT="G."/><SP WIDTH="16" VPOS="1341" HPOS="692"/>
							<String ID="string_252" HPOS="708" VPOS="1341" WIDTH="116" HEIGHT="22" WC="0.92" CONTENT="SANMARK."/>
						</TextLine>
					</TextBlock>
				</ComposedBlock>
				<ComposedBlock ID="cblock_4" HPOS="123" VPOS="1377" WIDTH="710" HEIGHT="28">
					<TextBlock ID="block_6" HPOS="123" VPOS="1377" WIDTH="710" HEIGHT="28">
						<TextLine ID="line_35" HPOS="123" VPOS="1377" WIDTH="710" HEIGHT="28">
							<String ID="string_253" HPOS="123" VPOS="1383" WIDTH="22" HEIGHT="21" WC="0.87" CONTENT="V."/><SP WIDTH="14" VPOS="1383" HPOS="145"/>
							<String ID="string_254" HPOS="159" VPOS="1377" WIDTH="112" HEIGHT="28" WC="0.94" CONTENT="LÖFGREN."/><SP WIDTH="363" VPOS="1377" HPOS="271"/>
							<String ID="string_255" HPOS="634" VPOS="1381" WIDTH="60" HEIGHT="22" WC="0.93" CONTENT="OTTO"/><SP WIDTH="16" VPOS="1381" HPOS="694"/>
							<String ID="string_256" HPOS="710" VPOS="1381" WIDTH="123" HEIGHT="24" WC="0.92" CONTENT="MARGELIN."/>
						</TextLine>
					</TextBlock>
				</ComposedBlock>
			</PrintSpace>
		</Page>
	</Layout>
</alto>
