1028 1673
192 125 14 22 6
393 126 181 23 Ständerhuset.
589 139 28 4 —
632 127 42 22 N:o
688 127 20 22 1.

232 187 137 24 Beträffande
384 189 40 22 den
439 189 37 27 tid,
492 197 46 15 som
553 189 69 23 skulle
641 189 49 30 åtgå
704 189 33 23 för
752 189 132 30 uppförande
899 189 28 22 af

164 229 43 21 nya
221 223 49 21 tull-
285 223 39 22 och
338 223 216 29 packhusbyggnader
568 231 29 14 m.
612 231 35 19 m.,
662 224 39 22 har
711 224 42 22 den
765 225 113 22 beräknats
887 223 36 23 till

165 257 14 21 2
194 255 29 28 år,
238 256 87 23 hvarför
345 257 49 22 med
416 257 99 23 afseende
530 257 13 23 å
557 257 137 30 möjligheten
709 261 31 20 att
755 258 13 23 &
783 259 69 22 denna
865 259 60 29 plats

165 291 114 28 uppbygga
293 293 31 21 ett
339 291 131 23 Ständerhus
484 292 34 22 till
532 294 61 20 nästa
607 292 100 29 landtdag
722 292 117 23 detsamma
847 293 77 29 gäller,

166 332 45 15 som
225 325 66 22 redan
305 325 97 24 anfördes
416 326 8 22 i
438 326 59 29 fråga
512 334 34 15 om
561 326 58 23 tiden
634 326 36 23 vid
684 327 203 28 Högvaktstomten.

359 397 82 21 Platsen
458 399 71 20 vester
544 403 33 15 om
594 397 139 28 Myntverket.

235 435 34 22 På
283 435 69 22 denna
366 436 33 22 för
412 437 132 22 närvarande
566 437 107 29 obebygda
694 437 56 29 plats
764 437 69 22 skulle
848 436 77 23 visser-

166 469 57 28 ligen
239 471 31 20 ett
285 469 131 24 Ständerhus
430 471 49 22 med
494 472 26 21 de
536 471 148 27 dimensioner,
694 471 58 23 detta
764 471 65 29 enligt
840 471 26 22 hr
876 471 47 28 Sjö-

166 505 77 20 ströms
257 503 84 30 projekt
355 513 54 20 eger,
425 505 73 22 kunna
514 506 79 22 erhålla
607 507 114 28 utrymme,
732 506 54 21 dock
801 506 74 22 endast
889 513 35 21 ge-

166 545 50 14 nom
231 540 32 20 att
277 539 117 22 utsträckas
407 539 52 30 inpå
468 540 41 22 den
519 540 37 22 der
564 540 110 22 tillernade
684 539 172 30 kajbyggnaden;
872 547 52 14 men

167 571 27 23 då
208 572 8 22 i
231 572 65 23 sådan
310 573 100 23 händelse
425 574 155 23 Ständerhuset
595 575 39 22 och
643 575 139 28 Myntverket
797 575 84 21 komme
891 576 35 21 att

167 606 32 23 stå
213 606 24 23 så
251 607 50 28 godt
323 615 44 14 som
391 613 54 24 vägg
459 609 8 21 i
481 613 55 24 vägg
555 611 44 20 mot
620 609 124 26 hvarandra,
760 609 39 22 har
814 609 34 22 det
863 611 63 27 synts

166 641 75 28 nödigt
255 643 32 21 att
300 641 37 23 vid
351 643 135 28 uppgörande
502 643 24 22 af
537 643 101 29 kalkylen
652 643 33 22 för
695 643 170 22 tomtkostnaden
875 645 51 26 taga

167 675 49 22 med
230 675 9 22 i
253 676 144 29 beräkningen
419 677 42 22 den
474 677 45 22 förr
536 678 52 21 eller
609 685 73 14 senare
706 677 134 29 nödvändiga
861 677 66 29 utgif-

167 712 37 20 ten
219 710 34 22 för
267 710 147 30 Myntverkets
423 711 133 30 förflyttning
566 712 146 22 annanstädes.
742 712 125 22 Kostnaden
877 712 48 21 här-

167 744 33 22 för
213 744 40 22 har
276 745 121 23 arkitekten
418 747 104 22 beräknat
544 746 33 23 till
600 747 92 26 210,000
707 754 35 19 m.,
758 746 76 23 hvaraf
846 746 33 23 för
893 754 32 21 ny

167 780 54 21 tomt
231 780 80 25 60,000
321 788 28 14 m.
360 780 39 22 och
409 783 69 20 resten
489 781 52 22 eller
552 781 92 26 150,000
652 789 28 13 m.
688 780 33 22 för
728 781 135 29 byggnadens
871 780 54 23 åter-

169 813 138 29 uppförande,
323 814 141 24 inberäknadt
477 816 100 29 flyttning
591 816 40 21 och
645 815 183 30 återuppsättning
843 815 23 22 af
879 816 50 21 dess

170 848 98 29 samtliga
282 849 113 22 maskiner.
425 850 105 29 Afdraget
549 850 32 22 för
595 850 102 22 brukbart
712 850 96 22 material
823 849 46 23 från
885 850 42 22 den

169 882 70 29 gamla
262 883 125 28 byggnaden
407 884 42 22 kan
465 885 123 28 uppskattas
603 885 34 22 till
650 885 80 26 50,000
744 892 35 18 m.,
795 884 23 22 sä
832 886 31 21 att
878 885 50 21 hela

158 916 131 30 kostnaden
303 917 32 22 för
349 917 82 23 inlösen
446 919 24 21 af
482 919 70 22 denna
566 919 24 22 af
601 919 139 28 Myntverket
753 918 33 22 för
795 919 134 22 närvarande

171 950 138 29 disponerade
324 954 54 20 tomt
393 953 84 22 komme
492 955 32 20 att
531 953 53 29 stiga
592 953 33 22 till
633 953 67 22 omkr.
710 953 93 26 160,000
810 961 28 13 m.
861 953 67 22 Hvad

170 985 101 22 beträffar
285 985 157 24 förvärfvandet
462 987 22 22 af
497 988 42 23 den
553 990 70 20 vester
637 995 35 14 om
686 987 138 28 Myntverket
838 987 90 29 belägna

171 1023 70 26 öppna
263 1020 88 29 platsen,
373 1021 28 29 pä
421 1021 88 23 hvilken
525 1022 153 22 Ständerhuset
693 1021 49 22 med
756 1021 171 22 hufvudfasaden

171 1056 45 20 mot
231 1054 122 29 Salutorget
375 1055 85 23 komme
478 1058 31 21 att
524 1056 38 26 stä,
578 1056 23 22 sä
614 1056 43 21 kan
674 1055 117 22 kostnaden
820 1055 72 22 härför
906 1055 27 22 af

171 1088 112 23 Utskottet
303 1089 48 22 icke
365 1094 97 19 närmare
476 1091 102 28 angifvas,
594 1090 26 22 dä
635 1090 58 23 tiden
708 1090 48 22 icke
770 1089 112 30 medgifvit
897 1091 32 20 att

171 1123 60 22 träda
245 1123 10 22 i
269 1123 169 30 underhandling
452 1125 74 22 härom
541 1125 48 22 med
605 1124 157 23 vederbörande
776 1124 153 29 stadsmyndig-

171 1157 68 22 heter.
269 1158 52 21 Men
336 1158 63 23 äfven
413 1159 100 22 förutsatt
527 1155 31 26 att
573 1159 73 22 staden
661 1166 50 15 vore
726 1159 60 28 villig
801 1160 31 21 att
846 1158 28 29 pä
888 1158 42 22 för-

171 1191 94 29 mänliga
286 1192 70 22 vilkor
377 1193 87 29 upplåta
485 1194 69 21 denna
568 1193 54 29 plats
637 1193 23 22 åt
674 1193 154 22 Ständerhuset
843 1193 40 21 och
897 1194 34 20 att

172 1226 91 29 ändring
277 1226 24 22 af
312 1227 136 29 stadsplanen
457 1228 9 22 i
475 1229 59 22 detta
548 1228 55 29 syfte
617 1227 73 22 kunde
704 1227 107 26 utverkas,
826 1227 44 22 kan
879 1227 51 21 med

171 1260 82 29 ganska
268 1263 43 20 stor
328 1261 81 23 visshet
425 1262 91 23 förutses
532 1264 32 21 att
577 1261 260 30 grundläggningsarbetet
850 1261 80 22 härstä-

173 1295 36 22 des
219 1295 56 22 skall
290 1295 93 23 erfordra
400 1297 62 28 högst
468 1297 119 28 betydande
601 1303 100 19 summor,
717 1300 51 17 enär
782 1295 99 22 markens
895 1296 37 21 be-

174 1329 121 23 skaffenhet
305 1335 97 18 närmare
412 1331 47 28 sjön
475 1331 103 22 nedanför
595 1331 78 28 berget,
688 1329 111 30 hvaruppä
814 1329 74 22 endast
903 1337 28 14 er

174 1364 35 22 del
225 1364 25 22 af
264 1365 126 29 byggnaden
411 1366 57 28 finge
481 1366 62 29 plats,
558 1366 60 22 torde
632 1365 67 29 enligt
706 1364 84 30 uppgift
804 1364 23 22 af
840 1372 27 14 en
880 1364 51 22 med

177 1398 132 23 dervarande
317 1400 232 29 terrängförhällanden
563 1400 35 22 väl
607 1400 107 28 förtrogen
724 1406 76 22 person
816 1406 50 14 vara
880 1406 52 21 gan-

173 1432 39 23 ska
227 1433 64 29 dålig.
321 1434 179 28 Angäendejäter
514 1434 93 29 utsigten
622 1436 32 20 att
668 1434 58 22 inom
741 1433 105 29 förloppet
861 1433 23 21 af
897 1435 34 20 tre

173 1468 24 22 år
211 1468 76 22 kunna
301 1468 109 23 härstädes
424 1469 89 23 slutföra
534 1468 195 29 byggnadsarbetet,
746 1468 22 22 sä
784 1472 23 17 är
821 1468 59 22 detta
894 1472 39 18 vä-
