1025 1664
798 129 27 21 73

96 197 48 16 men
156 196 49 16 man
212 189 66 22 likväl
293 189 73 22 känner
378 189 61 28 behof
448 189 24 22 af
482 191 128 21 medverkan
622 191 64 21 äfven
700 191 47 22 från
763 191 92 22 nämnde

96 225 51 26 håll,
160 225 24 21 så
195 224 91 21 återstår
298 224 81 27 knappt
389 226 65 20 annat
465 226 27 19 än
500 226 32 20 att
542 225 130 22 säkerställa
681 225 42 22 den
733 231 77 22 genom
817 225 38 21 nå-

96 265 42 21 gon
151 259 66 21 sådan
226 259 118 26 anordning
356 264 45 15 som
413 258 197 28 Bankfullmäktige
621 265 29 15 nu
661 259 71 22 funnit
743 260 33 27 sig
784 259 71 22 föran-

97 293 58 21 låtne
170 294 32 20 att
216 292 86 22 föreslå.
332 292 57 22 Vore
403 292 89 22 Banken
507 295 30 19 ett
548 293 149 27 aktieföretag,
710 293 71 23 skulle
792 294 64 21 dessa

97 333 109 21 personer,
230 326 33 21 för
281 328 32 19 att
330 327 75 22 tillikai
419 327 76 21 bindas
510 333 77 20 genom
602 329 32 20 ett
649 327 97 22 starkare
761 328 96 22 enskildt

97 362 99 25 intresse,
211 361 122 27 lämpligast
348 363 61 24 tagas
425 361 64 21 bland
505 361 157 22 aktionärerne.
692 362 35 21 Nu
739 362 68 22 måste
818 362 37 21 det

98 395 107 22 allmänna
223 395 171 26 medborgerliga
408 395 102 22 intresset
525 397 82 20 ersätta
622 395 37 22 det
674 395 105 22 enskilda.
810 395 45 22 Och

99 429 89 22 emedan
203 429 57 22 valet
274 429 24 22 af
311 435 102 21 personer
428 429 71 22 blefve
510 435 60 16 mera
582 430 131 27 begränsadt
725 430 78 21 liksom
816 430 40 22 ock

100 463 172 28 uppoffringarna
286 463 34 22 för
338 463 87 22 Banken
443 465 77 25 större,
535 464 7 21 i
558 463 39 22 fall
612 464 64 21 dessa
691 470 115 21 personers
822 464 33 21 tid

98 498 46 21 helt
159 498 39 21 och
213 498 66 21 hållet
300 497 92 25 behöfde
406 500 62 25 tagas
483 498 7 21 i
505 498 93 27 anspråk
618 498 39 21 och
673 499 26 20 de
719 498 84 22 således
822 497 34 22 för

99 532 169 27 tjenstgöringen
283 532 7 21 i
306 532 83 21 banken
404 532 133 27 frånrycktes
549 533 63 20 deras
624 532 58 21 förut
690 533 95 21 varande
793 532 63 22 verk-

100 567 90 26 samhet,
205 567 39 20 bör
266 567 62 21 deras
344 566 129 22 medverkan
493 567 79 20 anlitas
590 567 56 21 blott
660 567 34 21 för
709 567 27 21 de
751 567 104 25 ärenden,

100 606 47 16 som
162 600 162 27 nödvändigtvis
340 600 86 27 påkalla
441 600 130 26 densamma,
587 600 107 27 nemligen
709 600 36 22 vid
755 600 101 27 pröfning

100 634 23 22 af
136 635 34 21 till
186 635 145 26 diskontering
347 634 53 22 eller
414 634 101 27 belåning
530 634 99 22 anmälde
644 634 32 21 in-
691 634 40 22 och
741 634 116 21 utländska

100 669 74 22 vexlar
189 669 39 21 och
250 669 67 21 andra
339 668 131 22 säkerheter.
504 669 42 21 För
565 669 64 21 dessa
644 669 94 21 ärenden
753 670 25 19 är
793 668 63 22 deras

100 705 90 19 närvaro
206 704 7 20 i
223 703 84 21 banken
318 703 47 21 icke
377 703 128 27 erforderlig
512 703 34 21 för
557 703 51 26 lång
622 704 65 20 stund
702 702 75 27 hvarje
792 702 65 26 dag,
847 698 14 36 i

100 738 103 21 händelse
226 738 39 20 den
288 737 118 27 anordning
428 737 97 27 vidtages
548 739 32 19 att
597 737 44 22 alla
659 737 146 26 ansökningar
822 742 34 15 om

101 772 72 21 kredit
187 772 67 21 måste
269 772 104 21 inlemnas
388 771 46 21 före
450 771 43 21 viss
508 771 74 21 timme
597 772 39 20 och
652 771 95 22 derefter
759 770 34 22 till
801 770 57 21 före-

102 806 103 26 dragning
221 806 77 21 ordnas
314 806 38 21 och
367 806 90 21 beredas
473 805 24 22 af
509 806 161 21 vederbörande
680 804 178 23 direktionsmed-

102 840 48 21 lem.
183 840 43 21 För
247 840 100 27 publiken
366 840 42 21 kan
427 840 60 21 detta
505 840 47 21 icke
566 840 104 21 innebära
684 840 71 26 någon
771 839 87 26 olägen-

102 874 43 26 het,
168 874 102 22 fastmera
290 874 39 22 den
345 874 69 22 fördel
430 876 33 19 att
478 874 132 21 lånsökande
624 874 48 21 icke
687 873 92 22 behöfva
794 874 65 20 vänta

102 908 27 27 på
148 914 48 16 svar
219 911 51 19 utan
288 908 27 27 på
329 908 90 21 förhand
434 908 73 22 kunna
521 908 96 22 beräkna
631 910 39 19 när
686 908 26 21 de
728 907 22 21 få
765 907 94 21 afhemta

102 943 42 21 det.
174 943 43 21 För
238 942 256 28 kreditansökningarnas
513 942 153 27 föredragning
684 942 85 22 medför
783 948 27 15 en
825 941 34 21 så-

102 978 42 20 dan
167 978 90 26 ordning
278 977 111 21 förmånen
407 979 33 19 att
463 977 43 21 alla
524 977 26 21 de
570 977 7 21 i
596 977 107 21 ärendena
719 975 140 27 deltagandes

103 1012 188 26 uppmärksamhet
306 1011 38 21 och
359 1011 92 21 intresse
467 1012 28 20 då
508 1012 97 20 kommer
620 1012 32 20 att
666 1011 154 21 koncentreras
831 1009 28 27 på

104 1046 64 21 dessa
181 1046 81 26 vigtiga
277 1046 38 20 och
330 1046 169 21 understundom
514 1046 118 26 grannlaga
643 1044 74 27 frågor
728 1044 4 21 i
743 1044 74 21 stället
826 1043 34 21 för

103 1081 32 19 att
154 1086 26 14 en
198 1079 157 27 föredragning,
375 1079 23 21 af
415 1080 49 20 dem
483 1086 46 14 som
544 1078 234 28 oupphörligtafbryter
793 1077 67 21 andra

102 1113 154 27 förrättningar
283 1113 39 21 och
346 1114 67 21 under
432 1114 37 21 det
488 1120 25 15 en
529 1113 215 22 direktionsledamot
759 1112 39 21 har
813 1111 47 21 sina

103 1148 77 21 tankar
202 1149 107 25 upptagna
331 1148 24 21 af
372 1154 25 15 en
413 1147 74 28 detalj,
503 1148 41 21 den
559 1148 68 21 andra
642 1147 23 22 af
678 1154 27 15 en
721 1152 76 20 annan,
813 1144 47 22 icke

103 1182 42 21 kan
160 1182 64 21 lända
238 1182 157 27 behandlingen
410 1182 33 21 till
460 1182 85 21 båtnad.

173 1216 157 27 Invändningen
345 1218 32 19 att
391 1217 32 20 ett
438 1216 51 27 föga
503 1218 115 25 angenämt
633 1216 39 21 och
687 1215 115 21 trefnaden
818 1215 42 20 stö-

103 1250 66 22 rande
190 1250 119 27 personligt
330 1250 136 22 förhållande
484 1250 72 22 kunde
575 1250 130 27 uppkomma
721 1248 92 22 emellan
829 1248 31 21 di-

103 1284 111 21 rektionen
237 1284 38 21 och
298 1284 62 21 desse
383 1290 103 21 personer
511 1290 53 20 som,
586 1284 91 21 tillsatte
704 1284 67 25 enligt
794 1282 67 21 andra

103 1318 94 26 grunder
214 1320 26 19 än
256 1318 152 21 Direktionens
424 1319 146 26 medlemmar,
586 1319 50 20 med
651 1318 45 21 lika
711 1318 89 20 rösträtt
815 1321 44 16 som
875 1340 2 2 -

104 1352 146 21 direktörerne
273 1353 53 26 egde
349 1352 88 27 deltaga
460 1352 7 21 i
485 1352 114 27 oftasagda
613 1352 102 26 ärenden,
733 1351 63 21 torde
814 1349 47 22 icke

103 1385 92 28 förtjena
210 1386 100 22 afseende
325 1386 28 21 då
373 1387 63 20 deras
452 1386 129 21 medverkan
596 1386 78 26 städse,
691 1387 40 20 när
745 1385 27 21 de
787 1386 38 19 äro
840 1383 23 21 af

103 1425 82 16 samma
192 1421 85 26 mening
288 1426 45 15 som
344 1420 149 27 Direktionen,
505 1421 68 21 måste
585 1420 64 21 lända
657 1420 34 21 till
699 1417 162 24 förminskande

104 1454 22 21 af
134 1454 36 21 det
178 1455 66 26 dryga
254 1455 106 26 juridiska
371 1454 39 22 och
422 1455 117 21 moraliska
550 1461 77 15 ansvar
642 1460 46 15 som
705 1453 6 21 i
721 1453 72 27 dylika
801 1454 60 19 ären-
