1014 1664
424 116 22 22 U
756 116 27 21 65

766 200 18 12 n»

542 219 24 41 =
617 199 162 64 flin

692 256 13 10 L)

585 255 195 38 PS]

80 308 33 20 att
134 307 264 27 Justitiedepartementet
414 306 78 21 ändrat

108 341 120 21 hofrättens
246 342 72 26 utslag
337 341 92 21 medelst
448 340 44 22 för-

109 376 100 26 mildring
225 376 22 20 af
262 375 84 21 straffet
361 375 31 21 uti
420 391 1 5 .
452 392 4 4 .
487 392 5 4 .|
545 376 28 20 25|
622 376 26 20 14|
696 376 24 20 11|
769 375 27 21 50

81 411 33 19 att
129 410 108 21 hofrätten
252 410 105 21 fastställt
367 410 125 20 underrätts

109 445 71 26 utslag
203 445 6 20 i
239 460 5 5 .
275 460 4 4 .
546 445 27 21 221
623 444 83 21 13115
770 444 27 20 50

81 480 32 20 att
139 478 108 22 hofrätten
269 460 83 40 ändrat
369 456 125 54 underrätts

110 514 71 26 utslag
197 514 90 20 medelst
301 512 191 28 strafförhöjning
484 508 14 36 i
561 514 13 20 8
636 514 14 20 2
710 513 13 20 2|
772 512 25 21 12

82 549 32 19 att
138 547 107 22 hofrätten
269 548 78 20 ändrat
369 547 125 21 underrätts

111 582 72 26 utslag
211 582 90 22 medelst
328 582 166 21 strafförminsk-

111 616 72 27 ningi
218 633 30 3 .
278 633 4 3 .
314 632 3 4 <
348 633 4 4 <
383 632 5 5 <
425 612 111 36 0.0.10
548 612 52 36 371
624 612 47 36 10]
699 612 47 36 16]
771 616 27 20 63

132 742 43 21 Det
189 742 129 26 föregäende
333 742 124 22 föranleder
471 744 57 20 ännu
542 742 34 22 till
587 749 26 15 en
623 742 126 28 ytterligare
759 748 56 16 sam-

63 776 158 27 manställning.

133 810 56 22 Frän
205 811 82 21 antalet
301 810 34 22 för
350 810 56 28 dräp
422 813 55 19 utan
492 811 80 27 uppsät
588 813 33 19 att
630 811 58 21 döda
698 811 8 21 i
717 811 98 21 Justitie-

64 846 171 26 departementet
258 845 106 21 sakfällda
387 847 41 19 244
448 852 104 20 personer
571 846 50 26 afgä
641 847 25 20 17
687 846 71 21 säsom
776 845 39 21 här

63 880 46 21 icke
125 882 64 24 tagna
205 880 6 21 i
227 880 118 26 beräkning
364 880 23 21 af
402 880 96 26 orsaker,
518 880 73 22 hvilka
607 880 35 21 vid
658 880 155 27 genomseende

64 914 23 21 af
100 914 118 22 tabellerna
238 914 39 22 lätt
297 914 51 21 falla
368 914 7 21 i
394 916 90 25 ögonen,
505 914 39 22 och
564 915 88 26 gvarstä
667 914 84 22 säledes
767 914 48 21 227.

134 966 42 21 För
192 966 63 21 dessa
269 966 40 21 har
324 967 102 20 ansvaret
441 966 72 21 blifvit
528 968 89 19 utmätt:

63 1000 44 21 lika
122 1001 7 20 i
144 1001 43 21 alla
202 1001 150 20 instanser.
383 1016 5 4 .
563 1016 111 5 e.
719 1001 27 20 9

64 1034 44 22 lika
122 1035 7 20 i
145 1034 81 22 hofrätt
241 1034 40 21 och
296 1012 264 53 Justitiedepartementet
599 1049 41 11 sae
671 1050 5 5 -
702 1030 49 42 103
777 1040 38 21 182

64 1075 48 21 med
128 1074 122 28 förhöjning
265 1075 6 20 i
287 1074 263 27 Justitiedepartementet
602 1090 4 5 =.
636 1090 6 6 .
671 1090 5 6 .
735 1075 12 20 7

64 1109 49 21 med
128 1109 158 27 förminskning
302 1109 7 20 i
414 1108 33 22 d:o
600 1125 40 5 <<
670 1125 5 5 <
680 1109 68 33 38
789 1115 26 20 45

775 1155 41 21 227

137 1207 56 20 Från
216 1207 81 21 antalet
320 1207 108 21 sakfällda
449 1207 8 21 i
479 1207 133 21 hofrätterne
632 1207 31 21 uti
683 1207 73 27 dylika
775 1206 42 21 mål

67 1242 41 20 252
124 1241 101 21 afräknas
241 1241 46 21 äter
304 1242 25 20 12
346 1241 39 21 och
401 1241 88 26 gvarstä
504 1242 48 21 240.

138 1275 107 21 Ansvaret
259 1275 34 21 för
309 1275 47 21 dem
373 1275 39 21 har
422 1275 93 21 utfallit:

66 1309 45 21 lika
126 1309 7 21 i
147 1309 82 22 hofrätt
244 1310 39 21 och
298 1309 115 21 underrätt
434 1325 1 4 .
467 1325 1 5 .
500 1326 3 3 <
534 1325 5 4 so
569 1326 5 4 <
604 1325 5 5 so
639 1325 40 6 cc
778 1311 39 20 108

67 1344 48 21 med
131 1343 122 27 förhöjning
269 1344 6 21 i
291 1343 109 22 hofrätten
425 1359 5 5 .
462 1359 5 5 .
498 1359 5 5 .
533 1359 5 5 «
568 1359 5 5 .
603 1359 5 5 .
638 1359 4 4 .
672 1360 5 5 .
722 1345 28 20 53

67 1378 48 21 med
131 1378 156 27 förminskning
307 1379 1 20 i
325 1378 33 21 dio
390 1393 5 5 .
426 1393 5 5 .
461 1393 5 5 .
496 1393 4 5 .
532 1393 4 5 .
566 1393 5 5 .
604 1394 3 3 .
638 1394 4 5 .
671 1393 5 5 .
723 1379 26 20 79
778 1385 40 20 132

778 1425 41 20 240
