992 1667
419 127 41 22 VII
771 128 39 20 129

44 209 119 26 inkomster,
179 208 83 27 utgifter
277 209 37 21 och
332 208 140 27 behällningar
488 208 49 22 ären
553 208 144 22 1876—1877.

517 283 31 27 Är
565 289 61 21 1876.
696 283 31 27 Är
744 289 60 21 1877.

192 344 143 19 Kredit.
521 340 60 31 Mark.
634 351 17 17 p.
701 341 60 31 Mark.
812 344 26 23 p!

69 398 93 26 Balans
180 396 58 27 frän
256 396 147 35 föregäende
423 396 35 28 är.

47 458 2 16 '
64 449 86 22 Remiss
165 449 48 21 från
228 449 103 21 Finlands
347 449 58 22 bank
422 466 4 4 .
458 465 5 5 .
559 451 62 27 1,000
642 463 13 2 —
722 463 26 2 —
807 462 32 14 —!

48 503 1 12 |
67 484 127 21 Ofverförda
209 484 47 21 från
275 484 152 21 statsfonden.
459 500 4 5 .
558 486 97 38 5,348/18
737 485 96 27 8,146/25

48 516 1 23 |
625 528 1 3 |

46 540 4 34 |
248 569 32 6 N

48 576 2 19 i
206 569 118 34 Afföring.

66 622 105 26 Samtliga
186 623 28 25 pä
229 622 67 27 ligvid
314 621 39 22 och
369 621 96 22 redovis-

88 656 52 27 ning
164 657 107 20 beroende
302 656 89 27 utgifter
416 655 49 22 frän

88 691 130 26 föregäende
230 692 24 19 är
265 691 81 20 afförda
357 690 49 21 frän
418 697 48 20 spe-

89 725 189 26 cialräkningarna
301 725 49 21 med
373 725 50 20 stöd
445 725 23 21 af

88 760 80 26 nädiga
179 760 144 26 kungörelsen
336 759 42 22 den
387 760 27 21 10
423 759 43 22 Ok-

88 794 62 21 tober
168 795 54 20 1876
247 811 1 4 .
280 811 4 4 .
316 811 4 4 .
352 811 4 4 .
424 811 4 4 x
545 791 116 36 29,456/49|
722 806 28 4 —
808 806 27 3 —

184 879 159 34 Afkortning.

67 932 75 21 Frihet
153 932 126 27 ätnjutande
293 932 111 21 hemmans
416 934 50 19 rän-

89 968 52 19 (08:
173 983 4 4 au
208 983 40 4 =»
280 983 4 4 s
316 983 4 4 =
352 983 4 4 4
388 983 4 4 &
424 983 4 4 4
461 983 4 4 8
611 967 46 34 6/59
789 966 46 21 6/79

49 1009 3 14 |
626 1002 1 5 |

220 1042 91 53 Utgift.
627 1045 2 16 |

67 1104 214 27 Boställsmätnings-
304 1105 40 21 och
367 1104 100 27 skogsin-

90 1139 230 26 delningskostnader.
352 1155 4 4 .
388 1155 4 4 .
424 1155 5 4 .
462 1155 4 5 .
548 1139 110 27 18,664139
726 1138 76 28 31,225|
825 1137 10 21 1

68 1173 100 21 Arvoden
184 1173 33 21 för
233 1173 212 27 syneförrättningar
462 1190 5 5 .
561 1174 98 27 3,721/20)
740 1173 62 26 4,385]
824 1173 13 20 8

67 1208 124 21 Understöd
200 1207 33 22 för
241 1207 227 57 ana

90 1242 39 22 och
144 1243 154 27 nybyggnader
316 1259 5 4 .
352 1259 4 4 .
388 1259 5 5 .
462 1260 5 4 4
561 1243 98 27 2,600—
742 1242 95 27 1,100/—

68 1277 128 27 Ersättning
211 1278 33 20 för
259 1279 112 25 postporto
388 1294 4 4 .
425 1294 5 4 .
462 1294 5 4 .
583 1278 75 20 239/76
762 1277 76 20 222134

68 1311 241 27 Virkesutstämplings-
334 1312 40 20 och
399 1311 69 22 kube-

90 1346 195 26 ringskostnader
284 1342 15 35 .
317 1362 3 4 .
352 1363 5 3 .
389 1362 4 4 .
425 1362 5 5 .
463 1363 5 4 .
561 1342 97 35 4,064/35
743 1346 61 26 1,974!
825 1346 12 20 8

68 1380 242 27 Kommunalutskylder
332 1387 28 14 m.
383 1387 28 14 m.
434 1380 34 21 för
628 1398 2 9 I

89 1414 125 22 boställen
211 1405 15 44 .
246 1432 3 4 .
317 1431 4 4 <
353 1431 41 5 sc
426 1432 42 4 vr
583 1408 75 31 233147
777 1414 61 20 56/72

346 1444 123 42 Transport
547 1448 119 35 65,334/43]
693 1444 15 43 =
726 1454 111 28 47,116/27

765 1488 11 17 9
