1025 1667
788 146 26 20 83

94 209 83 21 hvilkas
198 208 128 28 behandling
345 208 47 22 icke
410 208 69 21 sällan
498 209 79 21 sådana
593 209 182 27 omständigheter
789 208 55 21 före-

94 244 91 26 komma,
203 249 45 15 som
267 243 93 27 anknyta
378 243 32 27 sig
428 242 33 22 till
477 243 72 27 frågor
565 249 32 15 om
613 243 64 27 inköp
694 243 23 21 af
730 242 114 23 utländska

94 278 79 22 vexlar.
203 278 42 21 Det
266 279 24 19 är
308 279 31 19 att
357 277 74 21 befara
449 278 33 20 att
500 279 31 19 ett
549 279 90 25 tvunget
653 278 39 21 och
708 278 80 26 ojemnt
802 276 42 22 för-

94 312 101 22 hållande
211 312 68 21 skulle
293 312 77 27 uppstå
384 312 91 21 emellan
492 312 131 21 direktionen
640 312 39 21 och
695 312 62 22 dessa
772 318 73 20 exper-

95 348 39 24 ter,
157 347 38 21 och
219 348 31 20 att
271 347 59 21 detta
353 346 100 27 möjligen
477 346 69 22 skulle
566 346 83 22 minska
667 347 37 21 det
719 346 124 21 förväntade

95 383 78 25 gagnet
190 381 23 21 af
227 388 25 14 en
268 381 58 27 dylik
341 381 150 27 organisation.
520 382 46 20 Den
582 381 69 21 skulle
666 381 7 21 i
689 381 43 21 alla
747 380 37 22 fall
799 380 46 22 icke

96 416 106 26 medgifva
225 416 35 20 det
278 416 118 26 förtroliga,
416 415 45 21 ofta
479 415 23 21 af
517 415 173 22 förekommande
706 416 91 20 ärenden
814 414 30 22 af-

95 450 76 22 brutna
186 457 47 15 men
248 450 44 21 lika
307 450 44 21 ofta
366 450 46 21 åter
427 452 109 25 upptagna
550 450 172 27 meningsutbyte
737 449 107 27 angående

96 485 56 21 olika
168 485 83 21 firmors
266 484 112 27 affärsläge
394 484 38 22 och
448 485 173 26 operationssätt,
637 484 26 22 de
679 484 57 21 olika
747 483 97 22 skiftnin-

95 526 65 20 garne
182 520 6 21 i
212 519 146 21 användandet
379 518 23 22 af
418 519 102 21 utländsk
538 519 71 21 kredit
624 525 26 15 m.
667 525 27 15 m.
710 525 53 19 som,
778 518 66 21 ehuru

96 556 60 19 extra
179 554 148 27 protokollum,
350 553 46 21 icke
419 553 39 21 hör
480 554 33 21 till
536 554 27 21 de
581 554 66 20 minst
663 554 81 26 vigtiga
759 552 38 22 och
812 551 34 21 för

96 588 192 22 diskontrörelsens
307 588 163 22 handhafvande
489 589 64 21 minst
569 588 105 27 behöfliga
689 587 155 27 öfverläggnin-

94 630 39 20 gar
147 623 8 21 i
175 629 25 16 en
215 622 168 22 bankdirektion.
414 622 43 22 För
472 623 98 21 Bankens
585 623 82 21 kunder
683 623 47 21 åter
744 628 50 15 vore
809 621 37 21 det

94 658 50 26 föga
162 658 103 26 lämpligt,
284 664 33 14 om
339 658 160 26 emottagandet
517 658 22 20 af
554 658 58 22 säväl
628 657 90 21 inrikes-
733 662 45 16 som
793 655 52 21 utri-

94 692 38 22 kes
148 692 72 22 vexlar
235 692 70 21 skulle
319 692 127 22 inskränkas
462 692 32 21 till
510 692 43 22 viss
568 692 91 27 tidigare
671 692 83 25 timme;
766 690 80 21 hvilket

96 727 119 21 emellertid
230 726 70 22 blefve
315 726 131 27 nödvändigt
461 726 33 22 för
505 728 32 20 att
548 726 71 22 kunna
629 726 141 21 koncentrera
780 724 66 22 hand-

96 762 127 27 läggningen
243 761 23 21 af
283 762 64 20 dessa
361 761 94 21 ärenden
471 762 27 26 pä
513 762 40 20 den
569 762 31 20 tid
615 760 231 22 diskontledamöterna

95 802 51 15 vore
161 796 106 21 tillstädes
282 796 38 21 och
336 795 94 22 derefter
446 798 56 19 ännu
517 796 64 21 hafva
595 796 31 21 tid
641 795 55 27 öfrig
711 794 33 22 till
759 795 32 20 att
801 793 46 21 före

96 830 126 22 banktidens
237 830 43 21 slut
295 832 51 24 göra
359 830 122 28 uträkning,
497 831 141 26 utanordning
653 830 40 21 och
708 828 138 26 utbetalning.

95 878 25 2 —
132 859 18 27 Å
166 865 66 21 andra
247 865 59 21 sidan
323 871 49 15 vore
384 865 244 22 diskontledamöternas
644 864 151 27 gvarhällande
810 868 37 15 un-

95 900 38 20 der
156 901 68 19 större
243 900 60 20 delen
314 900 23 20 af
346 900 141 21 embetstiden
498 906 26 15 en
535 900 78 26 onödig
623 899 121 21 tidsförlust
754 898 34 21 för
798 898 48 20 dem

96 934 38 20 och
153 934 100 21 störande
276 934 33 21 för
331 934 141 26 direktionen,
496 941 45 15 som
561 934 105 21 derunder
682 932 80 28 jemväl
780 932 66 21 borde

95 968 125 27 sysselsätta
235 968 32 26 sig
283 969 47 21 med
346 968 80 22 sädana
442 969 185 27 angelägenheter,
643 969 6 20 i
665 968 73 21 hvilka
753 966 93 22 diskont-

95 1003 145 21 ledamöterna
254 1002 47 22 icke
317 1004 53 26 egde
386 1005 51 25 taga
452 1004 40 20 del.

163 1037 30 21 Af
214 1038 63 21 dessa
299 1037 47 21 skäl
370 1038 66 21 borde
459 1044 48 16 man
531 1038 67 27 enligt
616 1038 41 21 min
677 1037 71 25 tanke,
763 1036 33 21 för
812 1036 36 20 det

95 1072 162 26 ifrägavarande
279 1072 132 22 ändamälets
432 1073 105 21 vinnande
556 1073 57 27 välja
631 1079 26 14 en
676 1078 69 15 annan
761 1070 86 22 enklare

95 1106 39 21 och
157 1106 47 21 frän
226 1106 207 22 Bankdirektionens
456 1108 122 20 nuvarande
598 1107 144 27 organisation
765 1104 82 22 mindre

95 1140 113 22 afvikande
231 1142 70 26 utväg,
323 1142 107 26 nemligen
453 1142 46 26 den,
519 1144 32 19 att
569 1142 78 20 inrätta
666 1148 26 14 en
712 1140 68 27 fjerde
795 1139 53 21 eller

96 1177 60 20 extra
175 1175 106 21 ordinarie
301 1176 171 26 direktörsplats,
492 1177 86 21 hvilken
593 1176 46 21 icke
655 1176 72 21 skulle
743 1174 54 22 efter
812 1174 36 20 det

96 1209 85 27 vanliga
195 1210 201 26 utnämningssättet
412 1211 70 21 säsom
498 1211 43 21 fast
556 1211 83 21 embete
653 1209 132 25 innehafvas,
797 1209 50 20 utan

95 1244 23 21 af
139 1244 194 27 Bankfullmäktige
357 1244 97 22 besättas
476 1246 33 21 för
528 1246 41 25 tvä,
586 1246 62 26 högst
663 1247 33 19 tre
712 1244 44 21 är
747 1238 15 40 i
772 1242 76 22 sender

95 1285 75 19 genom
186 1280 31 20 att
232 1279 71 21 dertill
319 1281 47 19 utse
382 1280 40 21 och
439 1280 135 21 tillförordna
585 1286 25 15 en
622 1286 85 20 person,
720 1285 52 19 som,
782 1278 66 26 jemte

95 1312 102 28 lämpliga
217 1313 169 27 gvalifikationer
405 1314 7 21 i
432 1314 70 28 öfrigt,
522 1321 51 15 vore
591 1314 98 27 förtrolig
705 1314 49 20 med
768 1312 80 22 sädana

96 1347 73 21 affärs-
185 1348 39 21 och
239 1348 235 28 personförhällanden,
490 1349 27 27 pä
532 1349 83 21 hvilkas
627 1349 79 26 riktiga
716 1346 132 23 bedömande

96 1382 191 22 diskontrörelsens
300 1383 64 21 säkra
371 1384 164 21 handhafvande
544 1384 132 26 väsentligen
683 1383 71 21 beror.
773 1381 75 21 Denna

95 1416 106 22 direktörs
223 1418 92 26 speciela
337 1418 87 26 uppgift
441 1418 71 22 blefve
531 1420 31 19 att
580 1419 6 20 i
602 1418 68 21 första
684 1416 57 22 hand
756 1415 92 27 granska

95 1450 39 21 och
154 1451 68 22 utläta
241 1453 32 26 sig
293 1459 33 15 om
341 1453 43 21 alla
400 1454 80 26 vexlar,
497 1454 31 20 in-
543 1453 54 21 eller
611 1452 89 26 utrikes,
716 1457 46 15 som
778 1450 69 27 erbju-
