1028 1670
240 134 81 23 Ständ.
336 134 55 23 Skr.
406 146 27 4 —
448 134 29 22 U.
493 134 28 22 B.
538 146 24 4 —
580 134 97 22 XXIII.

356 410 136 25 Finlands
515 410 133 25 Ständers
666 408 166 26 underdäni-

290 457 33 24 ga
345 450 158 25 skrifvelse
535 449 113 32 angäende
676 449 157 31 förändringar

290 491 7 23 i
316 491 146 30 reglementet
481 491 36 24 för
536 490 100 25 Finlands
655 490 65 25 bank.

145 557 219 51 Siasmaktigate;
380 558 209 28 Allernädigste
604 558 114 28 Kejsare
733 556 45 23 och

378 592 169 22 Storfurste!

157 644 60 22 Efter
238 644 37 22 det
296 644 132 22 Ständernas
450 644 151 27 bankutskott,
620 645 50 21 med
684 644 117 27 anledning
815 642 25 22 af

91 679 130 21 Ständernas
243 679 204 28 bankfullmäktiges
468 680 9 21 i
495 680 64 22 deras
580 679 33 22 till
634 679 106 22 utskottet
757 678 82 28 afgifna

90 713 115 22 berättelse
227 720 35 15 om
284 714 104 21 Finlands
410 714 71 22 banks
503 714 89 28 styrelse
607 714 40 22 och
662 714 98 21 tillstånd
773 713 64 21 fram-

91 748 70 21 stälda
182 748 80 28 förslag
283 748 33 22 till
334 748 106 22 särskilda
455 750 118 26 ändringar
586 749 8 21 i
609 748 40 22 och
663 748 76 28 tillägg
753 748 33 21 till
801 748 37 20 nä-

91 783 50 27 diga
163 782 139 28 reglementet
324 783 34 21 för
379 783 106 22 Finlands
505 783 60 22 bank
579 783 25 22 af
616 784 41 20 den
673 784 27 20 27
715 782 52 22 Juni
781 782 57 22 1878

92 817 40 21 och
153 817 97 22 bankens
271 825 30 14 nu
320 818 100 27 gällande
436 820 51 23 stat,
502 819 29 26 pä
546 818 70 27 grund
630 818 26 21 af
668 818 26 21 38
710 818 10 26 &
736 817 7 21 i
757 817 81 21 Landt-

91 852 172 27 dagsordningen
278 851 83 28 afgifvit
376 852 139 21 betänkande
530 852 8 21 i
553 853 79 25 ämnet,
642 851 66 23 hafva
718 851 122 22 Ständerna

91 886 117 21 behandlat
230 887 60 21 detta
311 887 79 21 ärende
413 888 40 20 och
476 887 74 21 dervid
572 888 72 20 ansett
665 886 93 22 berörda
775 885 64 28 regle-

92 923 71 19 mente
178 921 7 20 i
200 921 166 22 nedannämnde
380 921 61 21 delar
456 921 97 22 erfordra
567 921 99 27 ändring.

159 955 194 28 Bestämningarna
367 956 8 21 i
390 957 10 26 &
416 957 20 25 6,
452 957 92 20 rörande
559 955 97 22 bankens
671 955 122 22 metalliska
807 961 33 16 va-

93 989 52 25 luta,
160 989 64 22 hafva
240 990 121 22 Ständerna
384 990 72 21 funnit
470 997 53 15 vara
537 990 8 22 i
560 991 36 21 det
611 990 100 21 afseende
726 989 114 21 otillfreds-

93 1023 112 27 ställande,
228 1026 32 19 att
282 1024 36 22 vid
340 1025 147 27 beräkningen
509 1024 26 22 af
554 1025 66 27 sagda
638 1024 74 22 valuta
728 1030 27 15 en
769 1023 36 21 del
819 1022 25 22 af

93 1058 96 22 bankens
210 1058 116 28 tillgängar
344 1062 107 25 upptages
466 1059 34 21 till
515 1062 67 18 annat
597 1060 65 21 värde
678 1060 28 20 än
721 1059 43 25 det,
779 1058 62 22 hvar-

95 1092 33 22 till
150 1094 26 20 de
192 1093 85 28 jemlikt
292 1095 10 26 &
318 1094 41 21 106
375 1094 107 22 bokföras.
513 1094 96 21 Sålunda
623 1093 55 22 skall
693 1093 39 21 allt
748 1094 35 20 det
798 1091 44 22 silf-

95 1134 41 19 ver,
152 1134 45 15 som
212 1128 18 28 ej
246 1128 62 28 ingär
323 1129 7 20 i
345 1130 42 20 den
402 1128 123 22 metalliska
539 1128 86 26 kassan,
641 1128 107 22 beräknas
762 1126 34 22 till
806 1126 37 22 sitt

95 1162 44 26 pris
154 1162 13 21 &
181 1162 211 27 verldsmarknaden,
415 1162 82 22 hvilket
519 1164 49 20 med
589 1162 101 22 afseende
705 1163 14 20 ä
733 1162 36 21 det
784 1168 60 21 myn-

95 1197 50 21 tade
167 1196 68 22 silfret
254 1198 19 27 ej
289 1197 56 22 blott
360 1199 24 20 är
400 1198 123 27 oegentligt,
539 1198 28 21 dä
582 1198 60 21 detta
657 1204 78 21 genom
750 1196 93 22 bestäm-

95 1231 79 26 ningen
197 1234 32 18 att
244 1232 86 21 banken
344 1232 34 21 för
394 1233 120 20 detsamma
528 1233 39 20 när
582 1239 45 14 som
642 1232 56 21 helst
712 1231 44 21 kan
771 1230 73 22 fordra

95 1265 52 27 guld
161 1265 24 21 af
198 1266 134 26 statsverket,
348 1266 101 28 erbjuder
463 1273 83 15 samma
559 1266 100 21 säkerhet
669 1273 45 14 som
723 1265 58 28 guld,
791 1267 53 19 utan

96 1299 63 22 äfven
181 1301 67 20 mäste
270 1300 112 22 föranleda
404 1307 27 15 en
446 1301 128 27 omräkning
589 1301 54 21 efter
655 1300 52 21 kurs
721 1300 36 22 vid
771 1299 75 27 hvarje

96 1334 89 21 mänads
207 1335 87 27 utgäng.
324 1335 24 28 Ej
373 1336 84 21 mindre
480 1335 108 28 oegentlig
609 1336 25 20 är
654 1333 139 23 föreskriften
813 1335 33 19 att

97 1367 141 28 obligationer
260 1369 40 22 och
315 1372 139 25 statspapper
468 1371 8 20 i
491 1369 112 22 utländskt
618 1371 60 26 mynt
693 1368 62 22 skola
769 1367 77 22 beräk-

97 1409 39 15 nas
151 1403 54 22 efter
219 1404 63 21 deras
296 1404 129 28 inköpspris,
441 1407 22 26 ty
477 1411 27 15 en
519 1405 35 20 del
569 1403 67 27 deraf,
651 1410 46 15 som
711 1403 88 27 inköpts
813 1402 34 22 för

97 1436 65 28 högre
177 1438 51 26 pris,
244 1438 67 27 gäller
326 1446 30 14 nu
371 1439 105 27 betydligt
490 1439 89 26 mindre,
596 1440 28 20 än
638 1439 37 21 vid
682 1438 61 21 tiden
753 1437 34 21 för
796 1437 52 28 köp.

97 1471 65 22 slutet
177 1474 55 20 samt
248 1472 69 22 skulle
332 1474 89 27 således,
437 1480 34 16 om
486 1473 48 22 icke
547 1473 119 22 bokvärdet
674 1472 70 22 blifvit
755 1472 93 26 nedsatt,
