1025 1667
437 215 12 27 8
464 215 35 21 65.

160 261 193 21 Bankdirektionen
369 261 71 21 består
455 261 24 21 af
493 268 25 15 en
534 261 135 25 ordförande,
684 260 36 21 två
736 259 105 23 ordinarie

94 296 123 26 ledamöter,
240 295 23 21 af
280 296 72 21 hvilka
371 296 132 27 sistnämnda
521 296 40 21 den
580 302 38 15 ene
633 296 39 20 bör
687 294 64 22 hafva
765 294 76 26 ådaga-

94 325 45 26 lagt
159 324 65 27 insigt
246 324 38 21 och
308 324 122 22 erfarenhet
448 325 7 20 i
474 324 83 22 landets
576 324 60 27 lagar
655 323 40 22 och
709 322 132 28 rättegångs-

94 359 97 26 väsende,
207 360 55 20 samt
276 365 26 15 en
317 361 61 19 extra
393 359 106 21 ordinarie
514 359 98 21 ledamot.

160 393 104 27 Följande
285 393 87 27 stycken
395 392 22 22 af
433 393 35 27 S:n
487 393 148 26 oförändrade,
655 394 58 20 utom
728 394 32 20 att
774 392 69 26 tredje

95 427 82 27 stycket
190 427 73 27 börjar
277 427 57 22 med:
351 427 106 21 ordinarie
472 427 151 22 ledamöterna.

162 462 92 27 Tillägg:
270 462 66 21 Extra
351 462 107 21 ordinarie
473 462 120 21 ledamoten
608 463 59 20 utses
678 461 40 21 och
729 461 110 21 förordnas

95 496 22 21 af
130 496 193 27 Bankfullmäktige
338 496 34 22 för
387 503 26 14 en
428 497 32 20 tid
475 497 24 21 af
511 497 36 21 två
562 497 51 26 (tre)
629 496 25 28 år
669 496 6 21 i
691 496 77 21 sender
779 494 64 22 bland

95 537 107 20 personer,
224 537 45 15 som
289 531 67 27 jemte
378 531 111 27 duglighet
507 531 39 22 och
566 531 125 27 lämplighet
705 531 7 20 i
727 529 65 27 öfrigt
806 530 37 20 äro

94 565 34 22 väl
143 565 109 27 förtrogna
267 566 47 21 med
330 565 227 22 affärsförhållandena
571 566 7 21 i
594 565 163 22 hufvudstaden.

439 641 12 26 8
468 641 33 21 76.

162 687 77 20 Första
254 687 82 26 stycket
351 687 145 20 oförändradt.

164 721 71 21 Andra
250 721 92 27 stycket:
358 721 49 21 Alla
424 721 149 21 Direktionens
586 721 171 21 medlemmar
746 717 18 35 —
775 731 24 2 —
817 729 26 4 —

98 768 24 2 —
138 767 25 4 —
179 755 61 22 flesta
263 757 106 24 rösterna;
396 755 65 22 hafva
485 755 36 22 två
544 757 70 20 röster
636 756 85 20 stannat
741 755 44 20 mot
802 753 42 26 två,

96 790 56 26 gälle
167 790 41 21 den
223 790 84 27 mening
322 790 150 21 Ordföranden
487 790 105 21 omfattat.

163 824 77 27 Tredje
255 825 94 27 stycket:
373 824 42 21 Vid
429 824 111 21 inträffadt
555 824 34 27 jä
618 837 13 2 —
656 837 17 2 —
696 836 21 3 —
739 835 21 3 —
782 835 19 2 —
822 834 22 2 —

96 859 40 20 den
152 859 86 26 dagliga
256 859 151 21 bankrörelsen
427 858 174 22 förekommande
616 858 93 21 ärenden
725 857 84 26 afgöras
825 855 23 21 af

98 893 26 20 de
140 894 32 19 tre
188 893 73 26 öfrige,
277 893 6 20 i
299 893 38 21 fall
352 893 27 21 de
394 895 38 19 äro
464 906 11 3 —
499 905 18 3 —
540 905 20 3 —
581 905 18 3 —
621 905 23 3 —
661 891 156 22 tillförordnad.

164 927 77 28 Fjerde
256 927 92 28 stycket:
364 923 30 26 Är
409 927 149 22 Ordföranden
572 927 67 27 jäfvig
654 927 54 21 eller
723 925 63 28 eljest
801 924 46 21 hin-

99 962 59 26 drad,
176 961 58 22 föres
251 962 62 21 ordet
331 961 23 22 af
371 962 40 21 den
427 962 8 21 i
450 962 92 27 tjensten
557 962 59 21 äldre
632 961 107 22 ordinarie
755 959 92 22 ledamo-

97 999 45 23 ten;
158 996 74 26 likaså,
248 996 28 21 då
290 996 277 27 ordförandebefattningen
583 999 23 18 är
622 996 63 27 ledig.

155 1025 83 26 "Femte
253 1031 81 26 stycket
349 1031 145 21 oförändradt.

445 1112 12 27 8
473 1112 32 21 77.

166 1157 93 27 Tillägg:
282 1157 38 21 Att
341 1157 79 27 bevilja
439 1158 161 27 tjenstledighet
619 1158 32 21 för
667 1159 61 19 extra
743 1155 106 22 ordinarie

99 1192 120 21 ledamoten
238 1192 6 21 i
263 1192 139 21 Direktionen
423 1193 124 21 ankommer
562 1192 135 21 uteslutande
713 1192 12 20 &
740 1189 109 22 Bankfull-

98 1227 100 25 mäktige,
222 1226 70 21 hvilka
315 1226 76 26 tillika,
415 1233 35 15 om
473 1227 26 21 de
518 1227 75 27 pröfva
611 1227 80 26 nödigt,
708 1227 47 20 utse
769 1223 81 22 vikarie

98 1260 34 21 för
146 1260 83 22 honom.

445 1331 12 27 8
473 1331 32 20 79.

168 1376 133 21 Oförändrad
324 1376 35 21 till
382 1376 40 21 och
443 1377 47 21 med
509 1378 49 20 näst
572 1377 53 20 sista
640 1376 89 27 stycket,
744 1372 108 24 hvarefter

99 1410 109 27 tillägges:

168 1450 66 22 Extra
249 1451 107 21 ordinarie
371 1451 122 22 ledamoten
509 1451 73 21 tillhör
598 1453 30 19 att
