1028 1670
318 128 181 23 Ständerhuset.
517 139 24 5 —
557 128 42 23 N:o
614 128 16 22 I.
802 129 25 21 11

99 188 52 23 sedd
165 189 46 22 från
220 189 121 30 Salutorget
353 190 39 23 och
407 190 100 26 hamnen,
523 190 70 22 skulle
601 189 87 29 erbjuda
696 198 27 14 en
731 190 78 22 vacker
816 190 39 22 och

99 222 150 30 imponerande
265 225 90 26 anblick,
371 227 55 20 samt
439 224 29 30 på
483 226 31 21 ett
532 224 9 22 i
555 224 166 23 arkitektoniskt
735 224 122 22 hänseende

99 256 137 31 fördelaktigt
249 261 42 21 sätt
305 259 77 23 afsluta
404 258 146 30 perspektivet
565 258 36 23 vid
616 258 61 22 södra
699 259 99 26 hamnen,
814 258 42 22 kan

99 291 111 24 Utskottet
220 292 53 24 dock
281 294 8 21 i
297 294 138 22 betraktande
445 293 24 22 af
474 294 93 28 platsens
577 293 77 29 många
663 293 136 29 olägenheter
808 292 50 23 icke

99 326 174 24 rekommendera
281 328 122 22 densamma
412 327 69 23 såsom
491 327 88 29 lämplig
588 327 33 23 för
630 328 37 22 det
676 327 108 23 blifvande
796 327 61 23 Stän-

100 360 106 24 derhuset.
228 358 70 26 Äfven
306 362 67 22 under
383 362 152 28 förutsättning
543 362 24 22 af
574 364 31 20 att
615 362 138 28 Myntverket
768 361 88 23 framde-

99 394 31 22 les
140 396 114 27 raserades,
265 401 22 17 är
297 396 38 22 och
343 396 73 22 förblir
426 396 83 29 platsen
519 396 68 28 trång,
598 396 55 22 helst
662 396 137 29 byggnadens
809 396 47 28 läge

100 429 126 23 bestämmes
241 430 24 22 af
277 430 140 23 förhållandet
439 431 34 22 till
487 431 161 28 Esplanaderna
662 431 40 21 och
719 431 137 22 teaterhuset.

99 463 53 22 Man
166 464 71 23 kunde
252 465 123 28 visserligen
390 465 65 22 tänka
469 465 33 28 sig
516 465 93 29 platsens
623 464 128 29 utvidgning
765 464 22 23 åt
797 464 60 22 nord-

99 500 33 19 ost
154 506 76 21 genom
252 507 27 14 en
301 499 104 29 reglering
423 499 24 22 af
459 499 142 29 Kanalgatan,
616 507 50 14 men
682 499 27 22 då
723 499 70 22 denna
807 500 49 27 gata

99 532 66 21 redan
180 537 24 17 är
217 533 78 28 dragen
310 533 23 22 så
347 538 51 17 nära
412 533 42 22 den
473 533 34 23 till
521 533 76 29 Ryska
618 533 84 29 kyrkan
717 533 94 22 hörande
824 533 32 22 in-

100 566 96 29 hägnade
211 567 84 29 planen,
311 569 37 25 att,
364 568 8 21 i
387 568 102 22 händelse
504 568 23 22 af
540 567 69 30 någon
623 568 119 22 nämnvärd
755 567 103 28 flyttning

100 600 23 22 af
135 603 70 26 gatan,
221 609 40 14 ena
275 602 76 23 hörnet
361 602 23 22 af
393 603 68 21 denna
476 603 50 28 plan
541 602 67 23 måste
618 602 101 27 afskäras,
730 602 69 22 skulle
809 600 46 23 deri

101 635 106 22 sannolikt
229 638 57 20 möta
308 638 31 21 ett
360 637 154 29 oöfverstigligt
531 637 82 22 hinder.
643 637 35 22 En
694 636 126 29 utvidgning
834 635 25 22 af

100 669 83 28 platsen
198 669 21 23 åt
233 673 86 20 motsatt
332 671 45 22 håll
392 671 19 22 d.
427 679 20 14 v.
463 679 16 14 s.
496 671 22 22 åt
532 671 62 22 södra
608 671 92 22 hamnen
715 671 40 22 och
770 679 27 13 en
812 670 44 22 der-

101 703 49 22 med
164 704 120 29 antagligen
298 705 129 30 nödvändigt
442 705 127 30 förknippad
584 705 124 29 utflyttning
723 705 23 22 af
759 705 40 22 den
815 703 42 23 del-

101 738 32 22 vis
156 738 118 29 påbegynta
296 740 166 29 kajbyggnaden,
485 740 101 29 möjligen
609 740 39 22 ock
667 748 27 14 en
716 739 105 29 reglering
835 738 25 22 af

101 772 200 24 Skatuddskanalen
315 775 69 22 skulle
399 775 86 22 komma
494 777 31 20 att
534 775 95 22 medföra
639 774 149 29 oberäkneliga
802 773 55 22 kost-

101 807 71 22 nader.
203 808 51 22 Men
275 809 65 22 redan
359 809 41 22 den
414 811 84 24 terrass,
514 809 27 29 på
555 809 89 22 hvilken
658 809 73 22 husets
746 809 111 28 sydvestra

102 842 34 21 del
151 842 84 22 komme
251 845 30 20 att
296 843 64 27 hvila,
375 844 69 22 skulle
459 843 86 29 tillföljd
560 843 23 22 af
591 843 32 22 sin
634 842 50 30 höjd
694 843 41 21 och
749 842 107 29 grundens

102 875 61 23 svåra
177 876 145 24 beskaffenhet
337 878 8 22 i
362 878 95 28 betydlig
478 878 50 22 mån
550 878 85 28 fördyra
657 876 132 30 byggnaden.
819 876 38 23 Vi-

102 910 50 22 dare
167 911 37 22 bör
218 912 47 22 icke
288 912 67 22 heller
376 912 88 22 förbises
487 914 30 20 att
533 912 125 22 Skatudden
673 916 23 18 är
711 910 145 24 hufvudsakli-

102 952 42 21 gen
159 946 96 22 bestämd
269 946 32 22 för
313 947 128 22 merkantila
455 946 98 22 ändamål
568 947 40 21 och
622 948 32 20 att
668 954 26 14 en
707 946 90 29 jernväg
811 944 46 23 blif-

102 979 32 23 vit
148 980 134 28 projekterad
297 983 30 21 att
342 982 73 28 dragas
429 988 77 21 genom
521 988 80 15 samma
616 981 56 28 berg,
681 980 28 29 på
716 980 83 22 hvilket
807 987 49 14 man

101 1014 63 22 tänkt
178 1014 32 29 sig
225 1014 154 24 Ständerhuset
394 1015 106 29 uppfördt,
516 1015 85 23 hvarför
615 1015 115 28 anledning
739 1014 48 22 icke
797 1014 60 22 torde

102 1048 76 22 saknas
193 1048 32 22 för
240 1049 129 23 tvifvelsmål
383 1050 130 22 beträffande
528 1050 84 22 stadens
621 1050 134 28 benägenhet
764 1051 32 20 att
805 1056 51 21 upp-

101 1082 44 22 låta
159 1083 88 29 platsen,
256 1084 108 22 äfvensom
379 1085 80 22 dennas
473 1084 125 30 lämplighet
613 1084 31 22 för
660 1086 30 20 ett
704 1083 47 23 från
767 1083 26 22 de
803 1091 53 14 mer-

101 1116 83 23 kantila
198 1117 117 24 intressena
329 1119 22 22 så
365 1119 114 23 afvikande
502 1119 98 22 ändamål
616 1126 46 14 som
677 1118 36 22 det
727 1118 8 22 i
749 1117 59 28 fråga
823 1126 34 22 va-

101 1152 72 21 rande.
203 1152 13 21 I
230 1154 41 21 alla
286 1154 111 22 händelser
411 1154 60 22 torde
485 1154 74 21 kunna
573 1161 45 14 som
633 1154 72 21 säkert
719 1155 92 26 antagas,
826 1154 32 20 att

101 1185 222 31 underhandlingarna
337 1188 49 22 med
400 1187 158 23 vederbörande
580 1187 149 29 myndigheter
748 1186 108 29 angående

102 1219 153 24 öfverlåtandet
270 1221 24 22 af
306 1221 69 23 denna
396 1223 55 28 plats
473 1222 69 22 skulle
565 1221 92 22 erfordra
674 1221 23 22 så
712 1221 92 28 mycken
818 1220 38 27 tid,

101 1255 32 21 att
148 1254 62 23 äfven
225 1262 35 15 om
275 1256 110 22 resultatet
399 1256 75 22 utfölle
495 1256 96 29 lyckligt,
606 1255 131 29 byggnaden,
753 1255 38 22 här
806 1262 51 22 upp-

101 1288 54 26 förd,
171 1288 47 23 icke
233 1289 69 23 skulle
317 1290 66 22 blifva
405 1290 69 29 färdig
491 1290 58 22 inom
563 1290 105 29 förloppet
681 1290 24 21 af
717 1291 33 21 tre
765 1288 28 22 år.
824 1288 34 22 På

102 1322 61 22 dessa
177 1323 39 22 och
231 1324 65 22 andra
310 1324 52 26 skäl,
377 1324 69 22 såsom
462 1325 36 22 det
512 1329 52 17 nära
577 1324 128 29 granskapet
719 1323 34 23 till
763 1323 41 22 den
813 1323 44 29 Ry-

101 1356 40 22 ska
155 1357 84 27 kyrkan
253 1358 40 22 och
307 1358 47 23 dess
369 1359 111 23 klocktorn
495 1359 12 22 å
522 1367 41 14 ena
580 1358 60 23 sidan
654 1360 55 20 samt
724 1358 13 22 å
751 1358 66 22 andra
832 1357 25 22 si-

102 1391 42 22 dan
158 1392 132 28 Mynthuset,
305 1392 66 23 innan
385 1393 47 22 dess
447 1393 155 23 bortskaffande
617 1392 134 29 försigginge,
766 1392 39 21 har
820 1392 37 22 Ut-

101 1425 90 23 skottets
213 1426 68 23 flertal
302 1427 47 22 icke
372 1427 72 23 funnit
466 1427 114 29 anledning
595 1429 31 20 att
640 1427 84 21 förorda
739 1426 82 22 inlösen
836 1425 24 22 af

100 1460 72 22 denna
187 1460 54 27 plats
255 1460 33 23 för
303 1461 160 23 Ständerhuset.
