1009 1661
442 135 16 20 I
776 134 23 20 17

74 204 38 21 det
127 203 63 22 ofvan
206 203 141 21 omförmälda
368 204 92 26 760,000
475 203 62 21 mark
552 203 90 26 intagits
660 203 7 20 i
682 202 79 27 nådiga
776 202 53 21 kun-

75 238 99 27 görelsen
197 237 23 22 af
241 238 42 21 den
307 239 25 20 16
356 237 44 22 Juli
425 239 53 20 1879
501 238 75 21 ibland
592 237 27 22 de
635 237 83 27 anslag,
734 243 45 14 som
794 236 36 21 vid

77 273 139 20 1877—1878
240 273 63 19 årens
326 272 105 26 landtdag
446 272 23 21 af
484 272 121 21 Ständerna
620 271 100 27 beviljats
736 271 34 20 för
786 273 44 18 sär-

75 306 71 22 skilda
169 306 90 21 allmänt
282 306 84 27 nyttiga
389 306 108 27 ändamål,
516 306 50 21 låtit
582 301 90 31 påbörja
687 305 144 27 uppförandet

76 341 23 21 af
112 347 42 21 nya
170 340 272 28 länsfängelsebyggnader
457 340 7 22 i
481 340 89 27 Wiborg
581 340 111 21 äfvensom
703 339 128 22 föranstalta

76 382 34 15 om
134 376 112 21 enahanda
269 375 86 22 arbetes
379 382 65 15 snara
467 375 114 22 utförande
600 374 7 22 i
630 374 116 28 Uleåborg,
769 374 62 21 hvar-

75 410 39 21 hos
138 410 156 21 förberedande
313 410 102 26 åtgärder
430 409 103 27 vidtagits
549 409 34 21 till
600 409 124 21 inrättande
740 409 23 20 af
776 409 55 20 före-

76 444 93 21 nämnde
185 444 231 27 uppfostringsanstalt
431 444 33 21 för
479 444 146 26 minderårige
640 443 128 27 förbrytare.

149 479 169 21 Vidkommande
335 479 69 26 öfriga
420 479 24 20 af
458 478 165 27 ifrågavarande
639 478 192 27 fängelsebyggna-

77 513 45 27 der,
146 513 40 21 har
208 513 60 21 Hans
287 513 122 27 Kejserliga
424 513 103 27 Majestät
542 513 119 27 förordnat,
678 515 32 18 att
725 512 49 21 med
789 512 43 21 till-

77 548 128 26 byggnaden
228 547 34 21 till
280 547 157 27 länsfängelset
452 548 7 20 i
475 547 136 27 Helsingfors
628 547 70 21 skulle
713 546 121 21 tillsvidare

78 583 70 26 anstå,
172 588 48 15 men
236 582 97 21 deremot
348 582 77 21 tillåtit
441 584 33 19 att
489 582 156 26 utvidgningen
661 581 23 22 af
698 580 136 28 straffängel-

78 618 34 20 set
135 616 7 21 i
164 610 46 27 Åbo
234 616 39 21 och
296 616 123 27 byggandet
442 616 23 21 af
485 616 116 21 tukthuset
623 616 59 21 invid
697 615 136 27 Helsingfors

78 650 56 27 finge
150 650 102 22 slutföras
268 651 49 21 med
333 650 109 22 allmänna
458 650 194 28 statsmedel;
614 646 39 36 och
662 650 40 21 har
712 650 122 26 byggnads-

79 685 84 21 arbetet
186 686 36 20 vid
245 685 160 27 straffängelset
428 686 7 20 i
451 680 46 26 Åbo
513 685 111 21 allaredan
638 685 81 27 jemväl
734 684 100 21 afslutats

79 721 25 19 så
120 721 32 20 att
168 720 60 20 detta
244 720 96 26 fängelse
356 720 84 20 kunnat
455 720 6 20 i
481 720 49 21 dess
546 720 116 26 utvidgade
679 719 61 21 skick
754 719 35 21 till
799 718 36 21 be-

80 754 112 27 gagnande
208 754 106 27 upplåtas,
329 754 67 27 jemte
412 754 37 21 det
467 754 217 27 byggnadsarbetena
699 753 33 21 för
747 753 89 21 tukthu-

80 790 33 19 set
128 788 36 21 vid
179 788 136 27 Helsingfors
331 788 63 22 äfven
414 790 38 20 äro
470 788 136 26 fulländade;
624 788 39 21 och
678 788 65 21 hafva
758 788 32 20 dit
806 786 30 22 öf-

80 822 120 28 verflyttats
216 823 27 21 de
258 822 94 27 manlige
368 822 196 28 tukthusfångarne
579 822 49 22 från
644 822 140 21 Tavastehus.

152 857 138 21 Beträffande
302 857 103 27 slutligen
417 857 133 21 Ständernas
559 857 141 21 förenämnda
709 856 127 27 önsknings-

80 891 50 27 mål,
154 892 40 20 har
216 892 60 20 Hans
299 892 123 26 Kejserliga
444 892 109 27 Majestät,
568 892 66 26 jemte
651 892 37 20 det
704 891 132 21 Ständernas

80 925 162 27 framställning
264 932 34 15 om
319 926 78 21 kosten
412 926 8 21 i
435 926 138 27 fängelserna
588 926 118 21 förklarats
722 925 36 21 vid
773 925 64 21 dåva-

81 960 67 22 rande
171 960 150 22 förhållanden
345 960 48 22 icke
416 961 87 26 påkalla
526 962 71 25 någon
621 960 94 21 särskild
731 960 107 27 åtgärd,
828 956 14 36 i

80 995 69 21 nåder
171 995 110 21 meddelat
303 995 100 21 tillstånd
428 997 32 19 att
482 996 69 20 under
573 995 74 27 hvarje
670 995 24 21 af
708 996 51 20 åren
776 995 62 26 1879,

83 1030 61 26 1880,
162 1030 52 20 1881
232 1030 40 20 och
289 1030 54 20 1882
360 1029 23 21 af
397 1030 109 20 allmänna
522 1030 127 21 statsmedel
665 1029 99 21 använda
774 1029 64 26 högst

82 1064 63 27 2,000
167 1064 62 20 mark
252 1065 71 20 såsom
344 1064 169 22 reseunderstöd
528 1064 33 21 för
576 1066 119 25 prestmän,
710 1063 74 21 hvilka
799 1069 38 15 un-

82 1098 38 20 der
144 1098 145 26 tjenstgöring
308 1098 36 21 vid
359 1098 86 21 landets
461 1098 245 27 fängelseinrättningar
722 1098 116 26 ådagalagt

81 1131 44 27 håg
147 1131 40 22 och
210 1131 97 28 förmåga
328 1133 32 20 att
376 1132 57 21 inom
450 1132 48 21 dem
515 1133 48 20 med
578 1132 113 27 framgång
706 1132 77 25 verka;
800 1131 40 22 och

81 1166 41 21 har
137 1166 79 21 hittills
232 1173 26 14 en
274 1168 111 25 prestman
401 1167 91 21 kommit
507 1167 7 20 i
530 1167 128 26 åtnjutande
674 1166 24 21 af
711 1166 128 21 reseunder-

82 1201 49 20 stöd
148 1200 6 21 i
171 1201 77 26 antydt
262 1201 103 21 afseende
380 1201 34 21 för
429 1201 77 27 längre
521 1201 32 21 tid
564 1203 56 19 samt
635 1202 36 20 två
686 1202 111 25 prestmän
808 1207 32 14 er-

83 1235 64 21 hållit
162 1235 84 21 mindre
262 1235 119 22 understöd
396 1237 29 25 på
440 1236 88 21 kortare
543 1235 39 22 tid.

155 1271 55 20 34:0.
245 1269 75 22 Såsom
340 1276 50 15 svar
408 1271 28 26 på
451 1270 80 27 nådiga
546 1270 168 27 propositionen,
730 1269 111 27 angående

83 1304 118 21 anvisande
225 1304 23 21 af
269 1304 70 22 medel
358 1304 34 22 till
407 1305 141 21 bestridande
564 1304 24 22 af
601 1304 240 27 landtdagskostnader,

83 1338 65 22 hafva
171 1338 121 22 Ständerna
316 1339 6 21 i
343 1340 176 26 underdånighet
534 1339 89 27 anmält,
639 1340 33 20 att
688 1339 25 21 de
731 1338 22 21 af
767 1338 75 21 bevill-

83 1373 135 26 ningsmedel
238 1373 95 27 anslagit
352 1380 26 14 en
394 1380 84 14 summa
494 1374 23 20 af
531 1374 91 26 300,000
638 1373 62 20 mark
715 1374 33 19 att
763 1374 79 19 använ-

85 1407 38 21 das
146 1407 34 21 till
202 1407 19 27 ej
245 1407 84 22 mindre
348 1408 142 21 bestridande
507 1407 23 22 af
544 1408 26 21 de
586 1407 7 21 i
609 1408 27 20 82
652 1407 11 27 $
680 1407 23 21 af
716 1407 125 26 landtdags-

86 1441 119 26 ordningen
229 1441 129 21 omnämnda
382 1441 110 22 allmänna
510 1441 88 27 utgifter
612 1441 34 21 för
661 1441 138 27 landtdagen,
816 1443 27 18 än

765 1487 10 16 2
