1014 1664
220 117 25 20 26
559 117 21 20 I

188 185 7 20 i
211 185 122 27 väsendtlig
348 186 50 20 män
413 185 36 27 läg
469 185 32 21 till
522 185 71 26 grund
608 185 34 21 för
658 185 130 21 ständernas
804 184 143 22 ofvanomför-

188 219 77 27 mälda,
289 219 34 21 vid
342 221 52 19 1867
419 220 34 21 års
475 220 104 26 landtdag
596 220 7 20 i
622 219 78 27 frågan
715 219 83 21 fattade
814 219 77 27 beslut,
908 218 38 22 och

187 253 80 21 hvarur
281 254 37 27 jag
333 254 39 20 här
389 261 64 14 anser
468 254 51 27 mig,
535 255 49 20 med
600 255 72 26 nägon
687 254 126 26 förändring
824 254 7 20 i
842 253 104 27 uppställ-

187 288 86 26 ningen,
297 288 53 21 böra
374 290 52 25 göra
441 290 32 19 ett
493 289 88 20 kortare
597 289 83 26 utdrag
695 288 33 21 för
744 289 32 20 att
791 288 33 21 till
839 288 107 21 vinnande

188 322 22 21 af
224 324 71 19 större
318 322 185 27 öfverskädlighet
525 323 134 21 omedelbart
683 322 75 21 dervid
778 323 95 26 anknyta
888 323 58 20 mina

188 363 55 20 egna
259 356 34 21 till
310 357 119 21 detsamma
445 357 32 27 sig
493 357 130 21 anslutande
640 357 164 26 anteckningar.

258 391 149 22 Berättelsens
431 391 114 22 författare
561 392 39 20 har
611 392 128 26 genomgätt
749 391 122 27 Kejserliga
881 391 64 21 Sena-

187 426 48 20 tens
247 425 252 27 Justitiedepartements
507 426 39 21 hos
555 426 60 21 Hans
624 425 124 28 Kejserliga
759 425 103 28 Majestät
871 425 74 27 gjorda

186 460 149 27 underdäniga
353 460 185 27 framställningar
556 460 48 22 frän
620 461 40 20 och
681 460 50 21 med
746 461 25 20 är
788 461 54 20 1810
857 460 33 21 till
907 460 39 21 och

186 495 49 20 med
252 495 55 20 1860
323 495 39 20 och
378 495 97 21 derifrän
486 495 117 21 antecknat
614 495 44 20 alla
670 495 26 20 de
706 501 105 20 personer
823 494 122 27 Kejserliga

186 528 94 22 Senaten
303 529 106 21 förklarat
431 536 52 14 vara
507 529 45 22 dels
569 536 33 15 om
618 529 63 21 mord
702 529 54 21 eller
772 529 60 27 dråp,
850 529 45 21 dels
912 535 32 15 om

185 563 120 27 uppsätligt
328 563 130 22 barnamord
481 564 112 27 förvunna,
616 564 40 21 och
672 563 74 22 hvilka
761 563 85 21 derföre
862 565 83 20 ansetts

186 597 52 21 böra
254 598 102 26 beläggas
372 599 49 20 med
437 598 119 21 dödsstraff
570 598 53 21 eller
644 598 41 21 ock
700 598 70 21 under
785 597 123 22 undfäende
924 598 23 21 af

186 633 43 20 nåd
244 632 40 21 och
300 632 127 27 förskoning
442 633 95 21 derifrån
553 633 50 21 med
619 635 67 18 annat
707 634 113 25 strängare
837 633 53 20 eller
905 633 40 20 lin-

188 666 87 27 drigare
293 667 67 21 straff.
391 667 122 22 Resultatet
529 667 121 21 innehålles
672 667 32 21 uti
720 667 95 26 följande
830 667 75 21 tabell:

426 741 26 17 Af
464 741 21 17 K.
502 741 56 18 Sena-
652 741 28 17 Af
691 741 22 17 K.
728 741 56 17 Sena-
942 744 2 17 H

435 766 32 15 ten
479 763 68 18 dömda
661 766 31 16 ten
706 764 67 17 dömda

441 787 29 16 till
483 787 60 17 döden
641 776 4 31 |
662 787 30 17 till
705 787 60 17 döden
899 796 18 17 H

426 812 45 15 utan
480 810 77 22 tillstyr-
642 808 1 26 i
652 808 42 26 med
708 810 76 22 tillstyr-
899 815 18 21 E

428 833 37 17 kan
478 833 20 17 af
509 833 42 18 näd.
567 835 1 23 |
599 829 17 24 2
642 833 48 18 kan
703 833 20 18 af
734 833 43 17 nåd.
820 830 22 35 Ei
899 836 12 23 a

186 873 1 3 |
460 873 17 9 =
567 855 44 17 IE
687 873 17 9 =
825 863 11 16 E
899 861 18 21 a
943 858 1 21 |

186 886 1 16 |
437 882 38 21 sl
535 873 76 30 BR
663 882 39 21 ss
762 881 74 20 FE
943 880 1 6 |

186 904 1 8 |
436 899 12 9 E
535 903 68 9 SIP
662 896 13 20 |5
762 903 11 9 Si
824 900 12 15 8
899 897 12 16 E

186 926 1 6 |
437 907 131 29 EB!
687 906 91 32 Elis
899 916 12 17 8

185 940 3 7 i
436 931 35 22 &S
488 926 14 31 |
511 938 56 14 sel
663 929 35 22 FS
718 939 1 13 |
761 937 12 11 5
899 935 12 15 [S

186 968 1 6 |
431 949 116 34 SEITE
658 951 61 31 Fel
795 958 2 18 |
941 983 2 3 |

202 1050 54 20 1810
272 1066 133 5 .......
457 1044 86 28 53]
607 1052 12 20 8)
683 1044 35 27 4!
760 1052 9 20 1|
834 1051 12 20 5|
896 1049 25 20 13

202 1084 52 20 1810
277 1100 42 5 px
336 1076 47 41 amis
401 1101 4 4 o
459 1086 84 19 1/1—|
608 1080 33 26 11
683 1086 12 19 83
758 1086 13 20 3)
833 1086 35 23 6'
909 1083 11 20 7

201 1118 54 21 1812
261 1114 57 35 joa
337 1114 46 35 kova
401 1135 4 5 n
457 1120 12 20 2
531 1121 12 19 2
607 1121 12 19 4
683 1120 12 20 3
758 1121 35 26 4|
834 1120 11 19 7|
896 1117 23 20 1

201 1153 204 21 18138.......
457 1154 12 20 5
531 1155 12 20 3
606 1152 34 23 8]
683 1154 13 20 3
758 1155 34 28 3!
832 1155 12 19 6
861 1148 13 39 |
896 1152 25 19 14

201 1187 54 20 1814
271 1203 4 4 a
292 1183 26 34 sov
328 1203 77 5 ssars
395 1183 12 34 a
457 1189 12 19 6
531 1189 12 20 2
606 1189 14 20 8
682 1189 13 19 21
744 1184 49 31 —|
833 1189 13 20 21
895 1186 49 20 101

200 1221 55 20 1810
271 1237 4 4 v
292 1237 113 6 aisa
353 1217 30 35 mik
397 1217 12 35 4
415 1244 1 4 |
456 1223 13 19 3
531 1223 12 20 3
607 1223 33 27 6.
682 1223 13 19 4|
744 1234 26 3 —
833 1223 13 19 4
862 1217 15 36 |
896 1221 25 19 10

183 1282 2 6 |
201 1255 53 20 1816
272 1271 3 4 .
293 1271 3 4 .
314 1271 91 6 0.
414 1261 2 28 |
456 1257 13 20 9
531 1257 12 20 201
593 1257 47 31 111
682 1256 35 21 5|
759 1258 9 19 1
834 1257 12 20 6
862 1251 15 35 |
896 1255 23 20 17

200 1289 54 20 1847
271 1305 133 6 .......
456 1291 13 20 4
531 1291 12 20 2
606 1291 12 20 6
682 1291 13 20 4
715 1304 2 22 |
757 1291 13 20 2
833 1291 12 20 6
864 1285 14 35 |
895 1289 26 20 12

200 1323 55 20 1818
271 1319 47 35 «mia
327 1319 56 35 svear
400 1341 4 4 €
456 1325 34 31 5|
531 1324 109 30 5110)
682 1325 34 23 8|
759 1326 8 19 1
834 1325 12 20 9!
895 1324 25 20 19

200 1358 55 20 1819
270 1374 134 5 serna
456 1359 87 21 5|
530 1345 110 52 5/10;
682 1349 34 30 2|
758 1345 45 52 1)
833 1359 12 20 3
866 1359 79 30 18,

200 1391 203 23 1820........
456 1394 33 20 5|
530 1395 12 19 2
605 1395 12 19 7
682 1394 12 20 6
758 1395 34 19 1:
833 1394 11 19 7|
895 1393 26 20 14
942 1391 2 13 |

200 1426 52 20 T82T
268 1442 27 5 v.
312 1442 91 6 oisin
373 1422 33 35 vin
456 1428 12 20 6]
515 1439 25 4 —
605 1429 12 20 6
638 1426 1 26 |
668 1429 26 20 12
758 1429 9 20 1
820 1428 25 20 13
862 1423 16 35 |
895 1427 25 20 19
