1028 1664
336 137 24 23 U.
375 137 24 22 B.
414 150 28 2 —
457 135 134 24 111—-XXII.

297 416 183 23 Statsutskottets
494 416 86 29 förslag
589 416 36 22 till
636 416 211 29 sammanjemkning

227 450 25 23 af
272 451 28 22 de
319 451 133 29 skiljaktiga
471 451 79 27 beslut,
569 451 64 22 hvari
649 450 94 23 ständen
758 450 90 22 stannat

228 486 94 23 rörande
342 486 184 23 Statsutskottets
545 485 142 23 betänkande
706 486 38 22 N:o
760 484 13 23 9
788 485 8 22 i
811 491 36 16 an-

228 521 90 28 ledning
336 521 26 22 af
377 520 249 29 Finansexpeditionens
645 521 7 21 i
668 520 126 29 Kejserliga
813 519 34 22 Se-

228 555 67 22 naten
316 555 36 22 till
372 555 122 22 ständerna
513 555 86 28 afgifna
617 555 97 22 relation
734 560 33 17 om
783 553 65 24 stats-

229 590 91 23 verkets
335 589 109 24 tillständ.

161 655 41 22 Vid
223 654 157 27 behandlingen
400 653 22 23 af
441 654 61 22 detta
519 654 138 22 betänkande
677 653 64 22 hafva
756 653 93 22 ständen

94 691 87 20 stannat
195 689 7 21 i
217 689 125 28 skiljaktiga
356 689 73 22 beslut
445 689 92 22 rörande

163 723 109 28 Förslaget
292 724 107 27 angäende
416 723 120 28 förändrad
550 724 127 27 disposition
693 723 27 28 af
731 723 117 22 amortisse-

95 758 153 27 mentsfonden.

163 793 153 26 Ridderskapet
332 793 36 21 och
383 793 69 21 Adelm
468 794 56 20 samt
539 793 182 27 Borgareständet
735 791 64 23 hafva
809 791 42 22 för-

96 827 73 22 kastat
185 827 59 22 detta
258 827 86 28 förslag.

165 861 158 23 Presteständet
338 862 39 22 har
393 862 101 22 omfattat
509 862 142 22 öfverläraren
663 862 111 22 Kihlmans
782 867 69 17 reser-

97 897 79 27 vation,
199 897 67 28 enligt
286 897 86 23 hvilken
395 897 67 27 sagda
484 897 51 23 fond
557 897 67 23 borde
644 897 33 23 för
697 897 50 23 dess
767 897 85 22 härtills

98 932 114 22 faststälda
227 932 98 22 ändamål
340 932 127 22 bibehållas.

167 967 161 22 Bondeståndet
350 967 39 22 har
408 968 8 20 i
434 967 71 22 denna
525 967 35 22 del
580 967 169 22 återremitterat
765 966 89 23 ärendet

99 1002 33 22 till
151 1002 113 22 Utskottet
282 1002 33 22 för
334 1004 33 20 att
385 1002 163 22 omformuleras
564 1003 7 21 i
588 1003 36 21 det
642 1002 55 28 syfte
715 1004 33 20 att
762 1002 92 22 nämnda

99 1036 51 22 fond
165 1037 68 21 skulle
249 1037 125 27 bibehållas,
391 1037 35 22 lån
442 1044 25 14 ur
478 1038 125 21 densamma
613 1037 132 22 fortfarande
756 1036 99 28 utgifvas,

101 1071 54 22 dock
178 1072 76 21 endast
276 1072 23 21 åt
320 1072 132 26 kommuner,
474 1074 56 20 samt
550 1072 91 22 fondens
658 1072 119 28 tillgångar,
793 1071 7 22 i
815 1072 40 21 den

100 1112 50 16 mon
173 1106 26 22 de
219 1108 37 20 äro
276 1106 127 28 disponibla,
419 1113 51 15 vara
485 1106 115 28 placerade
613 1107 7 21 i
635 1106 164 27 räntebärande,
815 1106 42 22 lätt

101 1140 141 23 realiserbara
256 1141 154 28 värdepapper.

169 1176 57 22 Enär
246 1176 99 27 samtliga
365 1176 64 22 stånd
445 1176 66 22 alltså
525 1176 7 22 i
547 1176 122 22 hufvudsak
684 1176 108 22 förkastat
806 1175 50 23 ifrå-

102 1211 120 27 gavarande
237 1210 87 28 förslag,
340 1210 32 22 får
388 1211 115 22 Utskottet
518 1211 110 22 vördsamt
643 1211 108 28 tillstyrka

273 1266 31 20 att
316 1264 118 22 uttalandet
449 1264 75 22 härom
538 1266 37 20 må
589 1264 92 28 förfalla.

171 1316 99 23 Rörande
281 1316 36 22 det
326 1315 22 23 af
357 1316 111 23 Utskottet
475 1316 127 23 framstälda
608 1316 207 27 resolutionsförslag
820 1316 39 21 har

171 1351 158 22 Presteständet
349 1351 170 22 äterremitterat
538 1351 127 27 detsamma,
685 1351 33 22 för
733 1353 33 20 att
781 1350 77 23 omfor-

102 1386 93 22 muleras
210 1386 67 27 enligt
292 1386 37 21 det
344 1385 22 22 af
379 1386 89 21 ständet
483 1385 84 23 fattade
581 1386 78 27 beslut,
677 1387 57 21 samt

171 1420 182 28 Borgareständet
368 1420 97 28 godkänt
482 1421 126 26 detsamma,
624 1421 75 22 sävida
715 1421 37 22 det
765 1420 48 23 icke
824 1427 36 21 ge-

103 1461 49 16 nom
168 1455 98 22 ständets
282 1455 73 22 beslut
370 1455 118 28 undergätt
502 1455 98 27 ändring.

173 1495 75 23 Bihang
261 1495 29 18 till
304 1495 150 18 Statsutskoitets
466 1495 118 18 betänkande
597 1496 36 17 N:o
645 1496 16 17 9.
