1028 1670
321 127 182 23 Ständerhuset.
519 138 27 5 —
562 127 40 22 N:o
617 127 18 22 2.
815 128 12 20 3

102 192 33 21 till
151 190 109 23 Utskottet
276 190 34 21 för
326 189 139 22 inhemtande
480 188 24 22 af
517 188 164 28 fullständigare
692 189 116 28 utredning
819 196 36 14 an-

97 226 88 27 gående
200 224 107 22 särskilda
321 224 145 27 tomtplatser,
482 224 90 22 hvarvid
586 225 32 20 tre
634 223 70 22 Stånd
720 224 78 22 önskat
808 224 48 21 när-

103 266 59 15 mare
184 259 156 28 upplysningar
363 259 93 21 rörande
479 258 85 28 platsen
586 260 71 20 vester
672 265 34 15 om
721 258 136 28 Myntverket

104 294 41 21 och
160 293 76 28 sjelfva
250 292 192 29 Mynthustomten,
458 294 78 20 tvenne
547 292 69 22 Stånd
626 300 35 14 om
672 294 114 26 qvarteren
794 293 63 21 Tum-

104 328 61 21 laren
181 328 39 21 och
235 327 100 25 Bäfvern,
352 329 56 19 samt
423 329 31 19 ett
470 326 71 23 Stånd
555 334 35 14 om
601 326 190 27 Packhustomten,
802 326 55 28 plat-

100 369 43 15 sen
159 364 13 20 å
187 361 220 28 Observatoriiberget
423 361 59 22 invid
493 361 177 28 länemagasinet,
681 364 83 19 tomten
775 369 35 14 n:o
821 362 11 20 1
844 369 13 13 a

105 398 8 20 i
129 400 108 25 gvarteret
252 396 77 25 Geten,
345 396 230 22 Observatoriitomten
586 396 40 21 och
636 396 221 27 Observatoriiberget

101 433 63 20 ända
186 431 32 22 till
240 431 150 26 Kaserngatan
414 433 56 19 samt
493 432 108 25 gvarteret
624 437 35 14 n:o
680 431 26 20 39
721 430 63 27 Apan
799 429 59 22 invid

103 466 185 27 Jernvägstorget.

176 500 41 21 För
232 502 33 19 att
279 499 132 28 tillmötesgå
426 499 108 22 Ständens
544 499 134 28 önskningar
692 499 39 22 har
742 499 116 24 Utskottet,

106 537 53 20 utan
174 537 32 19 att
221 534 58 22 fästa
294 534 101 21 afseende
410 534 37 22 vid
460 541 34 14 om
505 535 27 20 de
543 535 120 20 ästundade
674 534 185 28 upplysningarna

106 569 75 22 äskats
204 569 23 21 af
245 571 38 23 tre,
299 569 36 21 tvä
351 568 52 22 eller
418 571 30 19 ett
464 568 76 27 Ständ,
555 568 48 22 sökt
618 571 40 23 att,
674 569 24 21 sä
712 569 46 21 vidt
773 568 32 21 tid
820 567 39 22 och

105 603 186 28 omständigheter
312 603 118 28 medgifvit,
454 603 44 22 dels
513 603 175 28 förfullständiga
702 603 48 22 sina
763 603 8 20 i
785 603 75 20 betän-

108 638 82 22 kandet
212 645 35 14 n:o
267 638 12 20 1
296 637 120 28 framlagda
431 637 157 28 upplysningar
603 638 113 27 angäende
732 638 68 27 nägra
816 637 44 21 deri

106 673 118 21 omnämda
246 674 84 24 tomter,
353 672 46 21 dels
422 671 128 22 införskaffa
573 673 99 20 närmare
695 671 116 28 utredning
826 678 35 14 om

108 708 27 20 de
151 714 42 21 nya
208 707 143 27 tomtplatser,
367 707 89 22 hvarom
471 707 81 27 förslag
567 707 69 22 blifvit
652 707 78 22 väckta
745 707 69 20 under
828 713 33 14 sa-

108 741 53 22 kens
178 741 129 28 behandling
317 741 8 21 i
335 741 104 26 Ständen,
451 741 40 22 och
501 741 73 22 hvilka
584 743 83 20 ansetts
677 748 53 15 vara
741 740 24 22 af
773 741 42 21 den
825 740 36 21 be-

109 775 126 26 skaffenhet,
252 778 32 19 att
300 777 26 20 de
341 775 72 22 kunde
428 776 8 21 i
451 775 61 28 fråga
527 775 91 23 komma.
649 775 60 22 Efter
723 777 32 20 att
766 775 7 21 i
784 775 77 21 sådant

110 810 104 21 afseende
229 809 65 22 hafva
308 811 67 20 vändt
386 810 31 27 sig
428 809 32 22 till
471 809 139 28 kompetente
620 809 108 27 fackmän,
739 809 123 22 arkitekten

111 844 22 22 F.
149 845 24 20 A.
189 844 103 28 Sjöström
307 844 40 22 och
363 846 14 19 t.
393 844 14 21 f.
420 844 185 28 stadsingeniören
616 844 24 21 E.
652 852 17 14 v.
682 844 114 27 Knorring,
807 848 55 16 samt

109 878 56 22 efter
187 878 94 22 erhällen
305 878 34 22 del
355 878 24 22 af
392 878 19 28 ej
427 878 83 22 mindre
526 878 106 22 särskilda
647 878 134 26 utlätanden,
798 878 27 21 än
841 877 24 22 af

110 914 26 21 de
159 913 33 21 för
214 913 123 21 ändamälet
361 913 89 27 specielt
472 913 122 27 uppgjorda
609 913 165 27 planritningar,
790 912 73 22 hvilka

109 949 40 20 äro
164 948 39 20 här
217 947 88 28 bilagda
320 947 39 21 och
375 947 86 22 hvartill
477 947 110 22 Utskottet
603 948 98 21 anhäller
716 950 32 19 att
764 954 27 14 en
806 947 57 27 gäng

109 982 36 21 för
161 981 43 22 alla
218 981 23 22 fä
255 981 96 26 hänvisa,
366 982 39 27 gär
421 982 110 21 Utskottet
542 989 29 14 nu
581 984 32 19 att
624 982 33 22 för
667 982 123 22 Ständerna
800 981 62 21 fram-

107 1016 66 28 lägga
196 1017 25 21 de
244 1016 92 22 sälunda
358 1023 73 15 vunna
453 1016 185 28 upplysningarna
660 1017 92 21 rörande
768 1016 95 28 följande

111 1050 89 28 platser.

159 1137 178 26 Mynthustomten
354 1138 39 20 och
409 1137 69 26 öfriga
495 1138 58 21 delar
568 1138 23 20 af
604 1139 107 25 gvarteret
727 1138 92 20 Rönnen.

180 1187 22 21 T.
221 1187 14 22 f.
251 1188 197 27 stadsingeniörens
464 1188 112 21 utlåtande
591 1189 113 27 angående
720 1189 73 20 denna
808 1187 56 28 plats

108 1223 28 20 är
151 1222 25 21 af
188 1221 95 28 följande
298 1222 90 27 lydelse:

183 1256 99 26 »Platsen
297 1256 34 22 för
346 1256 156 22 Ständerhuset
513 1256 40 22 har
562 1256 69 22 blifvit
642 1256 50 22 vald
706 1256 3 21 i
720 1256 87 21 samråd
817 1256 48 20 med

110 1290 125 22 arkitekten
246 1290 23 22 F.
281 1290 24 22 A.
317 1290 111 28 Sjöström,
437 1292 29 26 pä
473 1292 43 20 sätt
526 1291 86 27 bilagda
619 1290 117 28 plankarta
743 1290 82 21 utvisar
833 1290 34 28 (fi-

105 1331 46 21 gur
165 1325 26 25 A,
208 1325 25 25 B,
250 1325 22 25 O,
289 1325 39 28 D).
351 1325 42 21 Till
408 1325 112 28 tomtplats
536 1325 39 22 har
585 1328 81 19 ansetts
678 1324 125 27 erforderlig
814 1324 35 20 det
861 1324 5 20 i

109 1359 141 27 stadsplanen
259 1360 68 21 under
335 1366 36 15 n:o
380 1361 42 20 142
430 1360 108 21 benämda
546 1362 108 25 gvarteret
663 1360 90 20 Rönnen
762 1358 41 22 och
812 1358 55 21 dess-

113 1395 59 19 utom
191 1400 25 14 en
231 1396 38 25 yta
285 1394 62 21 söder
362 1394 82 26 härom,
461 1394 7 21 i
484 1394 58 22 areal
558 1394 152 22 innehällande
725 1393 142 22 tillsammans

105 1434 42 14 c:a
162 1428 92 25 120,000
269 1429 91 26 gvadrat
376 1428 38 22 fot.
439 1429 67 21 Detta
520 1428 85 28 projekt
620 1428 44 22 kan
680 1428 56 22 dock
750 1428 48 21 icke
814 1434 54 14 sam-

111 1462 138 27 manjämkas
272 1462 7 21 i
301 1462 223 22 öfverensstämmelse
549 1464 49 20 med
622 1462 100 28 gällande
748 1461 120 28 stadsplan,
