1023 1670
218 146 27 21 84

189 211 38 20 das
249 210 93 27 Banken,
365 219 25 14 en
413 212 97 21 funktion
530 213 85 21 hvilken
634 213 7 20 i
660 212 40 21 den
720 212 54 28 uti
766 206 11 38 8
791 213 25 21 79
831 213 23 21 af
867 213 67 26 regle-

189 246 80 20 mentet
291 246 101 27 stadgade
411 247 196 28 arbetsfördelning
624 247 56 21 inom
699 247 133 22 direktionen
850 248 46 21 icke
910 249 24 19 är

189 279 68 26 någon
281 280 92 21 särskild
395 281 93 22 ledamot
507 282 132 21 ombetrodd.
668 281 129 22 Derutöfver
814 281 70 22 kunde
899 281 36 22 ho-

188 319 48 15 nom
258 315 119 26 uppdragas
400 318 32 27 att
449 316 53 27 följa
520 317 49 21 med
588 316 179 22 diskontrörelsen
785 316 36 21 vid
836 316 97 22 Bankens

187 347 77 22 kontor
286 349 6 20 i
314 349 122 23 landsorten
459 351 38 21 och
520 353 33 19 att
576 351 83 21 biträda
677 350 142 22 ordföranden
834 351 6 21 i
856 351 78 22 vården

187 387 34 15 om
236 382 98 23 Bankens
349 384 80 22 utrikes
450 384 83 22 affärer.
563 385 50 22 Men
627 385 42 22 han
684 385 67 21 borde
766 385 102 26 derjemte
884 387 50 25 taga

187 416 34 20 del
244 417 7 20 i
273 417 43 21 alla
334 418 39 22 hos
391 419 134 21 direktionen
540 419 33 21 till
589 419 158 27 handläggning
762 418 172 23 förekommande

187 451 100 27 ärenden,
302 452 41 21 han
362 459 50 15 vore
431 454 6 20 i
456 453 101 22 afseende
572 454 13 21 å
600 454 123 27 kompetens
738 453 87 22 likstäld
840 454 48 21 med
904 454 30 21 di-

186 484 122 23 rektionens
324 487 68 27 öfriga
406 488 123 22 ledamöter.
561 488 150 22 Direktionens
730 488 114 27 kollegiala
858 488 75 22 karak-

186 520 34 20 tär
239 520 38 21 och
299 521 82 27 gången
404 522 23 21 af
449 523 25 21 de
497 522 153 28 förrättningar
672 522 70 22 blefve
766 528 76 21 genom
857 522 76 22 honom

185 554 27 26 på
227 554 54 22 intet
296 555 30 21 vis
342 556 101 27 rubbade,
459 557 40 21 han
516 557 69 21 skulle
601 557 136 27 fullständigt
753 557 119 27 ingrediera
882 558 7 20 i
901 558 31 20 di-

183 588 117 22 rektionen.
330 590 45 21 Och
397 597 34 15 om
454 593 31 19 ett
508 592 75 26 riktigt
601 592 33 20 val
650 592 23 21 af
687 592 95 20 direktör
797 592 70 21 blifvit
881 591 51 21 träf-

182 622 52 26 fadt,
251 623 68 22 skulle
335 624 41 22 den
391 626 62 26 åsigt,
469 626 48 26 han,
532 626 28 27 på
575 626 68 26 grund
658 626 23 21 af
695 626 33 21 sin
743 627 97 20 närmare
855 626 78 21 inblick

183 657 6 20 i
205 657 156 23 ofvanberörda
375 660 62 21 affär-
452 660 38 22 och
506 660 233 28 personförhållanden,
755 660 83 21 komme
853 662 32 19 att
899 662 32 19 ut-

183 691 50 27 tala,
257 694 50 19 utan
329 693 73 22 tvifvel
424 694 39 22 hos
486 695 145 21 direktionens
651 695 69 27 öfriga
739 694 116 22 ledamöter
870 695 62 21 vinna

183 726 44 21 lika
242 727 83 27 mycket
339 728 126 28 beaktande,
481 736 46 14 som
542 730 55 21 hvad
613 730 23 21 af
645 730 40 21 den
695 729 107 27 juridiska
813 729 119 21 ledamoten

183 759 91 23 föreslås
292 761 7 21 i
318 768 25 14 en
364 763 114 27 rättsfråga
498 764 53 21 eller
565 764 24 21 af
602 764 143 21 ordföranden
761 763 130 21 beträffande
906 770 26 14 en

182 794 178 28 arbitrage-affär.

251 830 42 21 Det
314 830 41 21 kan
379 834 69 24 sägas,
468 835 31 18 att
514 832 207 22 Bankdirektionens
740 832 94 27 göromål
850 832 83 27 mycket

184 863 33 20 väl
233 863 71 22 kunna
320 865 123 22 medhinnas
459 867 23 20 af
495 869 33 19 tre
543 873 108 20 personer.
675 867 28 21 Så
718 869 25 18 är
758 867 124 26 visserligen
894 866 39 21 fal-

182 897 31 21 let
228 898 67 21 under
309 899 56 22 tider
381 900 27 21 då
423 901 193 26 företagsamheten
629 902 5 20 i
647 902 72 21 landet
730 901 68 27 ligger
808 907 56 15 nere.
884 901 49 21 Men

182 931 27 21 då
224 931 27 22 lif
264 933 62 21 råder
341 934 7 20 i
363 934 234 28 affärsverksamheten,
613 936 39 21 och
667 935 88 22 Banken
770 935 46 21 från
832 935 42 21 alla
890 935 43 21 håll

181 965 120 23 bestormas
320 968 47 21 med
386 969 109 27 projekter
510 970 39 21 och
563 971 99 26 anspråk,
678 971 57 20 samt
749 976 41 21 nya
805 970 46 26 slag
866 969 23 22 af
902 969 31 21 af-

181 999 58 22 färer
261 1002 104 27 uppdyka,
389 1005 24 18 är
435 1004 144 21 direktionens
602 1005 83 26 uppgift
703 1004 89 21 förenad
811 1004 48 21 med
874 1004 58 27 bety-

181 1035 70 21 dande
267 1036 138 27 svårigheter,
422 1037 33 22 för
470 1038 83 21 hvilkas
572 1039 92 27 lyckliga
678 1039 166 21 öfvervinnande
859 1039 36 20 det
909 1040 24 19 är

181 1069 23 20 af
225 1069 45 26 vigt
291 1071 32 20 att
344 1071 47 21 icke
406 1078 51 15 vara
472 1072 24 21 af
509 1073 27 21 de
551 1073 91 27 löpande
657 1073 124 27 göromålen
796 1072 136 27 öfverhopad.

180 1098 69 27 Äfven
265 1104 69 21 denna
353 1107 157 26 omständighet
529 1107 55 21 talar
596 1107 33 22 för
645 1114 26 15 en
686 1108 25 21 så
725 1107 110 22 beskaffad
851 1107 81 26 utvidg-

180 1137 51 27 ning
246 1137 24 22 af
283 1138 201 29 Bankdirektionen,
500 1147 46 16 som
560 1141 38 27 jag
613 1142 39 21 här
667 1142 46 21 haft
728 1144 53 19 äran
796 1141 85 22 föreslå.

248 1172 62 22 Hvad
330 1174 40 21 den
389 1174 63 22 häraf
470 1175 126 22 föranledda
611 1177 91 26 utgiften
716 1176 140 26 vidkommer,
871 1176 61 21 torde

180 1207 40 20 den
236 1207 47 21 icke
299 1207 64 22 blifva
379 1210 69 20 större
464 1212 26 19 än
507 1210 32 21 för
554 1212 77 20 tvenne
647 1210 225 22 diskontkomiterade.
891 1210 40 26 Jag

179 1241 39 20 har
233 1241 62 21 tänkt
309 1242 42 26 mig
366 1245 33 19 att
413 1245 90 20 arvodet
518 1245 33 20 för
563 1251 18 15 e.
593 1251 19 15 o.
625 1245 122 21 direktören
763 1245 69 20 kunde
840 1244 91 21 bestäm-

179 1281 45 15 mas
247 1275 123 27 förslagsvis
392 1278 44 21 lika
458 1284 45 15 som
527 1278 33 22 för
583 1280 26 20 de
628 1279 69 27 öfriga
715 1278 149 22 direktörerna
879 1278 53 22 eller

180 1310 78 26 12,000
277 1310 66 27 mark,
363 1312 49 21 med
431 1313 104 27 rättighet
553 1313 33 22 för
600 1313 197 27 Bankfullmäktige
813 1314 31 20 att
858 1312 8 22 i
880 1313 51 21 nöd-

178 1343 38 21 fall
232 1344 66 27 något
313 1345 48 27 höja
376 1346 126 22 detsamma.

246 1378 79 23 Derest
340 1380 37 21 det
391 1380 24 22 af
428 1382 43 26 mig
490 1388 29 15 nu
534 1382 127 22 framstälda
676 1382 106 26 förslaget
796 1387 69 15 vunne
880 1381 51 27 god-

178 1412 119 27 kånnände,
313 1414 69 22 skulle
398 1416 90 26 ungefär
502 1416 94 28 följande
615 1417 151 27 förändringar
780 1416 8 21 i
802 1416 129 26 Bankregle-

177 1448 81 20 mentet
273 1448 63 22 deraf
349 1448 134 24 föranledas:
