1011 1673
147 131 12 18 2
373 129 81 22 Ständ.
470 129 54 22 Skr.
542 129 39 21 N:o
595 129 21 21 3.

119 190 193 27 bankfullmäktige
328 193 71 19 ansett
415 191 32 27 sig
462 191 74 21 kunna
551 190 80 26 fordra,
647 191 92 21 ersättas
755 189 86 22 banken
851 189 26 21 af

119 225 136 26 statsverket,
279 227 52 19 utan
353 225 65 22 bäras
440 225 25 22 af
484 225 86 21 banken
592 224 55 28 sjelf.
680 224 126 21 Emellertid
828 223 44 25 har,

121 261 70 20 såsom
204 259 81 28 jemväl
300 259 94 28 framgår
409 267 26 13 ur
450 259 137 26 berättelsen,
610 265 27 15 en
653 257 220 23 öfverensstämmelse

121 295 24 20 så
160 294 33 21 till
215 293 51 21 vida
287 294 94 25 vunnits,
404 296 33 19 att
460 295 31 20 ett
507 293 24 22 af
543 293 135 27 fullmäktige
693 292 123 22 framstäldt
831 291 42 22 för-

119 327 194 28 medlingsförslag,
329 327 67 27 enligt
412 327 82 22 hvilket
509 328 42 21 den
565 333 78 20 genom
653 327 167 27 silfvermyntets
828 333 45 14 rea-

119 361 86 22 lisation
230 361 176 28 uppkommande
431 361 76 22 förlust
529 361 69 22 skulle
620 361 33 21 till
675 361 83 21 hälften
781 361 92 21 ersättas

120 395 86 22 banken
229 395 25 22 af
274 395 136 26 statsverket,
434 396 70 22 blifvit
527 396 24 21 af
570 395 120 28 Kejserliga
713 395 94 22 Senaten
822 395 51 27 god-

121 430 75 25 kändt,
211 429 73 26 likväl,
300 431 70 20 såsom
386 431 36 20 det
438 437 69 20 synes,
529 432 44 19 mot
588 430 69 21 vilkor
672 431 33 20 att
720 429 152 22 realisationen

119 464 67 21 borde
209 464 92 21 omfatta
323 464 39 21 allt
386 465 36 20 det
444 464 34 21 för
492 464 94 21 rörelsen
602 463 121 28 obehöfliga
738 463 68 22 silfret
822 463 51 22 eller

121 498 54 21 efter
190 498 106 21 Senatens
310 498 102 27 pröfning
427 500 12 19 5
455 498 100 28 miljoner
569 498 67 21 mark.

188 532 49 21 Men
262 533 89 20 emedan
375 532 129 26 Ständerna,
526 532 73 22 hvilka
614 532 48 21 icke
678 531 64 22 hafva
758 532 66 27 något
839 534 32 19 att

118 567 106 21 anmärka
239 568 58 19 emot
312 567 41 20 den
369 567 92 21 emellan
476 567 134 27 Regeringen
626 566 41 21 och
674 565 135 28 fullmäktige
821 566 51 21 träf-

120 601 49 21 fade
192 600 222 26 öfverenskommelse,
439 601 74 21 befara
531 603 39 23 att,
586 601 67 20 sedan
669 607 90 14 numera
774 599 99 22 sedlarna

119 634 25 22 af
157 641 25 15 en
199 635 41 21 och
260 637 33 19 tre
316 635 73 21 marks
409 634 60 22 valör
484 641 77 21 genom
576 634 130 28 indragning
721 635 24 20 så
760 635 52 26 godt
828 641 44 14 som

118 669 136 27 fullständigt
277 668 121 22 försvunnit
419 677 25 13 ur
460 670 101 26 rörelsen,
576 670 69 20 under
659 676 27 14 en
702 668 102 28 möjligen
820 670 53 20 nära

117 703 138 21 förestående
271 703 74 27 period
361 703 24 21 af
398 703 90 28 lifligare
503 703 202 22 affärsverksamhet
719 703 7 21 i
741 703 75 21 landet
831 704 41 20 den

120 737 110 21 allmänna
245 737 107 21 rörelsens
367 738 69 21 behof
449 738 25 21 af
486 738 132 27 silfvermynt
629 737 109 21 sannolikt
748 737 48 21 icke
803 737 69 22 blefve

120 771 161 21 tillfredsstäldt
303 778 77 20 genom
404 773 36 20 det
463 772 78 27 belopp
557 772 119 28 Kejserliga
692 772 95 21 Senaten
802 771 71 21 funnit

119 804 134 28 tillräckligt;
269 808 23 24 ty
307 805 40 21 och
363 806 28 20 då
406 806 77 26 åtgärd
498 812 35 14 om
548 806 152 21 realisationen
711 806 59 20 ännu
781 806 18 27 ej
811 806 61 21 torde

119 845 52 14 vara
193 839 107 22 definitivt
322 839 109 28 vidtagen,
455 840 64 21 hafva
540 838 121 23 Ständerna
676 840 58 22 velat
749 840 126 27 härigenom

123 872 129 28 bemyndiga
267 873 195 28 bankfullmäktige

392 911 30 18 att
444 909 30 20 till
496 909 72 20 Hans
590 909 147 25 Kejserliga
752 909 124 25 Majestät

322 943 47 24 ingå
382 943 43 20 med
440 943 119 25 underdånig
580 943 115 20 hemställan
713 944 73 23 derom,
803 945 30 18 att
847 944 28 19 be-

323 977 65 24 loppet
402 978 26 23 af
440 978 32 19 det
487 978 29 19 till
536 977 139 26 nedsmältning
696 978 100 19 bestämda
811 977 63 24 finska

322 1011 144 25 silfvermyntet
478 1011 49 25 finge
541 1011 100 20 nedsättas
652 1012 29 19 till
697 1013 6 18 3
712 1013 91 23 miljoner
812 1012 61 19 mark.

188 1065 142 28 Helsingfors,
346 1067 41 20 den
404 1067 27 20 23
447 1066 42 27 Maj
506 1067 62 21 1882.

452 1196 109 18 je

223 1427 132 25 Helsingfors,
367 1430 19 17 J.
402 1429 77 17 Simelii
490 1430 111 22 arfvingars
614 1429 94 23 tryckeri,
720 1429 48 17 1883.
