1025 1667
72 202 81 24 Förslag.

212 136 28 21 66

251 198 65 22 Utom
331 200 27 21 de
373 200 88 27 förslag,
477 206 46 15 som
538 199 198 27 Bankfullmäktige
748 199 107 23 framstält
866 200 7 21 i
885 206 54 16 sam-

183 233 105 27 manhang
304 234 48 21 med
367 234 129 27 föregående
507 234 146 27 redogörelse,
666 233 65 21 hafva
742 233 197 27 Bankfullmäktige

182 268 70 20 ansett
274 267 33 27 sig
329 267 53 22 böra
399 268 33 21 till
451 268 179 22 Bankutskottets
646 268 101 27 pröfning
763 268 130 22 öfverlemna
907 270 32 26 yt-

182 301 101 27 terligare
298 301 105 28 följande:

250 335 32 21 De
297 336 120 27 betydande
433 336 109 26 förluster,
558 343 46 15 som
620 337 67 21 under
703 336 41 22 den
755 338 84 20 senaste
850 337 79 21 femårs

181 369 102 27 perioden
301 370 91 22 drabbat
406 371 91 26 banken,
513 370 65 22 hafva
594 370 34 22 för
644 370 198 28 Bankfullmäktige
857 372 81 26 utgjort

182 410 26 15 en
223 404 99 27 oafvislig
336 405 87 26 maning
438 406 31 20 att
485 405 116 26 öfverväga
620 405 118 21 orsakerna
753 405 72 21 dertill
841 408 55 19 samt
911 406 27 21 de

181 438 69 21 medel
273 438 39 21 och
334 440 96 25 utvägar,
453 439 139 27 hvarigenom
612 439 6 21 i
639 439 116 22 framtiden
775 441 30 19 ett
820 439 118 27 kraftigare

181 473 68 27 skydd
264 473 71 22 kunde
350 473 91 22 beredas
456 476 44 19 mot
515 474 27 21 de
557 473 66 27 faror,
639 473 33 22 för
687 473 74 22 hvilka
776 473 83 22 banken
869 474 69 21 under

180 507 148 22 förhållanden
344 507 80 22 sådana
440 514 45 15 som
502 509 26 20 de
544 508 164 27 genomgångna
722 509 25 20 är
757 509 73 20 utsatt.
853 508 83 27 Billigt-

180 541 32 22 vis
228 542 61 21 torde
305 542 36 21 det
361 542 106 27 nemligen
487 542 53 21 böra
555 542 106 21 erkännas
677 544 32 19 att
725 542 101 27 perioden
842 542 23 21 af
879 549 57 15 orsa-

180 576 44 26 ker,
245 582 39 15 som
297 576 71 27 redan
387 576 135 27 framhållits,
543 576 95 27 erbjudit
654 576 134 27 svårigheter
803 577 7 20 i
826 577 43 20 rikt
883 577 55 22 mått

179 610 34 21 för
228 616 26 15 en
269 610 188 27 kreditinrättning
472 611 5 21 i
495 611 41 21 den
552 611 102 26 ställning
669 611 102 21 Finlands
787 611 56 21 bank
853 611 84 27 intager

180 644 38 22 och
241 646 32 20 att
296 645 161 26 svårigheterna
476 645 68 22 delvis
564 645 56 21 varit
641 647 30 19 ett
691 645 34 21 arf
739 645 48 21 från
803 651 25 15 en
844 645 92 27 tidigare

178 679 82 26 period.
290 679 50 21 Men
356 679 48 22 med
420 679 39 22 allt
478 679 60 22 detta
554 679 83 22 lemnar
653 679 159 27 granskningen
827 679 46 21 icke
888 686 46 15 rum

178 713 34 21 för
234 713 42 22 den
298 713 135 27 uppfattning
457 715 31 20 att
510 713 132 22 förlusterna
660 713 47 21 helt
725 713 40 21 och
784 713 67 22 hållet
865 713 69 22 skulle

178 747 72 22 berott
264 747 28 27 på
306 747 189 27 omständigheter,
512 754 45 15 som
573 748 101 26 antingen
690 747 47 22 icke
753 747 44 22 läte
812 747 33 27 sig
859 747 76 22 beräk-

178 787 28 16 na
221 782 53 21 eller
292 782 33 21 till
345 782 40 21 den
404 782 54 26 grad
477 782 70 21 skulle
566 781 65 22 hafva
649 782 33 21 sin
701 783 35 20 rot
751 782 6 21 i
773 782 26 21 de
819 781 115 22 förhållan-

178 816 48 25 den,
237 816 69 21 under
316 815 73 22 hvilka
399 816 83 21 banken
494 816 90 27 arbetat,
596 817 32 20 att
638 816 131 21 förlusterna
779 815 47 22 icke
836 816 81 22 kunnat
927 817 6 20 i

177 850 70 27 någon
256 850 49 21 mån
312 850 111 21 undvikas.
440 850 99 21 Fastmer
547 850 68 21 måste
624 850 63 22 äfven
696 850 41 21 den
746 850 88 21 rättvise
843 851 38 20 och
890 851 44 21 väl-

177 884 73 27 villige
261 884 131 27 granskaren
403 884 86 22 komma
500 885 34 21 till
545 885 36 21 det
592 885 90 21 resultat
693 886 32 19 att
733 884 96 27 verkliga
837 884 97 28 felgrepp

176 918 138 22 förekommit
337 918 39 21 och
399 918 64 22 hafva
485 925 26 15 en
530 919 47 21 icke
597 919 61 26 ringa
676 920 78 25 anpart
772 918 6 21 i
799 919 26 21 de
840 919 94 26 ovanligt

176 954 60 19 stora
262 952 76 27 siffror,
365 959 45 14 som
437 953 95 21 bankens
559 953 116 26 räkningar
698 952 34 21 för
754 952 105 21 afskrifna
881 953 54 21 eller

176 986 78 22 osäkra
274 987 52 21 eller
345 987 28 26 pä
391 987 182 27 domstolsätgärd
596 987 54 22 eller
668 987 211 26 konkursutredning
898 987 35 21 be-

176 1021 80 21 roende
274 1020 122 28 fordringar
414 1023 100 25 upptaga.
546 1021 33 22 Dä
598 1027 28 15 nu
642 1021 131 21 förlusterna
787 1021 47 21 icke
849 1023 38 18 äro
902 1022 31 20 att

176 1055 126 21 tillskrifvas
320 1055 111 22 bristande
452 1061 85 22 omsorg
557 1055 39 22 och
612 1056 42 27 god
669 1055 53 27 vilja
737 1055 35 21 vid
788 1054 145 22 bankförvalt-

175 1089 85 26 ningen,
284 1089 27 21 dä
333 1089 34 27 de,
383 1089 72 22 säsom
477 1090 26 21 de
527 1090 91 21 relativa
637 1089 242 26 omsättningssiffrorna
897 1089 34 21 vid

174 1122 85 23 handen
274 1123 64 27 gifva,
354 1124 7 21 i
377 1125 69 20 större
457 1124 124 27 proportion
592 1124 109 21 äsamkats
711 1129 77 21 genom
799 1123 134 27 placeringar

173 1157 36 22 vid
227 1157 182 23 hufvudkontoret
428 1160 27 19 än
474 1159 35 21 vid
528 1158 112 27 filialerna,
656 1158 65 21 hafva
736 1157 195 27 Bankfullmäktige

173 1191 47 22 icke
239 1191 82 22 kunnat
338 1192 73 27 undgå
429 1194 33 20 att
480 1194 53 25 göra
552 1193 32 26 sig
603 1192 76 27 frågan
695 1198 34 15 om
745 1191 47 22 icke
807 1191 125 22 centralför-

172 1225 136 27 valtningens
327 1226 145 26 organisation
491 1233 51 15 vore
561 1226 82 27 mäktig
662 1226 23 21 af
700 1232 26 15 en
741 1225 128 27 utveckling,
885 1232 45 15 som

172 1258 70 22 skulle
261 1259 108 22 förstärka
389 1261 137 26 garantierna
545 1260 47 22 icke
612 1260 55 22 blott
685 1260 35 22 för
738 1260 41 21 den
798 1260 133 26 mängsidiga

172 1292 160 23 sakkännedom
349 1294 39 21 och
403 1294 124 22 erfarenhet
541 1296 52 20 utan
608 1294 64 22 äfven
688 1294 34 21 för
737 1294 41 21 den
794 1295 49 20 rent
857 1293 73 22 affärs-

171 1327 95 27 mässiga
284 1328 137 27 uppfattning
439 1328 24 22 af
479 1328 244 28 kreditoperationerna,
742 1327 78 22 hvaraf
836 1327 35 21 vid
886 1328 45 21 led-

171 1360 78 28 ningen
266 1362 23 21 af
302 1364 32 20 ett
349 1364 55 20 stort
418 1362 145 22 bankinstitut
578 1364 63 26 göres
656 1362 72 22 behof.

240 1396 43 21 Det
301 1398 25 19 är
343 1403 26 15 en
389 1397 93 27 gammal
501 1397 39 21 och
559 1397 90 21 allmänt
667 1396 112 22 vitsordad
794 1396 90 26 sanning
899 1398 31 18 att

170 1429 27 21 de
213 1429 176 29 missräkningar,
404 1431 34 21 för
453 1431 73 22 hvilka
540 1431 138 22 statsbanker
693 1433 39 19 äro
747 1432 82 20 utsatte
843 1430 36 21 vid
894 1430 35 22 be-

169 1463 95 27 viljande
279 1464 23 21 af
315 1464 78 27 kredit,
408 1465 181 27 hufvudsakligen
602 1466 52 21 bero
670 1465 67 27 derpä
751 1466 32 20 att
798 1466 31 20 ett
844 1464 85 22 betrak-
