1014 1661
431 107 27 38 JU
769 110 26 21 67

143 182 43 21 För
202 182 62 20 dessa
280 181 74 21 ställer
370 181 32 26 sig
418 181 110 20 ansvaret:

73 217 44 21 lika
132 217 7 20 i
156 216 42 21 alla
213 216 107 21 instanser
358 231 5 5 .
430 231 4 4 5
574 230 4 5 s
609 230 4 4 x
644 230 5 5 w
679 230 5 5 4
716 215 40 21 112

74 251 43 21 lika
132 251 7 20 i
155 250 82 21 hofrätt
252 250 39 21 och
306 230 264 46 Justitiedepartementet
608 264 4 5 <
650 265 1 5 0
680 265 4 5 .
730 250 25 20 71
787 255 39 20 183

75 286 46 20 med
137 285 121 26 förhöjning
274 284 6 21 i
299 284 264 26 Justitiedepartementet
574 298 5 6 .
743 284 14 20 4

74 320 47 20 med
137 319 157 26 förminskning
309 319 6 20 i
437 318 34 21 d:o
611 333 40 5 <<
680 334 5 4 <
730 318 28 21 50
798 324 27 20 54

784 365 40 21 237

145 406 56 21 Från
225 405 81 22 antalet
328 405 109 21 sakfällda
459 405 7 20 i
489 404 134 21 hofrätterne
640 405 32 20 uti
691 405 75 26 dylika
784 405 42 21 mål

75 441 42 21 263
133 441 101 21 afräknas
250 441 27 20 26
293 440 38 21 och
348 439 88 27 gvarstä
451 441 49 20 237.

146 475 42 21 För
204 475 48 20 dem
266 474 40 21 har
321 476 102 19 ansvaret
438 473 91 22 utfallit:

76 511 44 20 lika
135 510 7 21 i
158 509 82 22 hofrätt
255 509 38 22 och
308 509 131 21 underrätt
429 505 12 36 .
507 525 40 6 iw
613 525 5 5 mn
649 523 5 6 OA
789 509 39 21 162

76 545 48 21 med
140 544 122 27 förhöjning
277 544 7 20 i
299 543 109 21 hofrätten
432 559 4 4 .
469 559 6 5 .
506 560 4 4 .
544 560 2 5 .
576 560 6 5 .
613 560 4 4 .
648 560 5 4 .
683 560 5 4 .
736 545 24 19 12

76 579 47 22 med
140 578 156 26 förminskning
311 578 7 21 i
348 578 34 21 d:o
648 594 6 4 +
683 578 78 32 68
802 584 26 20 75

788 625 40 20 237

148 665 30 21 Af
199 665 26 21 de
244 664 33 21 till
297 664 39 22 den
357 664 70 21 första
447 671 97 20 gruppen
564 664 96 22 hörande
678 665 70 21 mälen
767 664 63 21 hafva

77 700 135 26 följaktligen
236 699 98 26 omkring
354 705 25 15 en
399 699 113 25 tredjedel,
533 698 23 22 af
573 699 68 21 andra
659 705 109 21 gruppens
787 698 43 22 mäl

77 736 52 20 nära
145 733 165 26 trefemtedelar,
327 733 21 21 af
364 734 69 26 tredje
449 739 110 21 gruppens
575 733 164 21 tväfemtedelar
754 733 39 21 och
809 732 23 22 af

77 769 68 27 fjerde
165 774 109 20 gruppens
293 770 53 18 nära
366 768 81 20 hälften
465 767 71 21 blifvit
552 768 81 26 dragna
649 768 68 21 under
732 768 98 21 Justitie-

79 804 181 26 departementets
280 802 106 27 pröfning,
403 805 52 18 utan
475 804 32 19 att
523 803 91 25 ändring
630 803 5 20 i
651 802 125 22 underrätts
792 802 38 21 och

80 838 94 20 hofrätts
190 836 232 22 öfverensstämmande
439 836 94 22 domslut
549 837 92 26 vunnits,
650 837 118 27 hvarjemte
772 832 14 37 i
783 836 50 22 ett

80 874 55 19 stort
151 871 58 21 antal
226 871 79 21 sädana
321 871 41 21 mäl
378 872 7 20 i
402 871 73 21 hvilka
490 872 174 20 underdomstols
681 872 71 26 utslag
768 871 6 21 i
786 871 46 21 hof-

81 908 42 19 rätt
138 906 116 26 undergätt
270 906 98 26 ändring,
384 906 264 26 Justitiedepartementet
667 906 49 21 lätit
732 906 35 20 vid
786 905 46 21 hof-

80 942 82 20 rättens
179 940 76 26 ätgärd
271 940 57 20 bero.
359 940 142 21 Hofrätterne
520 940 64 21 hafva
603 940 46 22 äter
669 942 53 19 utan
743 940 89 26 ändring

81 975 79 27 afgjort
176 976 52 19 nära
243 974 81 21 hälften
340 974 22 21 af
376 974 71 21 mälen
463 974 7 21 i
486 974 69 21 första
571 975 38 21 och
626 974 69 27 tredje
710 980 123 21 grupperna

82 1011 55 19 samt
152 1009 59 21 öfver
227 1008 166 27 tvätredjedelar
409 1009 6 20 i
432 1009 68 21 andra
515 1009 38 21 och
569 1009 68 26 fjerde
653 1015 129 21 grupperna.

153 1042 179 27 Strafförhöjning
357 1043 39 21 har
416 1043 32 21 uti
466 1043 262 27 Justitiedepartementet
748 1044 30 20 uti
798 1050 36 14 en-

83 1078 48 21 dast
153 1078 67 26 nägra
242 1077 21 21 fä
287 1078 41 20 mäl
352 1079 36 25 egt
412 1084 46 14 rum
483 1078 39 20 och
542 1078 62 21 äfven
624 1079 6 19 i
645 1078 134 21 hofrätterne
795 1078 39 21 har

83 1111 84 22 straffet
183 1112 48 20 vida
246 1111 69 22 oftare
332 1111 70 22 blifvit
418 1112 144 21 förminskadt
577 1115 27 18 än
620 1112 102 27 förhöjdt,
740 1112 45 21 med
797 1119 38 14 un-

83 1147 79 26 dantag
185 1146 54 21 dock
262 1146 22 21 af
306 1146 41 21 mäl
371 1146 111 26 angäende
504 1146 135 27 barnamord,
658 1147 36 20 vid
712 1147 73 20 hvilka
804 1148 32 19 ett

83 1182 91 20 motsatt
198 1180 133 21 förhållande
354 1179 106 22 inträffar.
495 1181 42 20 Det
560 1181 36 21 vill
620 1181 63 21 häraf
705 1187 63 21 synas
790 1187 46 15 som

85 1221 33 15 om
149 1215 77 26 klagan
243 1214 99 21 deröfver
358 1216 33 19 att
406 1214 141 22 straffmåttet
562 1215 6 21 i
585 1215 116 21 allmänhet
718 1215 69 21 skulle
803 1217 33 19 sö-

84 1247 39 23 käs
138 1248 34 21 för
188 1251 52 18 nära
256 1249 118 20 latitudeus
391 1249 113 21 minimum
519 1249 39 22 hos
574 1255 36 16 oss
626 1250 47 21 icke
685 1256 51 14 vore
747 1249 89 22 berätti-

85 1283 47 27 gad,
149 1290 48 14 men
211 1285 32 19 att
254 1283 40 21 den
306 1283 35 21 vid
350 1283 136 27 juristmötet
496 1284 76 27 gjorda
583 1284 169 27 anmärkningen
764 1284 73 21 derom

85 1320 32 19 att
137 1318 129 26 åklagarene
285 1318 34 21 för
338 1318 46 21 ofta
402 1318 75 27 åtnöja
496 1319 32 26 sig
547 1319 48 21 med
611 1319 178 21 underrätternas
805 1320 33 19 ut-

86 1353 52 26 slag,
158 1352 7 20 i
184 1352 72 21 stället
275 1352 33 21 för
327 1354 32 19 att
381 1353 3 20 i
405 1352 48 22 dem
475 1353 52 21 söka
548 1353 90 27 ändring
655 1353 65 21 likväl
736 1353 39 21 har
791 1353 46 21 skäl

85 1386 34 21 för
135 1387 40 25 sig,
191 1385 95 28 framgår
302 1385 61 22 äfven
380 1386 62 22 deraf
457 1389 38 24 att,
512 1387 66 27 enligt
598 1387 56 22 hvad
669 1387 121 22 tabellerna
805 1389 34 20 ut-

86 1420 52 27 visa,
155 1420 58 21 såväl
230 1420 134 22 hofrätterne
384 1427 47 15 som
449 1421 341 28 Justitiedepartementet
718 1416 10 38 i
739 1416 49 38 flere
800 1421 38 22 fall
