1028 1670
387 127 23 19 U.
423 127 23 19 B.
459 137 23 3 —
495 127 65 18 XXIII
808 129 21 18 13

97 184 112 23 missarien
224 184 35 21 vid
273 184 55 22 slika
343 184 142 28 utsökningar
500 184 116 28 begagnas,
632 184 40 22 bör
679 185 116 22 innehafva
799 185 53 28 juri-

97 220 48 21 disk
160 218 103 28 bildning,
278 225 53 15 vara
344 218 131 28 fullkomligt
489 218 133 29 öfverflödig,
641 222 57 19 samt
717 219 22 23 åt
753 220 99 22 kommis-

97 254 83 22 sariens
195 255 48 26 eget
256 252 133 22 bedömande
403 255 54 19 utan
472 253 46 22 risk
528 253 73 22 kunna
608 253 141 23 öfverlemnas
757 256 33 20 att
797 254 55 27 välja

97 288 103 27 lämpliga
214 287 85 22 ombud.

167 350 70 22 Sedan
259 358 29 14 nu
306 350 99 28 gällande
422 350 191 28 bankreglemente
627 350 108 23 utfärdats
749 352 41 21 har
804 352 48 20 Fin-

98 384 62 23 lands
179 385 57 22 bank
251 384 85 23 erhällit
350 386 47 26 nytt
412 384 79 22 kontor
507 385 6 21 i
529 385 76 22 staden
619 385 152 27 Tammerfors,
790 386 62 22 hvar-

99 419 33 22 för
147 419 110 22 Utskottet
271 421 70 19 ansett
356 421 31 19 ett
403 419 159 22 omnämnande
576 419 76 22 härom
667 419 55 22 böra
737 420 81 21 införas
832 420 19 27 ej

98 454 83 21 mindre
196 454 7 21 i
218 454 11 27 &
245 455 35 24 89,
297 453 36 22 der
355 453 96 22 bankens
475 453 78 22 kontor
569 454 133 27 uppräknas,
718 456 27 20 än
761 455 7 20 i
783 456 69 19 staten

97 488 34 22 för
147 487 101 22 Finlands
264 488 61 25 bank,
342 488 36 21 der
390 487 41 22 -det
446 487 70 23 skulle
534 488 85 28 intagas
634 489 67 21 bland
716 489 69 27 öfriga
799 488 52 22 min-

99 523 37 21 dre
151 523 190 21 landsortskontor.

166 591 73 28 Enligt
253 592 25 20 91
295 592 12 27 &
322 592 25 21 är
361 591 133 28 rättigheten
511 594 33 19 att
558 591 81 28 utgifva
656 591 141 28 hypotekslän
813 592 38 21 och

98 626 149 22 kassakretitiv
268 625 34 22 för
324 625 104 22 kontoren
451 627 7 20 i
477 626 126 22 landsorten
618 625 91 23 sälunda
725 626 126 28 begränsad,

98 663 32 20 att
146 661 32 25 de,
193 667 34 15 om
242 662 79 25 panten
335 660 48 21 icke
397 661 26 20 är
437 660 54 28 guld
506 661 40 21 och
561 661 72 21 silfver
648 661 52 22 eller
715 663 137 25 statspapper

97 695 41 22 och
160 695 157 22 räntebärande
339 695 150 28 obligationer,
509 694 67 23 mäste
594 695 34 22 för
645 695 75 28 hvarje
737 695 56 28 gäng
808 697 44 20 sär-

97 729 66 22 skildt
180 729 94 22 inhemta
291 729 208 22 Bankdirektionens
518 729 66 22 bifall.
614 730 50 21 Men
679 730 89 22 emedan
784 730 69 21 denna

98 763 92 29 omgäng
207 765 25 20 är
250 764 7 21 i
275 764 42 27 hög
336 764 53 27 grad
408 764 108 28 hinderlig
533 764 36 21 för
588 765 114 21 kontorens
717 763 135 27 länerörelse,

98 800 53 20 enär
166 799 36 21 det
217 799 124 27 härigenom
356 797 84 23 vällade
456 797 125 29 dröjsmälet
595 799 49 21 med
654 798 69 22 länets
733 798 120 28 beviljande

98 833 7 21 i
127 833 52 21 flere
197 833 38 21 fall
254 833 83 27 tvingar
357 833 40 21 den
412 832 133 22 länsökande
561 835 31 19 att
607 833 70 21 vända
692 833 33 27 sig
739 833 32 21 till
787 833 66 21 andre

98 866 124 29 längifvare,
237 867 135 29 synnerligen
387 867 35 21 vid
438 867 27 21 de
481 867 120 28 aflägsnare
616 867 111 26 kontoren,
739 867 37 21 der
786 874 66 20 uppe-

98 900 67 23 hället
179 900 67 23 mäste
261 901 66 22 blifva
341 902 75 25 större,
433 902 42 21 har
489 902 110 21 Utskottet
614 902 111 28 föreslagit
745 908 25 14 en
785 900 66 22 sädan

99 936 91 28 ändring
204 936 7 20 i
226 936 93 21 berörda
333 936 110 28 paragraf,
461 938 32 20 att
507 936 138 22 Direktionen
656 936 68 22 skulle
734 936 118 27 berättigas

98 972 33 20 att
144 969 29 29 pä
188 970 91 22 förhand
294 970 97 22 meddela
406 970 106 22 kontoren
525 978 46 14 mer
581 970 52 22 eller
643 970 84 22 mindre
737 970 116 21 vidsträckt

97 1004 99 22 tillätelse
213 1004 33 21 till
260 1004 123 28 utgifvande
398 1005 25 21 af
436 1004 82 22 sädana
536 1004 36 22 län
591 1005 40 21 och
646 1004 155 22 kassakreditiv
816 1011 35 14 en-

98 1039 39 28 ligt
152 1039 40 21 den
206 1038 61 22 tariff
279 1039 40 21 och
333 1041 46 19 mot
394 1039 26 21 de
436 1039 71 28 öfriga
521 1039 74 26 vilkor,
615 1046 46 14 som
676 1040 24 20 af
713 1038 138 22 Direktionen

97 1073 74 21 dervid
186 1073 68 21 skulle
271 1073 135 21 bestämmas.

166 1142 69 21 Bland
253 1142 42 21 den
313 1142 35 21 vid
362 1142 102 21 kontoret
478 1142 7 21 i
501 1142 31 21 S:t
547 1142 130 28 Petersburg
692 1141 161 28 tjenstgörande

97 1176 126 27 personalen
247 1178 105 26 upptager
375 1177 26 20 95
425 1177 12 27 &
461 1176 61 21 äfven
544 1183 26 14 en
588 1175 201 26 kontorsskrifvare,
805 1182 48 15 men

97 1210 71 21 denna
189 1210 85 28 uppgift
296 1211 25 20 är
343 1210 34 21 vid
397 1210 66 22 slutet
481 1211 24 21 af
521 1210 154 29 förordningen
694 1210 73 22 rättad
782 1209 71 22 säsom

97 1245 96 27 tryckfel.
222 1244 35 22 Nu
275 1243 96 29 framgår
390 1245 37 21 det
446 1245 118 21 emellertid
579 1245 24 21 af
616 1247 70 19 staten
702 1245 34 21 för
751 1243 102 22 Finlands

97 1278 64 27 bank,
177 1280 32 20 att
223 1278 35 22 vid
272 1278 67 28 sagda
353 1279 80 22 kontor
447 1279 108 27 verkligen
571 1280 24 20 är
611 1279 85 21 anstäld
714 1286 27 14 en
755 1278 98 22 kontors-

97 1312 112 27 skrifvare,
224 1313 67 21 ehuru
305 1312 30 28 pä
349 1315 63 20 extra
427 1315 50 24 stat,
493 1313 40 22 och
544 1313 110 22 Utskottet
664 1314 41 20 har
715 1312 139 22 fördenskuld

97 1346 7 21 i
123 1346 218 23 öfverensstämmelse
358 1348 92 21 härmed
469 1349 68 20 rättat
556 1346 165 30 ifrågavarande
744 1346 110 28 paragraf.

165 1415 136 22 Beträffande
317 1416 26 21 de
358 1416 24 21 af
395 1416 166 22 Bankutskottet
577 1416 122 27 föreslagna
715 1414 117 29 ändringar
846 1416 7 20 i

165 1456 136 17 Bankutskottets
312 1456 106 17 betänkande
431 1456 34 17 N:o
478 1457 16 16 4.
