1000 1720
212 179 44 18 1354
410 176 72 23 Nådiga
493 178 138 22 Propositionen
643 178 34 16 N:o
691 178 28 16 27.

188 244 44 21 stat
254 240 107 24 förbehåll
382 248 36 14 om
438 240 77 28 bidrag
535 240 24 23 af
572 240 137 26 Statsverket,
724 240 79 28 bevilja
818 238 68 24 sådan
900 241 41 25 ort,

188 277 34 21 för
240 276 158 28 skjutsningens
416 274 163 29 uppehållande,
594 275 100 27 lämpligt
707 274 118 22 understöd
839 274 49 22 från
903 274 39 22 all-

188 312 86 25 männa,
290 310 33 22 till
339 310 67 28 dylikt
420 309 67 23 behof
500 310 103 27 anslagne
617 309 76 23 medel.

538 374 11 28 S
566 375 33 20 18.

259 417 166 22 Vederbörande
443 416 150 28 kronobetjent
610 415 30 28 på
654 416 74 21 landet
743 416 40 21 och
797 416 125 28 myndighet
936 416 7 21 i

190 452 48 21 stad
260 451 83 28 åligger
364 453 33 20 att
418 451 66 22 minst
502 459 26 14 en
547 450 57 28 gång
617 451 7 21 i
639 449 113 28 månaden,
768 450 52 22 eller
834 451 64 21 äfven
912 450 36 21 of-'

189 488 53 24 tare,
264 485 38 22 der
322 485 139 22 Guvernören
475 485 88 27 pröfvar
578 483 77 23 sådant
669 485 81 28 nödigt,
766 485 106 27 besigtiga
886 486 58 26 gäst-

189 520 83 28 gifveri,
295 520 123 21 undersöka
440 519 118 28 ordningen
581 519 110 22 derstädes
714 519 40 22 och
769 527 57 19 noga
840 519 57 22 tillse
913 520 32 21 att

190 555 140 27 entreprenör
352 554 52 21 eller
423 553 129 28 gästgifvare
570 553 48 21 sina
635 553 145 27 skyldigheter
794 554 8 20 i
816 552 100 23 afseende
931 552 13 22 å

190 588 79 29 skjuts-
291 588 41 22 och
355 587 246 29 gästgifverihållningen
618 587 118 28 behörigen
751 587 99 29 fullgöra.
880 587 65 22 Före-

190 622 96 23 kommer
300 623 36 21 vid
350 622 228 28 besigtningstillfället
594 622 52 21 eller
660 622 63 27 eljest
737 622 47 21 skäl
798 622 33 21 till
846 622 100 22 anmärk-

190 658 58 26 ning,
268 657 94 21 anmäles
383 657 73 21 derom
470 658 53 20 utan
538 655 102 29 dröjsmål
654 656 39 21 hos
709 656 145 27 Guvernören,
869 664 52 19 som,
936 657 8 21 i

190 691 103 22 händelse
310 691 117 21 förseelsen
445 692 86 27 pröfvas
546 691 73 21 kunna
632 691 50 21 med
696 691 91 28 varning
801 690 78 29 aflöpa,
895 698 50 21 eger

191 726 41 21 den
246 725 86 22 felande
346 726 7 20 i
368 725 78 22 sådant
461 724 99 23 afseende
575 725 33 21 till
622 725 165 22 Landskansliet
801 726 81 21 inkalla
894 726 51 22 eller

190 760 41 22 ock
251 759 47 22 låta
319 760 118 26 varningen
460 766 76 20 genom
555 759 160 22 vederbörande
734 759 138 28 Kronofogde
887 760 58 21 med-

192 794 54 21 dela.
277 789 31 26 Är
329 793 163 22 försummelsen
514 793 25 21 af
557 792 87 22 svårare
666 793 154 27 beskaffenhet,
840 794 51 22 eller
905 794 41 22 har

191 829 141 27 entreprenör
350 828 52 21 eller
420 828 130 28 gästgifvare
567 828 48 20 icke
628 826 49 22 låtit
692 828 24 22 af
728 829 90 27 varning
833 828 32 28 sig
880 830 64 24 rätta,

191 862 55 22 skall
267 862 67 22 saken
353 861 33 22 till
406 861 101 22 domstols
524 861 132 28 behandling
675 861 147 27 öfverlemnas,
837 869 49 14 men
902 861 43 22 Gu-

191 897 105 23 vernören
318 903 39 20 ege
378 896 60 21 makt
460 897 32 20 att
514 895 41 22 den
577 895 125 28 försumlige
721 895 49 22 från
784 896 125 22 utöfvandet
924 896 24 22 af

190 931 34 21 sin
242 930 121 28 befattning
381 930 44 21 tills
440 930 73 21 vidare
528 929 64 29 skilja
606 930 40 21 och
661 930 50 28 foge
725 930 126 29 skyndsamt
865 931 81 22 anstalt

191 965 75 24 derom
283 967 37 20 -att
342 965 77 27 skjuts-
442 965 40 21 och
504 963 248 29 gästgifverihällningen
774 965 67 22 varda
858 965 8 22 i
880 965 66 28 nödig

191 999 91 27 ordning
301 999 141 27 ombesörjde.
472 997 32 23 På
522 999 73 21 landet
610 999 37 21 der
662 1001 139 25 entreprenör
816 999 74 27 finnes,
904 1000 41 22 bör

192 1034 59 22 detta
266 1033 37 22 ske
318 1032 30 28 på
361 1034 54 21 hans
430 1033 41 22 och
485 1033 53 21 hans
553 1033 131 26 löftesmäns,
695 1041 49 14 men
756 1034 61 28 eljest
827 1033 29 29 på
867 1034 78 28 skjuts-

191 1068 69 28 lagets
282 1068 126 22 bekostnad.
438 1067 32 22 Af
489 1067 119 22 domstolen
629 1068 66 21 varde
715 1068 41 21 den
770 1068 124 28 försumlige
910 1076 35 14 en-

191 1104 142 26 treprenören
348 1102 52 21 eller
416 1101 150 29 gästgifvaren,
582 1102 54 21 efter
650 1102 126 22 förseelsens
791 1102 153 27 beskaffenhet,

192 1136 66 22 dömd
273 1138 32 20 att
319 1136 53 22 böta
386 1136 48 22 från
449 1136 61 28 tjugu
525 1136 33 21 till
572 1136 73 21 femtio
660 1136 63 22 mark
738 1136 52 22 eller
802 1136 40 22 ock
853 1138 33 20 att
897 1136 49 22 från

191 1170 33 22 sin
246 1170 122 28 befattning
389 1170 80 28 skiljas.
499 1170 11 22 I
532 1170 131 22 sistnämnde
686 1170 39 22 fall
743 1171 55 21 skall
812 1171 133 28 gästgifveri-

191 1205 119 27 inrättning
333 1204 29 28 på
383 1204 80 27 landet,
486 1212 36 14 om
544 1204 124 30 densamma
685 1205 56 21 varit
758 1204 30 29 på
802 1206 144 27 entreprenad

191 1238 110 29 upplåten,
321 1238 133 23 fortfarande
472 1239 34 31 till
520 1239 162 22 arrendetidens
696 1239 82 29 utgång
792 1239 30 29 på
836 1243 109 25 entrepre-

191 1274 78 20 nörens
289 1272 40 21 och
348 1273 54 20 hans
416 1273 124 21 löftesmäns
555 1273 119 21 bekostnad
688 1273 133 27 uppehällas.
851 1270 31 25 Är
898 1274 47 25 den,

192 1313 46 15 som
254 1306 25 22 af
291 1306 92 27 domstol
398 1306 70 22 blifvit
482 1305 49 22 från
534 1307 280 28 gästgifveribefattningen
826 1307 61 26 skild,
899 1308 47 21 icke

192 1342 146 27 entreprenör,
353 1340 54 23 skall
423 1347 71 16 annan
509 1341 129 28 gästgifvare
649 1341 8 21 i
669 1341 40 22 den
725 1341 113 30 ordning
825 1336 13 39 &
852 1343 24 20 11
889 1342 56 22 före-

192 1375 90 24 skrifver
297 1376 24 21 af
335 1375 137 23 Guvernören
488 1377 97 27 antagas.

538 1432 12 27 8
567 1432 33 20 19.

260 1474 82 27 Hvarje
359 1475 130 27 gästgifveri,
504 1474 7 21 i
526 1475 49 21 stad
593 1474 40 22 och
647 1474 30 28 pä
691 1475 79 26 landet,
786 1475 68 21 förses
870 1482 76 21 genom

190 1509 151 21 Guvernörens
363 1508 86 28 försorg
472 1508 39 22 och
529 1507 29 29 pä
577 1508 119 22 bekostnad
714 1509 25 21 af
754 1509 109 22 allmänna
878 1510 68 22 medel
