1020 1725
204 171 44 17 1750
405 170 70 23 Nädiga
487 171 135 21 Propositionen
634 170 34 17 N:o
681 170 27 17 35.

180 232 66 30 något
261 236 66 19 annat
341 233 57 22 land.
429 234 156 28 Omöjligheten
600 234 34 21 för
650 233 25 21 de
690 232 62 22 flesta
765 232 118 28 produkter
898 234 32 20 att

180 268 55 22 bära
254 268 26 22 de
298 268 67 29 dryga
379 268 145 22 kostnaderna
538 268 35 21 vid
588 275 26 14 en
629 268 73 27 längre
717 268 165 27 hästtransport,
898 268 31 21 äf-

180 310 87 15 vensom
279 303 134 28 svärigheten
425 305 31 19 att
467 303 98 28 begagna
577 302 69 22 denna
657 303 68 21 under
733 303 196 26 menförestiderna,

181 338 76 21 verkar
276 337 54 22 dock
345 338 81 27 ganska
439 337 127 22 hämmande
581 336 29 29 pä
624 337 94 21 nämnda
734 337 134 28 varuutbyte,
884 345 46 14 som

181 372 97 21 deremot
291 374 53 19 utan
358 372 72 21 tvifvel
445 372 68 21 skulle
527 379 76 20 genom
618 371 157 28 anläggningen
790 371 25 22 af
823 371 41 22 den
875 371 55 22 före-

182 407 75 27 slagna
271 406 71 22 banan
358 407 123 26 ansenligen
495 406 93 26 tillväxa,
601 406 66 27 jemte
682 406 36 21 det
732 405 59 22 säväl
803 405 128 28 jordbruket

182 449 46 14 som
246 441 106 22 industrin
366 441 8 21 i
388 441 91 22 Finland
497 441 83 21 komme
599 442 32 20 att
649 447 76 20 genom
741 440 123 22 densamma
876 441 53 28 jem-

181 475 35 22 väl
234 475 90 22 beredas
342 475 100 26 fördelar,
461 475 72 22 hvilka
551 475 46 22 icke
612 482 76 20 genom
702 474 72 28 nägon
789 482 71 15 annan
872 475 59 28 jern-

181 509 183 29 vägsanläggning
379 510 68 21 skulle
461 510 73 21 kunna
548 510 7 21 i
570 510 43 21 lika
628 509 54 27 grad
696 509 90 27 uppnäs.

250 544 32 22 På
299 546 43 19 sätt
356 545 8 20 i
379 545 41 20 den
437 543 79 28 nådiga
534 544 160 27 propositionen
713 543 129 26 framhälles,
861 543 69 22 blefve

183 579 37 21 det
238 578 55 22 dock
311 586 26 14 en
352 578 124 28 omöjlighet
491 580 34 26 att
537 579 48 21 med
600 578 26 21 de
640 578 76 26 medel,
731 585 46 15 som
792 578 73 22 kunna
878 586 52 14 vara

182 615 32 19 att
228 612 68 29 tillgä,
312 613 109 27 samtidigt
435 613 90 21 bekosta
539 612 165 28 ifrägavarande
718 614 59 20 stora
789 613 90 28 jernväg
890 614 40 20 och

183 648 41 21 den
242 647 59 22 förut
317 647 111 21 beslutade
446 648 72 21 banan
536 648 33 21 till
583 646 149 22 Tammerfors.
762 647 49 22 Men
827 647 27 22 dä
869 648 62 21 äfven

183 682 26 21 de
226 682 84 22 trakter
325 682 69 21 denna
409 682 68 21 skulle
491 682 64 21 hafva
569 682 79 26 berört,
664 682 18 27 ej
698 681 83 22 mindre
795 683 28 19 än
837 682 94 22 nämnda

182 716 137 26 fabriksstad,
334 716 72 21 kunna
422 716 77 21 skörda
514 716 43 22 lika
572 717 55 21 stort
642 723 34 14 om
691 716 19 27 ej
723 717 68 21 större
803 723 56 21 gagn
871 716 62 22 deraf

183 752 33 20 att
229 751 7 21 i
252 751 62 21 deras
332 750 76 22 närhet
423 757 26 15 en
461 751 90 27 jernväg
569 750 102 28 vidtager,
686 757 45 15 som
747 752 84 26 öppnar
847 751 25 21 de
886 751 44 21 vid-

182 786 128 21 sträcktaste
328 785 42 21 fält
387 784 34 22 för
439 785 167 28 spekulationen,
624 786 40 20 och
683 784 28 22 dä
728 785 68 22 Eders
811 786 120 28 Kejserliga

182 820 101 27 Majestät
297 820 7 20 i
320 820 159 27 propositionen
495 820 80 27 jemväl
589 820 91 21 utlofvat
694 822 38 24 att,
748 819 69 23 sävidt
831 822 99 20 statsver-

182 854 48 22 kets
244 852 116 30 tillgångar
376 854 34 21 det
425 854 112 27 medgitva,
551 853 45 26 låta
611 862 75 20 genom
703 862 25 14 en
743 854 65 22 kanal
823 854 59 22 öfver
893 856 38 20 nä-

183 891 32 19 set
229 889 35 21 vid
278 889 99 21 Lembois
389 889 72 27 öppna
472 889 132 21 obehindrad
614 889 255 22 vattenkommunikation
880 889 50 22 mel-

182 923 38 22 lan
234 923 102 22 städerna
350 923 130 22 Tavastehus
495 924 40 21 och
550 923 149 27 Tammerfors,
716 931 44 14 som
776 924 66 21 redan
857 931 29 14 nu
898 923 33 22 stä

183 959 7 20 i
206 965 25 14 en
246 958 63 27 lifligt
322 957 122 27 trafikerad,
461 958 67 21 ehuru
543 965 75 20 genom
633 958 65 27 sagde
709 960 38 20 näs
759 959 108 25 afbruten,
880 957 51 29 äng-

182 992 179 22 bätsförbindelse
382 993 48 21 med
448 993 128 26 hvarandra,
594 1005 28 3 —
641 991 24 22 sä
683 993 61 21 torde
761 993 145 28 inbyggarene
923 994 8 20 i

182 1027 144 28 nyssnämnda
344 1027 82 22 trakter
444 1027 46 22 icke
505 1027 59 22 finna
578 1028 32 27 sig
624 1027 123 22 vanlottade
763 1035 35 14 om
812 1028 71 21 banan
898 1028 33 21 till

183 1061 149 27 Tammerfors,
357 1061 34 22 för
412 1062 134 27 fullföljande
568 1063 24 21 af
611 1064 31 19 ett
660 1064 68 20 större
745 1061 50 28 mål,
813 1063 118 21 tillsvidare

182 1096 133 28 uppskjutes.

251 1130 42 22 Vid
307 1130 156 28 öfvervägande
477 1131 24 21 af
515 1131 60 22 dessa
590 1131 46 21 skäl
647 1131 64 22 hafva
722 1131 156 28 Ridderskapet
890 1131 40 22 och

183 1165 69 21 Adeln
271 1167 55 19 samt
344 1165 83 21 Preste-
446 1166 39 20 och
503 1164 186 29 Borgareständen
704 1166 56 21 velat
774 1166 69 21 uttala
858 1168 32 19 att
904 1166 26 21 de

182 1200 34 21 till
231 1200 47 21 dess
292 1199 53 21 fulla
359 1200 45 26 vigt
418 1200 39 20 och
473 1200 108 27 betydelse
595 1200 34 20 för
643 1200 47 21 värt
701 1200 51 21 land
763 1200 115 28 uppskatta
890 1200 41 21 den

183 1234 25 21 af
220 1234 24 21 E.
260 1234 26 21 K.
301 1234 39 20 M:t
355 1241 29 13 nu
399 1233 121 29 föreslagna
532 1234 259 28 jernvägsanläggningen
806 1233 48 23 frän
865 1234 65 22 Riihi-

183 1268 57 20 mäki
258 1268 79 20 station
354 1267 12 20 &
380 1268 133 26 Helsingfors
528 1269 144 20 —Tavastehus
690 1269 71 20 banan
781 1269 58 20 öfver
857 1269 74 20 Lahtis

183 1301 40 21 och
240 1300 89 27 Wiborg
347 1300 33 21 till
399 1301 31 20 S:t
448 1301 136 28 Petersburg,
600 1304 55 18 samt
670 1302 94 20 erkänna
780 1304 31 18 att
825 1302 35 20 vid
874 1302 57 20 utfö-

182 1334 78 22 randet
278 1334 24 22 af
317 1334 153 22 stambanorna
484 1335 7 21 i
506 1335 74 22 landet
598 1336 70 21 denna
682 1336 50 28 linje
747 1337 7 21 i
769 1336 90 22 främsta
873 1344 58 14 rum-

182 1371 44 19 met
244 1370 40 21 bör
302 1369 88 28 byggas,
409 1369 108 22 äfvensom
535 1373 32 19 att
581 1369 90 23 ständen
686 1370 91 27 derföre,
793 1372 40 21 och
848 1370 27 22 dä
890 1371 41 21 den

182 1404 36 21 vid
233 1404 99 22 sednaste
343 1404 103 28 landtdag
458 1404 111 22 beslutade
581 1405 301 23 Tavastehus—Tammerfors
893 1406 37 21 ba-

183 1446 53 15 nans
252 1438 113 28 samtidiga
379 1438 114 23 utförande
509 1440 24 21 af
545 1439 111 22 finansiela
671 1440 46 22 skäl
731 1440 47 22 icke
792 1448 39 14 var
842 1440 89 29 möjligt,

183 1475 70 20 ansett
272 1473 31 28 sig
318 1473 72 22 kunna
405 1473 76 28 frängä
496 1474 92 22 berörda
602 1474 70 22 beslut
686 1475 7 21 i
708 1475 24 22 sä
746 1475 74 27 mätto,
836 1477 32 20 att
882 1476 48 21 med

182 1507 143 22 nästnämnda
337 1508 201 28 jernvägsbyggnad
553 1509 68 22 skulle
636 1509 62 22 anstä
713 1510 55 21 intill
780 1510 47 22 dess
839 1511 92 21 omstän-
