1017 1723
313 127 71 24 Nådiga
395 130 138 22 Propositionen
544 130 34 17 N:o
592 130 28 17 35.
779 131 42 16 1741

96 192 110 27 ansenliga
227 199 100 19 summor,
351 200 45 14 som
415 193 32 21 till
465 192 82 23 sådana
561 193 117 22 understöd
693 193 57 29 åtgå,
765 196 79 20 använ-

97 226 37 21 das
153 226 33 21 för
202 228 30 19 ett
246 227 84 27 företag
345 226 77 22 sådant
436 234 46 15 som
497 228 40 21 den
552 227 149 28 ifrågakomna
715 230 59 20 stora
785 228 60 28 jern-

95 260 186 28 vägsbyggnaden,
297 261 84 21 hvilken
395 262 47 20 icke
457 261 57 21 blott
528 262 54 21 skall
597 262 35 21 för
646 261 67 29 några
728 262 52 22 eller
791 262 54 22 flera

96 293 24 22 år
138 294 105 28 betrygga
260 295 257 27 arbetareproletärernes
536 296 98 26 existens,
649 298 52 20 utan
715 296 130 22 framförallt

95 328 66 22 blifva
175 329 26 21 af
213 329 164 27 oberäkneligen
391 330 125 27 produktivt
530 338 63 20 gagn.
616 330 109 22 Utskottet
739 330 37 22 vill
786 338 58 14 nem-

94 363 58 28 ligen
166 363 47 21 icke
227 364 64 21 hafva
307 364 35 21 det
357 364 106 28 nyssagda
476 364 90 22 sålunda
577 365 130 27 uppfattadt,
719 372 46 15 som
776 365 68 21 skulle

96 398 36 21 det
143 405 51 14 anse
201 398 270 28 jernvägsanläggningens
483 399 109 28 betydelse
603 398 70 23 såsom
684 400 160 28 undsättnings-

95 432 74 22 arbete
185 439 52 15 vara
252 432 40 22 den
307 432 160 23 bestämmande
482 434 134 27 synpunkten
630 434 35 21 vid
680 432 87 30 frågans
779 433 64 22 bedö-

94 466 84 23 mande.
208 467 98 22 Främsta
325 467 95 22 fördelen
438 467 24 22 af
480 468 69 22 denna
563 468 90 28 jernväg
671 468 40 22 och
729 468 36 22 det
782 468 62 28 vigti-

95 504 60 26 gaste
170 501 69 22 skälet
253 502 34 22 för
303 502 46 22 dess
365 502 118 28 byggande,
499 503 31 26 är,
546 501 71 23 såsom
631 502 67 22 redan
709 503 59 21 förut
779 502 64 22 fram-

95 536 61 26 hölls,
177 536 47 22 dess
242 536 94 22 lifvande
350 536 102 22 inverkan
466 536 29 28 på
510 537 163 27 produktionen.
702 538 33 21 De
749 536 95 22 klaraste

95 570 60 22 fakta
177 569 48 23 från
243 570 44 22 alla
304 570 75 22 länder
396 570 74 23 bevisa
488 573 32 20 att
537 572 161 21 verksamheten
712 572 59 20 inom
785 570 59 23 såväl

92 605 127 28 jordbruks-
237 612 46 15 som
302 605 187 23 fabriksindustrin
508 606 39 22 och
562 606 93 22 handeln
669 606 47 22 icke
730 606 56 22 blott
800 606 43 22 för-

96 640 61 22 ökats
175 642 53 20 utan
245 639 173 29 mångdubblats,
437 640 66 22 sedan
518 641 140 27 jernvägsnät
671 641 77 27 bragte
763 640 80 22 afstån-

96 675 40 21 den
152 676 33 20 att
199 674 109 22 försvinna
323 676 40 21 och
377 675 75 28 gjorde
467 676 215 27 afsättningsorterna
691 675 42 21 lätt
743 674 100 29 tillgäng-

95 709 50 28 liga,
161 710 67 27 jemte
246 709 36 22 det
300 709 144 23 kostnaderna
462 710 40 21 och
520 710 107 21 skadorna
640 710 8 21 i
663 709 40 23 och
721 709 34 21 för
773 711 70 20 trans-

95 746 77 26 porten
190 744 105 28 nedgingo
315 744 33 21 till
363 744 154 28 jemförelsevis
534 744 64 28 ringa
615 744 78 28 belopp
713 745 56 21 emot
787 744 56 22 hvad

94 778 61 22 fallet
169 779 56 21 varit
238 778 35 22 vid
287 779 193 27 hästtransporten.
506 779 38 21 Att
559 779 69 21 denna
643 778 109 22 allmänna
767 778 77 22 ekono-

95 813 68 21 miska
184 813 36 28 lag
242 812 75 23 endast
331 813 8 21 i
353 813 93 21 Finland
465 814 68 21 skulle
551 813 90 21 förneka
658 813 39 27 sig,
716 812 40 22 bör
770 812 34 22 väl
819 812 25 22 så

95 848 85 28 mycket
199 848 82 21 mindre
299 846 144 29 ifrågasättas,
458 855 46 15 som
516 848 46 27 just
576 848 41 21 här
632 848 41 21 den
688 854 77 21 genom
779 846 65 29 långa

96 883 40 21 och
151 881 63 22 svåra
228 882 115 28 forslingar
357 882 113 22 hämmade
484 883 145 26 afsättningen
643 881 62 23 hållit
719 881 125 28 produktio-

95 924 42 14 nen
152 917 7 20 i
174 916 65 22 linda.

163 951 51 21 Man
229 951 40 21 har
283 951 78 22 uttalat
376 950 101 29 farhägor
491 951 33 22 för
540 953 32 20 att
586 951 159 22 annuiteternas
760 950 84 22 utbeta-

95 986 64 21 lande
181 986 68 21 skulle
272 985 73 22 alltför
363 986 107 21 kännbart
487 985 84 22 minska
588 985 83 22 landets
685 984 116 29 tillgångar
815 984 30 29 pä

95 1020 73 22 valuta
183 1020 52 21 eller
249 1020 116 21 metalliskt
379 1022 65 25 mynt.
466 1019 49 23 Men
530 1020 71 22 denna
612 1020 90 27 jernväg
717 1019 68 22 skulle
799 1026 46 15 mer

96 1056 28 20 än
138 1053 72 28 någon
225 1061 72 14 annan
310 1054 101 22 befordra
426 1057 109 24 exporten,
552 1055 39 21 och
606 1053 81 22 således
703 1053 143 28 indragandet

96 1088 25 22 af
132 1088 73 22 valuta
219 1088 33 21 till
267 1088 79 22 landet.
369 1088 41 21 Det
425 1088 99 22 antördes
536 1088 66 21 redan
614 1090 31 19 att
656 1088 101 21 Finlands
769 1088 77 26 export

95 1122 34 22 till
151 1122 105 28 Ryssland
278 1122 69 22 under
368 1124 84 20 senaste
470 1122 164 28 gvingvennium
651 1122 112 28 uppgifves
781 1122 65 21 hafva

97 1157 60 27 stigit
171 1157 8 21 i
193 1156 101 22 medeltal
312 1156 33 22 till
363 1158 31 20 ett
411 1157 65 21 värde
494 1156 24 22 af
536 1157 126 26 16,054,000
677 1156 68 26 mark,
760 1156 86 21 hvilken

96 1191 61 22 siffra
171 1192 108 21 sannolikt
294 1192 25 20 är
333 1192 83 27 mycket
431 1191 41 28 läg.
494 1191 122 27 Jernvägen
630 1190 102 22 behöfver
747 1190 19 28 ej
781 1190 66 22 verka

96 1226 135 28 synnerligen
249 1225 79 28 mänga
345 1228 100 25 procents
463 1226 95 27 stegring
573 1226 8 20 i
595 1225 157 28 produktionen
771 1224 24 22 af
812 1232 35 14 ar-

96 1261 66 21 tiklar
180 1267 46 15 som
245 1262 37 20 äro
298 1260 110 28 begärliga
423 1261 7 21 i
445 1260 168 27 Kejsaredömet,
628 1259 74 21 förrän
717 1259 131 21 annuiteter-

98 1302 39 14 nas
154 1295 79 27 belopp
253 1294 123 28 derigenom
393 1294 33 22 till
441 1295 73 21 landet
528 1295 8 21 i
551 1294 73 22 valuta
637 1293 92 29 inflyter.
759 1293 89 21 Jernvä-

98 1336 78 20 garnes
194 1328 147 22 motståndare
358 1330 65 26 pläga
442 1328 94 28 åberopa
554 1328 112 22 resultatet
684 1328 25 21 af
725 1327 91 22 trafiken
835 1326 14 22 ä

98 1362 133 28 Helsingfors
237 1362 155 21 —Tavastehus
406 1362 72 21 banan
492 1362 71 21 såsom
578 1362 57 20 bevis
651 1360 73 28 derpä,
740 1363 32 18 att
787 1362 62 20 dessa

100 1396 53 28 dyra
168 1396 273 22 kommunikationsmedels
456 1396 117 28 inflytande
588 1395 46 21 icke
649 1396 24 20 är
689 1396 60 24 stort,
766 1394 40 21 och
817 1396 33 19 att

100 1432 26 21 de
141 1431 8 21 i
163 1430 48 22 vårt
224 1430 52 22 land
290 1431 48 21 icke
352 1430 72 22 kunna
438 1430 53 22 bära
506 1430 38 28 sig.
567 1430 49 21 Men
632 1429 69 21 denna
711 1428 64 26 bana,
786 1428 65 22 hvars

102 1473 41 15 ena
165 1466 111 28 ändpunkt
297 1466 46 21 icke
361 1466 7 21 i
388 1466 40 22 och
446 1465 33 21 för
497 1465 32 27 sig
548 1465 39 21 har
604 1463 71 29 någon
693 1462 110 29 betydelse
816 1462 35 23 för
