992 1725
225 172 48 32 1304
421 175 72 24 Nådiga
503 177 138 21 Propositionen
652 177 35 17 N:o
699 178 29 16 26.

200 240 110 28 handling,
324 239 82 29 hvarpå
420 240 150 27 inteckningen
585 240 100 28 grundas,
701 240 40 21 och
755 240 8 20 i
777 239 81 22 beviset
869 238 80 28 jemväl

200 276 107 27 upptagas
322 274 48 24 från
385 274 85 24 hvilken
485 274 41 28 dag
541 274 123 23 densamma
677 274 76 28 gäller.

544 338 11 27 s
571 338 34 20 22.

267 381 84 22 Räcker
372 381 20 28 ej
414 381 113 22 intecknad
545 381 108 28 fastighet,
671 387 46 14 som
735 380 89 23 kommit
841 380 8 21 i
867 387 82 16 annans

199 416 58 23 hand
278 417 29 22 än
329 415 147 30 gäldenärens,
497 415 34 22 till
552 415 88 28 gäldens
661 415 118 28 betalning;
802 422 51 15 vare
870 422 79 21 egaren

200 449 49 23 från
263 451 135 28 ansvarighet
412 450 34 22 för
460 450 81 25 bristen
556 450 33 27 fri,
605 449 38 23 der
656 450 44 22 han
711 450 19 28 ej
740 449 79 30 gälden
830 450 33 28 sig
875 449 74 29 åtagit.

542 514 13 27 8
571 515 34 20 23.

267 560 85 23 Varder
372 559 114 23 intecknad
507 559 101 28 fastighet
625 559 35 24 för
678 566 27 15 en
722 559 119 29 borgenärs
861 559 89 24 fordran

200 595 162 27 utmätningsvis
383 594 81 22 försåld
486 594 40 22 och
547 594 168 28 köpeskillingen
737 594 105 27 inbetald;
865 594 28 22 då
915 594 35 23 må

192 629 50 22 "alle
264 630 68 27 öfrige
353 629 137 28 borgenärer,
513 636 44 15 som
576 628 65 22 hafva
655 629 122 27 inteckning
792 629 8 21 i
814 629 135 28 fastigheten,

200 665 75 27 genast
293 664 89 21 derutur
396 663 61 28 njuta
471 664 116 27 betalning,
603 670 26 14 en
643 663 53 21 hvar
711 663 54 21 efter
780 663 33 21 sin
827 664 52 26 rätt,
893 662 58 24 ändå

200 700 34 21 att
248 698 62 22 deras
323 698 125 28 fordringar
462 698 61 28 eljest
537 698 48 22 icke
599 705 51 15 vore
665 698 106 22 förfallne.

543 759 12 27 8
571 760 33 20 24.

264 802 37 23 Då
314 802 115 22 intecknad
443 801 101 29 fastighet
558 802 99 28 försäljes
669 802 40 22 och
720 802 229 28 inteckningshafvare,

199 838 54 21 efter
274 837 211 22 öfverenskommelse
506 836 49 22 med
573 836 101 27 köparen,
693 836 56 22 låter
767 837 32 21 sin
814 837 89 21 fordran
917 838 33 21 till

200 873 68 20 större
290 871 52 22 eller
363 871 83 22 mindre
464 871 34 21 del
516 871 39 21 hos
571 871 69 21 denne
653 870 85 23 innestå
753 873 57 20 emot
824 879 29 21 ny
867 871 81 22 förbin-

200 906 57 22 delse
276 906 7 21 i
301 906 54 21 hans
374 907 48 26 eget
440 913 74 19 namn;
533 905 55 21 skall
603 905 79 26 derom,
697 906 8 21 i
720 905 99 22 afseende
835 905 13 22 å
863 907 86 21 anteck-

199 941 51 27 ning
264 941 8 20 i
286 940 270 28 inteckningsprotokollet,
567 940 40 21 hos
617 939 78 22 Rätten
707 940 96 21 anmälas
814 941 7 20 i
833 941 48 21 stad
892 941 58 22 inom

200 982 37 14 sex
258 973 102 23 månader
382 975 54 20 efter
458 974 153 27 försäljningen
634 974 40 21 och
693 973 13 22 å
723 974 74 21 landet
811 975 39 21 sist
863 975 36 22 vid
915 975 35 22 det

198 1009 90 28 lagtima
305 1009 53 27 ting,
377 1015 46 15 som
438 1008 53 22 efter
505 1015 38 14 sex
557 1007 112 22 månaders
684 1008 85 28 förlopp
785 1009 54 21 först
853 1009 96 22 infaller:

200 1044 40 23 och
260 1043 65 22 varde
339 1043 8 22 i
361 1043 38 28 thy
414 1042 38 22 fall
466 1042 236 27 inteckningshafvaren
717 1050 76 20 genom
807 1043 88 22 Rättens
911 1043 39 22 Ut-

197 1079 49 27 slag
260 1078 36 22 vid
310 1078 33 21 sin
357 1077 59 22 förut
426 1077 115 21 innehafda
552 1078 44 20 rätt
607 1075 121 25 bibehållen
740 1079 55 19 samt
806 1077 58 22 bevis
877 1078 73 21 derom

199 1112 101 22 tecknadt
315 1111 13 22 å
343 1112 40 21 den
398 1111 136 26 förbindelse,
549 1111 96 27 köparen
659 1111 34 21 till
706 1111 80 22 honom
799 1112 103 23 utfärdat.

543 1166 12 27 8
571 1166 33 20 25.

267 1210 47 21 Har
334 1209 136 25 förbindelse,
490 1208 34 21 för
538 1207 85 21 hvilken
637 1207 124 28 inteckning
775 1208 8 21 i
797 1208 102 28 fastighet
913 1209 36 21 be-

200 1245 76 28 viljats,
296 1244 18 28 ej
333 1243 70 22 blifvit
420 1243 89 25 infriad;
527 1242 44 22 låte
588 1242 237 27 inteckningshafvaren
843 1243 58 21 inom
920 1244 29 21 tio

201 1278 24 22 år
248 1278 54 21 efter
324 1278 41 20 den
383 1277 48 26 dag,
450 1275 28 22 då
491 1276 150 26 inteckningen
656 1275 107 21 fastställd
778 1277 31 24 är,
827 1276 123 22 densamma

200 1312 76 29 förnya
294 1311 40 21 och
352 1310 64 22 varde
434 1310 8 20 i
460 1309 77 21 sådant
551 1308 39 22 fall
604 1308 121 22 bibehållen
739 1309 36 21 vid
790 1309 41 22 den
845 1309 104 23 förmåns-

200 1348 50 24 rätt,
265 1346 78 22 honom
357 1345 7 20 i
379 1344 49 22 stöd
443 1343 23 22 af
480 1343 40 21 den
533 1343 152 28 ursprungliga
695 1343 150 29 inteckningen
856 1344 93 23 tillkom-

200 1382 45 21 mit.
275 1380 87 22 Samma
383 1378 138 22 förmånsrätt
543 1377 54 22 skall
615 1378 62 21 äfven
692 1378 93 22 derefter
799 1378 150 30 inteckningen

201 1416 82 27 åtfölja,
301 1414 25 22 så
343 1414 63 27 länge
424 1414 42 21 den
482 1413 58 21 inom
558 1412 29 22 tio
607 1411 24 23 år
646 1412 54 22 efter
715 1413 98 22 sednaste
828 1414 121 28 förnyelsen

200 1450 124 29 ytterligare
338 1449 92 28 förnyas.
456 1447 65 22 Låter
535 1447 220 28 inteckningshafvare
770 1448 30 21 tio
817 1447 24 22 år
855 1448 92 29 förflyta,

200 1488 53 23 mtan
274 1487 32 21 att
328 1484 75 28 förnya
420 1483 148 27 inteckningen
586 1480 71 25 såsom
674 1489 30 16 nu
719 1483 24 24 är
758 1483 69 27 sagdt,
842 1490 51 15 vare
907 1483 41 22 den

200 1519 106 24 förfallen.
