981 1723
202 132 44 16 1390
403 130 71 23 Nådiga
485 130 137 22 Propositionen
633 130 35 17 N:o
680 130 28 16 27.

180 194 26 22 de
220 194 45 22 ofta
279 194 124 28 upprepade
421 192 134 29 klagomålen
573 193 59 22 öfver
646 193 62 22 dessa
726 192 76 22 besvär
820 194 58 20 samt
895 192 36 22 det

178 229 93 28 menliga
288 228 117 29 inflytande
424 228 25 22 de
467 228 74 22 utöfva
559 227 149 22 företrädesvis
723 226 29 28 på
764 226 166 29 jordnäringens

178 264 120 26 fortkomst,
321 264 36 21 äro
381 262 24 23 så
427 263 89 21 allmänt
537 262 72 22 kända
630 264 32 20 att
683 262 39 22 allt
740 262 74 22 vidare
835 262 96 22 ordande

180 298 73 22 derom
267 298 63 22 torde
344 299 40 21 här
399 305 52 14 vara
465 297 140 27 öfverflödigt.

247 333 43 21 För
308 334 32 20 att
354 334 8 20 i
376 332 71 28 någon
462 340 49 14 mon
526 332 97 28 afhjelpa
638 332 61 22 dessa
718 332 143 28 olägenheter,
876 332 56 22 hade

179 368 60 22 Hans
254 367 121 29 Kejserliga
388 367 101 28 Majestät
503 367 8 22 i
527 374 25 15 en
568 367 120 21 Ständerna
699 366 35 22 vid
748 366 100 22 sednaste
862 366 70 22 landt-

180 402 41 28 dag
240 402 97 27 förelagd
358 402 135 27 proposition
515 402 60 21 eskat
597 401 130 22 Ständernas
749 401 129 21 medverkan
899 400 34 22 till

180 436 110 22 ordnande
308 436 24 21 af
347 435 185 29 skjutshållnings-
547 437 56 20 samt
617 436 49 27 väg-
685 435 41 22 och
744 435 188 28 brobyggnadsbe-

180 472 82 25 svären,
277 472 53 20 utan
345 472 32 20 att
391 470 70 21 rubba
476 470 75 28 sjelfva
565 469 132 29 grundvalen
712 469 34 22 för
761 469 61 22 dessa
837 469 95 22 kommu-

180 505 187 22 nikationsmedels
381 503 195 30 upprätthållande.
599 505 10 21 I
625 504 51 22 derå
691 504 88 29 afgifvet
789 503 144 29 underdånigt

180 547 49 15 svar
247 540 56 21 hade
321 539 120 22 Ständerna
459 539 79 22 uttalat
557 539 40 22 den
617 538 60 29 åsigt,
693 541 33 19 att
740 538 55 23 både
810 538 122 29 skjutshåll-

180 575 79 28 ningen
273 576 56 20 samt
344 575 108 21 allmänna
466 574 129 28 landsvägar
610 574 39 21 och
664 574 66 21 broar
744 573 100 23 tillhörde
860 574 26 21 de
901 574 32 21 in-

180 609 127 28 rättningar,
327 609 82 22 hvilkas
426 608 190 29 upprätthållande
633 609 7 20 i
658 608 75 28 sjelfva
750 609 74 22 verket
842 608 92 23 omedel-

181 644 50 21 bart
250 643 61 28 ålåge
330 643 36 21 det
384 643 172 28 medborgerliga
577 643 122 27 samhället;
718 651 49 14 men
786 642 24 23 så
828 643 106 22 önskvärd

181 685 27 15 en
225 677 126 28 förändring
369 678 8 21 i
394 678 124 21 nuvarande
539 677 149 22 förhållanden
706 678 8 21 i
732 677 126 28 nyssantydt
880 678 54 27 syfte

181 719 27 15 ur
221 712 114 28 principiel
350 713 108 27 synpunkt
473 714 27 19 än
515 715 71 25 syntes
600 719 58 19 vara,
674 712 72 21 kunde
760 712 121 22 Ständerna
895 712 40 21 lik-

181 747 34 22 väl
232 747 47 21 icke
297 746 107 28 tillstyrka
423 754 26 14 en
467 747 41 21 slik
527 747 179 28 genomgripande
725 747 145 27 omställning,
886 746 49 22 huf-

181 781 146 28 vudsakligast
342 781 83 21 derföre
441 783 32 20 att
491 781 41 22 den
547 781 33 21 för
596 788 25 14 en
636 780 67 22 sådan
719 780 77 29 åtgärd
810 781 125 28 oundgäng-

181 816 57 28 ligen
253 815 134 28 nödvändiga
402 815 114 28 utredning
531 823 34 14 om
581 815 26 22 de
621 815 122 27 kostnader,
755 823 45 14 som
812 815 124 22 densamma

181 851 84 21 komme
287 852 32 20 att
340 850 34 21 för
396 851 127 21 statsverket
545 849 102 27 medföra,
670 850 112 27 saknades,
804 852 53 20 utan
879 850 56 22 hade

183 885 120 21 Ständerna
324 884 119 28 föreslagit:
467 887 32 19 att
521 885 119 27 utgörande
662 885 24 21 af
706 885 230 28 skjutsningsbesväret

182 919 67 22 borde
264 920 120 20 utsträckas
399 920 19 27 ej
434 920 82 21 mindre
531 920 33 20 till
579 926 26 14 en
620 919 34 22 del
669 920 24 20 af
706 919 40 22 den
758 920 57 26 jord,
831 927 46 14 som
888 919 47 22 der-

182 952 57 23 ifrån
253 961 30 14 nu
297 952 94 29 åtnjuter
406 953 104 26 befrielse,
527 953 67 22 ehuru
609 953 103 28 enhälligt
730 953 70 22 beslut
815 961 35 14 om
864 953 72 22 hvilka

182 987 125 28 lägenheter
321 987 132 22 fortfarande
469 988 68 21 skulle
551 987 48 22 från
618 988 99 21 besväret
730 988 142 27 undantagas,
887 989 8 20 i
911 988 26 22 de

184 1022 105 21 särskilda
303 1021 90 22 stånden
412 1022 18 27 ej
449 1022 81 21 kunnat
548 1022 181 27 tillvägabringas,
748 1023 28 20 än
794 1023 41 21 ock
853 1023 33 21 till
904 1023 32 22 fa-

183 1056 78 26 briker,
281 1055 70 29 sågar,
370 1063 93 21 qvarnar
481 1057 40 21 och
544 1056 68 22 andra
634 1056 127 22 industriela
781 1057 154 28 inrättningar:

184 1093 32 19 att
230 1091 132 28 gästgifveri-
378 1091 40 22 och
433 1090 192 29 skjutshållningen
643 1091 67 22 borde
724 1091 90 22 medelst
828 1094 109 25 entrepre-

184 1125 43 22 nad
241 1127 95 26 utgöras,
356 1125 131 28 skjutslagen
505 1125 120 22 utsträckas
644 1125 32 22 till
695 1125 91 22 häradet
804 1126 39 21 och
859 1126 78 28 skjuts-

184 1160 144 27 ningstungan
343 1159 92 22 fördelas
450 1159 151 28 lägenheterne
620 1160 90 21 emellan
728 1160 7 21 i
753 1163 123 26 noggrannt
893 1161 44 21 för-

184 1193 100 23 hållande
302 1194 34 21 till
355 1195 62 20 deras
435 1194 80 22 mantal
534 1194 107 22 äfvensom
659 1195 227 28 häradspostföringen
900 1195 37 22 be-

185 1229 68 27 sörjas
271 1228 112 22 häradsvis
401 1228 30 28 på
450 1229 25 21 de
494 1229 238 28 skjutsningsskyldiges
754 1229 129 27 bekostnad;
906 1231 32 20 att

185 1264 49 25 väg-
253 1263 41 20 och
313 1263 298 26 brobyggnadsskyldigheten
629 1262 67 22 måtte
714 1265 121 19 utsträckas
856 1264 34 20 till
909 1264 29 20 all

183 1296 50 27 jord
248 1295 14 22 å
276 1296 73 21 landet
363 1297 40 20 och
419 1296 38 21 der
471 1296 108 27 befintlige
594 1296 61 27 bruk,
671 1296 69 28 sågar,
757 1305 99 20 qvarnar,
871 1297 66 22 fabri-

185 1331 38 21 ker
241 1330 41 22 och
300 1330 69 21 andra
386 1331 126 21 industriela
530 1331 143 28 inrättningar
691 1331 108 22 äfvensom
817 1331 33 22 till
868 1331 69 22 landt-

185 1364 132 23 handlande:
333 1367 32 20 att
378 1365 105 28 broafgift
497 1365 67 22 borde
578 1365 34 22 för
627 1366 102 21 öfverfart
744 1367 24 20 af
784 1367 154 22 kostsammare

186 1400 65 22 broar
265 1400 8 21 i
287 1399 118 22 allmänhet
419 1400 98 28 erläggas
536 1400 40 22 och
591 1400 35 21 vid
645 1401 25 22 de
689 1401 83 22 mindre
790 1401 92 22 broarne
902 1409 36 14 en-

187 1435 48 22 dast
253 1434 24 23 af
293 1435 55 26 dem,
367 1442 46 14 som
430 1435 126 28 begagnade
577 1434 119 29 hällskjuts,
720 1436 108 23 äfvensom
850 1439 33 20 att
904 1437 34 22 för

186 1470 167 27 landsvägarnes
374 1468 114 23 underhäll
505 1469 100 23 vintertid
623 1469 66 23 måtte
706 1470 91 23 inrättas
815 1472 97 27 ploglag,
931 1472 7 21 i
