1020 1720
190 155 43 16 1756
410 155 84 16 Finlands
507 155 84 17 Ständers
604 155 67 16 Beslut.

165 216 34 20 för
218 216 43 21 alla
278 216 55 21 Dess
351 218 76 26 trogne
448 216 126 22 undersäter
593 216 24 21 så
639 216 93 28 dyrbara
753 216 30 26 lif,
806 217 40 21 har
864 216 55 22 Vårt

166 249 69 22 första
249 250 71 21 beslut
333 249 30 28 på
381 250 69 22 denna
468 250 103 28 landtdag
590 251 56 20 varit
661 252 32 20 att
707 251 57 21 inför
779 251 59 21 Hans
853 250 66 28 Maje-

166 286 43 19 stät
220 284 100 28 uttrycka
331 284 78 21 Finska
420 284 76 22 folkets
508 285 99 27 hjertliga
619 284 179 28 glädjebetygelse
809 286 40 20 och
859 286 60 20 tack-

166 325 83 15 samma
266 318 131 28 lyckönskan
415 318 33 22 för
466 319 60 21 Hans
546 319 111 27 Majestäts
680 319 106 27 räddning
807 318 48 22 från
879 319 41 21 den

167 353 93 21 hotande
275 353 98 21 lifsfaran
388 354 40 20 och
444 354 102 26 derjemte
562 354 47 20 dess
627 354 112 20 försäkran
755 361 34 13 om
805 354 26 21 de
846 360 74 15 varma

166 387 165 27 välönskningar
351 387 117 21 detsamma
487 387 71 21 städse
573 388 7 20 i
595 388 46 20 sina
659 388 67 21 böner
741 388 54 21 skall
809 388 111 21 frambära

166 421 33 20 till
215 421 54 26 Gud,
286 423 32 18 att
332 421 48 20 Han
396 422 56 20 ännu
470 422 64 26 länge
552 420 66 22 måtte
633 422 79 21 bevara
726 422 59 21 Hans
800 422 120 27 Kejserliga

166 455 111 27 Majestäts
295 455 27 20 lif
337 454 33 22 till
388 455 56 28 fröjd
463 456 40 20 och
522 455 126 28 välsignelse
665 455 34 22 för
714 455 54 22 Vårt
787 456 86 21 älskade
888 455 31 22 fä-

168 489 135 22 dernesland.

520 527 12 27 $
548 528 20 20 2.

235 569 32 22 På
286 571 43 19 sätt
343 568 55 23 Vårt
416 569 40 22 den
476 571 11 19 5
506 569 147 28 nyssförvikne
668 569 61 28 April
748 569 80 22 aflåtna
842 569 79 22 under-

169 603 78 28 dåniga
265 611 48 14 svar
332 603 13 22 å
359 603 59 22 Hans
433 604 120 27 Kejserliga
568 604 111 27 Majestäts
694 603 79 28 nådiga
787 604 134 28 proposition

168 646 34 13 om
217 637 151 28 upphäfvande
387 639 23 20 af
428 638 98 28 gällande
545 639 132 27 stadganden
695 639 92 21 rörande
805 639 116 27 kapellför-

168 672 127 28 samlingars
310 672 120 28 skyldighet
445 674 32 20 att
491 673 71 28 bygga
577 673 39 21 och
635 672 127 22 underhålla
779 673 143 28 moderkyrka

168 707 48 21 med
238 707 53 21 flera
312 707 125 27 byggnader
459 707 57 21 inom
538 707 236 28 moderförsamlingen,
797 707 124 26 innehåller,

168 741 62 21 hafve
246 741 31 26 Vi,
296 742 8 20 i
322 743 109 20 närmaste
449 742 218 21 öfverensstämmelse
687 741 48 22 med
754 742 168 27 propositionen,

170 775 78 22 bifallit
263 776 33 21 till
311 775 36 22 det
361 776 7 21 i
384 777 72 20 ämnet
470 775 122 29 föreslagna
606 776 135 27 stadgandet.

521 837 12 27 8
549 839 20 19 3.

237 878 37 22 Uti
292 879 110 21 skrifvelse
421 879 23 21 af
462 880 40 20 den
522 881 26 19 13
568 879 95 22 sistlidne
678 880 61 27 April
757 880 62 22 hafve
837 880 27 21 Vi
882 880 40 22 hos

168 913 60 21 Hans
243 913 120 28 Kejserliga
376 914 101 27 Majestät
492 914 7 21 i
514 912 171 29 underdånighet
700 914 82 22 anmält
797 917 32 19 att
843 914 28 22 Vi
885 922 38 14 an-

169 948 54 26 tagit
239 948 36 21 det
292 948 80 28 förslag
391 948 32 22 till
441 948 35 28 lag
496 948 33 22 för
544 948 91 22 åhörare
651 948 34 22 vid
700 948 102 22 ståndens
817 956 106 15 samman-

169 982 76 22 träden
260 982 68 22 under
342 982 118 27 påstående
478 983 115 27 landtdag,
609 990 46 14 som
668 982 59 22 Hans
743 983 120 28 Kejserliga
877 983 46 22 Ma-

167 1016 72 28 jestät,
252 1016 67 28 jemte
333 1016 66 29 nådig
414 1018 132 27 proposition
562 1018 39 21 Oss
617 1017 100 28 förelagt.

522 1078 10 27 8
548 1079 20 19 4.

238 1111 74 21 Under
327 1112 40 20 den
383 1113 28 19 24
425 1112 92 21 förlidne
532 1112 61 27 April
606 1112 63 21 hafve
680 1112 34 26 Vi,
726 1113 66 27 enligt
803 1113 56 21 hvad
871 1112 53 22 Vårt

171 1146 66 26 sagde
255 1146 41 27 dag
316 1145 81 22 aflåtna
414 1145 147 28 underdåniga
579 1154 48 14 svar
643 1145 12 21 å
670 1146 59 21 Hans
744 1146 120 29 Kejserliga
878 1146 46 22 Ma-

169 1180 78 27 jestäts
269 1178 79 29 nådiga
370 1180 132 27 proposition
524 1181 8 20 i
555 1182 71 19 ämnet
647 1179 125 27 innehåller,
790 1181 8 20 i
817 1180 107 22 öfverens-

171 1214 120 21 stämmelse
306 1214 48 21 med
370 1220 81 15 samma
470 1214 139 27 proposition,
624 1214 88 21 beslutit
730 1216 32 19 att
777 1214 147 28 skyldigheten

170 1249 33 20 att
221 1248 91 26 bidraga
330 1248 19 27 ej
369 1248 82 21 mindre
469 1249 32 20 till
523 1249 168 26 kyrkobyggnad
714 1249 40 20 och
775 1249 56 20 hvad
854 1248 71 21 dertill

171 1281 66 26 enligt
257 1282 10 19 1
288 1281 10 26 $
319 1282 27 18 26
361 1281 49 26 kap.
425 1281 24 20 B.
465 1281 24 20 B.
505 1281 70 25 hörer,
594 1283 27 19 än
641 1281 33 20 till
692 1281 232 27 prestgärdsbyggnad,

171 1314 61 26 skall,
249 1314 38 21 der
301 1314 127 28 lägenheten
442 1314 34 22 till
491 1314 102 22 mantalet
611 1314 115 28 undergätt
743 1315 127 28 förändring
889 1322 36 20 ge-

171 1356 51 14 nom
237 1348 136 28 förmedling,
387 1348 129 22 bestämmas
532 1348 54 22 efter
601 1349 47 21 dess
663 1357 42 21 nya
719 1350 88 22 mantal.

527 1411 11 27 8
556 1411 18 21 5.

240 1450 61 22 Efter
320 1450 36 22 det
374 1449 65 29 nådig
456 1452 140 26 proposition,
619 1450 110 28 angående
751 1452 69 22 finska
841 1452 85 22 militie-

172 1485 89 21 fondens
276 1486 123 20 ersättande
414 1485 34 21 för
463 1486 147 27 minskningen
625 1486 24 21 af
659 1486 47 22 dess
718 1486 117 22 inkomster
849 1494 76 20 genom
