1017 1725
200 146 43 17 1568
397 145 72 24 Nådiga
480 146 138 23 Propositionen
629 146 35 18 N:o
677 147 28 16 30.

516 210 13 28 $
547 209 37 22 40.

243 251 99 23 Emedan
357 252 186 22 bestämmelserna
557 254 34 20 uti
605 252 16 22 2
636 253 39 22 och
688 252 16 21 3
715 252 96 30 kapitlen
822 252 26 30 af
856 253 70 21 denna

175 286 217 30 Bevillningsstadga
407 287 110 29 angående
531 289 67 20 sättet
607 288 42 28 för
661 287 154 29 bevillningens
821 287 105 29 faststäl-

176 321 70 27 lande,
268 321 122 30 debitering
409 323 38 20 och
464 322 101 29 uppbörd
579 322 46 21 icke
641 323 40 21 äro
697 323 136 28 tillämpliga
847 323 10 20 i
872 322 54 29 afse-

175 356 52 21 ende
243 356 13 21 &
271 357 25 22 de
314 360 59 18 utom
391 357 97 22 Finland
503 357 82 22 bosatte
595 357 71 28 finske
680 356 149 30 medborgare,
845 355 81 28 hvilka,

176 392 103 28 antingen
301 391 69 22 såsom
392 392 95 22 varande
506 393 9 20 i
529 392 58 27 finsk
607 393 82 20 allmän
708 392 70 29 tjenst,
798 393 52 20 eller
866 392 61 28 eljest

175 426 69 29 enligt
265 425 70 22 denna
347 426 148 29 författning,
515 427 39 20 äro
575 426 117 29 bevillning
707 426 164 27 underkastade,
889 434 37 13 an-

175 459 94 22 kommer
284 460 36 21 det
332 460 14 21 å
357 459 104 23 Senatens
476 460 283 29 Ekonomie-Departement
770 464 32 17 att
813 461 10 20 i
834 460 92 21 berörde

174 494 135 21 hänseenden
326 496 103 19 närmare
441 495 124 28 förordna;
585 495 38 21 och
642 502 49 21 eger
710 494 104 22 Senatens
830 495 96 21 bemälde

174 528 155 29 Departement
341 529 82 28 jemväl
437 529 96 22 meddela
549 530 25 20 de
589 529 75 22 vidare
670 528 146 30 föreskrifter
828 529 39 21 och
872 529 53 29 för-

175 563 118 30 klaringar
302 564 10 20 i
323 563 98 29 afseende
433 565 13 21 ä
456 564 192 28 verkställigheten
660 564 25 28 af
694 564 70 22 denna
779 563 147 30 Bevillnings-

175 598 85 29 stadga,
279 598 75 22 hvilka
366 598 74 28 finnas
455 600 26 28 af
494 599 215 29 omständigheterna
724 599 38 21 och
778 598 96 30 behofvet
884 600 42 28 på-

175 633 93 27 kallade,
291 636 55 19 samt
368 634 83 28 nödiga
466 634 139 29 formulärer
623 641 28 14 m.
670 641 27 14 m.
713 633 160 23 vederbörande
890 634 36 22 till

174 668 145 29 efterrättelse
327 668 125 29 fastställa.

473 742 89 20 Finlands
575 742 80 21 Ständer
666 742 109 20 framhärda
787 744 35 18 ete.

240 810 143 28 Helsingfors,
399 810 41 22 den
455 811 27 21 29
497 810 44 28 Maj
558 812 61 20 1867.
