1011 1728
214 161 43 16 1206
415 159 71 24 Nådiga
497 161 137 22 Propositionen
646 161 34 16 N:o
692 161 28 16 25.

207 223 99 34 Förslag
324 223 40 27 till
379 225 151 32 Förordning
548 223 123 34 angående
688 224 172 33 förändringar
877 223 44 27 och

265 267 88 33 tillägg
369 267 42 26 vid
428 267 119 27 allmänna
563 268 84 33 lagens
665 267 149 33 stadganden
831 274 36 20 om

437 311 145 33 äktenskaps
603 311 90 26 förord.

542 379 11 28 8
570 380 19 21 1.

258 421 58 28 Vilja
336 429 50 14 man
408 423 41 21 och
471 422 83 28 gvinna,
578 422 51 22 eller
649 421 12 22 å
680 422 100 27 omyndig
798 423 45 21 mös
858 423 81 28 vägnar

189 457 79 22 hennes
291 456 104 28 giftoman
414 457 52 22 eller
483 457 142 28 förmyndare,
645 458 52 26 göra
712 457 128 27 äktenskaps
855 457 85 27 förord;

190 491 28 22 dä
238 491 62 22 skola
321 491 25 21 de
369 491 36 21 det
426 491 118 28 skriftligen
563 492 40 21 och
623 492 48 21 med
685 491 37 22 tvä
735 491 81 22 vittnen
830 493 110 26 upprätta,

190 526 66 21 innan
277 526 67 27 vigsel
366 526 54 21 sker.
450 527 26 27 Ej
499 525 35 22 mä
552 526 74 21 förord
645 527 63 26 göras
723 533 35 14 om
773 528 67 19 annat
853 527 28 20 än
896 533 45 15 ma-

189 560 78 22 karnes
286 560 98 28 giftorätt
397 561 8 21 i
420 561 109 27 egendom,
549 567 46 14 som
613 560 93 28 lagligen
723 560 118 28 bortgifvas
856 561 49 26 kan,
921 561 18 28 ej

189 595 68 21 heller
279 594 33 22 till
333 594 85 29 förfäng
438 595 34 22 för
487 595 47 22 dem
549 602 52 19 som,
616 594 30 28 pä
661 595 41 22 den
716 595 32 21 tid
763 595 95 22 förordet
873 594 67 29 ingäs,

189 629 72 22 bättre
276 631 44 20 rätt
334 629 33 21 till
383 630 130 27 egendomen
527 629 70 22 hafva.

258 663 35 21 AN
308 663 41 22 den
364 664 110 27 egendom,
490 671 46 14 som
551 663 79 22 endera
644 663 76 22 maken
736 668 76 23 genom
823 663 73 22 förord
907 664 34 21 till

190 698 82 21 enskild
294 705 40 21 ego
356 698 32 27 sig
410 697 135 27 förbehäller,
569 698 54 21 skall
637 698 8 20 i
659 698 215 27 förordshandlingen
892 698 48 21 full-

189 732 97 28 ständigt
303 734 107 26 upptagas
430 733 40 21 och
484 732 133 28 namngifvas
633 732 40 22 och
688 732 96 22 förordet
798 732 69 22 tillika
881 733 60 21 inne-

190 765 58 24 hälla
267 767 40 21 den
326 766 66 22 andre
407 767 87 22 makens
508 767 131 29 uttryckliga
653 767 105 27 afsägelse
773 768 24 21 af
810 766 131 29 delaktighet

190 801 8 21 i
213 808 82 15 samma
310 801 109 28 egendom.

539 840 12 28 8
567 841 20 20 2.

258 876 136 34 Äktenskaps
416 882 74 22 förord
512 882 54 22 skall
581 884 66 26 öppet
660 882 91 28 ingifvas
766 883 32 21 till
812 882 129 22 Rädstufvu-

188 918 45 20 rätt
251 917 7 21 i
276 917 42 22 den
340 917 49 21 stad
412 917 50 22 eller
484 917 129 22 Häradsrätt
631 918 8 20 i
659 917 41 21 den
722 920 40 24 ort,
785 918 38 22 der
838 918 102 22 makarne

188 952 58 21 sätta
267 952 33 27 sig
323 952 66 21 neder
411 954 32 19 att
464 952 34 26 bo,
517 952 8 21 i
543 952 76 21 staden
641 952 57 21 inom
714 951 46 22 ätta
775 952 66 28 dagar
857 952 40 22 och
911 952 30 28 pä

189 986 73 22 landet
278 985 12 22 &
304 987 63 20 nästa
385 987 52 27 ting,
453 986 65 21 sedan
533 986 67 28 vigsel
615 986 66 26 skett;
698 987 40 20 och
752 986 44 22 låte
811 987 78 21 Rätten
905 987 36 21 det

188 1021 8 20 i
212 1020 100 21 särskildt
326 1021 107 26 protokoll
448 1020 86 21 införas.
564 1021 49 20 Kan
629 1020 40 21 den
683 1020 91 27 lagföljd
790 1021 18 28 ej
825 1021 42 26 ske,
883 1021 57 28 förty

190 1056 33 20 att
237 1055 81 27 vigseln
333 1053 12 22 ä
360 1062 71 14 annan
447 1056 34 20 ort
495 1054 107 22 förrättad
617 1056 35 25 är;
669 1053 27 23 dä
710 1055 55 20 skall
776 1055 95 22 förordet
882 1055 58 22 inom

188 1089 66 28 sagde
269 1089 32 21 tid
315 1089 39 21 hos
368 1089 79 22 Rätten
462 1090 7 21 i
484 1089 159 28 vigningsorten
657 1089 89 26 företes;
763 1090 39 21 och
817 1090 65 21 varde
898 1090 41 26 det,

188 1123 67 22 sedan
274 1123 101 22 makarne
390 1124 34 20 till
439 1123 153 28 boningsorten
607 1123 94 27 kommit,
716 1123 59 22 inom
790 1125 32 20 tre
837 1123 103 23 månader

188 1158 8 21 i
210 1158 48 21 stad
274 1158 41 21 och
329 1157 29 28 pä
372 1158 73 21 landet
460 1159 35 21 vid
510 1158 36 21 det
560 1159 51 27 ting,
628 1165 46 14 som
687 1159 49 20 näst
751 1158 53 21 efter
818 1160 33 19 tre
865 1158 74 22 mäna-

188 1192 39 21 der
241 1192 91 26 infaller,
347 1193 33 20 till
395 1193 78 21 Rätten
488 1192 93 28 ingifvet,
597 1193 49 21 med
660 1193 58 21 bevis
733 1194 32 20 att
780 1193 35 21 det
829 1193 40 21 hos
881 1193 58 22 dom-

189 1227 41 21 stol
248 1227 8 20 i
274 1226 160 28 vigningsorten
456 1227 92 22 företedt
569 1227 61 22 varit.
660 1227 46 28 Lag
727 1235 83 14 samma
832 1235 56 19 vare,
905 1235 34 14 om

189 1261 102 21 makarne
314 1261 92 21 derefter
425 1262 61 26 flytta
505 1262 32 21 till
552 1269 71 13 annan
637 1261 131 27 boningsort,
785 1262 88 21 hvarvid
885 1263 54 26 jem-

188 1294 34 21 väl
244 1295 84 27 styrkas
350 1294 46 26 bör,
420 1297 32 19 att
474 1295 96 22 förordet
591 1294 69 22 blifvit
678 1294 13 22 &
709 1295 59 21 förra
787 1295 152 27 boningsorten

187 1327 107 29 lagföljdt.

540 1359 11 27 8
568 1359 18 20 3.

255 1401 59 28 Vilja
336 1408 50 14 man
407 1401 41 21 och
470 1402 84 26 gvinna,
575 1400 27 22 dä
617 1401 26 21 de
658 1403 59 19 utom
731 1401 91 22 Finland
836 1400 51 29 ingä
902 1402 37 21 äk-

188 1435 98 28 tenskap,
308 1437 53 27 göra
384 1435 74 22 förord
481 1443 34 14 om
533 1436 42 22 fast
591 1436 108 28 egendom,
715 1444 46 14 som
776 1437 26 21 de
816 1436 41 22 här
871 1436 8 21 i
893 1436 46 22 lan-

188 1470 37 22 det
246 1470 74 27 hafva;
343 1470 65 22 varde
430 1470 36 22 det
487 1470 80 27 förord,
585 1471 65 21 innan
668 1471 67 27 vigsel
750 1472 54 25 sker,
820 1471 119 28 skriftligen

187 1504 49 22 med
257 1505 81 22 vittnen
360 1505 127 28 upprättadt
505 1506 41 29 och
563 1506 59 21 inom
635 1507 48 20 natt
697 1506 41 21 och
754 1505 24 22 är
792 1505 93 23 företedt
899 1506 40 22 hos
