992 1720
218 175 44 17 1306
415 173 71 24 Nådiga
497 175 137 21 Propositionen
647 175 34 16 N:o
694 175 27 15 26.

195 236 53 28 såld,
271 244 49 15 men
341 237 153 27 köpesumman
516 237 18 27 ej
557 237 62 20 räckt
640 235 33 22 till
694 235 39 22 full
752 235 109 28 betalning
880 235 24 22 af
917 235 26 22 de

195 272 127 27 fordringar,
346 278 45 15 som
414 271 63 22 bordt
498 278 26 14 ur
534 267 136 25 densamma
688 270 84 28 gäldas;
791 269 36 22 må
840 271 102 27 köparen,

195 305 25 23 så
234 308 60 20 snart
308 305 255 28 auktionsförrättningen
577 306 75 20 vunnit
665 305 51 28 laga
729 305 64 26 kraft,
809 305 52 21 eller
873 305 6 20 i
891 305 53 20 hän-

196 341 58 21 delse
268 341 24 21 af
304 339 88 22 klander
406 339 70 22 blifvit
490 339 113 26 fastställd,
619 340 40 21 och
673 339 153 28 köpesumman
837 339 107 26 inbetalts,

195 376 49 21 med
266 375 112 21 exekutors
401 374 52 21 eller
475 375 128 26 sysslomans
625 375 59 26 intyg
707 374 73 21 derom
801 375 56 20 samt
878 374 65 25 bevis,

195 410 72 24 hvilka
281 409 147 27 inteckningar
442 409 8 20 i
464 408 127 28 fastigheten
606 408 35 21 vid
657 408 157 21 auktionstiden
829 409 56 20 varit
900 408 45 27 gäl-

195 443 70 26 lande,
280 443 8 21 i
302 442 99 22 afseende
416 441 13 22 å
444 442 72 22 dessas
533 442 98 21 dödande
646 442 85 21 anmäla
742 443 31 26 sig
785 442 38 21 hos
836 442 40 21 den
887 442 57 26 Rätt,

196 485 46 14 som
263 477 175 27 inteckningarne
459 477 97 27 beviljat:
579 476 46 22 Och
644 484 38 20 ege
699 477 85 25 Rätten,
803 479 52 19 utan
869 476 77 22 hinder

197 511 63 23 deraf
276 513 32 20 att
325 511 289 28 inteckningshandlingarne
633 511 18 27 ej
667 511 7 21 i
690 511 167 22 hufvudskrifter
871 511 75 28 uppvi-

195 544 42 29 sas,
256 546 96 22 förklara
370 545 71 28 dylika
458 546 154 27 inteckningar,
627 545 8 21 i
649 545 54 28 följd
718 546 23 21 af
754 546 139 28 fastighetens
909 554 36 14 an-

197 580 112 22 vändande
326 580 33 21 till
374 580 26 21 de
415 580 126 21 intecknade
556 580 125 21 skuldernas
696 580 115 28 betalning,
827 588 52 13 vara
894 582 53 19 utan

196 615 74 21 vidare
291 614 86 26 verkan,
400 614 71 21 derest
493 615 19 27 ej
535 621 35 14 om
591 613 72 28 någon
680 614 128 28 inteckning,
828 615 72 27 förthy
915 616 32 20 att

198 650 40 20 den
260 648 68 28 angår
345 648 102 28 legoaftal
465 648 52 21 eller
535 648 160 28 nyttjanderätt,
712 648 51 22 eller
777 648 29 28 på
821 649 40 21 den
877 649 69 27 grund

198 684 11 27 &
225 684 27 20 24
267 682 121 28 medgifver,
404 682 69 21 blifvit
488 682 134 21 annorlunda
637 682 113 22 bestämdt.
773 683 61 21 Hvad
848 683 8 20 i
870 682 77 22 sådant

197 716 44 22 mål
255 715 100 27 beslutes,
370 716 55 22 skall
440 724 77 20 genom
531 716 89 22 Rättens
635 716 84 28 försorg
734 716 29 28 på
777 717 119 21 sökandens
911 717 36 21 be-

198 751 92 21 kostnad
304 751 8 21 i
326 750 108 22 allmänna
448 750 137 28 tidningarne
599 753 34 19 tre
648 750 80 28 gånger
743 751 113 27 kungöras.

542 812 11 26 8
570 812 33 20 30.

266 851 58 24 Utan
338 851 76 23 hinder
429 853 23 21 af
466 853 66 22 skedd
546 853 123 28 inteckning
683 853 36 22 må
734 854 25 21 de
771 854 39 27 jäf,
826 854 121 28 fastighets-

199 893 78 22 egaren
296 887 95 22 derefter
409 889 39 26 gör
466 889 57 20 emot
541 887 114 21 intecknad
670 887 94 27 fordran,
780 888 85 21 komma
879 889 69 21 under

198 923 107 27 pröfning,
324 921 24 22 så
362 921 66 21 framt
442 919 18 30 ej
477 921 149 28 inteckningen
641 922 103 27 grundats
760 921 13 22 å
787 922 162 29 fastighetsega-

199 964 49 14 rens
271 958 48 26 eget
340 955 136 22 erkännande
498 955 58 22 inför
576 955 65 22 Rätta
664 955 51 22 eller
731 956 72 27 jäfven
817 957 59 21 förut
890 957 58 28 pröf-

199 991 54 21 vade
267 991 62 21 varit.

543 1027 11 28 8
571 1028 32 20 31.

267 1070 65 27 Nöjes
347 1076 50 15 man
412 1069 18 28 ej
446 1069 23 22 åt
483 1069 88 22 Rättens
586 1070 70 21 beslut
670 1070 8 21 i
689 1070 186 28 inteckningsmål;
887 1071 63 22 hafve

200 1105 32 20 lof
252 1106 32 19 att
303 1104 96 21 deröfver
417 1104 90 21 besvära
525 1104 32 26 sig
572 1104 7 20 i
593 1104 115 21 Hofrätten
722 1105 57 20 inom
795 1105 40 20 den
850 1105 37 26 tid,
904 1113 45 14 som

201 1138 33 21 för
256 1138 86 21 besvärs
364 1137 118 22 anförande
499 1138 8 20 i
525 1137 116 22 allmänhet
655 1140 68 19 utsatt
737 1140 32 19 är.
798 1139 98 21 Hofrätts
911 1140 38 20 Ut-

201 1172 47 28 slag
266 1173 8 20 i
293 1171 66 29 dylikt
377 1171 43 22 mål
438 1171 34 22 får
490 1172 141 21 underkastas
646 1172 101 28 pröfning
762 1173 23 20 af
799 1173 102 22 Senatens
916 1173 34 22 för

201 1207 92 20 Finland
315 1206 234 27 Justitiedepartement
571 1213 76 20 genom
669 1207 82 26 besvär,
770 1207 7 20 i
797 1207 40 21 den
860 1207 91 28 ordning

204 1242 24 19 18
244 1241 12 26 $
272 1242 26 19 30
313 1240 49 28 kap.
378 1240 24 21 R.
417 1240 24 21 B.
456 1240 142 21 föreskrifver.

547 1294 10 26 8
574 1294 33 20 32,

271 1336 41 20 Om
329 1334 241 28 inteckningsprotokoll
589 1335 40 21 och
644 1335 47 22 dess
706 1334 131 24 insändande
852 1336 33 22 till
899 1337 52 22 Hof-

203 1372 44 20 rätt
260 1370 64 22 lände
339 1369 58 21 förut
412 1369 124 21 meddelade
551 1369 132 23 föreskrifter
698 1370 33 22 till
746 1370 148 24 efterrättelse.

545 1424 11 28 $
573 1425 33 21 33.

271 1468 76 22 Denna
368 1468 124 27 förordning
514 1467 61 26 skall,
594 1468 7 21 i
620 1468 71 22 stället
709 1469 34 21 för
757 1470 58 21 förut
829 1470 121 28 utfärdade,

203 1503 88 22 härmed
310 1502 18 28 ej
348 1502 230 22 öfverensstämmande
595 1502 73 28 påbud
687 1510 34 15 om
739 1504 128 28 inteckning,
887 1505 65 23 blifva
