1020 1717
310 142 72 24 Nådiga
392 144 136 22 Propositionen
539 144 35 18 N:o
586 144 29 17 30.
781 144 43 17 1541

94 206 41 28 tigt
150 206 36 22 det
200 207 28 21 än
242 207 32 25 är,
290 208 32 20 att
336 206 30 22 all
380 206 93 22 inkomst
487 214 46 14 som
551 207 19 28 ej
589 206 126 28 öfverstiger
729 208 41 20 500
785 206 63 22 mark

94 242 25 20 är
134 239 48 23 från
196 239 116 28 bevillning
327 240 35 26 fri;
375 240 69 21 finner
462 240 103 22 utskottet
584 240 63 22 deraf
662 240 55 22 dock
731 240 48 22 icke
792 240 56 22 böra

93 274 53 28 följa
164 276 33 19 att
214 274 62 22 äfven
291 274 35 21 vid
344 272 32 23 en:
388 274 66 27 högre
472 274 93 22 inkomst
584 274 94 22 nämnda
695 274 78 28 belopp
792 274 56 22 skall

94 307 23 23 få
135 307 49 23 från
203 308 143 28 bevillningen
363 308 142 28 undantagas.
534 308 110 22 Utskottet
664 309 41 21 har
723 310 70 20 ansett
811 309 37 21 det

94 349 53 15 vara
164 342 200 28 tillfyllestgörande
383 349 34 15 om
436 341 77 23 sådant
531 342 77 28 afdrag
623 342 33 22 får
671 342 38 22 ske
724 342 33 22 för
772 342 29 22 all
815 343 32 21 in-

94 376 71 22 komst
183 384 46 14 som
246 376 135 28 understiger
400 377 63 26 2,500
482 377 68 26 mark,
569 384 48 14 men
639 378 32 20 att
692 376 34 22 för
747 376 100 28 inkomst,

94 418 47 14 som
162 410 85 28 uppgår
268 410 33 21 till
324 411 58 21 detta
403 410 78 28 belopp
501 411 40 22 och
561 411 126 26 derutöfver,
706 411 143 22 omförmälda

95 446 41 21 500
151 445 62 22 mark
226 445 48 22 icke
288 452 60 14 mera
362 445 54 21 böra
430 451 53 16 vara
497 444 48 23 från
559 445 116 28 bevillning
690 445 99 28 fritagna.

163 486 35 23 Då
212 487 149 22 erfarenheten
376 488 61 26 visat,
453 489 32 20 att
499 488 161 27 bestämningen
675 488 7 21 i
698 489 11 27 8
724 490 10 19 4
746 495 34 15 om
791 489 57 21 hvad

94 517 52 37 som:
157 521 38 22 bör
209 521 79 22 förstås
302 521 49 22 med
365 529 38 14 ren
418 521 123 29 behållning
560 522 52 21 eller
629 522 154 22 nettoinkomst
800 522 49 22 blif-

93 556 32 23 vit
139 556 83 28 mycket
237 556 58 21 olika
308 556 74 21 tolkad
398 556 40 21 och
453 556 60 27 gifvit
531 556 115 28 anledning
664 555 59 23 såväl
739 557 34 20 till
792 557 56 21 orik-

94 591 46 28 tiga
157 590 109 28 uppgifter
284 589 48 22 från
351 590 26 22 de
395 590 228 29 bevillningsskyldige,
643 597 46 15 som
708 591 40 21 ock
765 591 34 22 till
816 591 32 22 in-

94 625 157 27 konseqvenser
269 624 35 23 vid
323 625 158 28 taxeringarne,
500 625 40 22 har
561 625 105 22 utskottet
688 625 47 22 sökt
757 626 92 21 omredi-

95 666 52 21 gera
168 660 12 27 &
204 657 100 28 sålunda,
326 660 33 21 att
384 658 148 23 missförstånd
557 659 95 22 rörande
676 659 71 22 denna
768 660 81 29 vigtiga

95 693 68 28 punkt
177 693 67 22 måtte
259 693 134 28 förebyggas.

163 737 59 21 Enär
238 737 37 21 det
290 735 44 23 ofta
349 737 43 21 kan
406 737 95 26 inträffa,
517 739 32 19 att
563 737 138 22 innehafvare
713 737 52 22 eller
775 745 74 14 arren-

96 771 63 22 dator
174 771 24 22 af
214 771 120 28 ölbryggeri
350 771 52 22 eller
416 771 145 28 porterfabrik
576 771 96 22 afträder
687 772 118 22 detsamma
820 773 29 20 el-

95 806 32 21 ler
145 805 83 23 lemnar
245 806 79 26 landet,
343 806 66 21 innan
426 806 44 22 han
488 806 69 28 erlagt
575 808 62 20 extra
655 806 142 28 bevillningen
815 807 35 21 för

96 840 36 22 det
152 840 69 21 under
243 839 57 22 årets
322 840 51 27 lopp
395 839 97 23 försålda
511 841 43 21 ölet
573 841 40 21 och
631 843 89 25 portern
738 841 53 22 eller
813 848 37 15 ens

95 874 83 21 kunnat
195 874 34 22 för
248 874 122 22 densamma
388 874 93 27 kräfvas,
495 875 139 28 hvarigenom
650 875 70 22 denna
733 875 117 28 bevillning

95 909 111 28 lätteligen
224 909 43 22 kan
285 909 66 22 blifva
369 909 92 26 obetald,
481 910 40 21 har
535 910 104 21 utskottet
658 912 71 19 ansett
747 909 36 22 det
797 917 54 15 vara

97 943 24 23 af
133 943 77 26 nöden,
226 945 32 20 att
272 945 70 21 staten
356 945 88 26 tryggas
462 945 45 20 mot
522 943 68 23 sådan
604 944 84 27 förlust,
704 945 40 21 och
759 944 92 23 föreslår

96 978 85 22 derföre
199 978 32 22 till
256 979 5 27 8
280 979 13 20 8
312 978 41 22 den
371 979 222 28 tilläggsbestämning
612 980 32 20 att
661 979 123 28 bryggeriet
799 979 52 22 eller

95 1013 99 22 fabriken
209 1013 39 22 bör
262 1014 77 27 utgöra
354 1013 99 21 säkerhet
467 1013 35 22 för
515 1013 154 27 bevillningens
684 1013 126 28 utgörande.

165 1057 11 26 &
194 1057 26 19 12
235 1055 58 22 lärer
310 1055 71 22 blifvit
394 1054 92 23 föremål
501 1055 34 22 för
549 1055 57 22 olika
620 1056 107 27 tolkning,
742 1056 56 22 hvad
813 1063 38 15 an-

97 1089 38 29 går
151 1090 185 27 dagtraktamente
350 1089 34 21 till
402 1089 26 22 de
447 1090 129 22 ordförande
594 1090 41 22 och
653 1091 118 22 ledamöter
788 1091 9 21 i
813 1091 38 22 be-

98 1123 209 29 villningskomitéer,
322 1131 47 14 som
384 1125 38 20 äro
436 1123 87 22 bosatta
536 1123 9 22 i
561 1124 39 21 den
617 1125 48 20 stad
680 1124 51 23 eller
746 1125 58 22 invid
815 1125 37 22 det

96 1159 62 22 ställe
170 1158 13 21 å
197 1158 80 27 landet,
293 1158 37 21 der
344 1157 157 29 förrättningen
518 1165 50 20 eger
582 1165 54 19 rum,
652 1159 40 21 och
707 1157 83 24 således
804 1159 47 22 icke

96 1193 118 22 vidkännas
232 1200 56 14 rese-
306 1193 52 21 eller
376 1193 69 21 andra
462 1192 115 22 kostnader
596 1193 78 21 derför.
704 1193 73 28 Enligt
795 1194 56 22 hvad

96 1227 105 22 utskottet
218 1227 105 22 inhemtat
340 1227 40 21 har
400 1227 93 21 Senaten
511 1227 106 22 förklarat
639 1227 186 28 dagtraktamente
844 1229 8 20 i

96 1261 83 22 sådana
194 1261 38 22 fall
246 1261 47 22 icke
307 1261 55 22 böra
376 1260 161 28 ifrågakomma.
567 1261 110 22 Utskottet
691 1262 43 21 kan
749 1262 19 28 ej
785 1265 67 19 annat

97 1297 28 20 än
143 1295 86 21 biträda
248 1295 69 22 denna
331 1295 106 27 tolkning,
453 1296 52 21 enär
522 1295 95 22 berörda
635 1295 110 28 sysslande
759 1296 41 22 bör
814 1296 37 22 be-

88 1330 92 22 -traktas
200 1336 46 15 som
264 1331 31 20 ett
311 1329 134 21 kommunalt
462 1330 109 26 uppdrag,
590 1329 35 22 för
643 1330 81 21 hvilket
744 1330 54 22 intet
817 1338 34 14 ar-

97 1363 54 21 vode
170 1361 98 27 erhålles,
286 1364 52 19 utan
357 1362 76 22 endast
451 1362 118 27 ersättning
587 1362 35 21 för
640 1362 27 22 de
685 1362 117 22 kostnader
817 1364 36 21 det

97 1397 43 21 kan
161 1396 117 22 föranleda.
316 1396 40 21 Till
377 1396 174 21 förekommande
577 1396 24 21 af
624 1396 93 22 ovisshet
741 1395 112 30 angående

98 1432 70 21 denna
183 1430 158 28 omständighet
355 1430 41 22 har
410 1431 104 21 utskottet
529 1430 117 22 emellertid
665 1433 71 20 ansett
750 1432 102 28 stadgan-

98 1466 37 22 det
148 1473 36 15 om
199 1465 185 29 dagtraktamente
399 1464 54 23 böra
467 1464 133 30 förtydligas.
