1025 1725
313 144 72 26 Nådiga
395 146 138 23 Propositionen
545 147 35 17 N:o
593 147 27 18 29.
775 147 43 17 1521

89 208 42 22 kor
149 209 80 27 antaga
244 208 59 22 detta
317 208 48 28 slag
380 208 24 23 af
417 210 104 26 säkerhet,
537 209 64 23 hafva
616 210 27 21 de
656 210 95 22 nämnda
765 210 76 22 försla-

90 249 41 22 gen
153 241 29 29 på
205 244 31 20 ett
257 242 108 23 verksamt
383 244 43 21 sätt
445 242 48 23 sökt
509 244 142 27 undanrödja,
670 245 8 20 i
697 244 36 22 det
751 244 26 22 de
792 244 51 28 vilja

90 277 108 28 medgifva
215 276 142 29 panthafvare
375 278 104 27 rättighet
497 280 37 24 att,
553 280 53 19 utan
621 284 70 16 annan
707 277 92 29 omgång
815 280 28 19 än

90 319 27 14 en
131 306 139 33 pantegaren
279 312 74 21 trettio
368 312 68 27 dagar
450 312 92 28 tidigare
557 313 92 21 enskildt
664 313 113 21 meddelad
787 320 55 20 upp-

90 345 89 28 maning
197 345 33 22 till
249 347 92 26 pantens
359 346 111 21 inlösande
485 347 57 26 eller,
558 347 46 21 ifall
618 349 133 26 pantegaren
767 347 18 28 ej
801 347 42 21 kan

91 380 110 26 anträffas,
224 380 100 22 anmälan
342 381 39 21 hos
400 381 115 28 Kejsarens
534 381 246 28 Befallningshafvande,
798 381 46 22 låta

91 423 77 20 genom
190 415 105 28 offentligt
316 417 64 26 utrop
403 415 89 28 försälja
512 418 87 26 panten.
628 416 66 22 Utom
713 416 70 21 denna
801 415 43 22 för-

91 450 86 28 enkling
192 450 8 21 i
216 449 100 22 afseende
331 449 14 22 å
359 450 134 22 förfarandet
510 451 36 21 vid
564 452 91 26 pantens
673 451 125 22 realisation
811 451 34 21 in-

91 483 87 23 nehålla
196 484 61 22 dessa
272 485 82 28 förslag
369 485 106 22 särskilda
489 485 69 22 andra
572 485 166 27 bestämningar,
754 485 91 22 likasom

92 519 26 21 de
133 519 67 21 redan
215 519 99 26 nämnda,
331 519 82 28 egnade
427 521 33 20 att
474 519 96 28 aflägsna
584 519 97 28 verkliga
695 519 80 22 brister
785 519 8 21 i
804 519 41 21 den

92 553 100 29 gällande
206 553 161 28 lagstiftningen
381 554 8 21 i
404 555 77 21 ämnet.
505 553 30 22 Af
547 553 67 23 sådan
630 554 106 28 egenskap
752 555 38 20 äro
805 553 40 22 föl-

89 588 68 28 jande
176 588 142 28 stadganden:
337 590 32 20 att
387 589 147 27 panthafvare,
549 588 47 22 ifall
611 588 51 22 flere
677 588 63 22 saker
754 589 91 21 lemnats

92 623 8 21 i
121 625 54 26 pant
198 623 34 21 för
254 630 82 14 samma
358 622 94 28 fordran,
472 630 49 21 eger
540 623 77 22 odelad
636 623 99 21 säkerhet
751 623 96 21 derför
836 618 15 38 i

92 658 54 22 hvar
164 658 41 21 och
223 665 26 14 en
268 658 24 21 af
309 657 58 27 dem;
387 660 32 19 att
437 658 94 22 afkomst
550 658 24 21 af
586 659 54 27 pant
653 658 97 21 tillfaller
765 657 81 22 dennas

94 699 71 21 egare,
187 700 49 14 men
254 691 34 23 får
307 692 109 22 användas
434 692 33 22 till
485 694 87 20 räntans
592 692 107 28 gäldande
719 691 12 22 å
747 692 99 26 skulden;

94 728 32 20 att
148 725 113 30 borgenär,
281 734 35 14 om
333 729 81 25 panten
432 727 94 21 befinnes
544 734 52 14 vara
616 727 55 21 falsk
691 727 40 21 och
745 726 33 22 till
793 726 54 28 följd

95 761 63 22 deraf
170 762 42 21 kan
227 761 77 29 frångå
318 762 86 26 honom,
420 763 25 20 är
459 762 122 29 berättigad
596 764 32 19 att
640 764 75 26 genast
726 761 77 22 utsöka
814 762 33 21 sin

95 796 96 27 fordran,
207 796 61 22 äfven
284 804 35 14 om
334 797 41 21 den
391 798 56 20 ännu
462 797 47 21 icke
524 799 24 19 är
563 797 100 21 förfallen
678 797 34 20 till
725 796 122 28 betalning;

95 833 55 19 samt
168 833 33 19 att
219 830 113 27 förbehåll,
352 831 67 27 enligt
433 831 79 22 hvilket
526 833 59 26 pant,
601 839 46 14 som
662 831 18 28 ej
696 831 79 21 inlöses
789 831 58 21 inom

94 865 100 22 bestämd
216 865 37 26 tid,
276 865 68 22 skulle
367 865 122 28 derigenom
511 865 67 22 blifva
599 865 167 28 panthafvarens
785 872 62 20 egen-

96 899 56 28 dom,
168 901 24 20 är
208 900 90 29 ogiltigt.
328 899 46 22 Och
390 899 27 22 då
432 900 72 22 härtill
519 900 101 26 kommer,
637 902 32 19 att
683 900 106 22 hvardera
803 899 45 22 för-

96 935 70 28 slaget
180 934 102 29 derjemte
296 934 119 22 innehåller
430 935 104 27 utförliga
548 935 132 28 stadganden
693 935 18 28 ej
723 935 83 21 mindre
815 933 34 22 till

95 969 162 22 bestämmande
275 969 25 22 af
315 971 144 27 pantegarens
478 969 40 22 och
536 969 167 28 panthafvarens
721 969 128 28 rättigheter

96 1005 41 21 och
159 1004 144 27 skyldigheter
321 1005 8 20 i
348 1004 99 22 afseende
466 1004 13 22 å
496 1003 80 23 vården
595 1005 25 20 af
636 1006 53 25 pant
706 1005 8 20 i
733 1004 117 22 allmänhet

97 1039 41 22 och
156 1038 101 22 särskildt
275 1039 25 22 af
312 1039 7 21 i
333 1041 54 26 pant
401 1039 86 22 lemnad
502 1039 121 22 skuldsedel
638 1039 52 21 eller
705 1039 145 27 fordringsbe-

97 1074 31 21 vis
147 1075 28 20 än
194 1072 110 30 angående
321 1073 215 28 pantinnehafvarens
555 1073 142 22 förbindelser
715 1073 135 21 beträffande

96 1109 60 26 pant,
176 1115 46 14 som
240 1109 25 20 är
282 1109 80 20 honom
377 1107 70 29 gifven
461 1109 34 20 till
510 1108 99 22 säkerhet
624 1108 34 21 för
672 1108 62 21 fleres
749 1107 102 22 samfälta

98 1143 95 25 fordran,
212 1142 25 22 så
250 1143 43 21 kan
309 1143 36 21 det
359 1143 49 21 med
423 1143 48 21 fullt
485 1143 46 21 skäl
545 1142 81 28 påstås,
642 1144 32 20 att
688 1141 164 29 kreditlagstift-

98 1178 78 27 ningen
194 1177 56 21 hade
268 1178 83 20 kunnat
369 1178 54 26 göra
441 1180 30 19 ett
489 1178 123 28 ytterligare
631 1178 55 21 stort
704 1179 46 25 steg
765 1176 86 26 framåt,

99 1212 46 22 ifall
159 1211 118 28 någotdera
292 1211 24 22 af
330 1212 61 21 dessa
406 1211 220 30 författningsförslag
640 1212 82 21 kunnat
732 1212 75 27 läggas
819 1211 33 21 till

100 1246 70 28 grund
184 1246 34 21 för
233 1246 132 22 Ständernas
379 1246 134 22 medverkan.

169 1279 44 23 Vår
228 1280 108 22 allmänna
351 1280 36 28 lag
402 1280 112 27 erkänner,
530 1281 66 28 enligt
610 1280 79 29 regeln,
702 1280 18 28 ej
733 1280 71 28 någon
815 1286 37 15 an-

100 1323 44 14 nan
165 1317 97 26 panträtt
280 1316 7 20 i
305 1315 32 21 lös
356 1315 103 28 egendom
478 1317 28 20 än
523 1315 47 26 den,
590 1323 46 14 som
656 1317 25 19 är
699 1315 91 21 förenad
804 1314 49 21 med

100 1350 116 25 besittning
235 1349 24 21 af
274 1351 87 24 panten.
392 1349 134 21 Gäldenären
544 1350 42 20 kan
602 1349 81 21 således
699 1349 18 27 ej
733 1349 33 20 till
782 1349 70 20 säker-

100 1383 38 21 het
156 1383 34 21 för
208 1383 32 20 sin
259 1382 62 21 skuld
340 1383 91 26 erbjuda
450 1383 26 20 de
493 1383 91 25 lösören,
603 1383 82 20 hvilkas
699 1382 118 27 besittning
832 1381 24 21 af

102 1424 26 14 en
146 1417 54 21 eller
218 1423 71 15 annan
308 1416 64 22 orsak
390 1417 25 20 är
433 1416 34 21 för
485 1416 78 22 honom
582 1416 125 27 oumbärlig.
737 1416 48 21 Den
799 1422 54 21 upp-

102 1451 98 28 fattning,
220 1458 45 15 som
283 1451 69 28 ligger
371 1451 32 22 till
422 1451 69 28 grund
505 1450 80 27 härför,
601 1451 40 20 har
656 1449 91 23 sålunda
762 1457 26 14 en
802 1457 52 21 gan-

104 1487 39 22 ska
160 1485 96 30 betydlig
274 1486 34 22 del
322 1486 8 22 i
346 1485 40 22 den
404 1485 147 23 oroväckande
569 1485 155 28 utsträckning,
743 1492 46 15 som
803 1485 51 21 bru-
