1020 1717
214 144 41 16 1752
410 142 71 22 Nädiga
492 144 136 21 Propositionen
639 144 34 16 N:o
686 144 28 16 35.

191 207 36 22 det
249 206 53 22 dock
323 206 62 21 torde
402 205 74 22 kunna
493 206 92 21 förutses
604 207 32 19 att
651 205 70 22 denna
735 205 58 21 skatt
807 205 47 22 icke
868 206 8 20 i
889 207 50 20 när-

189 243 68 20 maste
277 240 90 22 framtid
389 240 54 21 skall
461 240 55 27 stiga
534 240 33 20 till
585 239 36 21 det
639 240 85 27 belopp,
744 246 46 14 som
808 241 81 20 ansetts
907 247 33 14 er-

189 276 86 21 fordras
289 274 34 22 för
338 274 301 22 Tavastehus—Tammerfors
657 274 82 21 banans
755 274 40 21 och
811 274 40 21 den
866 274 74 21 likale-

190 310 37 22 des
245 309 111 22 beslutade
370 308 217 22 Riihimäki—Lahtis
603 308 81 21 banans
699 308 119 28 byggande,
835 308 70 22 derest
920 308 18 28 ej

190 344 118 27 ordningen
322 344 34 20 för
372 343 25 21 de
412 343 80 27 anslag,
508 350 46 14 som
565 343 24 21 af
597 343 85 21 skatten
693 342 67 22 borde
771 342 112 26 bestridas,
896 342 44 21 för-

189 379 86 21 ändras.
302 378 46 21 Och
362 378 64 20 hafva
441 377 121 21 Ständerna
576 376 103 27 enhälligt
692 376 57 22 velat
763 376 106 28 befrämja
880 377 60 27 jern-

188 413 159 28 vägsföretaget
362 419 76 20 genom
452 419 29 13 nu
496 410 80 22 fattadt
590 410 77 26 beslut,

348 461 32 17 att
392 458 35 21 det
436 458 12 20 å
458 457 189 21 bränvinsskatten
656 458 34 20 till
698 457 75 28 belopp
783 457 22 28 af
813 455 125 28 1,800,000

289 493 63 22 mark
362 493 132 29 fastställda
505 493 98 28 anslaget
614 492 36 20 till
662 491 276 22 kommunikationsanstal-

292 532 68 21 terna,
376 529 9 20 i
400 527 72 22 stället
482 527 42 28 för
540 530 33 17 att
587 527 54 27 utgå
657 528 9 19 i
681 527 60 28 sjette
756 529 91 18 rummet
863 526 25 29 af
901 534 38 13 an-

290 563 74 28 slagen
378 563 14 20 å
407 562 94 21 nämnda
520 561 64 26 skatt,
603 561 57 21 skall
677 561 53 28 utgå
749 561 98 28 nästföre
863 561 25 21 de
904 567 35 14 en-

290 598 41 27 ligt
350 596 136 21 Ständernas
502 596 68 21 beslut
584 595 37 21 vid
637 595 96 21 sednaste
749 595 106 29 landtdag
871 595 13 21 å
900 603 38 12 an-

289 632 41 21 dra
346 631 38 21 och
400 631 67 28 tredje
483 637 97 14 rummen
593 634 113 24 upptagna
719 631 102 26 anslagen
833 630 36 21 till
881 629 57 21 kom-

289 673 110 13 munerna.

253 712 25 21 E.
297 712 26 21 K.
342 711 40 21 M:t
400 711 39 21 har
457 711 7 20 i
482 710 68 22 nåder
568 709 140 22 öfverlemnat
726 709 23 22 åt
767 709 121 22 Ständerna
903 712 33 19 att

183 746 80 28 jemväl
281 747 58 27 yttra
357 745 62 22 deras
433 745 64 21 tanke
512 745 7 20 i
534 745 44 21 alla
592 744 75 28 öfriga,
684 744 69 21 denna
768 743 62 28 fråga
844 745 92 21 rörande

185 781 187 27 omständigheter,
390 780 39 21 och
444 779 61 22 äfven
521 778 110 28 angående
642 779 26 20 de
679 777 107 29 åtgärder,
798 779 82 21 hvilkas
892 779 44 21 vid-

185 815 93 27 tagande
293 816 25 20 är
333 816 82 20 ensamt
431 815 23 20 af
466 814 68 21 Eders
549 813 120 28 Kejserliga
683 813 111 28 Majestäts
809 813 79 28 nådiga
899 813 37 22 be-

184 849 44 22 slut
243 849 112 22 beroende.

251 894 34 21 En
300 895 23 21 af
336 895 26 20 de
376 894 113 28 vigtigaste
505 893 187 28 omständigheter,
708 901 45 14 som
768 894 76 21 härvid
859 893 74 28 påkal-

183 929 32 21 lat
230 929 130 21 Ständernas
375 929 195 26 uppmärksamhet,
585 929 25 20 är
626 928 35 20 det
676 927 196 28 byggnadssystem,
889 935 45 14 som

183 963 35 20 vid
236 963 83 21 banans
336 963 114 20 utförande
467 963 68 20 borde
553 962 71 27 följas.
654 962 42 21 Det
714 963 24 20 är
757 962 72 25 kändt,
849 962 85 21 hvilken

183 997 90 27 ofantlig
292 996 84 22 skilnad
390 996 7 21 i
412 997 91 20 kostnad
522 1003 51 20 eger
587 1004 48 13 rum
651 997 88 20 emellan
755 996 36 21 det
805 996 35 21 vid
856 996 26 21 de
896 996 37 21 fle-

183 1033 34 19 sta
231 1031 133 27 Europeiska
376 1031 116 26 jernvägar
508 1031 66 27 följda
589 1032 78 26 system
682 1031 48 20 med
743 1032 52 25 tung
807 1030 126 28 öfverbygg-

181 1066 43 21 nad
248 1065 41 22 och
311 1065 37 21 det
366 1065 34 21 vid
420 1072 25 14 en
465 1065 34 21 del
517 1065 68 21 banor
600 1065 124 27 tillämpade
739 1067 77 24 system
832 1064 24 21 af
869 1064 63 21 smal-

181 1099 88 28 spåriga
287 1100 68 21 banor
374 1099 47 21 med
440 1099 39 21 lätt
498 1099 160 28 öfverbyggnad
674 1099 108 21 äfvensom
798 1099 41 20 den
854 1099 78 25 metod,

181 1141 46 14 som
247 1134 80 27 jemväl
344 1132 29 28 på
391 1140 74 14 senare
483 1133 57 21 tider
558 1133 74 22 vunnit
651 1134 144 25 erkännande,
814 1135 33 19 att
861 1133 72 28 bygga

180 1167 141 28 bredspåriga
336 1167 68 22 banor
419 1167 48 21 med
479 1168 40 20 lätt
534 1167 164 28 öfverbyggnad.
728 1167 43 21 För
785 1167 106 22 hvardera
906 1167 26 21 de

182 1202 132 21 sistnämnda
332 1205 105 24 systemen
452 1201 112 28 uppgifves
580 1202 259 27 anläggningskostnaden
853 1203 79 26 utgöra

181 1237 76 20 endast
275 1237 97 26 omkring
391 1236 81 21 hälften
488 1237 24 20 af
523 1237 57 20 hvad
597 1236 69 21 banor
681 1236 66 27 enligt
761 1236 121 27 förstsagde
898 1243 33 20 sy-

180 1272 60 24 stem,
259 1270 35 22 vid
314 1269 112 21 enahanda
444 1269 72 21 lokala
530 1269 156 26 förhållanden,
702 1270 67 21 kosta.
799 1269 34 21 Då
845 1270 86 27 jernvä-

179 1310 77 22 garnes
272 1304 112 21 fruktbara
398 1303 127 27 verkningar
540 1304 135 27 fullständigt
689 1304 119 20 framträda
822 1303 54 22 först
891 1305 40 19 när

179 1340 32 20 ett
229 1340 38 20 nät
285 1338 23 22 af
325 1338 68 22 banor
408 1338 102 21 omfattar
525 1338 42 22 alla
582 1338 104 28 vigtigare
700 1338 129 26 landsdelar,
846 1338 40 22 och
903 1337 27 23 då

178 1372 48 23 vårt
244 1373 118 23 fosterland
376 1372 54 22 först
443 1373 8 21 i
466 1380 26 14 en
508 1373 94 28 aflägsen
617 1372 87 22 framtid
718 1373 42 22 kan
775 1373 85 21 komma
874 1373 7 21 i
897 1372 32 22 åt-

178 1408 103 28 njutande
296 1408 24 22 af
333 1408 62 22 dessa
412 1408 100 26 fördelar,
532 1408 70 22 derest
621 1408 260 28 anläggningskostnaden
895 1408 35 22 för

177 1443 52 21 våra
241 1444 117 27 jernvägar
373 1443 46 21 icke
434 1443 41 21 blir
490 1443 105 28 betydligt
608 1442 60 29 lägre
683 1444 27 20 än
726 1443 202 27 Helsingfors—Ta-

176 1478 99 21 vastehus
297 1478 81 21 banans
398 1478 39 21 och
457 1478 40 20 den
516 1478 34 21 för
566 1478 117 28 jernvägen
701 1478 32 21 till
749 1478 32 20 S:t
795 1478 131 27 Petersburg
