978 1717
226 158 44 16 1464
430 157 72 23 Nådiga
514 158 136 22 Propositionen
662 158 34 16 N:o
709 158 28 16 28.

201 220 72 26 tande,
291 220 109 26 äfvensom
417 221 35 21 vid
470 221 81 28 fartygs
573 220 119 28 byggande,
712 221 40 21 och
774 220 134 29 anläggande
929 221 24 24 at

201 254 71 22 fabrik
287 257 55 19 samt
357 262 70 14 annan
443 255 57 28 dylik
514 255 124 27 inrättning,
653 254 55 22 skall
723 262 26 14 en
763 255 54 21 hvar
830 262 53 14 vara
897 254 56 24 tillå-

201 291 31 19 tet
250 290 32 20 att
301 289 97 27 begagna
417 289 26 21 de
461 290 104 25 arbetare,
581 290 49 20 med
648 289 71 21 hvilka
737 290 43 20 han
798 290 42 20 kan
858 289 49 21 bäst
922 289 31 21 öf-

202 323 165 26 verenskomma,
383 330 34 14 om
433 324 25 20 de
473 324 40 21 ock
527 324 47 21 icke
586 325 38 20 äro
636 324 32 20 till
679 324 156 21 handtverkare
847 322 13 22 å
872 330 82 15 samma

202 358 52 21 eller
268 365 71 14 annan
354 360 34 19 ort
403 360 98 26 antagne.

269 401 38 21 Att
322 400 13 22 å
349 401 74 30 landet
437 402 7 20 i
459 401 100 22 afseende
568 400 15 22 å
593 401 127 27 försäljning
734 401 110 27 kringföra
854 401 99 21 handels-

201 442 64 15 varor
282 435 49 21 från
349 434 53 29 gård
420 435 33 22 till
471 435 60 28 gård,
551 435 53 22 skall
622 435 120 25 framdeles,
761 435 91 21 likasom
870 435 84 21 härtills

201 469 67 28 enligt
284 471 9 19 1
311 470 11 27 8
339 471 11 19 6
366 469 49 28 kap.
430 470 26 21 H.
472 471 31 25 B.,
519 477 52 14 vara
585 469 117 28 förbjudet;
719 468 48 22 från
781 469 79 21 hvilket
874 469 80 22 förbud

202 503 55 21 dock
269 503 136 28 undantagas
421 503 56 28 glas-
493 504 40 21 och
551 503 85 26 lerkärl,
652 503 231 28 fajanstillverkningar
897 505 57 20 samt

202 537 65 21 alster
286 537 27 22 af:
325 537 97 22 inhemsk
441 538 102 27 husslöjd.
576 537 40 21 Till
634 537 154 28 kringförande
806 537 40 22 och
868 537 86 28 försälj-

201 571 51 28 ning
267 571 26 22 af
305 571 71 28 dylika
389 579 64 14 varor
467 571 36 22 mä
517 571 118 28 välfrejdad
650 572 41 21 och
707 571 61 27 eljest
782 571 108 28 oförvitlig
905 579 48 20 per-

201 613 39 14 son
258 605 24 22 af
294 606 159 22 vederbörande
471 606 112 21 Guvernör
602 605 82 22 erhålla
701 605 103 26 tillstånd,
824 613 76 20 genom
915 607 38 26 öp-

201 647 42 20 pen
258 639 142 28 förpassning,
417 647 45 14 som
476 641 40 20 bör
531 639 81 28 ärligen
626 640 94 27 förnyas.
798 635 2 2 I

269 676 19 27 Ä
303 682 73 22 landet
390 681 36 22 mä
441 683 18 28 ej
475 683 67 21 heller
555 682 69 21 hållas
636 684 67 20 annat
713 683 81 27 upplag
806 682 24 21 af
836 683 117 27 köpmans-

201 716 53 28 gods
269 718 28 20 än
312 717 56 22 hvad
383 719 93 26 antagne
490 717 122 22 handlande
630 717 65 22 hafva
709 717 8 21 i
731 716 79 27 förråd,
827 717 38 22 der
880 717 26 22 de
921 718 33 21 sin

201 751 81 22 rörelse
297 751 78 22 utöfva.

546 804 11 27 8
573 804 33 19 21.

270 845 82 26 Ovinna
369 852 50 15 vare
441 845 121 29 berättigad
583 847 33 20 att
633 847 52 20 utan
704 845 129 28 föregängen
852 846 102 21 anmälan

201 880 86 27 betjena
309 880 144 21 allmänheten
474 881 48 21 med
544 880 120 28 handslöjd,
683 887 46 14 som
750 880 48 21 icke
818 882 26 19 är
866 882 33 20 att
920 881 33 21 till

201 915 119 22 handtverk
334 914 107 22 hänföras.

222 981 2 2 +
252 953 8 38 =
269 958 58 27 Vilja
345 957 50 22 flere
411 958 89 27 gvinnor
515 959 7 20 i
537 957 48 22 stad
603 959 155 21 sammansätta
772 958 32 28 sig
819 958 34 21 för
868 959 33 21 att
916 958 38 29 dy-

201 993 29 20 lik
245 992 113 28 handslöjd
377 995 132 24 gemensamt
527 993 97 25 förrätta,
641 993 51 21 söke
709 991 97 23 tillstånd
824 993 71 21 dertill
913 993 40 22 hos

201 1027 87 24 stadens
303 1026 88 29 styrelse
407 1027 40 21 och
461 1029 76 26 utgöre
551 1027 88 28 lämplig
654 1027 157 28 näringsafgift.

547 1096 11 27 s
574 1097 33 20 22.

269 1138 98 27 Allmoge
381 1138 40 21 och
436 1137 247 28 lägenhetsinnehafvare
699 1137 13 22 ä
726 1137 73 22 landet
813 1145 51 14 vare
880 1138 72 21 obeta-

202 1174 35 26 get
255 1174 37 24 att,
310 1173 53 20 utan
381 1171 92 23 särskild
492 1171 104 26 anmälan,
616 1171 59 22 såväl
692 1172 8 21 i
718 1172 49 21 stad
784 1179 46 14 som
849 1171 13 22 ä
879 1173 74 21 landet

201 1207 33 21 till
249 1207 46 21 salu
309 1205 60 23 hälla
383 1206 38 21 allt
436 1206 55 21 hvad
506 1205 48 22 frän
573 1206 62 21 deras
653 1206 124 28 lägenheter
792 1206 92 22 erhällas
901 1207 52 22 eller

201 1248 77 20 genom
292 1240 74 21 husflit
380 1241 40 20 och
434 1240 104 27 hemslöjd
556 1240 157 21 åstadkommas
727 1241 50 21 kan.
798 1241 78 27 Dylika
886 1241 67 22 alster

201 1275 41 20 och
257 1274 161 27 tillverkningar
433 1273 36 21 mä
483 1274 113 21 allestädes
610 1274 7 20 i
632 1273 73 22 landet
721 1274 23 20 af
757 1275 61 20 hvem
833 1281 46 15 som
897 1275 56 21 helst

202 1307 149 22 oförhindradt
364 1307 112 27 uppköpas
493 1308 39 20 och
547 1308 32 20 till
594 1307 66 21 andre
675 1308 99 27 försäljas
792 1308 68 21 under
875 1308 77 22 iaktta-

202 1343 69 27 gande
293 1342 24 22 af
336 1342 56 22 hvad
414 1342 70 21 denna
501 1342 133 28 Förordning
651 1342 7 21 i
677 1342 78 22 sädant
776 1342 99 22 afseende
896 1343 57 22 före-

203 1377 95 25 skrifver.

271 1422 38 20 Att
326 1421 68 21 under
411 1427 60 15 resor
490 1420 40 31 och
547 1420 73 21 färder
636 1420 8 21 i
662 1420 74 22 landet
753 1420 69 22 samla
840 1421 39 22 och
898 1428 54 23 upp-

201 1456 57 27 köpa
273 1456 84 26 lumpor
372 1455 33 23 för
419 1454 186 28 pappersbrukens
620 1454 71 28 behof,
706 1455 55 24 skall
777 1455 79 28 jemväl
871 1455 81 23 hädan-

201 1489 60 27 efter,
277 1489 90 22 likasom
381 1489 113 26 härintills,
509 1496 52 16 vara
576 1488 83 24 tillätet.
