1028 1723
201 145 42 16 1516
393 143 71 23 Nädiga
476 143 138 22 Propositionen
625 143 36 17 N:o
673 143 30 17 29.

245 214 52 14 vare
313 206 114 29 löftesman
442 206 20 28 ej
477 200 85 34 skyldig
578 208 33 18 att
626 204 71 22 betala
712 212 68 18 mera,
795 206 29 19 än
835 204 36 21 det
882 205 49 28 gäl-

245 241 69 21 denär
330 240 50 29 sjelf
395 241 19 28 ej
428 240 69 28 gälda
510 241 76 27 gitter,
600 240 31 27 på
646 240 45 20 sätt
705 240 9 20 i
728 238 13 21 5
756 239 13 28 $
784 240 67 26 säges.

303 274 51 22 Har
365 275 73 28 någon
450 275 71 28 åtagit
533 274 33 28 sig
579 281 83 13 annans
673 273 60 29 gäld,
745 273 70 21 såsom
826 274 34 20 sin
872 280 58 22 egen,

248 309 38 21 och
305 310 27 20 är
345 309 142 28 förfallodag
505 311 69 19 utsatt
588 314 75 14 senare
679 308 29 20 än
718 308 47 28 fem
781 308 26 20 år
816 307 58 29 från
889 307 41 21 den

248 343 50 29 dag,
322 344 28 21 då
366 343 154 29 förbindelsen
542 342 83 30 utgafs;
649 343 51 21 eller
721 342 26 21 är
767 342 69 20 sådan
851 341 80 29 borgen

248 379 110 27 ingången
368 379 42 27 för
419 376 216 30 fordringsanspråk
652 378 25 28 af
690 376 41 22 den
746 376 141 30 beskaffenhet
900 380 33 17 att

248 412 47 22 dess
312 412 75 29 belopp
402 412 46 21 icke
463 416 75 25 genast
554 411 43 21 kan
612 411 134 26 bestämmas,
761 411 132 21 utan.beror
909 410 25 29 af

249 446 97 22 särskild
360 447 125 28 utredning,
502 454 44 14 som
560 446 46 21 icke
621 447 73 20 vinnes
709 446 68 20 innan
783 446 48 28 fem
843 446 26 20 år
874 445 59 28 från

250 481 91 29 borgens
363 481 134 29 utfärdande
514 481 107 29 förlidit;
637 488 51 14 vare
708 481 126 27 löftesmans
843 480 91 29 förbin-

249 516 57 21 delse
325 516 87 26 ansedd,
432 523 44 14 som
495 516 54 20 hade
568 516 43 20 han
625 516 73 28 åtagit
714 516 34 27 sig
764 518 33 18 att
813 515 71 21 betala
898 514 36 22 det

248 550 109 28 gäldenär
372 550 52 29 sjelf
436 551 20 28 ej
470 550 68 29 gälda
552 551 74 27 gitter.

568 597 14 27 $
597 596 19 22 5.

308 639 91 29 Borgar
416 640 74 28 någon
503 640 42 28 för
560 647 83 14 annans
659 639 53 29 gäld
727 639 53 21 eller
789 638 145 30 förbindelse,

250 679 54 17 utan
326 674 97 21 bestämd
445 674 112 29 utfästelse
576 678 33 17 att
621 674 42 28 för
678 674 124 21 densamma
817 674 70 21 såsom
902 674 34 21 sin

252 716 52 22 egen
319 716 100 19 ansvara,
436 709 74 21 betale
520 710 35 20 det
569 709 134 29 gäldenären
719 709 51 28 sjelf
783 709 20 28 ej
814 709 68 28 gälda
894 710 42 27 git-

253 748 38 16 ter.
323 743 44 22 Vill
382 743 109 29 borgenär
506 745 56 27 göra
578 744 34 20 sin
626 745 48 19 rätt
689 747 55 17 emot
760 743 112 29 löftesman
888 744 48 27 gäl-

253 778 70 26 lande,
346 785 51 14 vare
420 778 86 29 skyldig
526 781 33 18 att
578 779 59 20 inom
657 778 41 28 tolf
711 778 104 21 månader
831 778 55 28 efter
901 778 36 21 det

252 813 147 28 gäldenärens
422 813 162 28 oförmögenhet
604 813 79 27 blifvit,
699 813 32 27 på
749 814 45 19 sätt
810 812 41 21 här
866 812 71 21 nedan

252 848 104 20 närmare
370 846 110 29 urskiljes,
500 847 77 28 styrkt,
593 847 52 21 söka
662 847 155 28 löftesmannen
832 847 37 21 hos
885 846 52 29 Kej-

254 889 74 14 sarens
346 881 247 30 Befallningshafvande
610 882 51 21 eller
676 881 125 22 domstolen.
832 880 106 23 Uraktlä-

254 920 33 17 ter
306 916 45 21 han
369 916 67 27 detta,
452 917 63 29 hafve
530 917 32 21 all
576 917 75 21 vidare
667 917 62 20 talan
744 920 55 17 emot
814 916 123 29 löftesman-

253 958 42 14 nen
303 951 113 28 försuttit.

311 985 117 28 Borgenär
442 993 52 14 vare
509 985 126 30 berättigad
650 989 33 17 att
695 987 34 19 sin
734 985 100 28 fordran
847 984 38 22 hos
898 985 41 28 1öf-

256 1022 80 19 tesman
358 1019 110 30 utkräfva,
490 1021 44 20 när
552 1020 135 28 gäldenären
706 1019 73 28 blifvit
797 1020 47 21 med
858 1021 81 19 utmät-

253 1055 55 27 ning
332 1054 95 20 hemsökt
446 1054 38 20 och
496 1055 89 26 funnits
605 1055 20 27 ej
643 1054 65 28 hafva
728 1054 100 28 tillgång,
844 1061 45 13 som
904 1061 35 20 ge-

254 1091 50 17 nast
320 1087 43 21 kan
379 1088 37 20 till
430 1088 91 27 gäldens
536 1088 110 28 betalning
661 1089 10 19 i
687 1088 50 28 laga
753 1088 93 28 ordning
859 1089 81 19 använ-

255 1121 51 25 das;
321 1122 52 20 eller
389 1122 28 20 då
432 1122 119 27 gäldenärs
567 1122 101 28 egendom
683 1123 27 19 är
727 1122 35 20 till
777 1121 95 22 kankurs
886 1129 54 21 upp-

256 1156 58 20 låten
334 1156 39 20 och
392 1155 118 29 borgenärs
528 1156 105 28 fordran,
655 1156 54 28 efter
731 1156 50 28 laga
797 1156 118 28 bevakning
930 1157 10 19 i

256 1189 127 27 konkursen,
401 1190 89 21 lemnats
506 1190 109 21 obestridd
630 1190 53 21 eller
697 1190 74 29 blifvit
783 1191 35 20 till
830 1190 110 28 betalning

250 1224 129 28 fastställd;
398 1224 52 21 eller
469 1232 33 13 om
520 1224 108 29 gäldenär
643 1228 58 24 rymt
715 1225 52 21 eller
783 1225 60 27 eljest
858 1223 82 22 okändt

256 1259 28 19 är
302 1258 56 20 hvar
378 1258 43 20 han
438 1258 127 28 uppehåller
584 1260 33 27 sig
633 1258 39 21 och
687 1260 59 18 inom
759 1258 99 21 Finland
872 1262 69 16 veter-

245 1292 71 27 "ligen
330 1290 46 22 icke
387 1291 71 27 finnes
474 1292 76 20 honom
566 1292 111 28 tillhörigt
691 1292 61 28 gods,
769 1299 44 14 som
827 1295 45 18 mot
887 1292 53 21 hans

256 1325 55 29 gäld
326 1332 65 15 svara
406 1325 49 21 kan.

571 1364 13 28 $
603 1362 22 22 6.

316 1405 85 23 Teckna
419 1408 34 28 sig
473 1407 36 21 två
527 1407 53 22 eller
595 1408 57 28 flera
666 1408 9 20 i
690 1407 82 29 borgen
790 1408 48 22 med
850 1408 90 29 förbdin-

257 1442 57 21 delse
333 1445 34 17 att
385 1448 25 15 en
422 1442 43 28 för
484 1442 45 22 alla
547 1442 39 21 och
605 1442 45 22 alla
659 1442 42 30 för
716 1450 26 14 en
752 1442 42 30 för
809 1443 81 28 gälden
904 1450 38 14 an-

258 1484 72 19 svara,
347 1476 39 22 och
401 1477 41 22 har
457 1477 73 28 någon
544 1478 26 27 af
582 1478 48 21 dem
644 1478 124 21 densamma
778 1478 79 28 guldit,
871 1478 71 28 äligge
