1045 1714
306 145 71 23 Nådiga
388 146 137 21 Propositionen
538 145 34 17 N:o
585 145 26 16 28.
765 145 43 16 1481

148 209 93 28 Uppköp
260 209 25 21 af
299 209 91 27 lumpor,
406 216 46 14 som
471 208 65 27 enligt
554 207 89 22 sednare
661 215 62 14 mom.
739 208 25 21 af
776 208 11 27 8
804 209 26 20 22

80 245 25 19 är
123 243 33 21 för
175 243 187 28 pappersbrukens
384 243 67 20 behof
470 241 127 26 bibehållen,
621 249 62 20 synes
703 242 54 21 böra
779 244 53 19 utan

81 277 66 21 sådan
165 277 153 27 inskränkning
337 284 33 17 en
381 277 53 20 hvar
451 275 90 27 tillåtas;
560 276 117 27 hvarjemte
695 277 110 25 utskottet,
825 277 7 20 i

80 311 67 21 likhet
164 311 49 21 med
231 311 56 20 hvad
305 318 26 13 en
346 310 24 21 af
386 310 120 27 Kejserliga
521 310 102 21 Senatens
637 309 117 22 ledamöter
770 310 62 21 äfven

80 345 109 27 tillstyrkt,
205 347 70 18 ansett
292 344 155 22 likabeskaffad
462 344 103 27 rättighet
579 344 54 21 böra
647 344 117 27 medgifvas
778 344 8 21 i
801 345 31 20 af-

81 379 76 22 seende
173 378 12 22 å
200 379 135 27 uppsamling
351 379 23 20 af
387 379 104 25 trädfrön,
506 378 66 25 borst,
588 378 63 27 tagel,
666 377 46 27 hår,
723 378 109 21 kreaturs-

80 414 47 25 ben,
143 413 55 21 horn
213 413 40 21 och
271 415 66 19 annat
356 413 112 21 enahanda
485 412 66 26 affall,
571 412 137 27 hvarigenom
726 412 107 28 allmogen

80 447 56 28 finge
154 447 84 21 tillfälle
257 449 32 19 att
307 446 13 21 å
337 447 110 21 hemorten
465 447 81 27 afyttra
564 453 26 14 en
607 446 79 27 mängd
705 447 90 21 artiklar
811 447 24 21 af

80 481 83 21 mindre
181 481 71 26 värde,
271 481 71 21 hvilka
359 481 33 20 till
410 488 27 14 en
455 481 34 21 del
503 481 8 20 i
526 480 26 21 de
567 481 95 20 enskilda
676 479 111 23 hushållen
803 488 29 14 nu

80 515 47 22 icke
140 515 154 27 tillvaratagas,
313 514 71 22 såsom
402 515 18 27 ej
440 515 92 21 lönande
550 516 32 19 att
599 515 7 20 i
625 514 46 22 små
688 515 82 27 partier
785 515 48 21 föra

81 549 33 22 till
129 549 89 28 aflägset
232 549 92 27 belägna
339 549 192 28 afsättningsorter.

150 592 133 27 Stadgandet
300 592 8 20 i
326 592 90 21 sednare
434 599 62 14 mom.
513 591 47 28 af
549 587 17 37 $
577 593 33 24 31,
626 599 46 13 som
686 592 66 20 bland
767 594 67 19 annat

82 626 82 28 åsyftar
182 628 32 19 att
232 626 117 27 förebygga
368 626 36 21 det
422 625 143 28 minderåriga
583 633 108 19 personer,
710 626 71 21 hvilka
799 626 36 22 vid

82 661 130 27 näringarne
230 660 108 22 användas
357 659 71 22 såsom
446 660 104 26 hiträden,
571 660 73 21 dervid
662 660 18 27 ej
700 660 36 21 mä
757 668 77 20 genom

83 695 213 27 Ofveransträngning
313 697 52 25 taga
383 695 66 21 skada
467 695 33 21 till
518 695 81 26 hälsan,
615 695 40 21 har
669 692 104 24 utskottet
787 695 48 21 fun-

82 730 33 21 nit
132 730 74 20 alltför
223 729 114 21 sväfvande
356 730 40 20 och
415 729 126 21 obestämdt.
571 729 11 21 I
599 728 80 28 många
696 729 80 26 länder,
797 730 38 21 der

84 764 36 21 det
129 763 126 22 industriela
266 763 83 21 arbetet
363 763 68 21 under
446 764 170 20 konkurrensens
631 762 141 29 pätryckning
787 764 48 21 sökt

82 798 90 28 tillegna
195 798 32 27 sig
249 798 26 20 de
296 798 107 26 billigaste
425 797 183 22 arbetskrafterna
631 798 39 20 och
691 797 144 28 minderärige

83 839 113 21 personers
215 832 138 21 användande
371 832 7 20 i
396 832 80 27 yrkena
494 832 69 20 blifvit
582 832 136 26 allmännare,
734 832 40 21 har
789 832 46 28 lag-

84 867 125 27 stiftningen
223 866 100 28 upptagit
338 867 56 20 vissa
409 865 165 27 bestämmelser,
591 866 109 27 angående
715 868 65 20 sättet
795 867 40 21 och

83 901 96 22 vilkoren
198 900 77 26 derför,
295 901 7 20 i
320 900 36 21 det
374 900 196 21 arbetstimmarnes
590 900 58 21 antal
670 900 68 22 under
757 901 80 27 dygnet

84 936 127 26 begränsats
231 934 51 21 eller
297 933 152 28 minderåriges
468 934 164 28 sysselsättande
649 934 91 21 nattetid
755 934 81 28 förbju-

85 970 48 21 dits.
163 969 109 21 Utskottet
289 968 68 21 håller
376 967 64 22 också
457 968 46 21 före
522 970 32 19 att
572 970 31 19 ett
621 968 118 27 stadgande
756 968 8 21 i
778 968 59 21 näst-

85 1004 92 21 nämnde
195 1004 54 26 syfte
267 1004 24 19 är
309 1003 7 20 i
335 1002 139 21 förevarande
493 1002 126 27 författning
641 1002 25 21 af
682 1002 98 21 behofvet
798 1002 38 28 på-

85 1038 91 26 kalladt;
193 1037 43 21 och
254 1037 40 21 har
311 1036 85 21 derföre
414 1036 112 27 föreslagit
544 1038 32 19 att
597 1043 103 20 personer
722 1036 67 21 under
811 1038 25 19 18

87 1071 24 22 år
129 1072 18 27 ej
167 1070 22 22 få
203 1071 35 21 vid
255 1070 129 27 näringarne
401 1070 7 20 i
427 1070 73 21 arbete
518 1070 108 27 begagnas
646 1069 48 22 från
713 1070 92 21 klockan
824 1072 12 19 8

86 1113 35 15 om
136 1105 87 21 aftonen
237 1105 33 21 till
284 1104 90 21 klockan
390 1105 12 19 5
418 1111 34 14 om
467 1112 123 20 morgonen.

153 1148 43 20 Vid
210 1147 202 21 handtverkerierna
426 1147 39 20 har
484 1147 78 27 klagan
577 1146 61 22 äfven
653 1148 70 26 sports
739 1147 98 22 deröfver

87 1184 32 20 att
136 1182 103 26 lärlingar
258 1181 108 21 användas
384 1180 34 21 till
436 1183 65 19 annat
520 1181 78 25 arbete,
615 1182 27 19 än
658 1181 41 25 det,
715 1188 46 14 som
775 1182 62 27 yrket

87 1217 73 21 tillhör
179 1216 40 21 och
238 1216 99 20 stundom
354 1214 70 22 blifvit
442 1215 24 20 af
482 1215 90 27 gesäller
588 1215 39 21 och
646 1215 68 21 andra
729 1215 60 21 äldre
804 1222 33 14 ar-

87 1247 74 25 betare
175 1250 164 21 misshandlade.
368 1249 11 21 I
394 1249 217 21 öfverensstämmelse
629 1249 48 21 med
695 1250 55 20 hvad
769 1256 27 14 en
817 1250 24 21 af

87 1284 120 28 Kejserliga
227 1284 101 21 Senatens
350 1283 117 21 ledamöter
485 1284 75 20 härom
578 1283 79 21 uttalat
679 1284 41 27 sig,
744 1284 41 21 har
806 1284 33 21 till

88 1318 158 28 förebyggande
264 1318 24 21 af
303 1318 92 20 nämnde
413 1317 154 26 förhällanden,
587 1318 101 27 lämpliga
707 1318 132 27 stadganden

89 1351 7 22 i
111 1353 72 20 ämnet
197 1351 41 21 fätt
252 1352 8 19 i
275 1352 10 25 &
302 1353 24 18 31
343 1351 80 26 inflyta.

158 1393 11 21 I
193 1393 99 21 afseende
314 1391 13 22 å
349 1392 162 28 förvandlingen
533 1392 24 21 af
576 1392 26 21 de
623 1392 68 26 böter,
710 1399 45 14 som
774 1393 65 27 enligt

89 1427 163 29 ifrågavarande
270 1427 126 28 författning
415 1426 115 28 ädömmas,
548 1427 62 22 torde
628 1427 7 22 i
649 1427 12 28 $
677 1428 26 21 38
719 1427 53 23 böra
787 1427 52 22 hän-

90 1463 56 22 visas
160 1463 33 21 till
208 1462 79 22 allmän
302 1462 42 28 lag.
