1014 1720
280 139 72 23 Nådiga
363 141 137 21 Propositionen
514 141 35 16 N:o
561 141 28 16 34.
744 141 43 16 1659

404 204 11 27 g
431 205 33 19 43.

126 243 75 21 Under
218 243 174 21 vinterterminen
410 243 55 21 böra
483 243 43 21 alla
544 242 23 22 åt
585 243 107 21 militären
706 242 103 28 upplåtne

57 278 140 27 boningsrum
214 276 29 28 på
261 277 132 21 husvärdens
412 278 118 20 bekostnad
549 277 53 21 efter
620 277 68 21 behof
704 277 105 27 uppeldas

58 312 40 21 och
115 312 50 20 med
182 311 112 28 belysning
311 311 74 25 förses,
401 318 48 14 men
463 311 34 21 för
511 313 72 25 trupp,
600 318 45 14 som
660 312 25 20 är
700 311 108 21 kommen-

57 346 67 22 derad
142 346 33 21 till
193 346 129 27 betäckning
341 344 23 22 åt
382 347 137 25 arrestanter,
539 345 108 22 anskaffas
664 345 36 21 vid
714 345 93 28 nattläg-

57 388 38 14 ren
109 381 43 27 ljus
167 379 29 29 på
210 380 94 22 kronans
318 380 127 22 bekostnad.

403 453 11 27 8
430 454 34 19 44.

123 495 94 22 Befälets
232 495 139 28 boningsrum
387 495 60 22 skola
461 502 52 15 vara
527 495 49 21 med
590 495 83 21 möbler
688 495 40 21 och
743 496 62 27 säng-

55 529 75 22 kläder
144 529 106 26 försedde,
265 529 29 28 pä
309 531 43 20 sätt
367 529 74 22 derom
455 529 136 22 föreskrifves
605 529 8 21 i
628 530 11 27 $
655 531 34 19 22.
711 529 43 21 För
768 536 36 21 ge-

55 564 130 27 menskapen
200 564 40 21 och
255 564 137 27 betjeningen
407 564 83 21 anvisas
504 563 89 28 tjenliga
608 563 134 28 sängplatser
757 563 48 21 med

55 598 105 27 underlag
179 598 24 21 af
219 598 65 26 halm,
303 598 58 26 eller,
381 598 38 21 der
437 597 67 22 sådan
523 598 18 27 ej
558 597 67 22 finnes
640 600 32 19 att
686 596 68 29 tillgå,
770 597 35 26 hö,

56 632 39 26 säf,
110 632 51 21 bast
176 632 51 21 eller
242 632 40 27 löf;
298 632 128 21 kommande
440 633 71 26 likväl,
527 631 28 22 då
569 634 64 25 trupp
650 633 24 20 är
688 632 34 21 till
736 631 70 28 läger-

54 667 57 20 möte
126 666 52 21 eller
192 666 90 21 allmänt
296 666 74 21 arbete
382 667 89 26 samlad,
482 666 58 21 halm
550 666 34 21 till
593 666 159 21 underbefälets
765 666 40 21 och

54 701 138 27 manskapets
206 701 84 21 bäddar
305 703 32 18 att
352 701 108 21 anskaffas
475 701 24 21 af
511 701 90 26 kronan,
617 701 53 21 efter
684 700 120 28 beräkning

54 735 25 20 af
91 735 42 21 fem
148 733 106 30 skålpund
268 735 8 21 i
290 734 107 22 månaden
411 735 34 22 för
459 735 73 28 hvarje
546 742 57 14 man.

362 833 80 22 Kap.
460 833 33 17 5.

166 889 30 21 Om
214 890 132 27 ingvarterings
360 890 127 28 regvirerande
501 890 34 21 och
549 889 140 22 verkställande.

397 953 12 27 8
424 953 34 21 45.

120 994 34 23 Då
169 996 128 21 dislokation
311 996 34 20 för
359 997 65 25 trupp
439 995 70 21 blifvit
523 994 107 22 fastställd
644 995 40 21 och
699 994 102 22 vederbö-

52 1030 67 21 rande
141 1030 147 22 befälhafvare
310 1030 119 25 meddelad,
448 1028 81 29 åligger
547 1030 68 20 denne
633 1031 33 19 att
680 1029 121 27 ofördröjli-

52 1071 41 21 gen
108 1071 77 21 genom
199 1064 152 22 kommendant
366 1064 52 21 eller
433 1064 131 27 platsmajor,
581 1064 37 21 der
633 1063 67 21 sådan
714 1064 86 27 tjenste-

51 1106 50 14 man
117 1098 13 22 å
145 1100 61 20 orten
221 1098 74 26 finnes,
310 1105 49 14 men
373 1098 8 20 i
397 1100 65 19 annat
477 1098 38 21 fall
530 1098 132 21 omedelbart
676 1098 34 21 till
720 1097 80 22 Guver-

51 1134 67 20 nören
133 1133 7 20 i
156 1132 36 21 det
210 1132 42 26 län,
272 1132 31 21 dit
317 1134 93 25 truppen
425 1132 94 21 kommer
534 1134 32 19 att
580 1132 115 28 förläggas,
709 1132 92 21 insända

51 1173 119 21 noggrann,
188 1165 30 28 på
235 1168 103 26 truppens
356 1166 96 28 verkliga
469 1166 73 28 styrka
557 1166 98 28 grundad
669 1166 130 27 reqvisition,

50 1200 8 21 i
72 1199 36 23 två
126 1200 116 27 exemplar,
259 1199 13 22 å
286 1200 82 21 antalet
385 1207 48 14 rum
453 1201 40 20 och
511 1200 68 21 andra
593 1200 81 21 lokaler
686 1200 67 27 jemte
768 1200 30 21 öf-

50 1235 45 27 rige
117 1234 329 28 ingvarteringsförnödenheter,
469 1242 45 14 som
535 1234 69 21 under
625 1235 87 20 marsch
734 1234 40 21 och
792 1234 8 21 i

51 1268 150 31 ståndqvarter
223 1269 119 21 tillkomma
363 1271 103 25 truppen;
485 1269 82 27 egande
581 1269 152 21 kommendant
748 1268 52 21 eller

49 1303 128 28 platsmajor
198 1302 76 28 pröfva
293 1303 40 21 och
350 1305 59 26 yttra
427 1304 32 27 sig
475 1310 34 14 om
523 1303 155 27 befogenheten
693 1302 24 22 af
730 1302 69 28 reqvi-

49 1338 97 21 sitionen.
176 1337 102 21 Inträffar
296 1338 65 20 sedan
376 1338 58 20 inom
448 1340 93 24 truppen
555 1338 157 26 förändringar,
728 1338 71 20 hvilka

49 1371 97 21 medföra
164 1371 112 27 tillökning
294 1371 52 21 eller
360 1371 155 27 förminskning
529 1371 8 20 i
551 1371 180 27 ingvarteringen,
746 1370 53 22 eller

49 1404 55 22 skall
119 1400 26 37 ät
152 1404 168 28 militärperson
337 1404 24 22 af
373 1404 96 28 tillfällig
484 1404 114 28 anledning
613 1404 62 28 eljest
690 1404 107 22 anskaffas

49 1441 92 26 qvarter,
160 1440 62 27 göres
240 1439 93 29 skriftlig
348 1439 100 22 anmälan
463 1439 73 22 derom
551 1437 24 23 så
590 1438 43 22 fort
648 1439 37 21 ske
700 1439 41 21 kan
758 1438 39 22 och

48 1475 8 21 i
71 1474 113 22 enahanda
199 1474 97 28 ordning.
