1014 1723
209 175 44 17 1192
409 174 71 23 Nådiga
492 174 136 23 Propositionen
640 174 36 18 N:o
688 175 28 17 25.

184 238 58 28 Rätt,
257 242 46 18 som
317 238 9 22 i
340 238 12 28 &
368 239 12 20 2
395 238 54 28 sågd
463 238 31 26 är,
510 238 51 22 eller
578 237 64 23 hafve
659 238 33 21 sin
709 237 60 23 talan
786 237 97 27 förlorat,
899 236 38 24 der

185 271 19 30 ej
222 272 113 22 boskilnad
353 272 58 22 inom
433 279 81 15 samma
536 272 31 22 tid
590 272 48 22 sökt
659 272 75 22 blifvit.
764 272 43 22 Vill
828 272 109 28 borgenär

185 307 50 29 sjelf
247 308 99 25 stämma,
360 309 53 19 utan
428 309 32 19 att
475 307 41 21 den
526 306 32 22 tid
570 306 80 27 afbida,
661 305 76 23 stände
747 306 37 22 det
794 306 79 22 honom
884 306 52 22 fritt.

531 368 11 27 &
560 369 32 20 18.

255 410 49 22 Kan
318 417 92 15 mannen
425 417 62 15 anses
505 410 63 22 hafva
583 410 37 22 sitt
634 410 158 28 målsmanskap
808 410 131 22 missbrukat

187 452 76 21 genom
280 445 148 22 försummelse
450 444 52 22 eller
518 444 94 23 vanvård
634 445 25 21 af
677 445 61 22 boets
760 445 179 28 angelägenheter

186 479 52 23 eller
256 479 62 23 boets
336 479 124 22 belastande
478 479 49 22 med
545 479 82 29 onyttig
646 479 59 28 gäld;
724 486 38 22 ege
780 480 98 26 hustrun,
900 479 40 22 der

187 514 19 28 ej
223 514 210 28 omständigheterna
450 514 112 22 föranleda
579 514 34 22 till
630 521 104 15 mannens
751 514 105 22 ställande
870 514 70 22 under

187 548 184 29 förmynderskap,
390 549 39 21 hos
447 549 79 21 Rätten
547 548 59 26 söka,
624 550 33 20 att
678 549 80 21 hennes
780 548 98 28 giftorätt
898 548 42 22 och

189 582 96 22 enskilda
304 582 104 28 egendom
425 582 35 22 må
478 590 27 14 ur
518 582 51 22 boet
587 583 97 27 utbrytas
700 584 40 20 och
754 583 34 21 till
802 583 80 21 hennes
897 582 43 22 för-

188 617 95 28 valtning
302 616 150 22 öfverlemnas:
474 618 40 20 och
532 617 78 21 Rätten
628 617 81 21 förfare
730 617 49 22 med
800 616 66 23 målet
886 618 55 21 efter

188 651 57 23 hvad
259 658 36 15 om
310 650 167 22 boskilnadsmål
492 651 109 22 ofvanföre
616 651 94 29 stadgas.

534 712 12 28 8
563 712 32 20 19.

258 748 31 27 Är
304 754 117 27 äktenskap
436 761 76 21 genom
527 754 83 22 skilnad
628 754 92 28 upplöst,
736 755 41 21 och
791 754 36 22 vill
842 761 41 15 ena
896 761 46 15 ma-

190 788 42 21 ken
247 788 104 28 egendom
365 788 34 21 för
414 788 50 28 gäld
478 788 147 27 undanskifta;
640 796 51 15 vare
708 789 36 27 lag
762 796 46 14 som
826 796 36 15 om
880 796 62 21 egen-

191 822 60 22 doms
266 822 180 22 undanskiftande
460 823 35 21 vid
510 822 92 23 dödsfall
616 824 24 21 är
655 823 102 22 särskildt
770 823 108 29 stadgadt.

536 885 12 27 g
564 885 34 20 20.

260 925 76 22 Denna
354 918 134 36 Förordning
505 926 54 22 skall
578 926 18 28 ej
614 926 108 28 tillämpas
740 927 8 20 i
767 927 27 21 de
810 926 134 23 boskilnads-

192 959 50 28 mål,
258 967 46 15 som
319 960 68 28 gjorts
402 961 121 28 anhängiga
537 961 46 22 före
598 961 41 21 den
656 962 10 20 1
682 961 90 22 Januari
788 963 68 20 186..

387 1014 127 28 Enligheten
532 1015 48 22 med
599 1015 35 21 det
653 1015 24 22 af
689 1015 59 22 Hans
763 1014 121 29 Kejserliga
897 1015 46 22 Ma-

326 1047 68 29 jestät
412 1048 86 28 nädigst
516 1049 113 28 godkända
646 1049 90 28 förslag,
755 1048 119 30 bestyrker:
893 1048 50 24 Hel-

331 1082 98 28 singfors,
444 1083 14 22 å
472 1084 119 28 Kejserliga
610 1083 92 23 Senaten
720 1084 35 22 för
768 1083 92 23 Finland
875 1084 41 22 den
931 1085 13 21 4

330 1117 60 21 Mars
406 1119 61 21 1867.

711 1171 17 19 J.
741 1172 101 19 Snellman.

619 1208 72 18 Allmän
703 1209 241 17 Referendariesekreterare.
