1009 1723
286 127 73 24 Nådiga
370 129 140 22 Propositionen
523 130 34 17 N:o
569 130 28 16 25.
751 130 45 17 1215

66 192 161 29 angelägenhet,
247 192 7 22 i
273 193 72 22 stället
361 194 35 21 för
414 195 33 21 att
465 194 128 28 pröfningen
611 194 25 22 af
651 194 170 28 borgenärernes

65 227 203 28 fordringsanspråk
289 228 8 21 i
319 228 105 28 åtskillige
443 229 67 21 andre
528 229 156 27 konkurslagar
702 228 119 22 öfverlåtits

65 260 23 22 åt
102 261 158 28 borgenärerne
275 262 68 22 under
357 262 100 22 inseende
472 263 41 21 och
531 262 86 28 ledning
633 263 24 21 af
669 270 26 14 en
711 263 72 21 dertill
797 263 25 21 af

66 295 119 21 domstolen
203 296 78 21 utsedd
299 304 86 20 person,
402 297 99 27 vanligen
521 304 26 14 en
566 296 203 27 domstolsledamot,
785 304 35 20 ge-

65 336 50 15 nom
130 330 84 21 hvilken
229 330 120 28 anordning.
364 330 75 22 endast
457 331 155 28 stridiggjorda
627 330 94 28 anspråk
735 331 85 21 komme

65 365 33 20 att
112 363 52 22 bero
180 363 29 28 på
223 364 114 28 rättegång
352 365 40 21 och
407 365 102 21 domstols
523 365 123 28 afgörande.

134 409 35 22 Då
185 410 35 22 det
234 410 57 22 lärer
306 410 22 22 få
343 413 90 26 antagas
448 412 32 20 att
494 410 29 28 på
539 411 26 21 de
579 411 62 21 flesta
652 413 58 20 orter
724 411 8 21 i
746 411 74 22 landet

65 444 78 22 saknas
157 444 102 28 lämplige
274 445 40 21 och
328 445 93 28 kunnige
435 452 110 20 personer,
560 445 71 22 hvilka
642 445 24 21 af
675 446 144 22 domstolarne

64 479 72 22 kunde
158 479 107 22 ombetros
283 479 110 22 inseendet
414 480 40 21 och
477 480 115 27 ledningen
611 480 24 21 af
651 480 168 28 borgenärernes

64 513 164 28 förhandlingar
247 514 40 21 och
305 514 70 20 beslut
393 516 55 19 samt
467 514 36 21 det
521 514 78 27 riktiga
617 514 165 21 bedömmandet
796 514 26 22 af

64 546 60 24 såväl
142 546 229 30 fordringsanspråken
389 556 46 14 som
453 548 68 28 yrkad
539 546 145 28 förmånsrätt,
703 548 62 22 torde
784 549 35 21 det

64 582 100 22 förblifva
179 589 26 14 en
219 582 158 28 nödvändighet
395 585 32 19 att
446 583 62 21 dessa
523 582 74 28 frågor
611 582 140 27 fortfarande,
765 583 54 21 lika-

64 624 46 15 som
128 616 113 27 härintills,
260 616 117 22 behandlas
396 617 57 21 inför
471 617 126 22 domstolen.
626 617 49 21 Med
691 617 100 22 afseende
805 616 14 23 &

65 651 70 22 denna
150 651 81 22 olikhet
245 651 7 21 i
268 651 41 21 den
323 652 136 26 processuela
475 651 118 29 omgången
609 658 61 22 synes
685 652 62 21 äfven
761 652 57 21 före-

64 686 114 22 skrifterne
198 685 73 23 derom
289 688 32 19 att
340 686 149 28 fordringarne
507 686 55 22 böra
580 688 71 20 senast
666 685 13 23 å
693 686 126 22 inställelse-

66 720 69 28 dagen
150 720 103 26 anmälas,
267 720 36 22 vid
318 720 97 29 äfventyr
430 722 37 25 att,
478 720 30 28 på
519 722 44 20 sätt
577 720 103 28 förslaget
693 720 126 27 innehåller,

64 755 60 22 talan
139 762 35 14 om
193 755 62 21 deras
273 754 178 22 utbekommande
469 763 26 13 ur
515 755 26 21 de
559 754 98 22 afträdde
675 754 144 29 tillgångarne

64 790 61 28 eljest
140 789 102 27 försittas,
259 789 108 22 äfvensom
385 791 33 19 att
435 789 173 29 borgenärseden
625 789 102 22 likaledes
746 791 73 21 senast

64 824 68 22 under
148 824 41 21 den
203 824 32 21 tid
249 824 190 28 förhandlingarne
453 823 63 29 påstå
533 824 41 22 bör
588 832 52 14 vara
659 824 78 28 aflagd,
751 824 67 21 blifva

64 866 27 15 en
106 858 123 29 oundviklig
247 858 59 27 följd.
335 858 62 22 Hvad
415 858 47 22 åter
479 858 70 28 angår
566 858 189 29 tvångsackordets
773 860 46 20 ute-

64 893 119 27 lemnande,
202 893 40 22 har
260 893 103 21 utskottet
381 895 70 20 ansett
469 893 32 28 sig
520 893 54 21 böra
592 893 61 22 äfven
668 893 47 22 häri
730 893 89 22 förorda

64 927 157 29 godkännande
236 927 24 22 af
272 927 109 28 förslaget,
397 927 66 22 sedan
483 927 45 22 deri
547 927 54 22 dock
620 929 92 26 öppnats
727 929 40 26 väg
785 927 34 22 till

64 962 66 29 sagde
144 962 187 21 rättsinstitutions
347 961 112 22 införande
473 962 8 21 i
496 961 121 27 framtiden,
629 961 27 22 då
671 969 34 14 om
719 961 100 22 behofvet

66 996 64 23 deraf
142 1005 27 14 en
183 997 86 21 klarare
283 997 66 27 insigt
362 996 83 22 kunnat
459 996 81 22 vinnas.

133 1043 42 22 Vid
194 1043 157 28 granskningen
369 1043 24 21 af
409 1043 26 22 de
451 1043 105 22 särskilda
570 1043 193 28 lagstadganderne
778 1043 41 21 har

64 1078 150 28 Lagutskottet
237 1077 66 21 likväl
324 1076 71 22 funnit
415 1076 115 28 anledning
551 1077 34 21 till
606 1076 95 28 följande
719 1077 99 21 anmärk-

65 1112 84 28 ningar.

134 1158 38 22 Uti
191 1160 12 19 5
222 1158 11 28 &
252 1157 135 22 föreskrifves
406 1159 32 20 att
457 1156 27 23 dä
498 1158 103 27 gäldenär
616 1159 57 26 rymt
687 1157 41 22 och
743 1157 76 27 borge-

65 1194 41 20 när
120 1193 64 21 söker
200 1194 32 19 att
250 1192 113 28 gäldenärs
382 1192 103 28 egendom
503 1192 36 21 mä
556 1192 33 21 till
603 1192 110 27 betalning
728 1191 24 22 af
765 1192 54 21 hans

66 1227 86 21 skulder
167 1227 115 26 användas,
297 1226 56 21 skall
367 1226 130 28 gäldenären
512 1226 68 21 kallas
595 1233 76 20 genom
685 1226 134 27 kungörelse,

66 1268 46 15 som
127 1262 39 21 bör
181 1262 7 20 i
203 1261 108 21 allmänna
325 1260 137 28 tidningarne
477 1260 81 22 införas
573 1260 36 22 tvä
621 1259 86 29 gänger,
719 1262 32 19 att
761 1260 59 22 inom

66 1296 42 22 viss
122 1296 32 21 tid
169 1296 24 21 af
207 1303 24 14 en
247 1296 52 22 eller
313 1296 62 26 högst
389 1294 36 22 tvä
440 1294 103 22 mänader
557 1295 32 27 sig
608 1295 92 22 inställa.
731 1295 42 21 För
788 1296 32 20 att

65 1332 101 20 närmare
181 1330 119 22 bestämma
317 1329 59 22 tiden
395 1330 33 20 för
446 1330 137 25 inställelsen,
603 1336 46 15 som
667 1331 25 19 är
710 1329 109 21 föreskrif-

65 1371 41 15 ven
120 1366 32 19 att
167 1364 106 20 beräknas
288 1362 48 22 frän
351 1364 52 20 sista
418 1363 155 26 kungörandet,
589 1369 61 21 synes
665 1363 36 21 det
716 1369 52 15 vara
782 1364 38 19 nö-

67 1398 45 28 digt
133 1399 32 19 att
184 1404 26 14 en
227 1398 42 20 viss
288 1396 120 27 begränsad
426 1396 32 20 tid
476 1398 91 19 utsättes
585 1396 90 22 emellan
693 1396 70 21 första
781 1396 39 21 och

68 1432 68 22 andra
150 1432 148 28 kungörelsen,
314 1431 84 21 hvilken
412 1430 32 22 tid
458 1431 105 21 utskottet
582 1432 70 20 ansett
670 1431 33 27 sig
721 1430 54 24 böra
789 1430 32 22 fö-

67 1466 57 24 reslå
139 1466 33 22 till
186 1466 64 28 högst
265 1465 45 23 åtta
325 1466 72 27 dagar.
