992 1728
283 130 72 24 Nådiga
366 131 138 24 Propositionen
515 133 36 17 N:o
562 133 28 17 26.
743 133 45 18 1309

60 193 49 24 året
121 194 50 22 med
181 193 142 24 förmånsrätt
333 203 26 14 ur
371 195 112 29 gäldenärs
494 195 85 23 lösören
590 195 60 30 utgå.
670 195 72 23 Hinna
753 195 27 23 de
791 196 20 29 ej

60 229 40 27 till,
115 229 66 23 varde
195 229 82 23 bristen
290 230 49 22 med
354 237 84 15 samma
451 232 47 21 rätt
511 237 27 15 ur
552 231 43 22 fast
609 230 103 29 egendom
726 230 85 29 gulden.

412 284 12 27 8
439 285 20 20 8.

127 326 118 28 Borgenär,
267 326 34 21 för
322 326 63 21 hvars
403 326 89 22 fordran
510 327 42 21 viss
567 326 137 28 lösegendom
717 326 95 29 lagligen

59 357 70 25 blifvit
143 360 8 21 i
166 362 44 20 mät
225 362 64 26 tagen
305 360 40 22 och
361 361 44 21 satt
418 360 8 21 i
441 360 89 22 allmänt
545 360 73 22 förvar
633 360 52 22 eller
698 360 70 22 under
778 362 34 20 ut-

58 394 170 28 mätningsmans
246 394 54 23 vård
315 394 52 22 eller
381 394 123 29 försegling,
520 402 38 21 ege
573 394 140 23 förmånsrätt
726 395 34 21 till
774 395 36 22 be-

59 429 83 28 talning
156 436 27 15 ur
199 429 40 22 den
253 430 94 21 utmätta
361 430 137 27 egendomen.
519 425 32 26 Är
566 429 41 23 den
622 430 83 28 tagen
695 421 14 41 i
718 429 94 29 anspråk

58 463 35 23 för
107 463 63 23 fleres
185 464 132 28 fordringar;
332 464 117 22 tillkomme
463 464 118 22 företrädet
596 464 41 22 den
648 464 34 22 för
692 464 64 22 hvars
766 464 44 22 for-

59 498 55 22 dran
128 499 121 28 utmätning
260 499 55 21 först
325 499 150 27 verkställdes;
485 506 49 14 men
545 499 41 21 har
596 499 148 28 utmätningen
755 498 57 23 skett

58 533 35 23 för
107 533 45 22 alla
164 532 31 29 på
209 540 26 15 en
250 532 63 30 gång,
328 534 59 27 njute
403 534 26 21 de
442 534 45 21 lika
500 535 50 20 rätt.
577 533 61 22 Dock
652 540 39 22 ege
705 532 105 23 förmåns-

58 570 45 20 rätt
124 567 31 29 på
175 569 69 28 grund
267 568 24 22 af
310 568 91 22 sålunda
422 568 64 28 gjord
503 568 121 28 utmätning
641 568 47 22 icke
705 575 55 19 rum,
776 575 34 15 om

58 603 131 29 gäldenären
207 604 58 21 inom
282 604 72 21 trettio
370 603 67 28 dagar
453 603 91 22 derefter
559 602 33 22 till
606 602 94 22 konkurs.
715 602 96 22 afträder

58 638 34 22 sin
114 638 103 28 egendom
239 638 52 21 eller
308 637 71 22 beslut
397 638 73 21 derom
489 637 24 22 af
525 637 78 22 Rätten
618 637 65 21 fattas
697 637 8 21 i
719 637 54 27 följd
788 636 24 23 af

59 680 83 14 annans
156 671 124 28 påstående,
295 679 46 14 som
355 672 58 21 inom
427 672 66 27 sagde
507 672 32 21 tid
554 671 69 22 blifvit
636 671 70 22 väckt.
727 671 27 28 Ej
765 671 45 21 hel-

57 707 33 21 ler
104 706 36 22 må
154 706 140 22 förmånsrätt
308 706 53 28 följa
375 705 29 29 på
417 705 128 29 utmätning,
560 713 46 14 som
617 705 49 22 sker
676 705 8 22 i
696 705 42 22 död
748 712 61 15 mans

58 741 36 27 bo,
109 741 8 22 i
131 741 102 22 händelse
249 741 59 22 detta
321 741 8 21 i
343 741 50 27 laga
408 741 31 21 tid
454 741 33 21 till
501 740 95 22 konkurs
610 739 106 29 upplåtes.

411 795 12 28 8
439 797 18 20 9.

127 836 11 24 1
152 836 44 25 fast
211 836 110 31 egendom,
336 845 45 15 som
397 837 46 23 säld
458 837 31 28 är,
504 838 62 29 njute
580 835 100 31 säljaren,
694 836 56 23 intill
762 837 47 23 dess

58 871 50 30 laga
126 873 65 22 stånd
209 873 114 26 Skommer,
342 871 139 24 förmänsrätt
495 875 33 20 att
542 871 47 23 utfä
604 869 85 25 obetald
704 869 105 31 köpeskil-

58 909 44 27 ling
124 907 91 23 framför
238 908 66 21 andre
325 907 106 28 köparens
449 906 137 29 borgenärer,
605 914 46 15 som
665 907 70 21 nedan
749 904 60 23 näm-

57 949 44 16 nes.
127 943 47 21 Har
189 943 94 27 säljaren
298 941 147 22 dessförinnan
459 942 33 21 sin
506 943 46 20 rätt
565 941 116 26 intecknat,
696 948 50 15 vare
761 940 48 23 der-

58 977 36 22 vid
108 977 107 28 främgent
230 975 128 24 bibehällen.

402 1017 11 27 8
430 1019 33 19 10.

126 1059 71 23 Sedan
218 1061 85 27 uttages
325 1066 26 15 ur
372 1059 43 22 fast
437 1059 103 29 egendom
557 1057 96 28 fordran,
671 1058 34 22 för
723 1054 85 26 hvilken

57 1095 124 28 inteckning
200 1095 45 22 deri
263 1094 92 28 beviljad
370 1094 40 22 och
425 1094 100 28 gällande
539 1095 31 25 är,
586 1095 56 21 samt
655 1099 27 16 vr
695 1092 57 23 bäde
766 1091 42 24 fast

58 1131 40 21 och
113 1129 146 28 lösegendom:
275 1129 104 22 barnaarf
392 1129 41 21 och
447 1129 123 28 omyndiges
584 1128 40 22 hos
638 1128 108 21 föräldrar
757 1127 52 22 eller

57 1164 138 28 förmyndare
209 1162 138 23 innestående
361 1163 76 26 medel,
452 1163 69 22 under
534 1163 76 26 vilkor,
625 1168 45 16 som
686 1163 24 20 11
724 1163 9 26 $
747 1161 5 22 i
765 1161 43 22 för-

58 1199 118 26 ordningen
191 1205 34 14 om
240 1196 195 29 förmyndarevärd,
452 1197 70 28 gifven
533 1197 41 21 den
587 1199 25 19 19
623 1196 119 22 December
754 1197 54 20 1864

57 1232 148 26 föreskrifver;
220 1232 98 28 kyrkors,
334 1231 149 28 fattigkassors
493 1232 41 21 och
545 1230 209 28 socknemagasiners
765 1229 43 22 till-

58 1266 177 29 godohafvanden
256 1267 40 20 hos
315 1266 62 21 deras
395 1265 116 28 behörigen
525 1265 164 22 tillförordnade
704 1263 104 22 förestän-

57 1301 54 22 dare
132 1301 52 22 eller
205 1300 171 28 uppbördsmän;
398 1301 93 21 kronans
514 1300 40 22 och
571 1299 115 26 allmänna,
705 1298 25 22 af
740 1299 68 27 Rege-

56 1336 77 27 ringen
154 1335 134 22 stadfästade
309 1335 168 28 penningeverks
500 1335 40 22 och
560 1334 154 27 inrättningars
736 1333 71 21 äfven-

58 1377 46 14 som
122 1369 83 21 städers
223 1369 52 21 eller
290 1369 67 20 andra
371 1368 137 21 kommuners
522 1368 123 26 fordringar
658 1367 40 21 hos
714 1366 26 22 de
754 1367 54 26 tjen-

57 1404 90 25 stemän,
169 1410 46 14 som
237 1404 38 20 äro
296 1402 89 22 tillsatte
407 1403 33 20 att
461 1402 62 21 deras
545 1402 117 21 inkomster
680 1400 40 22 och
738 1400 70 21 medel

57 1438 100 28 uppbära
172 1437 41 22 och
227 1436 187 27 omhänderhafva,
429 1436 36 22 för
477 1436 57 22 hvad
548 1436 8 22 i
570 1435 54 29 följd
638 1434 63 23 deraf
709 1434 39 22 hos
760 1434 48 22 dem

57 1472 97 23 innestär
172 1472 52 22 eller
242 1472 25 22 af
279 1471 48 23 dem
342 1471 75 29 gäldas
431 1471 50 27 bör;
496 1472 56 21 samt
566 1470 105 22 enskildes
685 1469 123 29 fordringar
