1020 1720
272 153 70 23 Nädiga
355 155 135 21 Propositionen
503 155 34 17 N:o
550 157 28 14 30.
734 155 41 16 1545

117 217 52 21 eller
188 220 67 18 annat
274 217 96 29 afseende
388 218 47 21 icke
454 218 65 28 hafva
537 217 105 29 iakttagit
660 218 138 28 bevillnings-

117 251 104 28 stadgans
233 251 145 29 föreskrifter
397 253 52 20 eller
468 255 33 21 att
519 252 41 21 den
577 252 77 28 påfört
672 251 127 21 inkomstbe-

117 286 94 27 villning
226 286 8 20 i
250 286 56 20 strid
322 289 54 17 emot
395 285 72 21 kända
479 286 166 29 förhållanden,
662 286 39 20 bör
720 286 79 21 sådant

117 320 26 28 af
162 320 77 20 honom
262 320 37 20 vid
315 321 171 27 förrättningen
507 324 76 24 genast
606 320 122 27 anmärkas,
752 320 47 21 med

117 354 121 28 anförande
250 354 26 28 af
284 354 24 21 de
321 354 48 21 skäl
384 361 45 14 som
445 356 34 19 till
494 354 173 29 anmärkningen
676 354 122 29 föranledt.

116 387 67 29 Dylik
200 388 144 28 anmärkning
360 388 109 28 äfvensom
483 388 35 22 det
532 389 109 27 yttrande,
653 388 103 22 komiténs
773 390 27 20 le-

116 422 98 21 damöter
232 424 10 19 i
261 422 116 28 anledning
396 422 65 29 deraf
477 423 54 20 böra
550 423 90 28 afgifva,
656 422 56 21 skall
727 424 9 19 i
746 430 53 20 pro-

117 456 89 21 tokollet
220 458 92 27 intagas.
342 456 229 29 Bevillningsskyldig,
586 464 45 13 som
646 457 103 28 antingen
760 457 41 20 vill

117 491 53 21 söka
188 491 96 28 ändring
299 491 33 21 uti
350 491 40 20 den
410 492 25 28 af
447 491 209 28 bevillningskomité
671 491 76 21 honom
758 491 42 28 på-

112 525 72 28 förda
200 525 66 29 afgift
282 526 51 21 eller
349 525 37 21 ock
403 525 80 22 önskar
497 526 131 28 vederlägga
644 525 24 22 de
684 525 26 30 af
723 525 77 21 krono-

117 560 98 21 ombudet
236 563 45 18 mot
303 560 41 21 den
366 561 76 20 honom
465 561 71 20 åsatta
559 560 144 28 bevillningen
720 560 80 28 gjorda

117 595 180 28 anmärkningar,
319 595 36 20 må
377 596 9 19 i
408 595 78 21 sådant
508 595 97 28 afseende
624 596 39 20 sitt
682 595 35 21 till
734 595 66 28 pröf-

117 629 158 28 ningskomitén
294 630 81 20 ställda
393 628 113 30 skriftliga
525 629 140 28 andragande
683 629 47 21 med
752 629 49 21 der-

117 665 36 20 till
168 664 96 21 hörande
281 664 139 27 handlingar,
437 665 35 20 till
487 665 151 28 länestyrelsen
650 665 103 27 antingen
767 665 34 20 in-

118 699 70 20 lemna
203 698 53 21 eller
270 698 68 21 under
354 699 82 27 omslag
450 698 94 21 insända
556 699 53 28 före
624 699 41 20 den
679 699 43 28 dag
736 699 65 28 pröf-

117 732 159 29 ningskomiten
295 733 180 26 sammanträder,
495 733 52 21 eller
566 732 37 21 ock
622 733 94 28 aflemna
735 733 66 28 skrif-

117 771 35 17 ten
168 767 64 28 jemte
252 767 164 28 handlingarne,
435 769 9 19 i
462 768 49 21 stad
529 768 36 21 till
582 767 147 28 Magistraten
748 768 52 20 eller

118 800 185 29 Ordningsrätten
318 806 56 17 samt
385 803 32 27 på
430 802 72 21 landet
514 803 35 20 till
561 802 147 28 ordföranden
720 803 9 19 i
744 801 57 22 kom-

117 836 83 20 munal-
220 837 52 19 eller
295 835 166 22 sockenstämma
477 837 52 27 före
552 837 40 20 den
615 836 43 28 dag
680 837 29 20 då
728 836 73 21 bevill-

117 870 188 28 ningslängderna
324 871 68 28 enligt
410 871 12 27 $
440 870 27 21 21
487 871 25 29 af
528 870 47 22 dem
594 871 36 21 till
649 872 152 27 länestyrelsen

118 904 112 26 insändas,
240 906 42 27 för
298 908 32 18 att
346 905 61 21 dessa
423 905 90 29 längder
529 905 91 29 bifogas.
650 904 103 22 Börande
767 906 34 20 uti

117 939 41 21 den
176 940 10 20 i
203 940 13 27 $
234 938 27 21 21
280 939 145 29 omförmälda
444 939 125 29 kungörelse
592 938 73 22 tillika
686 940 115 28 uppgifvas

118 974 71 28 dagen
212 974 28 21 då
263 974 261 28 bevillningslängdernas
549 974 134 22 insändande
706 974 95 22 kommer

117 1011 34 17 att
165 1008 42 21 ske.

391 1053 26 29 $$
432 1052 94 22 23—25.

384 1096 155 22 Oförändrade.

428 1157 13 27 $
455 1155 38 22 26.

176 1198 48 22 Den
247 1206 50 19 som,
312 1199 33 28 på
367 1200 45 20 sätt
429 1200 10 19 i
456 1199 12 28 $
486 1198 33 21 22
536 1199 68 28 säges,
622 1199 48 21 med
692 1199 109 29 skriftligt

119 1233 142 29 andragande
280 1234 35 21 till
333 1233 214 29 pröfningskomitén
569 1232 119 27 inkommit,
707 1233 94 22 meddele

120 1268 93 21 komiten
232 1269 45 21 alla
295 1269 25 20 de
334 1269 157 27 upplysningar
507 1268 76 20 honom
598 1268 34 21 stä
648 1268 36 32 till
699 1267 52 22 buds
766 1269 36 20 rö-

120 1302 68 21 rande
208 1302 52 21 hans
279 1302 127 21 inkomsters
426 1301 99 29 verkliga
543 1302 81 28 belopp.
655 1301 84 22 Önskar
759 1302 42 21 han

119 1337 10 20 i
144 1336 78 22 sådant
238 1336 96 28 afseende
350 1336 69 28 blifva
429 1337 140 27 personligen
585 1336 62 25 hörd,
659 1343 51 14 vare
725 1336 77 21 dertill

120 1370 132 28 berättigad.

179 1414 12 19 2
207 1419 62 14 mom.

217 1449 151 23 Oförändradt.
