1700 1875
625 232 76 23 Nädiga
708 233 141 22 Propositionen
858 233 34 17 N:o
905 234 28 16 27.
1088 234 43 17 1377

403 296 47 21 del
459 296 25 22 af
486 296 136 22 kostnaden
643 297 105 27 upphöra.
767 298 80 21 Detta
864 298 26 20 är
909 297 86 23 således
1008 298 41 22 den
1063 299 91 21 rättvisa

402 331 40 20 och
464 330 80 28 riktiga
566 331 110 27 grundval,
699 330 82 28 hvarpä
802 331 160 28 lagstiftningen
976 332 16 21 i
1012 331 142 23 förevarande

402 366 62 20 ämne
486 365 41 21 bör
547 365 88 27 byggas.
666 365 109 21 Utskottet
793 373 61 20 synes
873 366 65 21 likväl
955 365 47 23 icke
1017 366 90 22 kommit
1121 367 33 21 till

401 399 65 27 insigt
482 399 66 25 deraf,
563 401 54 19 utan
632 398 71 28 utgått
717 398 48 22 från
781 400 40 21 den
837 400 61 28 äsigt,
913 402 33 19 att
961 400 193 28 hällskjutsningen

402 436 24 19 är
445 435 31 19 ett
494 432 113 29 äliggande
623 440 46 15 som
683 434 40 21 bör
737 434 122 22 utsträckas
873 434 93 24 till'alla
979 435 138 22 innehafvare
1131 436 25 20 af

398 468 52 28 jord
464 470 56 19 samt
535 469 57 20 vissa
608 468 67 22 andra
690 468 105 22 individer
809 470 58 21 inom
882 464 126 27 samhället..
1029 470 77 22 Donna
1119 472 35 20 ut-

400 502 143 29 gängspunkt,
566 509 46 15 som
635 503 79 21 saknar
737 503 38 21 allt
793 504 94 28 rättsligt
903 504 39 22 och
957 498 104 38 nationelt
1076 505 77 21 under

400 538 42 27 lag,
457 538 42 20 har
512 538 98 21 missledt
623 538 104 21 utskottet
741 537 35 22 vid
791 539 99 21 ärendets
905 538 136 28 behandling.
1071 538 34 22 Då
1119 540 34 21 uti

400 572 81 22 skottet
494 574 70 26 yttrar
579 574 32 19 att
626 573 104 21 rättvisan
745 572 86 22 fordrar
846 573 35 21 det
897 573 40 21 den
953 573 83 27 ojemna
1045 574 42 21 och
1099 572 54 23 obils

400 606 44 29 liga
466 607 149 28 fördelningen
639 607 24 21 af
682 606 164 29 ifrägavarande
864 608 77 22 besvär
955 608 128 27 upphäfves,
1096 607 58 23 hade

400 642 35 21 väl
457 642 159 27 konsegvensen
638 641 96 28 päkallat
753 644 37 24 att,
807 643 88 21 emedan
911 643 242 22 kommunikations-an-

400 676 105 21 stalterna
526 677 59 20 inom
606 676 74 21 landet
702 678 37 19 äro
755 676 34 21 för
803 677 44 20 alla
861 677 142 28 medborgare
1018 678 135 28 oumbärliga

400 711 40 21 och
462 711 44 21 lika
529 711 90 27 nyttiga,
639 711 49 21 icke
707 711 91 21 allenast
815 711 138 22 innehafvare
968 711 24 22 af
1005 711 40 22 den
1059 719 30 14 nu
1104 711 49 23 fräri

400 745 158 28 skjutsningens
569 745 122 27 utgörande
702 745 95 22 befriade
809 745 278 27 lägenhets-innehafvaren,
1099 749 54 19 utan

400 779 62 22 äfven
484 780 44 21 alla
550 780 68 21 andra
639 780 240 22 samhällsmedlemmar
901 779 70 29 ålagts
986 782 32 20 att
1031 781 8 20 i
1054 781 99 22 besväret

400 815 92 28 deltaga.
522 810 31 26 Är
576 815 35 21 det
633 815 106 27 nemligen
754 815 98 21 orättvist
867 817 32 19 att
914 815 75 21 endast
1004 822 26 15 en
1046 815 34 21 del
1094 814 59 23 med:

400 849 92 28 borgare
508 850 68 27 draga
591 849 70 22 denna
675 851 74 26 tunga,
765 849 24 22 sä
803 850 25 20 är
844 849 35 22 det
893 849 44 22 lika
949 851 98 20 orättvist
1059 857 34 14 om
1106 850 47 21 des-

400 891 36 14 sas
450 884 60 21 antal
525 884 52 21 ökas
592 883 49 22 med
655 883 69 28 några
738 884 56 21 vissa
808 883 145 22 medlemmar.
980 884 89 28 Följden
1084 884 24 21 af
1121 886 32 20 att

399 918 73 28 bygga
492 918 29 28 pä
540 926 26 13 en
582 918 78 28 oriktig
675 918 114 27 grundsats
804 917 102 23 framstär
920 919 65 21 häraf
997 919 83 28 tydligt.
1110 919 43 21 För

399 953 189 27 undanrödjandet
610 952 24 21 af
655 952 56 22 hvad
732 960 51 14 man
805 952 68 22 kallar
890 954 109 26 orättvisa,
1013 954 76 21 tvekar
1102 960 51 15 man

399 987 47 21 icke
468 989 32 19 att
522 986 57 28 begå
597 987 54 21 flera
665 987 40 21 och
720 988 75 20 större.
826 986 95 23 Sålunda
937 988 40 20 har
991 988 104 21 utskottet
1109 988 45 21 för-

400 1022 64 22 ordat
478 1023 33 20 att
526 1021 29 22 all
570 1021 127 22 mantalsatt
708 1021 51 27 jord
775 1022 40 21 och
829 1021 82 22 säledes
923 1022 61 21 äfven
997 1023 89 21 säterier
1097 1024 57 19 samt

400 1055 26 23 rä
444 1056 40 22 och
503 1058 47 19 rörs
569 1056 99 21 hemman
684 1056 60 21 skola
758 1058 53 20 utan
825 1057 73 21 vidare
913 1056 92 28 omgäng
1021 1057 52 21 eller
1087 1056 67 22 tiller-

400 1091 60 21 känd
479 1091 119 27 ersättning
619 1092 79 26 utgöra
719 1090 119 28 hällskjuts.
867 1091 66 21 Detta
951 1091 81 28 förslag
1047 1091 58 22 leder
1120 1091 34 21 till

401 1125 79 22 dubbel
502 1126 109 25 orättvisa,
634 1125 105 27 nemligen
761 1126 33 20 till
816 1125 104 22 orättvisa
941 1127 57 20 emot
1013 1127 92 26 ägarene
1120 1124 34 22 till

400 1160 164 28 ifrågavarande
586 1160 131 27 lägenheter,
740 1166 46 14 som
809 1162 52 19 utan
881 1160 118 28 ersättning
1013 1160 69 22 måste
1097 1159 57 23 afstä

400 1194 48 22 från
464 1202 26 13 en
505 1194 24 21 af
542 1196 166 26 statsmagterne
722 1194 81 21 erkänd
817 1195 108 27 rättighet,
941 1194 85 22 hvilken
1040 1195 113 27 vid'egen-

402 1230 90 21 domens
505 1228 150 22 förvärfvande
670 1228 97 28 betingat
779 1229 47 21 dess
837 1229 65 22 värde
914 1229 40 21 och
965 1229 51 27 pris,
1029 1231 56 19 samt
1097 1228 57 23 emot

402 1264 27 21 de
451 1271 30 13 nu
503 1263 228 28 skjutsningsskyldige
753 1263 81 27 sjelfva,
850 1265 51 19 enär
917 1263 41 22 den
973 1262 48 22 frän
1036 1262 118 29 säteriäga-

400 1297 39 22 ren
461 1297 116 27 fräntagna
598 1297 114 22 befrielsen
734 1297 46 21 icke
801 1297 84 22 utdelas
903 1298 45 21 lika
966 1296 13 22 &
999 1297 28 28 de
1043 1298 112 27 nu'skjut-

401 1332 165 28 ningsskyldige,
581 1334 53 19 utan
648 1333 77 20 endast
739 1332 87 27 partielt
840 1332 96 21 kommer
947 1331 26 22 de
984 1331 23 22 fä
1017 1332 93 22 härader
1121 1332 34 21 till

402 1367 62 28 godo,
487 1367 58 21 inom
566 1367 73 21 hvilka
660 1367 124 27 lägenheter
803 1365 23 22 af
839 1365 68 23 sådan
921 1369 65 19 natur
1001 1368 38 19 äro
1054 1366 99 28 belägha.

401 1402 138 21 Undersöker
560 1409 51 13 man
631 1401 75 22 vidare
727 1400 56 23 huru
798 1401 61 28 ringa
875 1408 76 21 genom
966 1401 129 23 säteriernas
1111 1401 43 24 del

401 1436 94 27 tagande
509 1437 7 19 i
532 1435 148 28 skjutsningen
697 1436 74 20 vinnes
786 1435 33 20 för
835 1436 25 19 de
874 1443 30 12 nu
919 1435 235 28 skjutsningsskyldige,

401 1469 25 22 sä
440 1471 25 19 är
480 1470 37 21 det
532 1468 57 23 svärt
605 1471 32 19 att
651 1469 108 27 utgrunda
773 1469 87 21 motivet
874 1469 33 20 till
923 1469 40 21 den
975 1469 122 21 statsvishet
1108 1475 46 15 som

401 1504 78 28 bjuder
502 1505 32 20 att
556 1502 55 29 begå
630 1511 26 14 en
673 1503 113 28 uppenbar
804 1503 102 21 orättvisa
924 1503 35 21 för
973 1505 32 19 att
1019 1503 137 28 undanrödja

403 1546 26 15 en
444 1539 93 23 förment
552 1538 73 22 sådan.
653 1538 81 22 Genom
750 1539 26 21 de
791 1545 35 15 om
840 1537 27 22 de
881 1538 230 28 skjutsningsskyldige
1124 1538 32 21 lä-

404 1574 129 28 genheterne
555 1572 109 30 ingångna
685 1573 42 28 köp
750 1573 40 22 och
811 1571 158 30 afhandlingar,
988 1572 74 23 dervid
1077 1573 77 27 :skjuts-
