<?xml version="1.0" encoding="UTF-8"?>
<alto xmlns="http://www.loc.gov/standards/alto/ns-v3#" xmlns:xlink="http://www.w3.org/1999/xlink" xmlns:xsi="http://www.w3.org/2001/XMLSchema-instance" xsi:schemaLocation="http://www.loc.gov/standards/alto/ns-v3# http://www.loc.gov/alto/v3/alto-3-0.xsd">
	<Description>
		<MeasurementUnit>pixel</MeasurementUnit>
		<sourceImageInformation>
			<fileName>/tmp/tess_0gbdtuxz_input.PNG</fileName>
		</sourceImageInformation>
		<OCRProcessing ID="OCR_0">
			<ocrProcessingStep>
				<processingSoftware>
					<softwareName>tesseract 5.3.4</softwareName>
				</processingSoftware>
			</ocrProcessingStep>
		</OCRProcessing>
	</Description>
	<Layout>
		<Page WIDTH="992" HEIGHT="1720" PHYSICAL_IMG_NR="0" ID="page_0">
			<PrintSpace HPOS="0" VPOS="0" WIDTH="992" HEIGHT="1720">
				<ComposedBlock ID="cblock_0" HPOS="208" VPOS="146" WIDTH="507" HEIGHT="23">
					<TextBlock ID="block_0" HPOS="208" VPOS="146" WIDTH="507" HEIGHT="23">
						<TextLine ID="line_0" HPOS="208" VPOS="146" WIDTH="507" HEIGHT="23">
							<String ID="string_0" HPOS="208" VPOS="149" WIDTH="44" HEIGHT="16" WC="0.95" CONTENT="1298"/><SP WIDTH="154" VPOS="149" HPOS="252"/>
							<String ID="string_1" HPOS="406" VPOS="146" WIDTH="72" HEIGHT="23" WC="0.92" CONTENT="Nådiga"/><SP WIDTH="11" VPOS="146" HPOS="478"/>
							<String ID="string_2" HPOS="489" VPOS="147" WIDTH="138" HEIGHT="21" WC="0.96" CONTENT="Propositionen"/><SP WIDTH="12" VPOS="147" HPOS="627"/>
							<String ID="string_3" HPOS="639" VPOS="147" WIDTH="34" HEIGHT="16" WC="0.96" CONTENT="N:o"/><SP WIDTH="14" VPOS="147" HPOS="673"/>
							<String ID="string_4" HPOS="687" VPOS="147" WIDTH="28" HEIGHT="16" WC="0.96" CONTENT="26."/>
						</TextLine>
					</TextBlock>
				</ComposedBlock>
				<ComposedBlock ID="cblock_1" HPOS="186" VPOS="209" WIDTH="757" HEIGHT="852">
					<TextBlock ID="block_1" HPOS="186" VPOS="209" WIDTH="757" HEIGHT="714">
						<TextLine ID="line_1" HPOS="186" VPOS="209" WIDTH="750" HEIGHT="29">
							<String ID="string_5" HPOS="186" VPOS="211" WIDTH="8" HEIGHT="21" WC="0.96" CONTENT="i"/><SP WIDTH="18" VPOS="211" HPOS="194"/>
							<String ID="string_6" HPOS="212" VPOS="211" WIDTH="33" HEIGHT="21" WC="0.96" CONTENT="sin"/><SP WIDTH="14" VPOS="211" HPOS="245"/>
							<String ID="string_7" HPOS="259" VPOS="210" WIDTH="70" HEIGHT="28" WC="0.95" CONTENT="grund"/><SP WIDTH="14" VPOS="210" HPOS="329"/>
							<String ID="string_8" HPOS="343" VPOS="210" WIDTH="107" HEIGHT="27" WC="0.96" CONTENT="framgent"/><SP WIDTH="14" VPOS="210" HPOS="450"/>
							<String ID="string_9" HPOS="464" VPOS="209" WIDTH="121" HEIGHT="22" WC="0.93" CONTENT="bibehållen"/><SP WIDTH="16" VPOS="209" HPOS="585"/>
							<String ID="string_10" HPOS="601" VPOS="210" WIDTH="20" HEIGHT="28" WC="0.92" CONTENT="($"/><SP WIDTH="18" VPOS="210" HPOS="621"/>
							<String ID="string_11" HPOS="639" VPOS="210" WIDTH="45" HEIGHT="28" WC="0.96" CONTENT="10);"/><SP WIDTH="15" VPOS="210" HPOS="684"/>
							<String ID="string_12" HPOS="699" VPOS="211" WIDTH="24" HEIGHT="27" WC="0.96" CONTENT="ty"/><SP WIDTH="14" VPOS="211" HPOS="723"/>
							<String ID="string_13" HPOS="737" VPOS="210" WIDTH="58" HEIGHT="20" WC="0.96" CONTENT="ännu"/><SP WIDTH="15" VPOS="210" HPOS="795"/>
							<String ID="string_14" HPOS="810" VPOS="210" WIDTH="79" HEIGHT="21" WC="0.93" CONTENT="saknas"/><SP WIDTH="14" VPOS="210" HPOS="889"/>
							<String ID="string_15" HPOS="903" VPOS="216" WIDTH="33" HEIGHT="14" WC="0.91" CONTENT="er-"/>
						</TextLine>
						<TextLine ID="line_2" HPOS="186" VPOS="242" WIDTH="751" HEIGHT="30">
							<String ID="string_16" HPOS="186" VPOS="245" WIDTH="104" HEIGHT="25" WC="0.93" CONTENT="farenhet,"/><SP WIDTH="18" VPOS="245" HPOS="290"/>
							<String ID="string_17" HPOS="308" VPOS="244" WIDTH="106" HEIGHT="22" WC="0.93" CONTENT="huruvida"/><SP WIDTH="14" VPOS="244" HPOS="414"/>
							<String ID="string_18" HPOS="428" VPOS="244" WIDTH="162" HEIGHT="28" WC="0.92" CONTENT="Förordningen"/><SP WIDTH="15" VPOS="244" HPOS="590"/>
							<String ID="string_19" HPOS="605" VPOS="251" WIDTH="34" HEIGHT="14" WC="0.93" CONTENT="om"/><SP WIDTH="14" VPOS="251" HPOS="639"/>
							<String ID="string_20" HPOS="653" VPOS="242" WIDTH="191" HEIGHT="30" WC="0.92" CONTENT="förmyndarevärd"/><SP WIDTH="15" VPOS="242" HPOS="844"/>
							<String ID="string_21" HPOS="859" VPOS="243" WIDTH="25" HEIGHT="21" WC="0.96" CONTENT="af"/><SP WIDTH="13" VPOS="243" HPOS="884"/>
							<String ID="string_22" HPOS="897" VPOS="242" WIDTH="40" HEIGHT="23" WC="0.97" CONTENT="den"/>
						</TextLine>
						<TextLine ID="line_3" HPOS="188" VPOS="278" WIDTH="749" HEIGHT="28">
							<String ID="string_23" HPOS="188" VPOS="281" WIDTH="26" HEIGHT="19" WC="0.95" CONTENT="19"/><SP WIDTH="22" VPOS="281" HPOS="214"/>
							<String ID="string_24" HPOS="236" VPOS="279" WIDTH="118" HEIGHT="22" WC="0.95" CONTENT="December"/><SP WIDTH="23" VPOS="279" HPOS="354"/>
							<String ID="string_25" HPOS="377" VPOS="280" WIDTH="55" HEIGHT="20" WC="0.96" CONTENT="1864"/><SP WIDTH="22" VPOS="280" HPOS="432"/>
							<String ID="string_26" HPOS="454" VPOS="278" WIDTH="70" HEIGHT="22" WC="0.93" CONTENT="kunde"/><SP WIDTH="19" VPOS="278" HPOS="524"/>
							<String ID="string_27" HPOS="543" VPOS="278" WIDTH="111" HEIGHT="22" WC="0.91" CONTENT="föranleda"/><SP WIDTH="14" VPOS="278" HPOS="654"/>
							<String ID="string_28" HPOS="668" VPOS="278" WIDTH="33" HEIGHT="22" WC="0.96" CONTENT="till"/><SP WIDTH="15" VPOS="278" HPOS="701"/>
							<String ID="string_29" HPOS="716" VPOS="278" WIDTH="69" HEIGHT="22" WC="0.96" CONTENT="andra"/><SP WIDTH="14" VPOS="278" HPOS="785"/>
							<String ID="string_30" HPOS="799" VPOS="278" WIDTH="40" HEIGHT="22" WC="0.93" CONTENT="och"/><SP WIDTH="14" VPOS="278" HPOS="839"/>
							<String ID="string_31" HPOS="853" VPOS="278" WIDTH="84" HEIGHT="28" WC="0.91" CONTENT="lämpli-"/>
						</TextLine>
						<TextLine ID="line_4" HPOS="186" VPOS="312" WIDTH="752" HEIGHT="30">
							<String ID="string_32" HPOS="186" VPOS="321" WIDTH="52" HEIGHT="21" WC="0.91" CONTENT="gare"/><SP WIDTH="22" VPOS="321" HPOS="238"/>
							<String ID="string_33" HPOS="260" VPOS="315" WIDTH="92" HEIGHT="26" WC="0.91" CONTENT="utvägar"/><SP WIDTH="21" VPOS="315" HPOS="352"/>
							<String ID="string_34" HPOS="373" VPOS="315" WIDTH="32" HEIGHT="19" WC="0.93" CONTENT="att"/><SP WIDTH="21" VPOS="315" HPOS="405"/>
							<String ID="string_35" HPOS="426" VPOS="313" WIDTH="105" HEIGHT="28" WC="0.92" CONTENT="betrygga"/><SP WIDTH="21" VPOS="313" HPOS="531"/>
							<String ID="string_36" HPOS="552" VPOS="313" WIDTH="103" HEIGHT="27" WC="0.92" CONTENT="pupillers"/><SP WIDTH="18" VPOS="313" HPOS="655"/>
							<String ID="string_37" HPOS="673" VPOS="313" WIDTH="80" HEIGHT="27" WC="0.92" CONTENT="nödiga"/><SP WIDTH="18" VPOS="313" HPOS="753"/>
							<String ID="string_38" HPOS="771" VPOS="312" WIDTH="105" HEIGHT="26" WC="0.92" CONTENT="säkerhet,"/><SP WIDTH="16" VPOS="312" HPOS="876"/>
							<String ID="string_39" HPOS="892" VPOS="320" WIDTH="46" HEIGHT="14" WC="0.96" CONTENT="som"/>
						</TextLine>
						<TextLine ID="line_5" HPOS="187" VPOS="347" WIDTH="752" HEIGHT="28">
							<String ID="string_40" HPOS="187" VPOS="348" WIDTH="55" HEIGHT="21" WC="0.94" CONTENT="dock"/><SP WIDTH="22" VPOS="348" HPOS="242"/>
							<String ID="string_41" HPOS="264" VPOS="355" WIDTH="76" HEIGHT="20" WC="0.93" CONTENT="genom"/><SP WIDTH="22" VPOS="355" HPOS="340"/>
							<String ID="string_42" HPOS="362" VPOS="347" WIDTH="65" HEIGHT="28" WC="0.92" CONTENT="sagde"/><SP WIDTH="22" VPOS="347" HPOS="427"/>
							<String ID="string_43" HPOS="449" VPOS="347" WIDTH="134" HEIGHT="27" WC="0.95" CONTENT="Förordning"/><SP WIDTH="21" VPOS="347" HPOS="583"/>
							<String ID="string_44" HPOS="604" VPOS="347" WIDTH="70" HEIGHT="21" WC="0.92" CONTENT="blifvit"/><SP WIDTH="17" VPOS="347" HPOS="674"/>
							<String ID="string_45" HPOS="691" VPOS="347" WIDTH="34" HEIGHT="21" WC="0.95" CONTENT="till"/><SP WIDTH="18" VPOS="347" HPOS="725"/>
							<String ID="string_46" HPOS="743" VPOS="347" WIDTH="58" HEIGHT="21" WC="0.92" CONTENT="tiden"/><SP WIDTH="15" VPOS="347" HPOS="801"/>
							<String ID="string_47" HPOS="816" VPOS="347" WIDTH="123" HEIGHT="28" WC="0.92" CONTENT="betydligen"/>
						</TextLine>
						<TextLine ID="line_6" HPOS="186" VPOS="381" WIDTH="753" HEIGHT="28">
							<String ID="string_48" HPOS="186" VPOS="382" WIDTH="122" HEIGHT="22" WC="0.90" CONTENT="inskränkt:"/><SP WIDTH="24" VPOS="382" HPOS="308"/>
							<String ID="string_49" HPOS="332" VPOS="382" WIDTH="40" HEIGHT="21" WC="0.92" CONTENT="och"/><SP WIDTH="22" VPOS="382" HPOS="372"/>
							<String ID="string_50" HPOS="394" VPOS="381" WIDTH="118" HEIGHT="22" WC="0.92" CONTENT="företrädet"/><SP WIDTH="17" VPOS="381" HPOS="512"/>
							<String ID="string_51" HPOS="529" VPOS="382" WIDTH="33" HEIGHT="21" WC="0.97" CONTENT="till"/><SP WIDTH="19" VPOS="382" HPOS="562"/>
							<String ID="string_52" HPOS="581" VPOS="382" WIDTH="117" HEIGHT="26" WC="0.96" CONTENT="ersättning"/><SP WIDTH="19" VPOS="382" HPOS="698"/>
							<String ID="string_53" HPOS="717" VPOS="381" WIDTH="34" HEIGHT="22" WC="0.93" CONTENT="för"/><SP WIDTH="15" VPOS="381" HPOS="751"/>
							<String ID="string_54" HPOS="766" VPOS="381" WIDTH="173" HEIGHT="28" WC="0.91" CONTENT="uppbördsmäns"/>
						</TextLine>
						<TextLine ID="line_7" HPOS="187" VPOS="415" WIDTH="752" HEIGHT="28">
							<String ID="string_55" HPOS="187" VPOS="416" WIDTH="76" HEIGHT="21" WC="0.96" CONTENT="balans"/><SP WIDTH="22" VPOS="416" HPOS="263"/>
							<String ID="string_56" HPOS="285" VPOS="417" WIDTH="43" HEIGHT="20" WC="0.93" CONTENT="kan"/><SP WIDTH="18" VPOS="417" HPOS="328"/>
							<String ID="string_57" HPOS="346" VPOS="416" WIDTH="18" HEIGHT="27" WC="0.95" CONTENT="ej"/><SP WIDTH="20" VPOS="416" HPOS="364"/>
							<String ID="string_58" HPOS="384" VPOS="416" WIDTH="66" HEIGHT="21" WC="0.96" CONTENT="heller"/><SP WIDTH="18" VPOS="416" HPOS="450"/>
							<String ID="string_59" HPOS="468" VPOS="418" WIDTH="53" HEIGHT="19" WC="0.93" CONTENT="utan"/><SP WIDTH="18" VPOS="418" HPOS="521"/>
							<String ID="string_60" HPOS="539" VPOS="415" WIDTH="55" HEIGHT="22" WC="0.92" CONTENT="väda"/><SP WIDTH="18" VPOS="415" HPOS="594"/>
							<String ID="string_61" HPOS="612" VPOS="416" WIDTH="128" HEIGHT="27" WC="0.91" CONTENT="eftergifvas,"/><SP WIDTH="19" VPOS="416" HPOS="740"/>
							<String ID="string_62" HPOS="759" VPOS="416" WIDTH="66" HEIGHT="21" WC="0.93" CONTENT="innan"/><SP WIDTH="20" VPOS="416" HPOS="825"/>
							<String ID="string_63" HPOS="845" VPOS="415" WIDTH="94" HEIGHT="22" WC="0.92" CONTENT="vilkoren"/>
						</TextLine>
						<TextLine ID="line_8" HPOS="188" VPOS="449" WIDTH="751" HEIGHT="28">
							<String ID="string_64" HPOS="188" VPOS="450" WIDTH="34" HEIGHT="22" WC="0.93" CONTENT="för"/><SP WIDTH="22" VPOS="450" HPOS="222"/>
							<String ID="string_65" HPOS="244" VPOS="449" WIDTH="82" HEIGHT="23" WC="0.91" CONTENT="sädana"/><SP WIDTH="20" VPOS="449" HPOS="326"/>
							<String ID="string_66" HPOS="346" VPOS="450" WIDTH="138" HEIGHT="27" WC="0.91" CONTENT="tjenstemäns"/><SP WIDTH="20" VPOS="450" HPOS="484"/>
							<String ID="string_67" HPOS="504" VPOS="450" WIDTH="121" HEIGHT="27" WC="0.93" CONTENT="antagande"/><SP WIDTH="16" VPOS="450" HPOS="625"/>
							<String ID="string_68" HPOS="641" VPOS="450" WIDTH="66" HEIGHT="27" WC="0.92" CONTENT="jemte"/><SP WIDTH="16" VPOS="450" HPOS="707"/>
							<String ID="string_69" HPOS="723" VPOS="450" WIDTH="68" HEIGHT="21" WC="0.93" CONTENT="andra"/><SP WIDTH="14" VPOS="450" HPOS="791"/>
							<String ID="string_70" HPOS="805" VPOS="450" WIDTH="134" HEIGHT="27" WC="0.92" CONTENT="stadganden"/>
						</TextLine>
						<TextLine ID="line_9" HPOS="188" VPOS="484" WIDTH="750" HEIGHT="28">
							<String ID="string_71" HPOS="188" VPOS="491" WIDTH="34" HEIGHT="15" WC="0.92" CONTENT="om"/><SP WIDTH="22" VPOS="491" HPOS="222"/>
							<String ID="string_72" HPOS="244" VPOS="484" WIDTH="213" HEIGHT="27" WC="0.73" CONTENT="uppbördsväsendet"/><SP WIDTH="22" VPOS="484" HPOS="457"/>
							<String ID="string_73" HPOS="479" VPOS="484" WIDTH="128" HEIGHT="21" WC="0.96" CONTENT="förändrats."/><SP WIDTH="30" VPOS="484" HPOS="607"/>
							<String ID="string_74" HPOS="637" VPOS="484" WIDTH="69" HEIGHT="21" WC="0.92" CONTENT="Bland"/><SP WIDTH="18" VPOS="484" HPOS="706"/>
							<String ID="string_75" HPOS="724" VPOS="484" WIDTH="148" HEIGHT="28" WC="0.88" CONTENT="inteckningar"/><SP WIDTH="18" VPOS="484" HPOS="872"/>
							<String ID="string_76" HPOS="890" VPOS="485" WIDTH="48" HEIGHT="20" WC="0.92" CONTENT="räk-"/>
						</TextLine>
						<TextLine ID="line_10" HPOS="188" VPOS="518" WIDTH="751" HEIGHT="28">
							<String ID="string_77" HPOS="188" VPOS="525" WIDTH="38" HEIGHT="15" WC="0.95" CONTENT="nas"/><SP WIDTH="24" VPOS="525" HPOS="226"/>
							<String ID="string_78" HPOS="250" VPOS="519" WIDTH="62" HEIGHT="21" WC="0.93" CONTENT="deras"/><SP WIDTH="21" VPOS="519" HPOS="312"/>
							<String ID="string_79" HPOS="333" VPOS="518" WIDTH="99" HEIGHT="21" WC="0.90" CONTENT="inbördes"/><SP WIDTH="22" VPOS="518" HPOS="432"/>
							<String ID="string_80" HPOS="454" VPOS="519" WIDTH="108" HEIGHT="21" WC="0.92" CONTENT="företräde"/><SP WIDTH="18" VPOS="519" HPOS="562"/>
							<String ID="string_81" HPOS="580" VPOS="518" WIDTH="49" HEIGHT="21" WC="0.92" CONTENT="frän"/><SP WIDTH="20" VPOS="518" HPOS="629"/>
							<String ID="string_82" HPOS="649" VPOS="519" WIDTH="39" HEIGHT="20" WC="0.96" CONTENT="den"/><SP WIDTH="20" VPOS="519" HPOS="688"/>
							<String ID="string_83" HPOS="708" VPOS="519" WIDTH="47" HEIGHT="27" WC="0.93" CONTENT="dag,"/><SP WIDTH="16" VPOS="519" HPOS="755"/>
							<String ID="string_84" HPOS="771" VPOS="519" WIDTH="74" HEIGHT="27" WC="0.93" CONTENT="hvarje"/><SP WIDTH="14" VPOS="519" HPOS="845"/>
							<String ID="string_85" HPOS="859" VPOS="519" WIDTH="80" HEIGHT="21" WC="0.92" CONTENT="inteck-"/>
						</TextLine>
						<TextLine ID="line_11" HPOS="188" VPOS="553" WIDTH="751" HEIGHT="28">
							<String ID="string_86" HPOS="188" VPOS="553" WIDTH="63" HEIGHT="28" WC="0.89" CONTENT="nings"/><SP WIDTH="15" VPOS="553" HPOS="251"/>
							<String ID="string_87" HPOS="266" VPOS="553" WIDTH="98" HEIGHT="27" WC="0.91" CONTENT="giltighet"/><SP WIDTH="14" VPOS="553" HPOS="364"/>
							<String ID="string_88" HPOS="378" VPOS="553" WIDTH="90" HEIGHT="27" WC="0.93" CONTENT="vidtagit"/><SP WIDTH="16" VPOS="553" HPOS="468"/>
							<String ID="string_89" HPOS="484" VPOS="553" WIDTH="20" HEIGHT="28" WC="0.93" CONTENT="($"/><SP WIDTH="18" VPOS="553" HPOS="504"/>
							<String ID="string_90" HPOS="522" VPOS="554" WIDTH="41" HEIGHT="27" WC="0.96" CONTENT="11),"/><SP WIDTH="16" VPOS="554" HPOS="563"/>
							<String ID="string_91" HPOS="579" VPOS="553" WIDTH="49" HEIGHT="21" WC="0.93" CONTENT="med"/><SP WIDTH="15" VPOS="553" HPOS="628"/>
							<String ID="string_92" HPOS="643" VPOS="553" WIDTH="110" HEIGHT="27" WC="0.93" CONTENT="undantag"/><SP WIDTH="15" VPOS="553" HPOS="753"/>
							<String ID="string_93" HPOS="768" VPOS="553" WIDTH="24" HEIGHT="21" WC="0.93" CONTENT="af"/><SP WIDTH="9" VPOS="553" HPOS="792"/>
							<String ID="string_94" HPOS="801" VPOS="553" WIDTH="86" HEIGHT="21" WC="0.91" CONTENT="obetald"/><SP WIDTH="12" VPOS="553" HPOS="887"/>
							<String ID="string_95" HPOS="899" VPOS="553" WIDTH="40" HEIGHT="22" WC="0.97" CONTENT="och"/>
						</TextLine>
						<TextLine ID="line_12" HPOS="188" VPOS="587" WIDTH="751" HEIGHT="28">
							<String ID="string_96" HPOS="188" VPOS="587" WIDTH="68" HEIGHT="21" WC="0.93" CONTENT="under"/><SP WIDTH="22" VPOS="587" HPOS="256"/>
							<String ID="string_97" HPOS="278" VPOS="587" WIDTH="150" HEIGHT="28" WC="0.92" CONTENT="lagfartstiden"/><SP WIDTH="21" VPOS="587" HPOS="428"/>
							<String ID="string_98" HPOS="449" VPOS="587" WIDTH="114" HEIGHT="21" WC="0.70" CONTENT="intecknad"/><SP WIDTH="21" VPOS="587" HPOS="563"/>
							<String ID="string_99" HPOS="584" VPOS="587" WIDTH="147" HEIGHT="27" WC="0.93" CONTENT="köpeskilling,"/><SP WIDTH="24" VPOS="587" HPOS="731"/>
							<String ID="string_100" HPOS="755" VPOS="594" WIDTH="44" HEIGHT="15" WC="0.96" CONTENT="som"/><SP WIDTH="20" VPOS="594" HPOS="799"/>
							<String ID="string_101" HPOS="819" VPOS="587" WIDTH="66" HEIGHT="28" WC="0.95" CONTENT="enligt"/><SP WIDTH="19" VPOS="587" HPOS="885"/>
							<String ID="string_102" HPOS="904" VPOS="589" WIDTH="7" HEIGHT="19" WC="0.91" CONTENT="2"/><SP WIDTH="17" VPOS="589" HPOS="911"/>
							<String ID="string_103" HPOS="928" VPOS="587" WIDTH="11" HEIGHT="28" WC="0.91" CONTENT="$"/>
						</TextLine>
						<TextLine ID="line_13" HPOS="190" VPOS="621" WIDTH="753" HEIGHT="28">
							<String ID="string_104" HPOS="190" VPOS="622" WIDTH="24" HEIGHT="20" WC="0.96" CONTENT="11"/><SP WIDTH="24" VPOS="622" HPOS="214"/>
							<String ID="string_105" HPOS="238" VPOS="621" WIDTH="49" HEIGHT="27" WC="0.93" CONTENT="kap."/><SP WIDTH="23" VPOS="621" HPOS="287"/>
							<String ID="string_106" HPOS="310" VPOS="621" WIDTH="145" HEIGHT="21" WC="0.95" CONTENT="Jordabalken"/><SP WIDTH="22" VPOS="621" HPOS="455"/>
							<String ID="string_107" HPOS="477" VPOS="621" WIDTH="71" HEIGHT="28" WC="0.96" CONTENT="njuter"/><SP WIDTH="22" VPOS="621" HPOS="548"/>
							<String ID="string_108" HPOS="570" VPOS="621" WIDTH="71" HEIGHT="22" WC="0.96" CONTENT="bättre"/><SP WIDTH="17" VPOS="621" HPOS="641"/>
							<String ID="string_109" HPOS="658" VPOS="623" WIDTH="45" HEIGHT="19" WC="0.93" CONTENT="rätt"/><SP WIDTH="18" VPOS="623" HPOS="703"/>
							<String ID="string_110" HPOS="721" VPOS="622" WIDTH="21" HEIGHT="27" WC="0.63" CONTENT="($"/><SP WIDTH="16" VPOS="622" HPOS="742"/>
							<String ID="string_111" HPOS="758" VPOS="622" WIDTH="29" HEIGHT="27" WC="0.93" CONTENT="9)."/><SP WIDTH="30" VPOS="622" HPOS="787"/>
							<String ID="string_112" HPOS="817" VPOS="621" WIDTH="85" HEIGHT="22" WC="0.96" CONTENT="Verkan"/><SP WIDTH="16" VPOS="621" HPOS="902"/>
							<String ID="string_113" HPOS="918" VPOS="621" WIDTH="25" HEIGHT="22" WC="0.96" CONTENT="af"/>
						</TextLine>
						<TextLine ID="line_14" HPOS="188" VPOS="655" WIDTH="751" HEIGHT="28">
							<String ID="string_114" HPOS="188" VPOS="655" WIDTH="48" HEIGHT="22" WC="0.90" CONTENT="sökt"/><SP WIDTH="14" VPOS="655" HPOS="236"/>
							<String ID="string_115" HPOS="250" VPOS="655" WIDTH="129" HEIGHT="28" WC="0.91" CONTENT="inteckning,"/><SP WIDTH="16" VPOS="655" HPOS="379"/>
							<String ID="string_116" HPOS="395" VPOS="655" WIDTH="35" HEIGHT="22" WC="0.93" CONTENT="vid"/><SP WIDTH="14" VPOS="655" HPOS="430"/>
							<String ID="string_117" HPOS="444" VPOS="655" WIDTH="99" HEIGHT="22" WC="0.92" CONTENT="kollision"/><SP WIDTH="16" VPOS="655" HPOS="543"/>
							<String ID="string_118" HPOS="559" VPOS="655" WIDTH="48" HEIGHT="22" WC="0.93" CONTENT="med"/><SP WIDTH="15" VPOS="655" HPOS="607"/>
							<String ID="string_119" HPOS="622" VPOS="655" WIDTH="101" HEIGHT="22" WC="0.92" CONTENT="inträffad"/><SP WIDTH="12" VPOS="655" HPOS="723"/>
							<String ID="string_120" HPOS="735" VPOS="656" WIDTH="93" HEIGHT="21" WC="0.96" CONTENT="konkurs"/><SP WIDTH="14" VPOS="656" HPOS="828"/>
							<String ID="string_121" HPOS="842" VPOS="656" WIDTH="51" HEIGHT="21" WC="0.93" CONTENT="eller"/><SP WIDTH="10" VPOS="656" HPOS="893"/>
							<String ID="string_122" HPOS="903" VPOS="663" WIDTH="36" HEIGHT="14" WC="0.92" CONTENT="ur-"/>
						</TextLine>
						<TextLine ID="line_15" HPOS="188" VPOS="689" WIDTH="749" HEIGHT="30">
							<String ID="string_123" HPOS="188" VPOS="689" WIDTH="149" HEIGHT="28" WC="0.92" CONTENT="arfvagörelse,"/><SP WIDTH="20" VPOS="689" HPOS="337"/>
							<String ID="string_124" HPOS="357" VPOS="691" WIDTH="24" HEIGHT="20" WC="0.96" CONTENT="är"/><SP WIDTH="18" VPOS="691" HPOS="381"/>
							<String ID="string_125" HPOS="399" VPOS="689" WIDTH="33" HEIGHT="22" WC="0.93" CONTENT="för"/><SP WIDTH="16" VPOS="689" HPOS="432"/>
							<String ID="string_126" HPOS="448" VPOS="690" WIDTH="115" HEIGHT="21" WC="0.92" CONTENT="särskildta"/><SP WIDTH="14" VPOS="690" HPOS="563"/>
							<String ID="string_127" HPOS="577" VPOS="690" WIDTH="38" HEIGHT="21" WC="0.93" CONTENT="fall"/><SP WIDTH="14" VPOS="690" HPOS="615"/>
							<String ID="string_128" HPOS="629" VPOS="692" WIDTH="100" HEIGHT="19" WC="0.96" CONTENT="närmare"/><SP WIDTH="14" VPOS="692" HPOS="729"/>
							<String ID="string_129" HPOS="743" VPOS="690" WIDTH="98" HEIGHT="22" WC="0.95" CONTENT="bestämd"/><SP WIDTH="16" VPOS="690" HPOS="841"/>
							<String ID="string_130" HPOS="857" VPOS="691" WIDTH="21" HEIGHT="28" WC="0.51" CONTENT="(8"/><SP WIDTH="17" VPOS="691" HPOS="878"/>
							<String ID="string_131" HPOS="895" VPOS="691" WIDTH="42" HEIGHT="28" WC="0.96" CONTENT="12)."/>
						</TextLine>
						<TextLine ID="line_16" HPOS="188" VPOS="724" WIDTH="751" HEIGHT="29">
							<String ID="string_132" HPOS="188" VPOS="724" WIDTH="145" HEIGHT="22" WC="0.93" CONTENT="Prioriterade"/><SP WIDTH="22" VPOS="724" HPOS="333"/>
							<String ID="string_133" HPOS="355" VPOS="724" WIDTH="182" HEIGHT="28" WC="0.92" CONTENT="fordringsegares"/><SP WIDTH="22" VPOS="724" HPOS="537"/>
							<String ID="string_134" HPOS="559" VPOS="726" WIDTH="44" HEIGHT="20" WC="0.96" CONTENT="rätt"/><SP WIDTH="22" VPOS="726" HPOS="603"/>
							<String ID="string_135" HPOS="625" VPOS="725" WIDTH="32" HEIGHT="20" WC="0.96" CONTENT="till"/><SP WIDTH="19" VPOS="725" HPOS="657"/>
							<String ID="string_136" HPOS="676" VPOS="725" WIDTH="110" HEIGHT="27" WC="0.96" CONTENT="betalning"/><SP WIDTH="15" VPOS="725" HPOS="786"/>
							<String ID="string_137" HPOS="801" VPOS="726" WIDTH="25" HEIGHT="21" WC="0.96" CONTENT="är"/><SP WIDTH="14" VPOS="726" HPOS="826"/>
							<String ID="string_138" HPOS="840" VPOS="725" WIDTH="99" HEIGHT="28" WC="0.96" CONTENT="reglerad"/>
						</TextLine>
						<TextLine ID="line_17" HPOS="188" VPOS="758" WIDTH="751" HEIGHT="29">
							<String ID="string_139" HPOS="188" VPOS="759" WIDTH="49" HEIGHT="21" WC="0.93" CONTENT="dem"/><SP WIDTH="15" VPOS="759" HPOS="237"/>
							<String ID="string_140" HPOS="252" VPOS="759" WIDTH="90" HEIGHT="21" WC="0.92" CONTENT="emellan"/><SP WIDTH="15" VPOS="759" HPOS="342"/>
							<String ID="string_141" HPOS="357" VPOS="758" WIDTH="97" HEIGHT="26" WC="0.92" CONTENT="sälunda,"/><SP WIDTH="16" VPOS="758" HPOS="454"/>
							<String ID="string_142" HPOS="470" VPOS="761" WIDTH="33" HEIGHT="19" WC="0.96" CONTENT="att"/><SP WIDTH="12" VPOS="761" HPOS="503"/>
							<String ID="string_143" HPOS="515" VPOS="759" WIDTH="61" HEIGHT="21" WC="0.96" CONTENT="deras"/><SP WIDTH="11" VPOS="759" HPOS="576"/>
							<String ID="string_144" HPOS="587" VPOS="759" WIDTH="126" HEIGHT="28" WC="0.96" CONTENT="rättigheter"/><SP WIDTH="11" VPOS="759" HPOS="713"/>
							<String ID="string_145" HPOS="724" VPOS="759" WIDTH="8" HEIGHT="20" WC="0.93" CONTENT="i"/><SP WIDTH="11" VPOS="759" HPOS="732"/>
							<String ID="string_146" HPOS="743" VPOS="759" WIDTH="119" HEIGHT="28" WC="0.93" CONTENT="möjligaste"/><SP WIDTH="11" VPOS="759" HPOS="862"/>
							<String ID="string_147" HPOS="873" VPOS="760" WIDTH="66" HEIGHT="21" WC="0.93" CONTENT="mätto"/>
						</TextLine>
						<TextLine ID="line_18" HPOS="189" VPOS="792" WIDTH="752" HEIGHT="30">
							<String ID="string_148" HPOS="189" VPOS="793" WIDTH="73" HEIGHT="22" WC="0.93" CONTENT="kunna"/><SP WIDTH="15" VPOS="793" HPOS="262"/>
							<String ID="string_149" HPOS="277" VPOS="793" WIDTH="66" HEIGHT="27" WC="0.96" CONTENT="jemte"/><SP WIDTH="18" VPOS="793" HPOS="343"/>
							<String ID="string_150" HPOS="361" VPOS="793" WIDTH="122" HEIGHT="22" WC="0.93" CONTENT="hvarandra"/><SP WIDTH="15" VPOS="793" HPOS="483"/>
							<String ID="string_151" HPOS="498" VPOS="801" WIDTH="40" HEIGHT="20" WC="0.92" CONTENT="ega"/><SP WIDTH="14" VPOS="801" HPOS="538"/>
							<String ID="string_152" HPOS="552" VPOS="792" WIDTH="90" HEIGHT="23" WC="0.96" CONTENT="bestånd"/><SP WIDTH="15" VPOS="792" HPOS="642"/>
							<String ID="string_153" HPOS="657" VPOS="794" WIDTH="34" HEIGHT="27" WC="0.81" CONTENT="(88"/><SP WIDTH="17" VPOS="794" HPOS="691"/>
							<String ID="string_154" HPOS="708" VPOS="794" WIDTH="33" HEIGHT="25" WC="0.96" CONTENT="15,"/><SP WIDTH="17" VPOS="794" HPOS="741"/>
							<String ID="string_155" HPOS="758" VPOS="795" WIDTH="33" HEIGHT="24" WC="0.95" CONTENT="16,"/><SP WIDTH="17" VPOS="795" HPOS="791"/>
							<String ID="string_156" HPOS="808" VPOS="794" WIDTH="45" HEIGHT="28" WC="0.93" CONTENT="17);"/><SP WIDTH="16" VPOS="794" HPOS="853"/>
							<String ID="string_157" HPOS="869" VPOS="793" WIDTH="72" HEIGHT="22" WC="0.92" CONTENT="äfven-"/>
						</TextLine>
						<TextLine ID="line_19" HPOS="188" VPOS="827" WIDTH="752" HEIGHT="29">
							<String ID="string_158" HPOS="188" VPOS="835" WIDTH="47" HEIGHT="14" WC="0.92" CONTENT="som"/><SP WIDTH="15" VPOS="835" HPOS="235"/>
							<String ID="string_159" HPOS="250" VPOS="827" WIDTH="121" HEIGHT="28" WC="0.56" CONTENT="grunderne"/><SP WIDTH="15" VPOS="827" HPOS="371"/>
							<String ID="string_160" HPOS="386" VPOS="827" WIDTH="34" HEIGHT="21" WC="0.93" CONTENT="för"/><SP WIDTH="14" VPOS="827" HPOS="420"/>
							<String ID="string_161" HPOS="434" VPOS="829" WIDTH="74" HEIGHT="20" WC="0.91" CONTENT="räntas"/><SP WIDTH="15" VPOS="829" HPOS="508"/>
							<String ID="string_162" HPOS="523" VPOS="828" WIDTH="118" HEIGHT="27" WC="0.96" CONTENT="beräkning"/><SP WIDTH="15" VPOS="828" HPOS="641"/>
							<String ID="string_163" HPOS="656" VPOS="829" WIDTH="37" HEIGHT="20" WC="0.96" CONTENT="äro"/><SP WIDTH="15" VPOS="829" HPOS="693"/>
							<String ID="string_164" HPOS="708" VPOS="829" WIDTH="80" HEIGHT="20" WC="0.96" CONTENT="utsatte"/><SP WIDTH="15" VPOS="829" HPOS="788"/>
							<String ID="string_165" HPOS="803" VPOS="828" WIDTH="33" HEIGHT="28" WC="0.91" CONTENT="($$"/><SP WIDTH="16" VPOS="828" HPOS="836"/>
							<String ID="string_166" HPOS="852" VPOS="829" WIDTH="32" HEIGHT="25" WC="0.96" CONTENT="14,"/><SP WIDTH="13" VPOS="829" HPOS="884"/>
							<String ID="string_167" HPOS="897" VPOS="829" WIDTH="43" HEIGHT="27" WC="0.96" CONTENT="18),"/>
						</TextLine>
						<TextLine ID="line_20" HPOS="189" VPOS="861" WIDTH="752" HEIGHT="28">
							<String ID="string_168" HPOS="189" VPOS="861" WIDTH="89" HEIGHT="22" WC="0.96" CONTENT="hvarvid"/><SP WIDTH="15" VPOS="861" HPOS="278"/>
							<String ID="string_169" HPOS="293" VPOS="861" WIDTH="54" HEIGHT="21" WC="0.93" CONTENT="dock"/><SP WIDTH="14" VPOS="861" HPOS="347"/>
							<String ID="string_170" HPOS="361" VPOS="861" WIDTH="126" HEIGHT="22" WC="0.86" CONTENT="straffränta"/><SP WIDTH="14" VPOS="861" HPOS="487"/>
							<String ID="string_171" HPOS="501" VPOS="862" WIDTH="70" HEIGHT="21" WC="0.96" CONTENT="blifvit"/><SP WIDTH="14" VPOS="862" HPOS="571"/>
							<String ID="string_172" HPOS="585" VPOS="862" WIDTH="34" HEIGHT="21" WC="0.93" CONTENT="för"/><SP WIDTH="14" VPOS="862" HPOS="619"/>
							<String ID="string_173" HPOS="633" VPOS="862" WIDTH="135" HEIGHT="27" WC="0.91" CONTENT="billighetens"/><SP WIDTH="12" VPOS="862" HPOS="768"/>
							<String ID="string_174" HPOS="780" VPOS="862" WIDTH="55" HEIGHT="21" WC="0.93" CONTENT="skull"/><SP WIDTH="11" VPOS="862" HPOS="835"/>
							<String ID="string_175" HPOS="846" VPOS="861" WIDTH="95" HEIGHT="23" WC="0.96" CONTENT="likställd"/>
						</TextLine>
						<TextLine ID="line_21" HPOS="189" VPOS="896" WIDTH="220" HEIGHT="27">
							<String ID="string_176" HPOS="189" VPOS="896" WIDTH="49" HEIGHT="21" WC="0.93" CONTENT="med"/><SP WIDTH="14" VPOS="896" HPOS="238"/>
							<String ID="string_177" HPOS="252" VPOS="896" WIDTH="63" HEIGHT="21" WC="0.93" CONTENT="böter"/><SP WIDTH="14" VPOS="896" HPOS="315"/>
							<String ID="string_178" HPOS="329" VPOS="896" WIDTH="21" HEIGHT="27" WC="0.78" CONTENT="($"/><SP WIDTH="17" VPOS="896" HPOS="350"/>
							<String ID="string_179" HPOS="367" VPOS="896" WIDTH="42" HEIGHT="27" WC="0.96" CONTENT="19)."/>
						</TextLine>
					</TextBlock>
					<TextBlock ID="block_2" HPOS="190" VPOS="930" WIDTH="751" HEIGHT="131">
						<TextLine ID="line_22" HPOS="258" VPOS="930" WIDTH="683" HEIGHT="29">
							<String ID="string_180" HPOS="258" VPOS="930" WIDTH="32" HEIGHT="21" WC="0.93" CONTENT="De"/><SP WIDTH="14" VPOS="930" HPOS="290"/>
							<String ID="string_181" HPOS="304" VPOS="930" WIDTH="116" HEIGHT="22" WC="0.85" CONTENT="särskildta"/><SP WIDTH="10" VPOS="930" HPOS="420"/>
							<String ID="string_182" HPOS="430" VPOS="930" WIDTH="225" HEIGHT="28" WC="0.87" CONTENT="författningsförslag,"/><SP WIDTH="13" VPOS="930" HPOS="655"/>
							<String ID="string_183" HPOS="668" VPOS="938" WIDTH="45" HEIGHT="14" WC="0.96" CONTENT="som"/><SP WIDTH="11" VPOS="938" HPOS="713"/>
							<String ID="string_184" HPOS="724" VPOS="931" WIDTH="67" HEIGHT="28" WC="0.93" CONTENT="enligt"/><SP WIDTH="10" VPOS="931" HPOS="791"/>
							<String ID="string_185" HPOS="801" VPOS="931" WIDTH="63" HEIGHT="21" WC="0.93" CONTENT="ofvan"/><SP WIDTH="12" VPOS="931" HPOS="864"/>
							<String ID="string_186" HPOS="876" VPOS="930" WIDTH="65" HEIGHT="23" WC="0.93" CONTENT="fram-"/>
						</TextLine>
						<TextLine ID="line_23" HPOS="191" VPOS="964" WIDTH="750" HEIGHT="29">
							<String ID="string_187" HPOS="191" VPOS="964" WIDTH="78" HEIGHT="22" WC="0.96" CONTENT="ställda"/><SP WIDTH="18" VPOS="964" HPOS="269"/>
							<String ID="string_188" HPOS="287" VPOS="964" WIDTH="93" HEIGHT="28" WC="0.93" CONTENT="grunder"/><SP WIDTH="18" VPOS="964" HPOS="380"/>
							<String ID="string_189" HPOS="398" VPOS="965" WIDTH="69" HEIGHT="21" WC="0.95" CONTENT="blifvit"/><SP WIDTH="17" VPOS="965" HPOS="467"/>
							<String ID="string_190" HPOS="484" VPOS="965" WIDTH="128" HEIGHT="28" WC="0.92" CONTENT="uppgjorde,"/><SP WIDTH="19" VPOS="965" HPOS="612"/>
							<String ID="string_191" HPOS="631" VPOS="965" WIDTH="67" HEIGHT="21" WC="0.92" CONTENT="varda"/><SP WIDTH="12" VPOS="965" HPOS="698"/>
							<String ID="string_192" HPOS="710" VPOS="965" WIDTH="85" HEIGHT="28" WC="0.93" CONTENT="jemlikt"/><SP WIDTH="14" VPOS="965" HPOS="795"/>
							<String ID="string_193" HPOS="809" VPOS="967" WIDTH="27" HEIGHT="19" WC="0.93" CONTENT="42"/><SP WIDTH="17" VPOS="967" HPOS="836"/>
							<String ID="string_194" HPOS="853" VPOS="966" WIDTH="11" HEIGHT="27" WC="0.84" CONTENT="&amp;"/><SP WIDTH="15" VPOS="966" HPOS="864"/>
							<String ID="string_195" HPOS="879" VPOS="966" WIDTH="8" HEIGHT="20" WC="0.93" CONTENT="i"/><SP WIDTH="14" VPOS="966" HPOS="887"/>
							<String ID="string_196" HPOS="901" VPOS="966" WIDTH="40" HEIGHT="21" WC="0.93" CONTENT="Re-"/>
						</TextLine>
						<TextLine ID="line_24" HPOS="190" VPOS="999" WIDTH="750" HEIGHT="29">
							<String ID="string_197" HPOS="190" VPOS="999" WIDTH="170" HEIGHT="27" WC="0.91" CONTENT="geringsformen"/><SP WIDTH="18" VPOS="999" HPOS="360"/>
							<String ID="string_198" HPOS="378" VPOS="999" WIDTH="24" HEIGHT="22" WC="0.96" CONTENT="af"/><SP WIDTH="17" VPOS="999" HPOS="402"/>
							<String ID="string_199" HPOS="419" VPOS="1000" WIDTH="40" HEIGHT="21" WC="0.96" CONTENT="den"/><SP WIDTH="19" VPOS="1000" HPOS="459"/>
							<String ID="string_200" HPOS="478" VPOS="1001" WIDTH="25" HEIGHT="20" WC="0.96" CONTENT="21"/><SP WIDTH="20" VPOS="1001" HPOS="503"/>
							<String ID="string_201" HPOS="523" VPOS="1000" WIDTH="91" HEIGHT="28" WC="0.96" CONTENT="Augusti"/><SP WIDTH="20" VPOS="1000" HPOS="614"/>
							<String ID="string_202" HPOS="634" VPOS="1001" WIDTH="53" HEIGHT="20" WC="0.96" CONTENT="1772"/><SP WIDTH="20" VPOS="1001" HPOS="687"/>
							<String ID="string_203" HPOS="707" VPOS="1000" WIDTH="33" HEIGHT="21" WC="0.93" CONTENT="till"/><SP WIDTH="18" VPOS="1000" HPOS="740"/>
							<String ID="string_204" HPOS="758" VPOS="999" WIDTH="131" HEIGHT="23" WC="0.92" CONTENT="Ständernas"/><SP WIDTH="15" VPOS="999" HPOS="889"/>
							<String ID="string_205" HPOS="904" VPOS="1000" WIDTH="36" HEIGHT="22" WC="0.86" CONTENT="be-"/>
						</TextLine>
						<TextLine ID="line_25" HPOS="191" VPOS="1033" WIDTH="280" HEIGHT="28">
							<String ID="string_206" HPOS="191" VPOS="1033" WIDTH="103" HEIGHT="28" WC="0.92" CONTENT="handling"/><SP WIDTH="15" VPOS="1033" HPOS="294"/>
							<String ID="string_207" HPOS="309" VPOS="1033" WIDTH="162" HEIGHT="22" WC="0.92" CONTENT="öfverlemnade."/>
						</TextLine>
					</TextBlock>
				</ComposedBlock>
				<ComposedBlock ID="cblock_2" HPOS="328" VPOS="1085" WIDTH="614" HEIGHT="90">
					<TextBlock ID="block_3" HPOS="328" VPOS="1085" WIDTH="614" HEIGHT="90">
						<TextLine ID="line_26" HPOS="382" VPOS="1085" WIDTH="560" HEIGHT="28">
							<String ID="string_208" HPOS="382" VPOS="1085" WIDTH="74" HEIGHT="28" WC="0.96" CONTENT="Enligt"/><SP WIDTH="17" VPOS="1085" HPOS="456"/>
							<String ID="string_209" HPOS="473" VPOS="1085" WIDTH="60" HEIGHT="22" WC="0.93" CONTENT="Hans"/><SP WIDTH="15" VPOS="1085" HPOS="533"/>
							<String ID="string_210" HPOS="548" VPOS="1085" WIDTH="119" HEIGHT="28" WC="0.90" CONTENT="Kejserliga"/><SP WIDTH="14" VPOS="1085" HPOS="667"/>
							<String ID="string_211" HPOS="681" VPOS="1086" WIDTH="112" HEIGHT="27" WC="0.92" CONTENT="Majestäts"/><SP WIDTH="14" VPOS="1086" HPOS="793"/>
							<String ID="string_212" HPOS="807" VPOS="1085" WIDTH="85" HEIGHT="28" WC="0.92" CONTENT="Nädiga"/><SP WIDTH="14" VPOS="1085" HPOS="892"/>
							<String ID="string_213" HPOS="906" VPOS="1086" WIDTH="36" HEIGHT="22" WC="0.92" CONTENT="be-"/>
						</TextLine>
						<TextLine ID="line_27" HPOS="328" VPOS="1118" WIDTH="613" HEIGHT="30">
							<String ID="string_214" HPOS="328" VPOS="1118" WIDTH="96" HEIGHT="28" WC="0.91" CONTENT="fallning,"/><SP WIDTH="20" VPOS="1118" HPOS="424"/>
							<String ID="string_215" HPOS="444" VPOS="1119" WIDTH="69" HEIGHT="28" WC="0.92" CONTENT="gifven"/><SP WIDTH="18" VPOS="1119" HPOS="513"/>
							<String ID="string_216" HPOS="531" VPOS="1120" WIDTH="8" HEIGHT="20" WC="0.96" CONTENT="i"/><SP WIDTH="19" VPOS="1120" HPOS="539"/>
							<String ID="string_217" HPOS="558" VPOS="1120" WIDTH="32" HEIGHT="21" WC="0.96" CONTENT="S:t"/><SP WIDTH="18" VPOS="1120" HPOS="590"/>
							<String ID="string_218" HPOS="608" VPOS="1120" WIDTH="129" HEIGHT="27" WC="0.96" CONTENT="Petersburg"/><SP WIDTH="20" VPOS="1120" HPOS="737"/>
							<String ID="string_219" HPOS="757" VPOS="1119" WIDTH="40" HEIGHT="22" WC="0.95" CONTENT="den"/><SP WIDTH="16" VPOS="1119" HPOS="797"/>
							<String ID="string_220" HPOS="813" VPOS="1121" WIDTH="12" HEIGHT="19" WC="0.96" CONTENT="9"/><SP WIDTH="16" VPOS="1121" HPOS="825"/>
							<String ID="string_221" HPOS="841" VPOS="1120" WIDTH="46" HEIGHT="28" WC="0.93" CONTENT="(21)"/><SP WIDTH="15" VPOS="1120" HPOS="887"/>
							<String ID="string_222" HPOS="902" VPOS="1120" WIDTH="39" HEIGHT="21" WC="0.93" CONTENT="Fe-"/>
						</TextLine>
						<TextLine ID="line_28" HPOS="328" VPOS="1152" WIDTH="151" HEIGHT="23">
							<String ID="string_223" HPOS="328" VPOS="1152" WIDTH="73" HEIGHT="22" WC="0.91" CONTENT="bruari"/><SP WIDTH="17" VPOS="1152" HPOS="401"/>
							<String ID="string_224" HPOS="418" VPOS="1154" WIDTH="61" HEIGHT="21" WC="0.96" CONTENT="1867."/>
						</TextLine>
					</TextBlock>
				</ComposedBlock>
				<ComposedBlock ID="cblock_3" HPOS="473" VPOS="1217" WIDTH="192" HEIGHT="25">
					<TextBlock ID="block_4" HPOS="473" VPOS="1217" WIDTH="192" HEIGHT="25">
						<TextLine ID="line_29" HPOS="473" VPOS="1217" WIDTH="192" HEIGHT="25">
							<String ID="string_225" HPOS="473" VPOS="1217" WIDTH="66" HEIGHT="25" WC="0.96" CONTENT="Alex."/><SP WIDTH="17" VPOS="1217" HPOS="539"/>
							<String ID="string_226" HPOS="556" VPOS="1217" WIDTH="109" HEIGHT="25" WC="0.96" CONTENT="Armfelt."/>
						</TextLine>
					</TextBlock>
				</ComposedBlock>
				<ComposedBlock ID="cblock_4" HPOS="527" VPOS="1301" WIDTH="416" HEIGHT="21">
					<TextBlock ID="block_5" HPOS="527" VPOS="1301" WIDTH="416" HEIGHT="21">
						<TextLine ID="line_30" HPOS="527" VPOS="1301" WIDTH="416" HEIGHT="21">
							<String ID="string_227" HPOS="527" VPOS="1301" WIDTH="9" HEIGHT="17" WC="0.95" CONTENT="I"/><SP WIDTH="12" VPOS="1301" HPOS="536"/>
							<String ID="string_228" HPOS="548" VPOS="1302" WIDTH="63" HEIGHT="16" WC="0.93" CONTENT="Förste"/><SP WIDTH="12" VPOS="1302" HPOS="611"/>
							<String ID="string_229" HPOS="623" VPOS="1302" WIDTH="249" HEIGHT="20" WC="0.92" CONTENT="Expeditionssekreterarens"/><SP WIDTH="13" VPOS="1302" HPOS="872"/>
							<String ID="string_230" HPOS="885" VPOS="1302" WIDTH="58" HEIGHT="17" WC="0.95" CONTENT="ställe:"/>
						</TextLine>
					</TextBlock>
				</ComposedBlock>
				<ComposedBlock ID="cblock_5" HPOS="644" VPOS="1338" WIDTH="197" HEIGHT="20">
					<TextBlock ID="block_6" HPOS="644" VPOS="1338" WIDTH="197" HEIGHT="20">
						<TextLine ID="line_31" HPOS="644" VPOS="1338" WIDTH="197" HEIGHT="20">
							<String ID="string_231" HPOS="644" VPOS="1338" WIDTH="29" HEIGHT="19" WC="0.95" CONTENT="Ch."/><SP WIDTH="13" VPOS="1338" HPOS="673"/>
							<String ID="string_232" HPOS="686" VPOS="1338" WIDTH="37" HEIGHT="19" WC="0.91" CONTENT="Em."/><SP WIDTH="13" VPOS="1338" HPOS="723"/>
							<String ID="string_233" HPOS="736" VPOS="1338" WIDTH="105" HEIGHT="20" WC="0.90" CONTENT="Frosterus."/>
						</TextLine>
					</TextBlock>
				</ComposedBlock>
				<GraphicalElement ID="cblock_6" HPOS="984" VPOS="2" WIDTH="8" HEIGHT="669"></GraphicalElement >
			</PrintSpace>
		</Page>
	</Layout>
</alto>
