<?xml version="1.0" encoding="UTF-8"?>
<alto xmlns="http://www.loc.gov/standards/alto/ns-v3#" xmlns:xlink="http://www.w3.org/1999/xlink" xmlns:xsi="http://www.w3.org/2001/XMLSchema-instance" xsi:schemaLocation="http://www.loc.gov/standards/alto/ns-v3# http://www.loc.gov/alto/v3/alto-3-0.xsd">
	<Description>
		<MeasurementUnit>pixel</MeasurementUnit>
		<sourceImageInformation>
			<fileName>/tmp/tess_na2e8pvt_input.PNG</fileName>
		</sourceImageInformation>
		<OCRProcessing ID="OCR_0">
			<ocrProcessingStep>
				<processingSoftware>
					<softwareName>tesseract 5.3.4</softwareName>
				</processingSoftware>
			</ocrProcessingStep>
		</OCRProcessing>
	</Description>
	<Layout>
		<Page WIDTH="984" HEIGHT="1714" PHYSICAL_IMG_NR="0" ID="page_0">
			<PrintSpace HPOS="0" VPOS="0" WIDTH="984" HEIGHT="1714">
				<ComposedBlock ID="cblock_0" HPOS="260" VPOS="133" WIDTH="506" HEIGHT="24">
					<TextBlock ID="block_0" HPOS="260" VPOS="133" WIDTH="506" HEIGHT="24">
						<TextLine ID="line_0" HPOS="260" VPOS="133" WIDTH="506" HEIGHT="24">
							<String ID="string_0" HPOS="260" VPOS="133" WIDTH="72" HEIGHT="24" WC="0.92" CONTENT="Nådiga"/><SP WIDTH="12" VPOS="133" HPOS="332"/>
							<String ID="string_1" HPOS="344" VPOS="135" WIDTH="137" HEIGHT="22" WC="0.96" CONTENT="Propositionen"/><SP WIDTH="12" VPOS="135" HPOS="481"/>
							<String ID="string_2" HPOS="493" VPOS="136" WIDTH="34" HEIGHT="18" WC="0.95" CONTENT="N:o"/><SP WIDTH="14" VPOS="136" HPOS="527"/>
							<String ID="string_3" HPOS="541" VPOS="137" WIDTH="26" HEIGHT="16" WC="0.96" CONTENT="27."/><SP WIDTH="155" VPOS="137" HPOS="567"/>
							<String ID="string_4" HPOS="722" VPOS="137" WIDTH="44" HEIGHT="17" WC="0.96" CONTENT="1361"/>
						</TextLine>
					</TextBlock>
				</ComposedBlock>
				<ComposedBlock ID="cblock_1" HPOS="39" VPOS="195" WIDTH="752" HEIGHT="171">
					<TextBlock ID="block_1" HPOS="39" VPOS="195" WIDTH="752" HEIGHT="126">
						<TextLine ID="line_1" HPOS="108" VPOS="195" WIDTH="683" HEIGHT="34">
							<String ID="string_5" HPOS="108" VPOS="195" WIDTH="19" HEIGHT="24" WC="0.90" CONTENT="T&#39;"/><SP WIDTH="9" VPOS="195" HPOS="127"/>
							<String ID="string_6" HPOS="136" VPOS="197" WIDTH="49" HEIGHT="23" WC="0.93" CONTENT="stad"/><SP WIDTH="17" VPOS="197" HPOS="185"/>
							<String ID="string_7" HPOS="202" VPOS="198" WIDTH="56" HEIGHT="28" WC="0.92" CONTENT="gälle"/><SP WIDTH="19" VPOS="198" HPOS="258"/>
							<String ID="string_8" HPOS="277" VPOS="198" WIDTH="107" HEIGHT="23" WC="0.96" CONTENT="dessutom"/><SP WIDTH="19" VPOS="198" HPOS="384"/>
							<String ID="string_9" HPOS="403" VPOS="199" WIDTH="113" HEIGHT="22" WC="0.96" CONTENT="enahanda"/><SP WIDTH="17" VPOS="199" HPOS="516"/>
							<String ID="string_10" HPOS="533" VPOS="199" WIDTH="135" HEIGHT="28" WC="0.96" CONTENT="bestämning"/><SP WIDTH="13" VPOS="199" HPOS="668"/>
							<String ID="string_11" HPOS="681" VPOS="199" WIDTH="9" HEIGHT="22" WC="0.93" CONTENT="i"/><SP WIDTH="14" VPOS="199" HPOS="690"/>
							<String ID="string_12" HPOS="704" VPOS="199" WIDTH="87" HEIGHT="30" WC="0.93" CONTENT="hänsigt"/>
						</TextLine>
						<TextLine ID="line_2" HPOS="39" VPOS="231" WIDTH="751" HEIGHT="31">
							<String ID="string_13" HPOS="39" VPOS="231" WIDTH="34" HEIGHT="22" WC="0.96" CONTENT="till"/><SP WIDTH="18" VPOS="231" HPOS="73"/>
							<String ID="string_14" HPOS="91" VPOS="231" WIDTH="27" HEIGHT="22" WC="0.96" CONTENT="de"/><SP WIDTH="17" VPOS="231" HPOS="118"/>
							<String ID="string_15" HPOS="135" VPOS="231" WIDTH="133" HEIGHT="23" WC="0.93" CONTENT="föreskrifter"/><SP WIDTH="18" VPOS="231" HPOS="268"/>
							<String ID="string_16" HPOS="286" VPOS="239" WIDTH="52" HEIGHT="20" WC="0.93" CONTENT="&#39;som,"/><SP WIDTH="19" VPOS="239" HPOS="338"/>
							<String ID="string_17" HPOS="357" VPOS="233" WIDTH="133" HEIGHT="22" WC="0.93" CONTENT="beträffande"/><SP WIDTH="19" VPOS="233" HPOS="490"/>
							<String ID="string_18" HPOS="509" VPOS="233" WIDTH="78" HEIGHT="28" WC="0.91" CONTENT="skjuts-"/><SP WIDTH="15" VPOS="233" HPOS="587"/>
							<String ID="string_19" HPOS="602" VPOS="235" WIDTH="40" HEIGHT="21" WC="0.93" CONTENT="och"/><SP WIDTH="14" VPOS="235" HPOS="642"/>
							<String ID="string_20" HPOS="656" VPOS="234" WIDTH="134" HEIGHT="28" WC="0.92" CONTENT="gästgifveri-"/>
						</TextLine>
						<TextLine ID="line_3" HPOS="39" VPOS="264" WIDTH="751" HEIGHT="32">
							<String ID="string_21" HPOS="39" VPOS="264" WIDTH="129" HEIGHT="29" WC="0.96" CONTENT="hållningen,"/><SP WIDTH="16" VPOS="264" HPOS="168"/>
							<String ID="string_22" HPOS="184" VPOS="265" WIDTH="70" HEIGHT="22" WC="0.96" CONTENT="blifvit"/><SP WIDTH="14" VPOS="265" HPOS="254"/>
							<String ID="string_23" HPOS="268" VPOS="266" WIDTH="24" HEIGHT="21" WC="0.96" CONTENT="af"/><SP WIDTH="11" VPOS="266" HPOS="292"/>
							<String ID="string_24" HPOS="303" VPOS="267" WIDTH="161" HEIGHT="22" WC="0.96" CONTENT="vederbörande"/><SP WIDTH="14" VPOS="267" HPOS="464"/>
							<String ID="string_25" HPOS="478" VPOS="267" WIDTH="125" HEIGHT="29" WC="0.96" CONTENT="myndighet"/><SP WIDTH="10" VPOS="267" HPOS="603"/>
							<String ID="string_26" HPOS="613" VPOS="268" WIDTH="34" HEIGHT="22" WC="0.96" CONTENT="för"/><SP WIDTH="12" VPOS="268" HPOS="647"/>
							<String ID="string_27" HPOS="659" VPOS="268" WIDTH="75" HEIGHT="22" WC="0.93" CONTENT="staden"/><SP WIDTH="11" VPOS="268" HPOS="734"/>
							<String ID="string_28" HPOS="745" VPOS="270" WIDTH="45" HEIGHT="20" WC="0.93" CONTENT="sär-"/>
						</TextLine>
						<TextLine ID="line_4" HPOS="39" VPOS="299" WIDTH="205" HEIGHT="22">
							<String ID="string_29" HPOS="39" VPOS="299" WIDTH="65" HEIGHT="22" WC="0.92" CONTENT="skildt"/><SP WIDTH="14" VPOS="299" HPOS="104"/>
							<String ID="string_30" HPOS="118" VPOS="300" WIDTH="126" HEIGHT="21" WC="0.96" CONTENT="fastställde."/>
						</TextLine>
					</TextBlock>
					<TextBlock ID="block_2" HPOS="383" VPOS="339" WIDTH="61" HEIGHT="27">
						<TextLine ID="line_5" HPOS="383" VPOS="339" WIDTH="61" HEIGHT="27">
							<String ID="string_31" HPOS="383" VPOS="339" WIDTH="11" HEIGHT="27" WC="0.74" CONTENT="8"/><SP WIDTH="17" VPOS="339" HPOS="394"/>
							<String ID="string_32" HPOS="411" VPOS="339" WIDTH="33" HEIGHT="20" WC="0.96" CONTENT="36."/>
						</TextLine>
					</TextBlock>
				</ComposedBlock>
				<ComposedBlock ID="cblock_2" HPOS="107" VPOS="379" WIDTH="682" HEIGHT="31">
					<TextBlock ID="block_3" HPOS="107" VPOS="379" WIDTH="682" HEIGHT="31">
						<TextLine ID="line_6" HPOS="107" VPOS="379" WIDTH="682" HEIGHT="31">
							<String ID="string_33" HPOS="107" VPOS="379" WIDTH="78" HEIGHT="22" WC="0.95" CONTENT="Denna"/><SP WIDTH="7" VPOS="379" HPOS="185"/>
							<String ID="string_34" HPOS="192" VPOS="379" WIDTH="125" HEIGHT="30" WC="0.96" CONTENT="förordning"/><SP WIDTH="7" VPOS="379" HPOS="317"/>
							<String ID="string_35" HPOS="324" VPOS="381" WIDTH="74" HEIGHT="22" WC="0.96" CONTENT="träder"/><SP WIDTH="7" VPOS="381" HPOS="398"/>
							<String ID="string_36" HPOS="405" VPOS="381" WIDTH="7" HEIGHT="21" WC="0.96" CONTENT="i"/><SP WIDTH="8" VPOS="381" HPOS="412"/>
							<String ID="string_37" HPOS="420" VPOS="381" WIDTH="135" HEIGHT="22" WC="0.96" CONTENT="verksamhet"/><SP WIDTH="8" VPOS="381" HPOS="555"/>
							<String ID="string_38" HPOS="563" VPOS="381" WIDTH="41" HEIGHT="22" WC="0.96" CONTENT="den"/><SP WIDTH="9" VPOS="381" HPOS="604"/>
							<String ID="string_39" HPOS="613" VPOS="383" WIDTH="10" HEIGHT="20" WC="0.96" CONTENT="1"/><SP WIDTH="9" VPOS="383" HPOS="623"/>
							<String ID="string_40" HPOS="632" VPOS="381" WIDTH="90" HEIGHT="29" WC="0.96" CONTENT="Januari"/><SP WIDTH="9" VPOS="381" HPOS="722"/>
							<String ID="string_41" HPOS="731" VPOS="383" WIDTH="40" HEIGHT="20" WC="0.93" CONTENT="186"/><SP WIDTH="14" VPOS="383" HPOS="771"/>
							<String ID="string_42" HPOS="785" VPOS="399" WIDTH="4" HEIGHT="4" WC="0.93" CONTENT="."/>
						</TextLine>
					</TextBlock>
				</ComposedBlock>
				<ComposedBlock ID="cblock_3" HPOS="56" VPOS="549" WIDTH="707" HEIGHT="85">
					<TextBlock ID="block_4" HPOS="56" VPOS="549" WIDTH="707" HEIGHT="85">
						<TextLine ID="line_7" HPOS="56" VPOS="549" WIDTH="707" HEIGHT="37">
							<String ID="string_43" HPOS="56" VPOS="550" WIDTH="151" HEIGHT="35" WC="0.96" CONTENT="Förordning"/><SP WIDTH="17" VPOS="550" HPOS="207"/>
							<String ID="string_44" HPOS="224" VPOS="549" WIDTH="124" HEIGHT="35" WC="0.93" CONTENT="angående"/><SP WIDTH="16" VPOS="549" HPOS="348"/>
							<String ID="string_45" HPOS="364" VPOS="551" WIDTH="90" HEIGHT="33" WC="0.92" CONTENT="vägars"/><SP WIDTH="18" VPOS="551" HPOS="454"/>
							<String ID="string_46" HPOS="472" VPOS="551" WIDTH="45" HEIGHT="27" WC="0.93" CONTENT="och"/><SP WIDTH="16" VPOS="551" HPOS="517"/>
							<String ID="string_47" HPOS="533" VPOS="551" WIDTH="86" HEIGHT="28" WC="0.92" CONTENT="broars"/><SP WIDTH="16" VPOS="551" HPOS="619"/>
							<String ID="string_48" HPOS="635" VPOS="551" WIDTH="128" HEIGHT="35" WC="0.96" CONTENT="byggande"/>
						</TextLine>
						<TextLine ID="line_8" HPOS="242" VPOS="593" WIDTH="342" HEIGHT="41">
							<String ID="string_49" HPOS="242" VPOS="594" WIDTH="44" HEIGHT="40" WC="0.96" CONTENT="och"/><SP WIDTH="16" VPOS="594" HPOS="286"/>
							<String ID="string_50" HPOS="302" VPOS="593" WIDTH="130" HEIGHT="27" WC="0.96" CONTENT="underhåll"/><SP WIDTH="16" VPOS="593" HPOS="432"/>
							<String ID="string_51" HPOS="448" VPOS="594" WIDTH="10" HEIGHT="26" WC="0.96" CONTENT="i"/><SP WIDTH="18" VPOS="594" HPOS="458"/>
							<String ID="string_52" HPOS="476" VPOS="594" WIDTH="108" HEIGHT="26" WC="0.94" CONTENT="Finland."/>
						</TextLine>
					</TextBlock>
				</ComposedBlock>
				<ComposedBlock ID="cblock_4" HPOS="35" VPOS="660" WIDTH="755" HEIGHT="339">
					<TextBlock ID="block_5" HPOS="35" VPOS="660" WIDTH="755" HEIGHT="339">
						<TextLine ID="line_9" HPOS="106" VPOS="660" WIDTH="684" HEIGHT="30">
							<String ID="string_53" HPOS="106" VPOS="661" WIDTH="50" HEIGHT="22" WC="0.96" CONTENT="Som"/><SP WIDTH="22" VPOS="661" HPOS="156"/>
							<String ID="string_54" HPOS="178" VPOS="661" WIDTH="159" HEIGHT="28" WC="0.93" CONTENT="lagstiftningen"/><SP WIDTH="23" VPOS="661" HPOS="337"/>
							<String ID="string_55" HPOS="360" VPOS="660" WIDTH="111" HEIGHT="29" WC="0.92" CONTENT="angående"/><SP WIDTH="20" VPOS="660" HPOS="471"/>
							<String ID="string_56" HPOS="491" VPOS="663" WIDTH="78" HEIGHT="26" WC="0.91" CONTENT="vägars"/><SP WIDTH="19" VPOS="663" HPOS="569"/>
							<String ID="string_57" HPOS="588" VPOS="661" WIDTH="40" HEIGHT="23" WC="0.93" CONTENT="och"/><SP WIDTH="18" VPOS="661" HPOS="628"/>
							<String ID="string_58" HPOS="646" VPOS="661" WIDTH="77" HEIGHT="23" WC="0.92" CONTENT="broars"/><SP WIDTH="13" VPOS="661" HPOS="723"/>
							<String ID="string_59" HPOS="736" VPOS="662" WIDTH="54" HEIGHT="28" WC="0.88" CONTENT="byg-"/>
						</TextLine>
						<TextLine ID="line_10" HPOS="37" VPOS="694" WIDTH="753" HEIGHT="30">
							<String ID="string_60" HPOS="37" VPOS="695" WIDTH="69" HEIGHT="29" WC="0.96" CONTENT="gande"/><SP WIDTH="22" VPOS="695" HPOS="106"/>
							<String ID="string_61" HPOS="128" VPOS="696" WIDTH="40" HEIGHT="21" WC="0.96" CONTENT="och"/><SP WIDTH="22" VPOS="696" HPOS="168"/>
							<String ID="string_62" HPOS="190" VPOS="694" WIDTH="114" HEIGHT="23" WC="0.88" CONTENT="underhäll"/><SP WIDTH="17" VPOS="694" HPOS="304"/>
							<String ID="string_63" HPOS="321" VPOS="696" WIDTH="8" HEIGHT="21" WC="0.96" CONTENT="i"/><SP WIDTH="17" VPOS="696" HPOS="329"/>
							<String ID="string_64" HPOS="346" VPOS="695" WIDTH="74" HEIGHT="22" WC="0.95" CONTENT="landet"/><SP WIDTH="18" VPOS="695" HPOS="420"/>
							<String ID="string_65" HPOS="438" VPOS="696" WIDTH="81" HEIGHT="21" WC="0.96" CONTENT="funnits"/><SP WIDTH="14" VPOS="696" HPOS="519"/>
							<String ID="string_66" HPOS="533" VPOS="696" WIDTH="8" HEIGHT="21" WC="0.96" CONTENT="i"/><SP WIDTH="14" VPOS="696" HPOS="541"/>
							<String ID="string_67" HPOS="555" VPOS="696" WIDTH="58" HEIGHT="22" WC="0.96" CONTENT="vissa"/><SP WIDTH="14" VPOS="696" HPOS="613"/>
							<String ID="string_68" HPOS="627" VPOS="695" WIDTH="60" HEIGHT="22" WC="0.96" CONTENT="delar"/><SP WIDTH="14" VPOS="695" HPOS="687"/>
							<String ID="string_69" HPOS="701" VPOS="696" WIDTH="89" HEIGHT="28" WC="0.95" CONTENT="påkalla"/>
						</TextLine>
						<TextLine ID="line_11" HPOS="36" VPOS="729" WIDTH="753" HEIGHT="29">
							<String ID="string_70" HPOS="36" VPOS="730" WIDTH="118" HEIGHT="28" WC="0.96" CONTENT="ändringar"/><SP WIDTH="22" VPOS="730" HPOS="154"/>
							<String ID="string_71" HPOS="176" VPOS="730" WIDTH="40" HEIGHT="22" WC="0.96" CONTENT="och"/><SP WIDTH="22" VPOS="730" HPOS="216"/>
							<String ID="string_72" HPOS="238" VPOS="730" WIDTH="82" HEIGHT="28" WC="0.95" CONTENT="tillägg,"/><SP WIDTH="23" VPOS="730" HPOS="320"/>
							<String ID="string_73" HPOS="343" VPOS="732" WIDTH="56" HEIGHT="20" WC="0.96" CONTENT="samt"/><SP WIDTH="19" VPOS="732" HPOS="399"/>
							<String ID="string_74" HPOS="418" VPOS="730" WIDTH="34" HEIGHT="22" WC="0.96" CONTENT="för"/><SP WIDTH="18" VPOS="730" HPOS="452"/>
							<String ID="string_75" HPOS="470" VPOS="732" WIDTH="33" HEIGHT="20" WC="0.96" CONTENT="att"/><SP WIDTH="14" VPOS="732" HPOS="503"/>
							<String ID="string_76" HPOS="517" VPOS="729" WIDTH="28" HEIGHT="29" WC="0.96" CONTENT="på"/><SP WIDTH="15" VPOS="729" HPOS="545"/>
							<String ID="string_77" HPOS="560" VPOS="732" WIDTH="31" HEIGHT="20" WC="0.96" CONTENT="ett"/><SP WIDTH="15" VPOS="732" HPOS="591"/>
							<String ID="string_78" HPOS="606" VPOS="730" WIDTH="61" HEIGHT="22" WC="0.93" CONTENT="ställe"/><SP WIDTH="15" VPOS="730" HPOS="667"/>
							<String ID="string_79" HPOS="682" VPOS="738" WIDTH="107" HEIGHT="14" WC="0.91" CONTENT="samman-"/>
						</TextLine>
						<TextLine ID="line_12" HPOS="36" VPOS="764" WIDTH="753" HEIGHT="29">
							<String ID="string_80" HPOS="36" VPOS="765" WIDTH="55" HEIGHT="22" WC="0.95" CONTENT="fatta"/><SP WIDTH="22" VPOS="765" HPOS="91"/>
							<String ID="string_81" HPOS="113" VPOS="764" WIDTH="26" HEIGHT="22" WC="0.96" CONTENT="de"/><SP WIDTH="22" VPOS="764" HPOS="139"/>
							<String ID="string_82" HPOS="161" VPOS="764" WIDTH="89" HEIGHT="28" WC="0.96" CONTENT="spridda"/><SP WIDTH="20" VPOS="764" HPOS="250"/>
							<String ID="string_83" HPOS="270" VPOS="764" WIDTH="140" HEIGHT="28" WC="0.96" CONTENT="stadganden,"/><SP WIDTH="23" VPOS="764" HPOS="410"/>
							<String ID="string_84" HPOS="433" VPOS="772" WIDTH="45" HEIGHT="14" WC="0.96" CONTENT="som"/><SP WIDTH="20" VPOS="772" HPOS="478"/>
							<String ID="string_85" HPOS="498" VPOS="764" WIDTH="73" HEIGHT="22" WC="0.96" CONTENT="derom"/><SP WIDTH="14" VPOS="764" HPOS="571"/>
							<String ID="string_86" HPOS="585" VPOS="772" WIDTH="30" HEIGHT="14" WC="0.96" CONTENT="nu"/><SP WIDTH="14" VPOS="772" HPOS="615"/>
							<String ID="string_87" HPOS="629" VPOS="766" WIDTH="39" HEIGHT="20" WC="0.96" CONTENT="äro"/><SP WIDTH="15" VPOS="766" HPOS="668"/>
							<String ID="string_88" HPOS="683" VPOS="765" WIDTH="106" HEIGHT="28" WC="0.96" CONTENT="gällande,"/>
						</TextLine>
						<TextLine ID="line_13" HPOS="38" VPOS="798" WIDTH="751" HEIGHT="29">
							<String ID="string_89" HPOS="38" VPOS="799" WIDTH="76" HEIGHT="22" WC="0.92" CONTENT="varder"/><SP WIDTH="22" VPOS="799" HPOS="114"/>
							<String ID="string_90" HPOS="136" VPOS="799" WIDTH="89" HEIGHT="21" WC="0.93" CONTENT="härmed"/><SP WIDTH="21" VPOS="799" HPOS="225"/>
							<String ID="string_91" HPOS="246" VPOS="798" WIDTH="128" HEIGHT="22" WC="0.88" CONTENT="förordnadt"/><SP WIDTH="22" VPOS="798" HPOS="374"/>
							<String ID="string_92" HPOS="396" VPOS="801" WIDTH="38" HEIGHT="24" WC="0.96" CONTENT="att,"/><SP WIDTH="22" VPOS="801" HPOS="434"/>
							<String ID="string_93" HPOS="456" VPOS="799" WIDTH="49" HEIGHT="22" WC="0.93" CONTENT="med"/><SP WIDTH="22" VPOS="799" HPOS="505"/>
							<String ID="string_94" HPOS="527" VPOS="799" WIDTH="152" HEIGHT="28" WC="0.91" CONTENT="upphäfvande"/><SP WIDTH="17" VPOS="799" HPOS="679"/>
							<String ID="string_95" HPOS="696" VPOS="800" WIDTH="25" HEIGHT="22" WC="0.96" CONTENT="af"/><SP WIDTH="12" VPOS="800" HPOS="721"/>
							<String ID="string_96" HPOS="733" VPOS="799" WIDTH="56" HEIGHT="23" WC="0.96" CONTENT="hvad"/>
						</TextLine>
						<TextLine ID="line_14" HPOS="35" VPOS="834" WIDTH="754" HEIGHT="28">
							<String ID="string_97" HPOS="35" VPOS="834" WIDTH="32" HEIGHT="21" WC="0.96" CONTENT="uti"/><SP WIDTH="15" VPOS="834" HPOS="67"/>
							<String ID="string_98" HPOS="82" VPOS="836" WIDTH="14" HEIGHT="19" WC="0.96" CONTENT="4"/><SP WIDTH="16" VPOS="836" HPOS="96"/>
							<String ID="string_99" HPOS="112" VPOS="834" WIDTH="39" HEIGHT="21" WC="0.96" CONTENT="och"/><SP WIDTH="19" VPOS="834" HPOS="151"/>
							<String ID="string_100" HPOS="170" VPOS="835" WIDTH="27" HEIGHT="19" WC="0.93" CONTENT="25"/><SP WIDTH="19" VPOS="835" HPOS="197"/>
							<String ID="string_101" HPOS="216" VPOS="834" WIDTH="95" HEIGHT="26" WC="0.93" CONTENT="kapitlen"/><SP WIDTH="15" VPOS="834" HPOS="311"/>
							<String ID="string_102" HPOS="326" VPOS="834" WIDTH="205" HEIGHT="28" WC="0.92" CONTENT="Byggningabalken"/><SP WIDTH="14" VPOS="834" HPOS="531"/>
							<String ID="string_103" HPOS="545" VPOS="836" WIDTH="56" HEIGHT="19" WC="0.93" CONTENT="samt"/><SP WIDTH="15" VPOS="836" HPOS="601"/>
							<String ID="string_104" HPOS="616" VPOS="834" WIDTH="115" HEIGHT="22" WC="0.92" CONTENT="särskildta"/><SP WIDTH="14" VPOS="834" HPOS="731"/>
							<String ID="string_105" HPOS="745" VPOS="834" WIDTH="44" HEIGHT="28" WC="0.92" CONTENT="pri-"/>
						</TextLine>
						<TextLine ID="line_15" HPOS="35" VPOS="868" WIDTH="755" HEIGHT="28">
							<String ID="string_106" HPOS="35" VPOS="868" WIDTH="89" HEIGHT="28" WC="0.91" CONTENT="vilegier"/><SP WIDTH="21" VPOS="868" HPOS="124"/>
							<String ID="string_107" HPOS="145" VPOS="868" WIDTH="41" HEIGHT="22" WC="0.96" CONTENT="och"/><SP WIDTH="18" VPOS="868" HPOS="186"/>
							<String ID="string_108" HPOS="204" VPOS="868" WIDTH="68" HEIGHT="22" WC="0.93" CONTENT="andra"/><SP WIDTH="14" VPOS="868" HPOS="272"/>
							<String ID="string_109" HPOS="286" VPOS="868" WIDTH="153" HEIGHT="28" WC="0.92" CONTENT="författningar"/><SP WIDTH="15" VPOS="868" HPOS="439"/>
							<String ID="string_110" HPOS="454" VPOS="868" WIDTH="93" HEIGHT="22" WC="0.92" CONTENT="rörande"/><SP WIDTH="15" VPOS="868" HPOS="547"/>
							<String ID="string_111" HPOS="562" VPOS="868" WIDTH="62" HEIGHT="22" WC="0.93" CONTENT="dessa"/><SP WIDTH="14" VPOS="868" HPOS="624"/>
							<String ID="string_112" HPOS="638" VPOS="870" WIDTH="78" HEIGHT="20" WC="0.92" CONTENT="ämnen"/><SP WIDTH="14" VPOS="870" HPOS="716"/>
							<String ID="string_113" HPOS="730" VPOS="868" WIDTH="60" HEIGHT="22" WC="0.92" CONTENT="stad-"/>
						</TextLine>
						<TextLine ID="line_16" HPOS="36" VPOS="902" WIDTH="753" HEIGHT="29">
							<String ID="string_114" HPOS="36" VPOS="910" WIDTH="45" HEIGHT="20" WC="0.93" CONTENT="gas,"/><SP WIDTH="23" VPOS="910" HPOS="81"/>
							<String ID="string_115" HPOS="104" VPOS="902" WIDTH="70" HEIGHT="22" WC="0.92" CONTENT="sävidt"/><SP WIDTH="21" VPOS="902" HPOS="174"/>
							<String ID="string_116" HPOS="195" VPOS="903" WIDTH="62" HEIGHT="21" WC="0.93" CONTENT="dessa"/><SP WIDTH="21" VPOS="903" HPOS="257"/>
							<String ID="string_117" HPOS="278" VPOS="902" WIDTH="133" HEIGHT="28" WC="0.96" CONTENT="stadganden"/><SP WIDTH="23" VPOS="902" HPOS="411"/>
							<String ID="string_118" HPOS="434" VPOS="903" WIDTH="18" HEIGHT="27" WC="0.96" CONTENT="ej"/><SP WIDTH="24" VPOS="903" HPOS="452"/>
							<String ID="string_119" HPOS="476" VPOS="909" WIDTH="77" HEIGHT="22" WC="0.96" CONTENT="genom"/><SP WIDTH="18" VPOS="909" HPOS="553"/>
							<String ID="string_120" HPOS="571" VPOS="902" WIDTH="72" HEIGHT="22" WC="0.93" CONTENT="denna"/><SP WIDTH="17" VPOS="902" HPOS="643"/>
							<String ID="string_121" HPOS="660" VPOS="902" WIDTH="129" HEIGHT="29" WC="0.96" CONTENT="författning"/>
						</TextLine>
						<TextLine ID="line_17" HPOS="36" VPOS="936" WIDTH="753" HEIGHT="29">
							<String ID="string_122" HPOS="36" VPOS="937" WIDTH="102" HEIGHT="28" WC="0.88" CONTENT="förnyats,"/><SP WIDTH="24" VPOS="937" HPOS="138"/>
							<String ID="string_123" HPOS="162" VPOS="937" WIDTH="163" HEIGHT="21" WC="0.91" CONTENT="nedannämnde"/><SP WIDTH="22" VPOS="937" HPOS="325"/>
							<String ID="string_124" HPOS="347" VPOS="937" WIDTH="134" HEIGHT="21" WC="0.92" CONTENT="töreskrifter"/><SP WIDTH="22" VPOS="937" HPOS="481"/>
							<String ID="string_125" HPOS="503" VPOS="936" WIDTH="128" HEIGHT="22" WC="0.91" CONTENT="hädanefter"/><SP WIDTH="17" VPOS="936" HPOS="631"/>
							<String ID="string_126" HPOS="648" VPOS="936" WIDTH="61" HEIGHT="22" WC="0.93" CONTENT="skola"/><SP WIDTH="14" VPOS="936" HPOS="709"/>
							<String ID="string_127" HPOS="723" VPOS="936" WIDTH="66" HEIGHT="29" WC="0.93" CONTENT="angä-"/>
						</TextLine>
						<TextLine ID="line_18" HPOS="36" VPOS="970" WIDTH="730" HEIGHT="29">
							<String ID="string_128" HPOS="36" VPOS="972" WIDTH="54" HEIGHT="21" WC="0.92" CONTENT="ende"/><SP WIDTH="14" VPOS="972" HPOS="90"/>
							<String ID="string_129" HPOS="104" VPOS="972" WIDTH="51" HEIGHT="27" WC="0.92" CONTENT="väg-"/><SP WIDTH="15" VPOS="972" HPOS="155"/>
							<String ID="string_130" HPOS="170" VPOS="971" WIDTH="41" HEIGHT="22" WC="0.93" CONTENT="och"/><SP WIDTH="13" VPOS="971" HPOS="211"/>
							<String ID="string_131" HPOS="224" VPOS="971" WIDTH="252" HEIGHT="28" WC="0.91" CONTENT="brobyggnadsbesväret"/><SP WIDTH="14" VPOS="971" HPOS="476"/>
							<String ID="string_132" HPOS="490" VPOS="971" WIDTH="66" HEIGHT="22" WC="0.92" CONTENT="lända"/><SP WIDTH="13" VPOS="971" HPOS="556"/>
							<String ID="string_133" HPOS="569" VPOS="970" WIDTH="34" HEIGHT="22" WC="0.93" CONTENT="till"/><SP WIDTH="15" VPOS="970" HPOS="603"/>
							<String ID="string_134" HPOS="618" VPOS="971" WIDTH="148" HEIGHT="22" WC="0.92" CONTENT="efterrättelse."/>
						</TextLine>
					</TextBlock>
				</ComposedBlock>
				<ComposedBlock ID="cblock_5" HPOS="36" VPOS="1026" WIDTH="753" HEIGHT="345">
					<TextBlock ID="block_6" HPOS="389" VPOS="1026" WIDTH="47" HEIGHT="26">
						<TextLine ID="line_19" HPOS="389" VPOS="1026" WIDTH="47" HEIGHT="26">
							<String ID="string_135" HPOS="389" VPOS="1026" WIDTH="47" HEIGHT="26" WC="0.79" CONTENT="81."/>
						</TextLine>
					</TextBlock>
					<TextBlock ID="block_7" HPOS="36" VPOS="1067" WIDTH="753" HEIGHT="304">
						<TextLine ID="line_20" HPOS="105" VPOS="1067" WIDTH="684" HEIGHT="31">
							<String ID="string_136" HPOS="105" VPOS="1070" WIDTH="101" HEIGHT="28" WC="0.93" CONTENT="Vägarne"/><SP WIDTH="17" VPOS="1070" HPOS="206"/>
							<String ID="string_137" HPOS="223" VPOS="1069" WIDTH="8" HEIGHT="21" WC="0.96" CONTENT="i"/><SP WIDTH="18" VPOS="1069" HPOS="231"/>
							<String ID="string_138" HPOS="249" VPOS="1068" WIDTH="74" HEIGHT="22" WC="0.96" CONTENT="landet"/><SP WIDTH="21" VPOS="1068" HPOS="323"/>
							<String ID="string_139" HPOS="344" VPOS="1068" WIDTH="83" HEIGHT="22" WC="0.96" CONTENT="indelas"/><SP WIDTH="18" VPOS="1068" HPOS="427"/>
							<String ID="string_140" HPOS="445" VPOS="1068" WIDTH="8" HEIGHT="21" WC="0.93" CONTENT="i"/><SP WIDTH="19" VPOS="1068" HPOS="453"/>
							<String ID="string_141" HPOS="472" VPOS="1067" WIDTH="36" HEIGHT="23" WC="0.92" CONTENT="tvä"/><SP WIDTH="21" VPOS="1067" HPOS="508"/>
							<String ID="string_142" HPOS="529" VPOS="1068" WIDTH="53" HEIGHT="28" WC="0.93" CONTENT="slag,"/><SP WIDTH="15" VPOS="1068" HPOS="582"/>
							<String ID="string_143" HPOS="597" VPOS="1068" WIDTH="106" HEIGHT="28" WC="0.91" CONTENT="nemligen"/><SP WIDTH="14" VPOS="1068" HPOS="703"/>
							<String ID="string_144" HPOS="717" VPOS="1068" WIDTH="72" HEIGHT="22" WC="0.93" CONTENT="lands-"/>
						</TextLine>
						<TextLine ID="line_21" HPOS="36" VPOS="1102" WIDTH="751" HEIGHT="30">
							<String ID="string_145" HPOS="36" VPOS="1106" WIDTH="48" HEIGHT="26" WC="0.93" CONTENT="väg,"/><SP WIDTH="18" VPOS="1106" HPOS="84"/>
							<String ID="string_146" HPOS="102" VPOS="1103" WIDTH="103" HEIGHT="23" WC="0.92" CONTENT="hvarmed"/><SP WIDTH="18" VPOS="1103" HPOS="205"/>
							<String ID="string_147" HPOS="223" VPOS="1102" WIDTH="79" HEIGHT="23" WC="0.92" CONTENT="förstäs"/><SP WIDTH="18" VPOS="1102" HPOS="302"/>
							<String ID="string_148" HPOS="320" VPOS="1102" WIDTH="68" HEIGHT="22" WC="0.92" CONTENT="sädan"/><SP WIDTH="18" VPOS="1102" HPOS="388"/>
							<String ID="string_149" HPOS="406" VPOS="1110" WIDTH="46" HEIGHT="14" WC="0.96" CONTENT="som"/><SP WIDTH="14" VPOS="1110" HPOS="452"/>
							<String ID="string_150" HPOS="466" VPOS="1102" WIDTH="59" HEIGHT="22" WC="0.93" CONTENT="leder"/><SP WIDTH="16" VPOS="1102" HPOS="525"/>
							<String ID="string_151" HPOS="541" VPOS="1102" WIDTH="90" HEIGHT="22" WC="0.91" CONTENT="emellan"/><SP WIDTH="14" VPOS="1102" HPOS="631"/>
							<String ID="string_152" HPOS="645" VPOS="1103" WIDTH="84" HEIGHT="21" WC="0.92" CONTENT="landets"/><SP WIDTH="15" VPOS="1103" HPOS="729"/>
							<String ID="string_153" HPOS="744" VPOS="1104" WIDTH="43" HEIGHT="20" WC="0.93" CONTENT="stä-"/>
						</TextLine>
						<TextLine ID="line_22" HPOS="37" VPOS="1136" WIDTH="752" HEIGHT="30">
							<String ID="string_154" HPOS="37" VPOS="1139" WIDTH="38" HEIGHT="21" WC="0.92" CONTENT="der"/><SP WIDTH="21" VPOS="1139" HPOS="75"/>
							<String ID="string_155" HPOS="96" VPOS="1139" WIDTH="42" HEIGHT="21" WC="0.93" CONTENT="och"/><SP WIDTH="21" VPOS="1139" HPOS="138"/>
							<String ID="string_156" HPOS="159" VPOS="1138" WIDTH="105" HEIGHT="28" WC="0.92" CONTENT="köpingar"/><SP WIDTH="19" VPOS="1138" HPOS="264"/>
							<String ID="string_157" HPOS="283" VPOS="1137" WIDTH="51" HEIGHT="22" WC="0.95" CONTENT="eller"/><SP WIDTH="14" VPOS="1137" HPOS="334"/>
							<String ID="string_158" HPOS="348" VPOS="1137" WIDTH="34" HEIGHT="21" WC="0.96" CONTENT="till"/><SP WIDTH="14" VPOS="1137" HPOS="382"/>
							<String ID="string_159" HPOS="396" VPOS="1137" WIDTH="74" HEIGHT="28" WC="0.96" CONTENT="kyrka,"/><SP WIDTH="15" VPOS="1137" HPOS="470"/>
							<String ID="string_160" HPOS="485" VPOS="1138" WIDTH="71" HEIGHT="21" WC="0.93" CONTENT="större"/><SP WIDTH="14" VPOS="1138" HPOS="556"/>
							<String ID="string_161" HPOS="570" VPOS="1136" WIDTH="127" HEIGHT="28" WC="0.89" CONTENT="industriela"/><SP WIDTH="14" VPOS="1136" HPOS="697"/>
							<String ID="string_162" HPOS="711" VPOS="1137" WIDTH="78" HEIGHT="21" WC="0.92" CONTENT="inrätt-"/>
						</TextLine>
						<TextLine ID="line_23" HPOS="36" VPOS="1171" WIDTH="752" HEIGHT="29">
							<String ID="string_163" HPOS="36" VPOS="1173" WIDTH="84" HEIGHT="27" WC="0.90" CONTENT="ningar,"/><SP WIDTH="18" VPOS="1173" HPOS="120"/>
							<String ID="string_164" HPOS="138" VPOS="1173" WIDTH="71" HEIGHT="25" WC="0.92" CONTENT="hamn,"/><SP WIDTH="20" VPOS="1173" HPOS="209"/>
							<String ID="string_165" HPOS="229" VPOS="1172" WIDTH="105" HEIGHT="27" WC="0.92" CONTENT="lastplats,"/><SP WIDTH="19" VPOS="1172" HPOS="334"/>
							<String ID="string_166" HPOS="353" VPOS="1171" WIDTH="240" HEIGHT="28" WC="0.92" CONTENT="varu-nederlagsplats,"/><SP WIDTH="16" VPOS="1171" HPOS="593"/>
							<String ID="string_167" HPOS="609" VPOS="1172" WIDTH="90" HEIGHT="21" WC="0.92" CONTENT="emellan"/><SP WIDTH="14" VPOS="1172" HPOS="699"/>
							<String ID="string_168" HPOS="713" VPOS="1171" WIDTH="75" HEIGHT="28" WC="0.93" CONTENT="segel-,"/>
						</TextLine>
						<TextLine ID="line_24" HPOS="36" VPOS="1205" WIDTH="751" HEIGHT="28">
							<String ID="string_169" HPOS="36" VPOS="1206" WIDTH="47" HEIGHT="22" WC="0.88" CONTENT="bät-"/><SP WIDTH="15" VPOS="1206" HPOS="83"/>
							<String ID="string_170" HPOS="98" VPOS="1207" WIDTH="40" HEIGHT="21" WC="0.93" CONTENT="och"/><SP WIDTH="16" VPOS="1207" HPOS="138"/>
							<String ID="string_171" HPOS="154" VPOS="1206" WIDTH="112" HEIGHT="26" WC="0.66" CONTENT="flottleder,"/><SP WIDTH="16" VPOS="1206" HPOS="266"/>
							<String ID="string_172" HPOS="282" VPOS="1206" WIDTH="108" HEIGHT="21" WC="0.96" CONTENT="äfvensom"/><SP WIDTH="15" VPOS="1206" HPOS="390"/>
							<String ID="string_173" HPOS="405" VPOS="1206" WIDTH="33" HEIGHT="20" WC="0.95" CONTENT="till"/><SP WIDTH="15" VPOS="1206" HPOS="438"/>
							<String ID="string_174" HPOS="453" VPOS="1205" WIDTH="44" HEIGHT="21" WC="0.93" CONTENT="alla"/><SP WIDTH="10" VPOS="1205" HPOS="497"/>
							<String ID="string_175" HPOS="507" VPOS="1206" WIDTH="84" HEIGHT="25" WC="0.96" CONTENT="ställen,"/><SP WIDTH="12" VPOS="1206" HPOS="591"/>
							<String ID="string_176" HPOS="603" VPOS="1205" WIDTH="38" HEIGHT="21" WC="0.93" CONTENT="der"/><SP WIDTH="10" VPOS="1205" HPOS="641"/>
							<String ID="string_177" HPOS="651" VPOS="1207" WIDTH="67" HEIGHT="26" WC="0.93" CONTENT="vägar"/><SP WIDTH="11" VPOS="1207" HPOS="718"/>
							<String ID="string_178" HPOS="729" VPOS="1205" WIDTH="58" HEIGHT="27" WC="0.92" CONTENT="pröf-"/>
						</TextLine>
						<TextLine ID="line_25" HPOS="36" VPOS="1239" WIDTH="752" HEIGHT="29">
							<String ID="string_179" HPOS="36" VPOS="1248" WIDTH="37" HEIGHT="15" WC="0.96" CONTENT="vas"/><SP WIDTH="22" VPOS="1248" HPOS="73"/>
							<String ID="string_180" HPOS="95" VPOS="1248" WIDTH="52" HEIGHT="14" WC="0.96" CONTENT="vara"/><SP WIDTH="17" VPOS="1248" HPOS="147"/>
							<String ID="string_181" HPOS="164" VPOS="1241" WIDTH="35" HEIGHT="21" WC="0.93" CONTENT="för"/><SP WIDTH="17" VPOS="1241" HPOS="199"/>
							<String ID="string_182" HPOS="216" VPOS="1241" WIDTH="201" HEIGHT="26" WC="0.92" CONTENT="varu-transporten"/><SP WIDTH="17" VPOS="1241" HPOS="417"/>
							<String ID="string_183" HPOS="434" VPOS="1240" WIDTH="25" HEIGHT="21" WC="0.97" CONTENT="af"/><SP WIDTH="12" VPOS="1240" HPOS="459"/>
							<String ID="string_184" HPOS="471" VPOS="1240" WIDTH="79" HEIGHT="21" WC="0.97" CONTENT="allmän"/><SP WIDTH="14" VPOS="1240" HPOS="550"/>
							<String ID="string_185" HPOS="564" VPOS="1241" WIDTH="62" HEIGHT="27" WC="0.95" CONTENT="nyttä"/><SP WIDTH="13" VPOS="1241" HPOS="626"/>
							<String ID="string_186" HPOS="639" VPOS="1240" WIDTH="40" HEIGHT="21" WC="0.93" CONTENT="och"/><SP WIDTH="15" VPOS="1240" HPOS="679"/>
							<String ID="string_187" HPOS="694" VPOS="1239" WIDTH="94" HEIGHT="22" WC="0.91" CONTENT="nödvän-"/>
						</TextLine>
						<TextLine ID="line_26" HPOS="37" VPOS="1272" WIDTH="752" HEIGHT="30">
							<String ID="string_188" HPOS="37" VPOS="1275" WIDTH="83" HEIGHT="27" WC="0.91" CONTENT="dighet;"/><SP WIDTH="23" VPOS="1275" HPOS="120"/>
							<String ID="string_189" HPOS="143" VPOS="1276" WIDTH="55" HEIGHT="20" WC="0.93" CONTENT="samt"/><SP WIDTH="21" VPOS="1276" HPOS="198"/>
							<String ID="string_190" HPOS="219" VPOS="1274" WIDTH="76" HEIGHT="28" WC="0.89" CONTENT="byväg,"/><SP WIDTH="19" VPOS="1274" HPOS="295"/>
							<String ID="string_191" HPOS="314" VPOS="1280" WIDTH="46" HEIGHT="16" WC="0.96" CONTENT="som"/><SP WIDTH="17" VPOS="1280" HPOS="360"/>
							<String ID="string_192" HPOS="377" VPOS="1274" WIDTH="59" HEIGHT="21" WC="0.93" CONTENT="leder"/><SP WIDTH="15" VPOS="1274" HPOS="436"/>
							<String ID="string_193" HPOS="451" VPOS="1273" WIDTH="48" HEIGHT="22" WC="0.93" CONTENT="frän"/><SP WIDTH="14" VPOS="1273" HPOS="499"/>
							<String ID="string_194" HPOS="513" VPOS="1274" WIDTH="29" HEIGHT="28" WC="0.96" CONTENT="by"/><SP WIDTH="14" VPOS="1274" HPOS="542"/>
							<String ID="string_195" HPOS="556" VPOS="1274" WIDTH="33" HEIGHT="21" WC="0.96" CONTENT="till"/><SP WIDTH="14" VPOS="1274" HPOS="589"/>
							<String ID="string_196" HPOS="603" VPOS="1273" WIDTH="29" HEIGHT="28" WC="0.96" CONTENT="by"/><SP WIDTH="14" VPOS="1273" HPOS="632"/>
							<String ID="string_197" HPOS="646" VPOS="1273" WIDTH="52" HEIGHT="22" WC="0.95" CONTENT="eller"/><SP WIDTH="14" VPOS="1273" HPOS="698"/>
							<String ID="string_198" HPOS="712" VPOS="1272" WIDTH="77" HEIGHT="23" WC="0.96" CONTENT="endast"/>
						</TextLine>
						<TextLine ID="line_27" HPOS="36" VPOS="1307" WIDTH="751" HEIGHT="29">
							<String ID="string_199" HPOS="36" VPOS="1308" WIDTH="35" HEIGHT="22" WC="0.96" CONTENT="för"/><SP WIDTH="14" VPOS="1308" HPOS="71"/>
							<String ID="string_200" HPOS="85" VPOS="1309" WIDTH="57" HEIGHT="21" WC="0.93" CONTENT="vissa"/><SP WIDTH="13" VPOS="1309" HPOS="142"/>
							<String ID="string_201" HPOS="155" VPOS="1308" WIDTH="259" HEIGHT="28" WC="0.91" CONTENT="lägenhetsinnehafvares"/><SP WIDTH="16" VPOS="1308" HPOS="414"/>
							<String ID="string_202" HPOS="430" VPOS="1308" WIDTH="51" HEIGHT="22" WC="0.95" CONTENT="eller"/><SP WIDTH="15" VPOS="1308" HPOS="481"/>
							<String ID="string_203" HPOS="496" VPOS="1308" WIDTH="73" HEIGHT="22" WC="0.85" CONTENT="andra."/><SP WIDTH="9" VPOS="1308" HPOS="569"/>
							<String ID="string_204" HPOS="578" VPOS="1307" WIDTH="209" HEIGHT="29" WC="0.82" CONTENT="vägbyggnadsskyl-"/>
						</TextLine>
						<TextLine ID="line_28" HPOS="38" VPOS="1342" WIDTH="385" HEIGHT="29">
							<String ID="string_205" HPOS="38" VPOS="1344" WIDTH="59" HEIGHT="27" WC="0.89" CONTENT="diges"/><SP WIDTH="16" VPOS="1344" HPOS="97"/>
							<String ID="string_206" HPOS="113" VPOS="1343" WIDTH="106" HEIGHT="20" WC="0.82" CONTENT="enskildta"/><SP WIDTH="13" VPOS="1343" HPOS="219"/>
							<String ID="string_207" HPOS="232" VPOS="1342" WIDTH="68" HEIGHT="21" WC="0.91" CONTENT="behof"/><SP WIDTH="12" VPOS="1342" HPOS="300"/>
							<String ID="string_208" HPOS="312" VPOS="1343" WIDTH="26" HEIGHT="20" WC="0.93" CONTENT="är"/><SP WIDTH="13" VPOS="1343" HPOS="338"/>
							<String ID="string_209" HPOS="351" VPOS="1342" WIDTH="72" HEIGHT="27" WC="0.96" CONTENT="nödig."/>
						</TextLine>
					</TextBlock>
				</ComposedBlock>
				<ComposedBlock ID="cblock_6" HPOS="37" VPOS="1395" WIDTH="751" HEIGHT="107">
					<TextBlock ID="block_8" HPOS="37" VPOS="1395" WIDTH="751" HEIGHT="107">
						<TextLine ID="line_29" HPOS="388" VPOS="1395" WIDTH="47" HEIGHT="28">
							<String ID="string_210" HPOS="388" VPOS="1395" WIDTH="12" HEIGHT="28" WC="0.73" CONTENT="s"/><SP WIDTH="16" VPOS="1395" HPOS="400"/>
							<String ID="string_211" HPOS="416" VPOS="1396" WIDTH="19" HEIGHT="20" WC="0.80" CONTENT="2."/>
						</TextLine>
						<TextLine ID="line_30" HPOS="105" VPOS="1437" WIDTH="682" HEIGHT="30">
							<String ID="string_212" HPOS="105" VPOS="1440" WIDTH="49" HEIGHT="21" WC="0.96" CONTENT="Alla"/><SP WIDTH="18" VPOS="1440" HPOS="154"/>
							<String ID="string_213" HPOS="172" VPOS="1447" WIDTH="46" HEIGHT="15" WC="0.93" CONTENT="som"/><SP WIDTH="14" VPOS="1447" HPOS="218"/>
							<String ID="string_214" HPOS="232" VPOS="1437" WIDTH="14" HEIGHT="24" WC="0.92" CONTENT="&amp;"/><SP WIDTH="14" VPOS="1437" HPOS="246"/>
							<String ID="string_215" HPOS="260" VPOS="1439" WIDTH="73" HEIGHT="22" WC="0.92" CONTENT="landet"/><SP WIDTH="18" VPOS="1439" HPOS="333"/>
							<String ID="string_216" HPOS="351" VPOS="1445" WIDTH="40" HEIGHT="21" WC="0.92" CONTENT="ega"/><SP WIDTH="15" VPOS="1445" HPOS="391"/>
							<String ID="string_217" HPOS="406" VPOS="1438" WIDTH="52" HEIGHT="22" WC="0.92" CONTENT="eller"/><SP WIDTH="14" VPOS="1438" HPOS="458"/>
							<String ID="string_218" HPOS="472" VPOS="1437" WIDTH="69" HEIGHT="23" WC="0.96" CONTENT="bruka"/><SP WIDTH="14" VPOS="1437" HPOS="541"/>
							<String ID="string_219" HPOS="555" VPOS="1437" WIDTH="8" HEIGHT="22" WC="0.93" CONTENT="i"/><SP WIDTH="15" VPOS="1437" HPOS="563"/>
							<String ID="string_220" HPOS="578" VPOS="1437" WIDTH="82" HEIGHT="23" WC="0.96" CONTENT="mantal"/><SP WIDTH="15" VPOS="1437" HPOS="660"/>
							<String ID="string_221" HPOS="675" VPOS="1440" WIDTH="43" HEIGHT="21" WC="0.96" CONTENT="satt"/><SP WIDTH="11" VPOS="1440" HPOS="718"/>
							<String ID="string_222" HPOS="729" VPOS="1437" WIDTH="58" HEIGHT="30" WC="0.96" CONTENT="jord,"/>
						</TextLine>
						<TextLine ID="line_31" HPOS="37" VPOS="1472" WIDTH="751" HEIGHT="30">
							<String ID="string_223" HPOS="37" VPOS="1475" WIDTH="138" HEIGHT="22" WC="0.91" CONTENT="innehafvare"/><SP WIDTH="12" VPOS="1475" HPOS="175"/>
							<String ID="string_224" HPOS="187" VPOS="1474" WIDTH="23" HEIGHT="23" WC="0.93" CONTENT="af"/><SP WIDTH="10" VPOS="1474" HPOS="210"/>
							<String ID="string_225" HPOS="220" VPOS="1473" WIDTH="208" HEIGHT="29" WC="0.91" CONTENT="stadgalägenheter,"/><SP WIDTH="10" VPOS="1473" HPOS="428"/>
							<String ID="string_226" HPOS="438" VPOS="1472" WIDTH="123" HEIGHT="29" WC="0.84" CONTENT="skattlagda"/><SP WIDTH="10" VPOS="1472" HPOS="561"/>
							<String ID="string_227" HPOS="571" VPOS="1473" WIDTH="98" HEIGHT="28" WC="0.93" CONTENT="utjordar"/><SP WIDTH="11" VPOS="1473" HPOS="669"/>
							<String ID="string_228" HPOS="680" VPOS="1473" WIDTH="41" HEIGHT="22" WC="0.92" CONTENT="och"/><SP WIDTH="10" VPOS="1473" HPOS="721"/>
							<String ID="string_229" HPOS="731" VPOS="1475" WIDTH="57" HEIGHT="27" WC="0.96" CONTENT="torp,"/>
						</TextLine>
					</TextBlock>
				</ComposedBlock>
			</PrintSpace>
		</Page>
	</Layout>
</alto>
