992 1725
540 353 48 32 26.

381 428 69 23 Hans
465 429 155 29 Kejserliga
634 430 141 29 Majestäts
794 430 83 29 Nädiga
891 431 50 22 Pro-

325 459 93 37 position
436 456 48 35 till.
493 464 100 30 Finlands
612 464 104 28 Ständer,
731 464 113 29 angäende
859 465 82 23 inteck-

325 498 53 28 ning
395 499 8 21 i
422 499 45 22 fast
486 494 110 34 egendom,
616 500 54 21 samt
685 506 33 16 om
732 499 147 29 horgenärers
894 500 48 22 rätt

325 534 40 21 och
387 533 114 24 företräde
523 533 35 23 för
581 534 126 22 hvarandra
729 534 36 24 till
783 534 114 29 betalning
915 542 27 16 ur

322 568 111 28 egendom,
449 575 44 16 som
508 568 71 23 blifvit
593 568 35 23 till
643 569 99 23 konkurs
758 568 97 24 afträdd.

256 623 51 24 Den
317 626 130 27 utveckling,
463 633 45 14 som
523 625 69 22 under
607 626 91 21 sednare
713 626 55 23 tider
783 627 43 27 röjt
841 627 32 27 sig
888 627 7 21 i
910 627 31 21 af-

187 660 105 22 färslifvet
307 661 39 21 och
362 660 127 22 dithörande
504 659 204 23 rättsförhällanden
723 661 58 21 inom
792 661 97 26 Finland,
901 662 41 21 har

187 694 96 29 päkallat
298 702 27 14 en
339 695 92 22 revision
447 695 40 21 och
501 695 100 27 tidsenlig
617 695 149 29 omarbetning
781 695 24 22 af
813 695 129 28 lagbestäm-

186 731 106 27 ningarne
311 729 92 22 rörande
422 729 177 22 kreditväsendet.
629 729 70 22 Bland
714 730 63 24 dessa
791 729 90 22 framstä
897 731 44 20 sär-

188 765 65 21 skildt
269 765 31 26 de,
317 773 45 13 som
377 763 56 28 angä
448 765 122 27 inteckning
584 765 8 20 i
607 764 43 21 fast
664 765 104 26 egendom
781 765 41 21 och
836 764 105 22 förmäns-

187 801 46 20 rätt
247 800 8 20 i
269 800 100 25 konkurs,
385 799 101 21 hvarföre
501 799 45 26 ock,
562 799 7 20 i
584 799 155 28 sammanhang
754 800 49 21 med
814 807 26 14 en
851 799 90 22 förbätt-

187 834 40 21 rad
249 833 236 29 konkurslagstiftning,
507 841 43 20 nya
568 833 154 27 författningar
736 834 8 21 i
759 834 91 22 berörde
865 836 76 20 ämnen

187 870 81 19 ansetts'
290 876 52 13 vara
364 867 115 28 behöfliga.
509 868 42 20 Vid
568 868 141 27 uppgörande
727 868 25 21 af
764 868 81 28 förslag
859 868 34 21 till
907 868 34 22 sä-

186 902 59 22 dana
260 903 153 27 författningar
427 902 65 21 hafva
506 902 76 21 hittills
598 902 98 27 gällande
712 903 145 27 grundsatser,
873 902 68 22 sävidt

187 936 26 23 de
232 937 82 21 kunnat
332 936 124 26 bibehållas,
472 936 70 22 blifvit
556 936 149 28 förtydligade,
722 937 39 21 och
777 936 108 29 åtskilliga
899 945 42 20 nya

186 972 135 21 föreskrifter
339 972 128 25 tillkommit,
482 971 82 21 hvilkas
580 971 46 21 skäl
642 971 51 21 eller
708 972 54 27 syfte
777 972 40 21 här
831 972 8 21 i
855 972 86 22 korthet

188 1006 55 22 skall
258 1006 119 28 uppgifvas.
541 999 3 9 |

254 1040 138 22 Beträffande
406 1040 124 28 inteckning
544 1040 7 21 i
566 1040 42 21 fast
624 1040 110 28 egendom,
750 1048 46 14 som
810 1043 64 26 utgör
884 1042 57 21 före-

187 1075 43 22 mäl
248 1075 33 21 för
300 1075 101 21 särskildt
418 1074 227 28 författningsförslag,
664 1076 40 20 har
720 1075 35 21 det
770 1075 81 22 funnits
866 1077 75 27 nödigt

186 1112 34 20 att
235 1110 46 21 deri
295 1110 81 27 antyda
388 1110 176 21 beskaffenheten
579 1110 24 20 af
616 1110 26 20 de
657 1109 100 28 anspråk,
771 1117 48 14 som
833 1111 108 28 berättiga

185 1144 34 22 till
233 1144 130 27 inteckning,
378 1144 41 21 och
435 1144 23 21 af
471 1144 26 21 de
512 1144 132 27 fastigheter,
659 1144 7 21 i
681 1144 72 22 hvilka
769 1144 57 28 dylik
841 1146 100 21 säkerhet

188 1179 43 21 kan
253 1179 96 27 beviljas,
368 1181 55 18 samt
443 1179 73 21 dervid
530 1185 89 14 numera
633 1179 111 21 utsträcka
757 1179 72 22 denna
843 1182 98 25 panträtt

183 1213 81 27 jemväl
278 1213 33 21 till
326 1213 124 27 byggnader
466 1212 12 22 ä
493 1219 81 16 annans
590 1213 67 25 mark,
673 1213 71 21 hvilka
759 1213 50 21 med
821 1215 120 26 grundega-

186 1255 49 14 rens
255 1247 108 27 samtycke
381 1247 122 22 tillkommit
519 1247 40 22 och
573 1248 53 20 utan
640 1247 54 22 hans
710 1247 95 22 hörande
820 1248 73 21 kunna
907 1249 33 21 till

186 1281 69 27 tredje
277 1288 50 14 man
350 1280 114 21 öfverlätas
484 1281 20 28 ($
526 1281 27 27 2).
584 1279 148 28 Rättegången
751 1281 32 20 uti
797 1281 142 28 intecknings-

185 1314 50 27 mäl,
257 1315 86 21 hvilken
364 1315 76 20 hittills
459 1315 35 20 vid
513 1314 130 21 svarandens
661 1316 88 19 utevaro
765 1314 52 22 eller
832 1315 108 28 svärighet

186 1351 33 20 att
240 1350 114 21 instämma
375 1350 80 21 honom
473 1349 55 31 varit
545 1349 77 22 osäker
641 1349 40 21 och
696 1349 138 28 tvifvelaktig,
850 1351 40 21 har
905 1351 34 22 för

186 1385 115 21 särskildta
323 1384 39 21 fall
385 1384 68 21 blifvit
474 1385 100 20 närmare
596 1384 97 21 bestämd
716 1385 34 27 ($$
772 1387 18 24 6,
811 1387 19 24 7,
850 1386 33 27 8);
899 1387 40 21 och

186 1419 123 28 isynnerhet
329 1420 41 20 har
393 1419 35 21 det
451 1419 108 22 befunnits
577 1419 75 27 nödigt
670 1421 38 24 att,
728 1419 35 22 vid
782 1419 61 28 fråga
859 1428 34 13 om
908 1421 31 21 in-

186 1455 100 27 teckning
308 1454 34 21 för
363 1454 76 27 stridig
461 1453 94 26 fordran,
575 1453 104 28 betrygga
697 1452 59 23 säväl
772 1455 119 21 sökandens
907 1457 33 20 sä-

186 1489 81 26 kerhet,
289 1496 46 14 som
357 1489 40 21 ock
419 1488 131 22 svarandens
572 1490 44 19 rätt
638 1490 33 19 att
685 1488 8 21 i
708 1489 92 20 särskild
815 1489 50 22 tvist
879 1490 61 27 värja
