1700 1867
653 241 71 23 Nädiga
737 242 136 22 Propositionen
885 243 34 16 N:o
933 243 27 16 27.
1110 244 44 16 1411

495 306 82 28 gifveri
596 309 55 17 samt
665 305 54 22 både
737 307 48 20 med
801 306 38 21 och
853 309 54 18 utan
922 306 122 29 skyldighet
1052 307 42 28 för
1110 310 68 17 entre-

490 341 86 26 prenör
596 343 32 16 att
644 340 63 28 äfven
723 339 96 24 bestrida
834 341 266 28 gästgifverihållningen.
1122 339 56 22 Der-

495 374 55 27 efter
572 373 48 20 sker
635 377 64 24 utrop
709 373 42 28 för
767 375 45 20 alla
827 375 52 19 eller
893 375 10 19 i
921 375 58 20 vissa
994 381 97 21 grupper
1099 375 80 27 förde-

496 407 47 22 lade
558 407 155 28 gästgifverier
728 409 59 19 inom
803 408 127 28 skjutslaget
944 408 183 28 gemensamt
1086 403 40 37 och
1135 408 44 28 för

494 442 72 29 öfrigt
587 442 68 21 under
679 442 112 21 enahanda
813 442 78 26 vilkor,
914 449 45 14 som
982 443 63 28 ofvan
1064 443 64 28 sagdt
1144 443 33 20 är.

494 476 241 28 Auktionsprotokollet
752 477 101 20 insändes
873 477 26 28 af
912 476 155 29 Kronofogden
1083 477 36 21 till
1135 474 43 24 Gu-

493 512 114 24 vernören,
630 510 92 27 hvilken,
742 511 71 20 derest
829 511 70 20 anbud
914 511 71 28 gjorts
1001 515 54 16 emot
1070 511 108 28 rättighet

495 545 75 22 endast
589 549 33 17 att
638 545 100 28 uppbära
751 545 119 29 fastställd
885 545 118 29 skjutslega
1018 545 39 21 och
1070 549 55 18 utan
1140 553 38 13 an-

495 579 66 29 språk
577 580 32 28 på
627 580 73 28 någon
719 581 123 27 ersättning
861 580 26 28 af
900 580 24 21 de
940 579 238 30 skjutsningsskyldige,

494 622 58 21 eger,
569 615 93 28 såframt
677 615 46 25 den,
740 621 45 14 som
799 615 90 27 inropat
901 614 148 29 skjutsningen
1062 615 27 20 är
1101 615 26 28 af
1135 614 43 29 god

487 649 65 28 frejd
575 649 39 20 och
635 649 60 28 eljest
719 649 90 28 lämplig
833 652 55 17 samt
906 649 41 20 den
965 649 26 28 af
1004 649 77 20 honom
1096 649 82 21 ställda

494 684 80 27 borgen
590 683 25 28 af
629 681 141 23 Guvernören
785 683 130 28 godkännes,
927 683 78 21 sådant
1017 683 71 21 anbud
1096 687 82 24 antaga

494 718 45 25 och,
563 725 33 13 om
615 718 98 20 anbuden
733 718 40 20 äro
783 718 61 27 flere,
860 718 35 21 det
911 717 24 29 af
948 718 53 24 dem,
1017 724 45 14 som
1077 717 101 29 erbjuder

474 754 103 21 största
599 752 100 21 säkerhet
714 752 43 28 för
761 752 198 28 entreprenadens
975 751 105 29 behöriga
1092 752 86 28 fullgö-

494 787 74 21 rande.
591 786 51 21 Har
657 786 52 21 slikt
725 786 70 20 anbud
811 787 36 21 vid
863 786 116 21 auktionen
993 786 45 21 icke
1053 786 62 27 skett,
1130 794 49 14 men

495 821 71 21 anbud
590 821 68 21 likväl
676 821 72 28 gjorts
762 821 48 21 med
825 820 71 22 vilkor
912 824 33 16 att
963 822 142 27 entreprenör
1120 821 58 29 utöf-

494 863 38 14 ver
547 855 132 30 skjutslegan
694 855 81 21 erhölle
791 856 69 28 årligt
871 855 80 28 bidrag
964 856 25 28 af
997 855 26 21 de
1035 856 143 28 skjutsnings-

494 890 103 29 skyldige,
621 890 39 21 bör
683 888 148 28 Guvernören,
850 890 51 28 ifall
915 892 179 25 entreprenörens
1110 891 68 28 lämp-

495 925 67 28 lighet
589 925 38 21 och
653 924 41 21 den
717 924 82 21 ställda
821 924 80 28 borgen
924 924 25 28 af
970 922 141 24 Guvernören
1125 925 53 28 god-

494 958 90 27 kännas,
605 960 46 20 låta
670 958 232 28 avktionsprotokollet
917 958 180 22 tillhandahållas
1113 962 65 18 samt-

495 994 42 28 lige
560 994 123 20 kommuner
701 993 9 20 i
729 992 134 29 skjutslaget,
879 992 74 21 hvilka
968 1000 45 21 ega,
1030 993 75 29 hvarje
1121 993 57 21 kom-

494 1035 50 14 mun
554 1028 42 28 för
612 1028 40 28 sig,
677 1028 5 20 å
697 1026 215 22 kommunalstämma
923 1027 172 22 vederbörandes
1106 1028 72 21 anbud

490 1063 84 29 pröfva
597 1062 38 21 och
653 1062 60 28 öfver
731 1062 48 21 dem
794 1063 33 27 sig
841 1065 66 25 yttra.
937 1060 14 22 I
959 1060 98 30 frågans
1067 1062 111 29 pröfning

494 1098 89 28 deltaga
605 1098 51 24 alla,
679 1104 45 13 som
747 1097 36 20 till
801 1096 158 28 skjutsningens
973 1097 158 27 uppehållande
1146 1097 33 21 bi-

494 1132 78 28 draga,
589 1132 38 20 och
642 1132 41 20 den
697 1132 94 26 mening,
807 1138 44 13 som
861 1130 25 21 de
894 1130 65 28 festa
970 1132 97 19 rösterne
1079 1132 10 20 i
1099 1131 79 29 skjuts-

495 1167 58 27 laget
569 1165 91 26 biträdt,
676 1166 77 27 utgöre
769 1164 136 29 skjutslagets
922 1165 73 20 beslut.
1021 1164 108 21 Rösterna
1145 1165 33 21 be-

495 1201 82 20 räknas
593 1201 68 27 enligt
676 1200 41 21 den
731 1199 79 28 grund,
827 1199 109 28 hvarefter
948 1199 229 29 skjutsningsskyldig-

495 1235 61 20 heten
577 1235 94 27 utgöres.
702 1233 271 20 Kommunalstämmornes
987 1233 114 28 protokoll
1113 1234 65 28 jemte

495 1268 237 28 auktionsprotokollen
754 1267 99 28 aflemnas
877 1267 65 21 sedan
965 1268 36 20 till
1016 1267 161 29 Kronofogden,

495 1311 45 13 som
557 1303 104 20 insänder
680 1302 47 21 dem
746 1302 35 20 till
797 1300 146 27 Guvernören,
959 1302 9 20 i
983 1301 97 28 afseende
1097 1303 13 20 å
1119 1303 60 28 fast-

495 1338 94 20 ställelse
605 1337 25 28 af
643 1337 24 21 de
683 1337 25 28 af
721 1336 128 28 skjutslaget
862 1335 116 30 godkända
993 1335 78 22 anbud.

552 1381 22 26 (2
589 1380 74 27 mom.)
693 1379 29 21 Af
734 1379 45 20 lika
792 1378 80 28 lydelse
886 1378 49 22 med
949 1379 166 26 propositionen.

552 1423 21 27 (3
589 1423 73 27 mom.)
691 1421 122 21 Bibehälles
835 1421 141 22 oförändradt
997 1421 66 27 enligt
1080 1422 98 27 proposi-

495 1457 80 20 tionen.

495 1497 53 21 eller

552 1530 109 23 Uteslutes
676 1530 49 21 frän
740 1530 41 21 den
796 1529 121 28 föreslagna
931 1529 163 28 författningen.
