1020 1720
315 140 71 23 Nädiga
398 141 137 22 Propositionen
548 141 34 16 N:o
594 142 27 15 30.
775 141 42 16 1551

89 204 58 21 ökas.
177 204 30 27 Ty
222 206 60 19 utom
296 204 43 26 det,
354 206 33 19 att
405 204 121 22 förvärfvad
541 211 55 14 vana
610 203 36 22 vid
664 203 178 22 inkomstskatten

88 237 69 22 måste
172 239 53 26 göra
239 239 151 26 taxeringarne
405 239 87 20 säkrare
507 239 41 21 ooh
564 239 104 26 jemmare,
684 238 41 21 och
739 239 33 20 att
786 237 57 22 vissa

89 273 40 20 här
141 272 70 21 nedan
225 272 111 21 beslutade
351 272 170 22 modifikationer
535 273 7 20 i
558 272 219 27 bevillningsstadgan
789 271 54 21 böra

90 306 97 21 medföra
206 308 30 19 ett
255 313 35 14 om
308 306 40 21 ock
366 306 18 27 ej
404 306 104 27 betydligt
526 306 93 21 tillskott
636 306 7 20 i
659 306 69 21 denna
743 305 99 26 inkomst,

90 339 25 22 sä
131 340 62 21 torde
208 340 34 21 väl
260 340 41 21 den
320 339 116 22 förtröstan
454 341 72 20 kunna
544 340 63 27 hysas
626 340 33 21 till
674 339 120 26 framtiden,
812 341 32 19 att

91 374 57 28 goda
166 374 90 21 skördar
273 374 47 21 icke
338 374 61 21 skola
417 375 87 20 alldeles
525 374 109 26 uteblifva,
654 374 40 21 och
716 375 38 24 att,
777 373 67 21 sedan

91 409 41 21 den
147 409 123 20 nuvarande
285 408 139 21 affärskrisen
439 410 25 19 är
478 408 175 28 genomkämpad,
667 409 41 20 den
719 407 126 22 industriela

92 443 40 21 och
147 442 127 22 merkantila
289 442 161 22 verksamheten
465 442 46 22 äter
526 442 54 22 skall
595 442 48 21 med
658 449 59 14 mera
732 440 113 29 framgäng

94 476 114 22 bedrifvas.

160 512 42 20 Det
219 511 63 21 torde
301 511 84 21 derföre
404 512 46 20 icke
465 518 51 14 vara
535 512 35 20 tör
588 511 53 27 högt
658 512 66 26 taget,
743 518 35 14 om
795 518 51 14 man

92 545 110 22 förväntar
217 548 32 18 att
264 546 119 20 inkomsten
399 545 24 21 af
435 546 142 26 bevillningen
595 545 68 21 under
677 545 75 27 loppet
766 544 24 22 af
804 544 41 22 den

91 580 38 26 tid,
149 580 34 21 för
201 580 85 21 hvilken
305 580 41 20 den
364 587 29 14 nu
411 580 121 25 fastställes,
552 579 54 21 skall
628 580 56 27 stiga
701 579 33 21 till
755 580 90 25 100,000

94 615 62 21 mark
170 614 66 28 högre
252 615 27 20 än
296 616 60 19 1866.
380 613 86 23 Säledes
482 614 68 21 skulle
566 614 35 21 det
615 614 72 21 kunna
703 615 95 26 antagas,
814 615 32 19 att

94 649 24 22 af
130 649 143 27 bevillningen
292 648 51 21 åren
360 650 53 19 1868
430 650 39 20 och
486 650 53 19 1869
556 648 127 22 åtminstone
699 649 90 25 200,000
805 648 41 21 och

93 684 69 21 under
181 683 26 21 de
224 683 95 27 följande
337 685 75 19 trenne
431 682 50 22 åren
500 684 40 20 350
561 683 13 21 å
592 684 91 25 450,000
702 683 61 21 mark
777 682 70 22 blefve

95 717 121 28 disponibla
231 717 33 21 för
279 717 289 21 kommunikationsarbeten.
599 717 45 21 Och
660 724 51 14 anse
727 717 121 21 Ständerna

95 752 36 22 det
146 752 122 26 öfverskott,
282 759 45 14 som
342 751 13 22 å
369 752 211 28 bevilluingsmedlen
594 750 91 29 uppstår
700 752 66 21 sedan
780 752 67 21 förut-

94 786 94 22 nämnda
206 786 74 28 anslag
297 785 78 29 utgätt,
394 786 53 22 böra
464 786 108 22 användas
590 786 33 21 till
643 786 203 22 kommunikations-

95 821 142 21 anstalternas
256 820 154 27 förbättrande,
429 820 28 28 pä
476 822 42 20 sätt
537 822 41 20 och
595 821 8 20 i
622 821 40 21 den
677 821 92 27 ordning
784 820 62 22 Stän-

97 856 64 20 derne
176 856 108 25 fastställt,
299 854 90 24 sälunda
408 857 32 19 att
458 856 70 20 derest
546 855 68 27 nägra
632 855 88 27 utgifter
738 855 34 20 för
788 855 59 27 jern-

95 889 136 28 vägsföretag
250 889 68 21 under
339 888 162 29 ifrägavarande
520 889 31 21 tid
574 889 46 21 icke
643 888 67 22 skulle
732 889 115 26 erfordras,

95 923 93 22 berörda
207 923 116 22 öfverskott
341 923 124 22 oafkortadt
484 923 106 22 användes
609 923 32 21 till
656 923 26 22 de
697 923 24 21 af
734 923 114 22 senastför-

97 958 95 21 samlade
208 957 91 22 Ständer
313 958 116 21 förordade
442 958 362 21 vattenkommunikationsarheten.

165 992 169 21 Vidkommande
350 992 25 21 de
391 993 99 26 grunder,
503 992 66 28 enligt
583 993 71 20 hvilka
669 992 41 21 den
725 1000 28 13 nu
769 991 80 28 ätagna

96 1027 142 27 bevillningen
256 1027 67 21 borde
340 1025 58 29 utgå,
419 1027 39 21 och
477 1027 25 21 de
518 1027 133 27 stadganden
666 1034 46 14 som
727 1026 74 21 härför
816 1033 33 14 er-

97 1061 91 26 fordras,
208 1061 63 21 hafva
290 1061 120 21 Ständerna
429 1063 69 19 ansett
516 1061 41 21 den
575 1068 41 20 nya
631 1060 218 28 bevillningsstadgan

99 1095 53 22 böra
167 1095 98 22 utfärdas
280 1096 7 20 i
301 1097 108 19 närmaste
425 1095 216 22 öfverensstämmelse
656 1095 48 21 med
720 1095 40 20 den
775 1094 75 28 nugäl-

98 1130 64 21 lande
184 1130 48 21 med
254 1130 75 21 endast
351 1129 68 28 nägra
440 1129 22 22 fä
484 1130 150 27 förändringar
651 1129 34 22 till
704 1129 106 22 vinnande
828 1129 25 21 af

99 1165 69 20 större
185 1164 111 27 tydlighet,
314 1164 138 27 hvarigenom
471 1164 69 21 denna
558 1164 76 27 stadga
652 1163 85 22 erhällit
756 1162 95 29 följande

99 1198 90 27 lydelse:

99 1253 114 25 Finlands
236 1252 113 26 Ständers
371 1252 132 33 bevillning
525 1253 39 25 för
585 1251 28 26 är
630 1251 57 26 1868
711 1252 43 25 och
775 1250 75 34 päföl-

260 1294 74 34 jande
353 1294 28 26 är
399 1295 39 25 till
456 1295 43 26 och
516 1295 53 26 med
586 1294 28 26 är
631 1294 61 26 1872.

419 1354 79 21 Kap.
517 1354 22 16 I.

348 1393 103 21 Föremälen
465 1394 28 20 för
507 1393 104 27 bevillning.

457 1436 45 28 $1

170 1470 68 23 Finsk
257 1471 147 29 medborgare,
424 1471 64 21 hvars
507 1478 53 14 rena
578 1470 93 22 inkomst
681 1471 42 29 för
738 1471 48 21 äret
800 1478 54 21 upp-
