1014 1723
301 130 73 23 Nådiga
386 132 136 22 Propositionen
533 132 35 18 N:o
580 133 28 17 33.
761 132 43 18 1629

148 193 33 29 B)
195 194 226 29 Hammarskattsjern.

157 229 21 27 1)
193 228 48 22 från
259 228 243 28 stångjernshamrarne,
520 229 34 22 för
571 230 74 27 hvarje
660 230 93 27 gammal
767 230 61 27 härd,

197 270 46 14 som
264 262 70 23 blifvit
355 263 150 28 privilegierad
524 264 48 24 före
591 262 25 23 år
636 265 60 25 1804,
715 264 49 22 med
782 265 48 27 fyra

196 298 40 20 och
252 299 30 20 ett
296 297 56 21 halft
366 298 112 26 skeppund
492 298 113 28 bergsvigt,
621 298 34 21 vid
670 300 52 26 nytt,
738 298 91 22 derefter

196 332 74 27 anlagt
284 332 57 25 verk,
357 332 97 26 dubbelt;
470 334 55 20 samt
535 332 35 22 för
580 332 26 22 de
618 332 32 22 till
661 332 168 22 franche-comté

195 366 52 22 eller
261 366 141 22 Lancasshire
412 367 68 21 smide
490 366 94 28 förbytta
596 366 233 28 tysksmideshärdarne

195 400 48 22 med
259 408 26 14 en
299 402 89 26 procent
403 400 25 21 af
440 400 172 28 tillverkningen;

155 435 22 27 2)
192 433 48 22 från
258 434 138 26 blästerverk,
416 442 45 14 som
475 434 113 22 innehafva
602 436 88 20 hamrar
704 436 26 20 af
741 443 46 14 mer
802 436 28 21 än

195 469 42 21 fem
259 469 97 27 lispunds
378 469 50 27 vigt,
447 469 48 22 med
513 476 27 15 en
556 471 90 25 procent
664 469 24 22 af
704 468 68 30 årliga
786 469 42 22 till-

194 502 139 28 verkningen;
349 504 56 20 samt

154 537 22 28 3)
191 536 49 22 från
257 537 97 21 valsverk
371 537 102 21 likaledes
488 537 48 22 med
551 544 27 14 en
592 539 90 26 procent
696 537 25 22 af
732 538 96 22 tillverk-

194 571 164 28 ningsbeloppet
371 571 35 21 för
420 570 52 22 året.

146 606 69 21 Dessa
229 606 82 21 skatter
325 605 65 22 hafva
404 606 68 20 under
487 604 51 23 åren
554 607 56 20 1864
625 606 40 21 och
682 607 54 20 1865
747 606 81 22 inbrin-

78 641 37 27 gat
130 640 128 22 statsverket
272 640 86 28 vidpass
374 639 120 29 fyratiofem
508 642 63 19 tusen
585 640 62 21 mark
662 647 34 15 om
711 639 52 23 året.

145 674 46 21 Hos
206 674 59 22 Hans
279 674 121 28 Kejserliga
413 674 101 27 Majestät
528 674 40 22 har
579 676 31 20 ett
621 676 69 20 större
702 675 60 21 antal
770 674 58 28 jern-

77 709 127 27 verksegare
218 709 7 21 i
240 709 91 21 Finland
349 708 115 22 framställt
482 708 120 27 huruledes,
621 709 78 22 medan
714 710 68 27 öfrige
796 709 32 22 fa-

77 743 72 22 briker
164 744 7 20 i
185 744 74 21 landet
273 744 7 20 i
295 743 68 28 skydd
382 743 24 22 af
421 743 287 28 manufakturprivilegierne
726 745 38 20 äro
780 742 48 23 från

76 778 59 22 skatt
156 777 101 27 befriade,
281 778 70 21 denna
371 778 84 22 förmon
477 778 47 21 icke
545 777 179 28 tillgodokommit
742 778 85 22 landets

73 812 102 28 jernverk
189 813 40 21 och
245 812 73 22 derför
331 812 8 20 i
354 810 170 30 underdånighet
538 811 91 22 anhållit
644 813 32 20 att
687 811 140 28 jernhandte-

77 847 76 28 ringen
171 846 66 23 måtte
255 846 34 22 för
307 846 114 22 framtiden
437 846 79 22 befrias
531 846 48 22 från
594 846 157 22 ofvannämnde
766 845 13 22 ä
793 846 34 22 sä-

75 881 36 22 väl
125 881 117 28 tackjerns-
258 888 45 15 som
318 880 284 29 stångjernstillverkningen
616 881 63 28 lagde
693 881 93 28 afgifter,
798 880 29 29 på

77 916 36 22 det
128 918 32 19 att
175 916 66 27 sagde
263 916 128 27 handtering
413 915 69 22 blefve
499 915 95 22 likställd
611 915 49 22 med
678 915 70 28 öfriga
765 915 61 22 indu-

75 951 83 21 striella
179 951 143 27 inrättningar
337 950 7 21 i
359 950 73 21 landet
451 950 40 21 och
508 949 78 22 hvaraf
599 949 128 28 jernverken
745 951 81 20 ansetts

75 992 52 15 vara
145 984 24 22 så
188 985 83 28 mycket
289 991 47 14 mer
353 984 101 28 förtjente
472 991 46 14 som
537 984 26 21 de
582 983 65 22 delvis
665 983 112 22 förädlade
796 985 30 20 ett

75 1019 106 22 inhemskt
202 1018 88 23 råämne
309 1019 40 21 och
367 1019 49 21 med
434 1020 30 20 ett
482 1018 46 22 icke
546 1019 62 26 ringa
623 1018 143 27 värdebelopp
782 1018 44 22 del-

74 1055 50 26 toge
139 1054 7 20 i
160 1054 84 21 landets
263 1055 82 25 export,
365 1052 136 28 åberopande
516 1053 132 21 sökanderne
664 1052 102 28 derjemte
780 1054 45 20 sär-

75 1088 70 22 skilda
161 1087 156 26 förhållanden,
337 1094 46 14 som
398 1086 34 22 för
446 1086 134 22 närvarande
594 1085 124 23 försvårade
730 1086 95 28 jernver-

74 1122 53 22 kens
146 1122 101 27 ställning
265 1122 41 21 och
324 1120 114 28 påkallade
452 1120 165 29 ifrågavarande
631 1120 147 28 beskattnings
793 1120 32 22 af-

73 1155 104 29 lyftande.

142 1190 50 21 Med
214 1190 114 26 anledning
347 1189 24 21 af
388 1188 69 22 denna
478 1188 148 28 underdäniga
647 1189 120 27 ansökning
785 1189 40 21 har

73 1224 60 22 Hans
155 1224 121 27 Kejserliga
297 1223 107 27 Majestät,
423 1224 66 20 sedan
508 1224 54 20 Dess
580 1223 66 21 Senat
664 1223 33 21 för
711 1223 113 21 Finland
813 1219 15 37 i

74 1260 72 20 ämnet
168 1258 83 27 afgifvit
272 1258 106 28 yttrande,
398 1257 88 22 härmed
504 1258 57 21 velat
575 1258 33 21 till
622 1257 84 22 landets
722 1257 102 22 Ständers

73 1292 189 29 grundlagsenliga
276 1292 130 28 behandling
421 1292 129 21 öfverlemna
564 1291 77 22 sådant
655 1291 81 28 förslag
750 1292 33 20 till
798 1291 26 21 ti-

73 1327 135 27 ondejernets
231 1327 40 22 och
292 1327 194 21 hammarskattens
509 1326 116 28 aflyftande
647 1326 121 26 efterhand,
792 1328 32 20 att

73 1361 62 21 dessa
150 1361 81 21 skatter
246 1360 98 27 erläggas
359 1360 33 20 för
406 1360 144 21 innevarande
565 1360 25 21 år
604 1361 53 19 1867
669 1360 49 21 med
729 1362 32 18 tre
774 1360 49 27 fjer-

72 1394 87 22 dedelar
177 1394 25 20 af
218 1394 36 21 det
272 1394 33 20 för
323 1393 74 27 hvarje
416 1394 100 20 särskildt
534 1393 51 21 verk
602 1400 30 13 nu
650 1393 122 21 fastställda
785 1393 37 21 be-

71 1430 59 26 lopp,
145 1429 34 21 för
195 1427 24 23 år
235 1430 54 19 1868
305 1428 49 21 med
368 1427 83 21 hälften
466 1428 39 21 och
521 1426 33 22 för
571 1428 53 20 1869
640 1426 49 22 med
704 1434 26 14 en
744 1426 78 28 fjerde-

72 1464 34 21 del
129 1463 67 26 deraf,
218 1462 108 23 hvarefter
347 1468 143 22 masugnarne
512 1461 40 22 och
568 1461 127 29 jernverken
713 1460 48 22 från
780 1461 41 21 och
