1017 1714
283 134 72 23 Nädiga
367 134 138 22 Propositionen
517 135 34 16 N:o
565 135 27 16 34.
759 135 43 16 1691

142 198 10 21 €
170 197 36 22 det
217 198 152 28 förhållande,
388 198 92 21 hvartill
495 198 24 21 de
535 198 37 21 vid
588 198 99 28 taxering
703 198 14 20 å
733 197 92 22 kommu-

142 232 47 22 nal-
203 232 53 25 eller
271 231 168 22 sockenstämma
453 233 9 20 i
477 232 83 21 mantal
573 231 135 29 uppskattas.

413 286 26 28 $$
455 285 15 21 6
485 286 38 21 och
541 284 20 22 7.

408 319 157 23 Oförändrade.

411 375 26 27 $$
453 373 14 21 8
482 375 39 21 och
537 372 20 23 9.

198 408 146 29 Likalydande
359 408 49 22 med
423 410 24 26 $$
463 410 12 20 7
491 409 40 22 och
547 410 12 20 8
575 408 7 22 i
599 410 33 20 1:a
646 408 142 23 alternativet.

453 464 13 27 $
481 462 34 22 10.

198 500 47 21 För
267 500 40 21 den
331 500 38 26 tid,
392 500 29 21 då
440 501 35 20 till
487 500 58 29 följe
565 500 26 28 af
607 499 217 30 krigsförhållanden

143 538 90 25 trupper
248 535 37 21 till
299 536 71 20 större
386 535 62 21 antal
462 536 40 20 äro
517 536 10 20 i
542 534 73 22 landet
626 534 100 27 samlade,
737 534 86 29 upphör

134 569 102 29 friheten
244 569 59 29 från
313 568 311 30 inqvarteringsskyldigheten
629 569 42 28 för
683 569 46 21 alla
739 568 25 22 de
772 576 53 20 per-

142 610 62 14 soner
224 603 39 21 och
275 603 140 29 fastigheter,
435 611 44 13 som
493 604 10 20 i
517 603 73 29 grund
608 603 26 28 af
649 603 26 28 $$
690 602 21 27 2,
727 602 16 21 3
757 602 39 22 och
810 602 14 22 4

142 638 40 20 äro
198 638 10 21 i
222 638 127 28 åtnjutande
369 638 26 28 af
410 638 69 20 sådan
491 638 80 28 frihet,
586 641 59 17 utom
653 638 43 28 för
712 638 112 20 allmänna

142 672 60 21 läro-
220 672 39 20 och
274 672 315 28 välgörenhetsinrättningars
605 675 54 17 samt
675 671 95 21 kronans
786 671 38 21 och

142 706 134 21 kommuners
299 706 44 26 hus,
366 706 99 21 ständer-
485 706 38 21 och
541 706 119 21 riddarhus
675 709 56 18 samt
745 705 79 21 enskil-

141 740 37 22 des
197 741 35 20 till
251 740 98 28 tingshus
367 741 102 27 upplätne
488 740 97 28 gårdar;
603 740 39 21 och
660 740 61 21 skola
735 741 88 27 ingvar-

142 773 226 29 teringskostnaderne
385 775 42 27 för
450 774 151 29 landsbygden,
619 774 66 21 sedan
703 773 121 23 sockneom-

142 808 68 22 buden
226 809 73 29 blifvit
313 809 60 29 inför
385 808 158 22 vederbörande
557 807 138 23 Guvernörer
707 809 61 28 öfver
779 809 44 21 sät-

142 846 30 18 tet
181 844 42 28 för
238 842 139 30 anskafande
393 843 26 29 af
428 843 45 26 ved,
487 844 40 28 ljus
539 843 39 21 och
589 843 114 28 sänghalm
707 843 44 29 för
763 846 60 25 trup-

137 884 69 21 perne
229 877 74 26 hörde,
326 877 25 29 af
371 876 94 22 Senaten
487 878 68 28 enligt
573 877 41 21 den
631 878 10 20 i
659 878 13 27 $
689 876 14 22 5
718 876 104 29 stadgade

140 911 73 29 grund
225 912 102 28 fördelas
341 912 32 28 på
391 912 26 21 de
435 912 258 28 inqvarteringsskyldige
711 912 10 20 i
739 912 84 26 landets

141 946 100 28 samtlige
257 945 193 27 landskommuner,
461 946 48 22 med
519 944 112 30 undantag
643 946 76 22 endast
729 946 26 29 af
764 945 59 22 sock-

140 987 69 14 narne
223 982 10 19 i
247 980 159 29 Lappmarken,
422 980 85 22 hvilken
521 981 35 21 del
571 981 26 29 af
610 981 73 21 landet
697 981 29 21 är
740 980 83 22 såväl
812 976 16 38 i

135 1015 100 29 fredstid
253 1022 45 14 som
312 1015 68 21 under
396 1014 51 30 krig
455 1016 58 28 från
529 1015 91 21 berörde
635 1015 68 29 utgift
709 1015 114 29 fritagen.

451 1070 12 28 $
482 1069 29 21 11.

201 1105 177 30 Tillämpningen
393 1106 26 29 af
432 1107 69 21 denna
517 1107 135 28 förordning
666 1107 101 29 vidtager
782 1106 40 22 den

493 1141 62 29 ifrån
570 1141 85 21 hvilken
670 1141 43 29 dag
728 1141 46 21 alla
789 1148 35 14 om

141 1175 124 28 grunderne
273 1175 45 29 för
331 1176 132 28 utgörandet
478 1176 25 29 af
512 1176 262 28 militäringvarterings-
784 1174 40 22 och

142 1209 395 30 transportskjutsningsskyldigheten
556 1209 148 29 härförinnan
721 1209 103 30 gällande

137 1244 132 29 privilegier
285 1244 38 21 och
339 1244 140 29 stadganden,
495 1244 72 21 sävidt
578 1244 26 21 de
615 1245 72 21 strida
698 1244 45 21 mot
753 1244 71 22 denna

135 1278 145 29 förordning,
296 1279 35 20 till
347 1277 61 30 kraft
423 1279 38 20 och
475 1278 82 22 verkan
570 1278 109 29 upphöra.

140 1365 97 22 Emedan
256 1365 27 22 de
300 1367 100 20 närmare
421 1365 134 28 stadganden
573 1365 94 22 rörande
683 1365 142 28 ingvarterin-

73 1406 53 22 gens
144 1399 40 22 och
199 1400 218 28 transportskjutsens
432 1399 127 29 utgörande,
574 1407 46 14 som
635 1398 119 23 innehällas
769 1399 8 21 i
790 1399 35 22 In-

74 1434 283 29 avarterings-reglementot
379 1435 24 21 af
423 1435 42 22 den
483 1436 25 21 31
529 1434 91 22 Januari
640 1435 53 21 1812
713 1434 40 22 och
772 1433 54 29 Täg-

75 1469 118 27 ordningen
211 1469 25 22 af
251 1469 42 22 den
314 1470 25 21 15
358 1469 125 28 September
503 1470 51 21 1791
575 1469 49 22 med
639 1469 51 22 flere
704 1468 122 23 författnin-
