1020 1723
332 133 85 17 Finlands
430 132 85 18 Ständers
528 133 65 16 Beslut.
771 134 43 14 1765

223 196 35 21 vid
276 196 303 26 Alexanders-Universitetet;
603 209 26 2 —
651 196 72 21 bosatt
740 196 7 21 i
765 196 26 21 N.
805 196 31 26 N.

223 231 59 25 stad;
301 243 28 3 —
347 230 72 22 bosatt
437 230 13 22 å
467 231 120 21 hemmanet
605 230 26 21 N.
646 231 26 20 N.
688 231 6 20 i
709 230 26 22 N.
750 230 26 22 N.
792 238 45 14 soc-

223 265 41 21 ken
279 265 7 20 i
300 264 25 21 N.
342 264 25 21 N.
383 265 42 24 län,
444 264 69 22 blifvit
532 264 75 21 utsedd
626 265 33 20 till
673 264 164 28 landtdagsman

222 299 8 20 i
248 298 160 22 Presteständet
425 312 27 2 —
467 298 182 28 Borgareständet
663 311 28 3 —
705 298 132 21 Bondestån-

222 332 46 26 det;
285 333 39 21 och
339 332 172 28 befullmäktigas
526 332 132 22 fördenskull
672 332 26 21 N.
714 332 25 22 N.
755 335 32 19 att
801 332 36 22 vid

223 367 40 21 den
282 366 113 28 landtdag,
411 374 45 14 som
474 367 54 21 skall
543 366 69 22 hällas
632 367 3 20 i
649 367 26 20 N.
690 367 26 21 N.
732 367 48 21 stad
796 368 40 20 och

221 403 62 25 tager
297 402 33 20 sin
344 400 77 28 början
436 401 40 21 den
493 418 3 4 .
513 417 90 5 .....
605 417 5 10 ,
627 401 84 27 deltaga
729 401 7 21 i
754 400 82 22 rädsla-

222 443 40 20 gen
278 436 40 21 och
328 435 85 22 besluta
424 443 34 14 om
470 435 108 22 derstädes
590 434 173 23 förekommande
775 436 60 21 ären-

222 470 44 21 der.
296 470 40 21 Ort
351 470 40 21 och
405 470 48 21 tid.*

431 522 11 27 g
459 523 33 20 16.

136 560 2 2 *
153 565 43 21 Vill
214 564 71 28 någon
303 564 76 22 anföra
400 563 107 29 klagomål
529 564 58 22 öfver
609 565 227 28 landtdagsmannaval

85 600 58 21 inom
157 600 105 27 Borgare-
278 599 51 22 eller
344 599 164 26 Bondeständet,
524 606 50 21 eger
589 599 43 21 han
647 599 38 21 hos
700 599 136 22 valförrätta-

85 641 39 15 ren
142 635 51 20 äska
212 634 98 27 behörigt
328 634 206 27 protokollsutdrag,
554 634 79 21 hvilket
648 634 86 21 sednast
749 633 35 22 tvä
799 634 37 21 da-

86 676 39 21 gar
140 669 91 21 derefter
246 669 40 20 bör
300 668 33 21 till
348 668 119 28 klaganden
481 669 115 25 utlemnas;
613 669 39 20 och
668 669 53 20 skall
736 669 49 25 han,
801 669 35 21 vid

85 703 70 22 talans
174 703 83 25 förlust,
276 703 57 21 inom
352 703 79 27 fjorton
450 703 73 27 dagar,
538 703 95 21 räknade
652 702 48 21 frän
719 703 68 27 dagen
802 703 34 21 för

85 738 197 27 valförrättningen,
301 737 80 28 ingifva
400 737 46 21 sina
465 737 75 21 besvär
555 737 32 21 till
603 737 102 28 Kejsaren
722 737 39 21 och
777 737 58 21 Stor-

85 772 93 22 furstens
193 771 241 28 befallningshafvande,
450 779 51 18 som,
513 772 7 21 i
531 771 39 22 fall
584 771 47 22 skäl
646 771 68 22 dertill
730 771 106 22 förekom-

85 814 52 19 mer,
152 814 50 21 eger
216 807 7 20 i
238 807 121 27 embetsväg
370 806 96 21 infordra
478 806 169 21 vederbörandes
659 806 118 27 förklaring
789 806 46 21 der-

85 841 64 27 öfver,
169 844 32 19 att
218 842 58 21 inom
291 841 41 22 viss
351 841 49 21 kort
417 841 31 21 tid
467 841 96 27 afgifvas,
583 841 40 21 och
641 841 122 21 sedermera
777 841 58 21 med-

85 876 59 22 delar
159 877 37 21 sitt
211 876 70 28 utslag
296 876 7 21 i
318 875 70 27 mälet,
406 876 84 21 sednast
509 875 68 28 dagen
593 875 53 21 efter
661 876 46 23 den,
724 874 13 22 &
751 875 85 22 hvilken

84 911 59 22 tiden
161 912 34 20 för
213 911 129 27 förklarings
360 910 121 28 afgifvande
500 909 46 29 gätt
567 910 33 21 till
623 910 62 21 ända.
718 910 47 22 Den
787 910 48 21 med

85 946 114 28 Kejsarens
224 945 244 28 hefallningshafvandes
490 945 71 27 utslag
583 944 115 28 missnöjde
721 952 49 20 eger
793 946 42 24 att,

85 981 86 21 sednast
185 980 46 21 ätta
247 980 66 27 dagar
329 980 53 21 efter
398 980 61 20 deraf
472 978 94 23 erhällen
583 979 39 26 del,
635 979 95 21 deremot
744 978 92 28 fullfölja

85 1015 47 21 sina
146 1015 81 25 besvär,
243 1014 72 21 hvilka
329 1014 54 21 böra
397 1014 103 21 inlemnas
515 1014 33 20 till
563 1020 80 14 samme
660 1013 175 27 befallningshaf-

84 1049 68 22 vande
171 1049 40 21 och
229 1049 24 21 af
273 1049 84 25 honom,
378 1048 66 28 jemte
467 1048 96 21 deröfver
584 1048 111 20 infordrad
717 1048 118 27 förklaring

85 1084 40 21 och
140 1086 48 25 eget
202 1083 99 28 yttrande
317 1085 55 19 samt
386 1082 155 28 handlingarne
553 1082 6 21 i
571 1082 94 26 ärendet,
682 1082 153 27 ofördröjligen

83 1118 101 22 insändas
202 1118 33 21 till
252 1118 83 21 landets
354 1118 77 27 högsta
446 1117 102 27 judiciela
570 1117 128 27 myndighet,
718 1124 45 14 som
787 1116 47 22 dem

85 1152 124 29 skyndsamt
222 1154 106 26 upptager
344 1152 39 21 och
399 1152 67 27 afgör.

153 1186 113 28 Klagomål
285 1186 57 22 öfver
360 1186 35 21 val
413 1186 33 21 till
464 1186 165 27 landtdagsman
647 1186 6 20 i
675 1184 161 23 Presteständet

85 1221 92 25 anföras,
193 1221 33 21 för
241 1220 159 28 presterskapet
415 1220 39 21 och
472 1220 117 22 skollärare
604 1220 8 20 i
627 1220 79 25 stiften,
722 1220 38 20 hos
776 1219 59 21 dom-

84 1255 105 27 kapitlen;
209 1255 39 21 och
267 1254 62 28 följas
348 1254 73 21 dervid
439 1255 8 19 i
464 1254 66 28 öfrigt
547 1254 43 21 lika
613 1254 89 27 ordning
726 1254 39 21 och
785 1261 49 13 ena-

84 1289 72 21 handa
171 1289 100 27 grunder,
287 1296 45 14 som
350 1289 40 20 här
409 1288 108 21 ofvanföre
535 1288 68 21 finnas
622 1288 119 21 utstakade.
772 1283 63 25 Öfver

84 1323 35 21 val
134 1323 23 21 af
169 1322 164 28 landtdagsman
345 1323 35 20 vid
392 1322 150 22 Universitetet
557 1322 87 21 anföras
659 1320 107 29 klagomäl
777 1322 58 20 inom

84 1358 79 26 fjorton
187 1358 67 26 dagar
277 1356 91 21 derefter
390 1357 38 19 hos
450 1357 83 19 landets
555 1357 77 26 högsta
651 1356 103 27 judiciela
776 1363 59 19 myn-

85 1390 80 28 dighet.

431 1424 10 27 8
459 1425 32 19 17.

152 1468 25 28 Ej
198 1467 34 22 mä
248 1468 46 26 den,
310 1475 45 14 som
371 1468 34 21 till
419 1467 164 27 landtdagsman
598 1466 70 22 blifvit
682 1466 55 26 vald,
753 1466 82 21 undan-
