<?xml version="1.0" encoding="UTF-8"?>
<alto xmlns="http://www.loc.gov/standards/alto/ns-v3#" xmlns:xlink="http://www.w3.org/1999/xlink" xmlns:xsi="http://www.w3.org/2001/XMLSchema-instance" xsi:schemaLocation="http://www.loc.gov/standards/alto/ns-v3# http://www.loc.gov/alto/v3/alto-3-0.xsd">
	<Description>
		<MeasurementUnit>pixel</MeasurementUnit>
		<sourceImageInformation>
			<fileName>/tmp/tess_up2ki7ys_input.PNG</fileName>
		</sourceImageInformation>
		<OCRProcessing ID="OCR_0">
			<ocrProcessingStep>
				<processingSoftware>
					<softwareName>tesseract 5.3.4</softwareName>
				</processingSoftware>
			</ocrProcessingStep>
		</OCRProcessing>
	</Description>
	<Layout>
		<Page WIDTH="992" HEIGHT="1720" PHYSICAL_IMG_NR="0" ID="page_0">
			<PrintSpace HPOS="0" VPOS="0" WIDTH="992" HEIGHT="1720">
				<ComposedBlock ID="cblock_0" HPOS="276" VPOS="139" WIDTH="505" HEIGHT="23">
					<TextBlock ID="block_0" HPOS="276" VPOS="139" WIDTH="505" HEIGHT="23">
						<TextLine ID="line_0" HPOS="276" VPOS="139" WIDTH="505" HEIGHT="23">
							<String ID="string_0" HPOS="276" VPOS="139" WIDTH="72" HEIGHT="23" WC="0.92" CONTENT="Nådiga"/><SP WIDTH="11" VPOS="139" HPOS="348"/>
							<String ID="string_1" HPOS="359" VPOS="141" WIDTH="137" HEIGHT="21" WC="0.95" CONTENT="Propositionen"/><SP WIDTH="12" VPOS="141" HPOS="496"/>
							<String ID="string_2" HPOS="508" VPOS="141" WIDTH="35" HEIGHT="18" WC="0.96" CONTENT="N:o"/><SP WIDTH="13" VPOS="141" HPOS="543"/>
							<String ID="string_3" HPOS="556" VPOS="142" WIDTH="27" HEIGHT="16" WC="0.95" CONTENT="26."/><SP WIDTH="154" VPOS="142" HPOS="583"/>
							<String ID="string_4" HPOS="737" VPOS="143" WIDTH="44" HEIGHT="16" WC="0.95" CONTENT="1307"/>
						</TextLine>
					</TextBlock>
				</ComposedBlock>
				<ComposedBlock ID="cblock_1" HPOS="54" VPOS="201" WIDTH="749" HEIGHT="99">
					<TextBlock ID="block_1" HPOS="54" VPOS="201" WIDTH="749" HEIGHT="99">
						<TextLine ID="line_1" HPOS="54" VPOS="201" WIDTH="749" HEIGHT="32">
							<String ID="string_5" HPOS="54" VPOS="201" WIDTH="100" HEIGHT="28" WC="0.96" CONTENT="gällande"/><SP WIDTH="18" VPOS="201" HPOS="154"/>
							<String ID="string_6" HPOS="172" VPOS="201" WIDTH="48" HEIGHT="22" WC="0.96" CONTENT="från"/><SP WIDTH="19" VPOS="201" HPOS="220"/>
							<String ID="string_7" HPOS="239" VPOS="202" WIDTH="40" HEIGHT="22" WC="0.95" CONTENT="den"/><SP WIDTH="17" VPOS="202" HPOS="279"/>
							<String ID="string_8" HPOS="296" VPOS="204" WIDTH="10" HEIGHT="19" WC="0.95" CONTENT="1"/><SP WIDTH="17" VPOS="204" HPOS="306"/>
							<String ID="string_9" HPOS="323" VPOS="203" WIDTH="90" HEIGHT="21" WC="0.96" CONTENT="Januari"/><SP WIDTH="17" VPOS="203" HPOS="413"/>
							<String ID="string_10" HPOS="430" VPOS="205" WIDTH="39" HEIGHT="19" WC="0.96" CONTENT="186"/><SP WIDTH="29" VPOS="205" HPOS="469"/>
							<String ID="string_11" HPOS="498" VPOS="211" WIDTH="49" HEIGHT="14" WC="0.96" CONTENT="men"/><SP WIDTH="14" VPOS="211" HPOS="547"/>
							<String ID="string_12" HPOS="561" VPOS="204" WIDTH="46" HEIGHT="22" WC="0.93" CONTENT="icke"/><SP WIDTH="15" VPOS="204" HPOS="607"/>
							<String ID="string_13" HPOS="622" VPOS="197" WIDTH="96" HEIGHT="40" WC="0.93" CONTENT="medföra"/><SP WIDTH="14" VPOS="197" HPOS="718"/>
							<String ID="string_14" HPOS="732" VPOS="204" WIDTH="71" HEIGHT="29" WC="0.94" CONTENT="någon"/>
						</TextLine>
						<TextLine ID="line_2" HPOS="55" VPOS="235" WIDTH="748" HEIGHT="32">
							<String ID="string_15" HPOS="55" VPOS="236" WIDTH="79" HEIGHT="21" WC="0.93" CONTENT="verkan"/><SP WIDTH="18" VPOS="236" HPOS="134"/>
							<String ID="string_16" HPOS="152" VPOS="235" WIDTH="14" HEIGHT="22" WC="0.91" CONTENT="å"/><SP WIDTH="16" VPOS="235" HPOS="166"/>
							<String ID="string_17" HPOS="182" VPOS="236" WIDTH="148" HEIGHT="28" WC="0.92" CONTENT="inteckningar"/><SP WIDTH="15" VPOS="236" HPOS="330"/>
							<String ID="string_18" HPOS="345" VPOS="238" WIDTH="40" HEIGHT="20" WC="0.93" CONTENT="och"/><SP WIDTH="15" VPOS="238" HPOS="385"/>
							<String ID="string_19" HPOS="400" VPOS="238" WIDTH="233" HEIGHT="27" WC="0.92" CONTENT="inteckningsanspråk,"/><SP WIDTH="16" VPOS="238" HPOS="633"/>
							<String ID="string_20" HPOS="649" VPOS="246" WIDTH="46" HEIGHT="14" WC="0.96" CONTENT="som"/><SP WIDTH="14" VPOS="246" HPOS="695"/>
							<String ID="string_21" HPOS="709" VPOS="240" WIDTH="94" HEIGHT="27" WC="0.96" CONTENT="grundas"/>
						</TextLine>
						<TextLine ID="line_3" HPOS="55" VPOS="268" WIDTH="615" HEIGHT="32">
							<String ID="string_22" HPOS="55" VPOS="268" WIDTH="13" HEIGHT="23" WC="0.90" CONTENT="å"/><SP WIDTH="14" VPOS="268" HPOS="68"/>
							<String ID="string_23" HPOS="82" VPOS="270" WIDTH="148" HEIGHT="26" WC="0.96" CONTENT="förbindelser,"/><SP WIDTH="16" VPOS="270" HPOS="230"/>
							<String ID="string_24" HPOS="246" VPOS="270" WIDTH="108" HEIGHT="28" WC="0.95" CONTENT="ingångna"/><SP WIDTH="14" VPOS="270" HPOS="354"/>
							<String ID="string_25" HPOS="368" VPOS="271" WIDTH="91" HEIGHT="28" WC="0.96" CONTENT="tidigare"/><SP WIDTH="15" VPOS="271" HPOS="459"/>
							<String ID="string_26" HPOS="474" VPOS="273" WIDTH="28" HEIGHT="20" WC="0.96" CONTENT="än"/><SP WIDTH="14" VPOS="273" HPOS="502"/>
							<String ID="string_27" HPOS="516" VPOS="272" WIDTH="92" HEIGHT="22" WC="0.96" CONTENT="nämnde"/><SP WIDTH="15" VPOS="272" HPOS="608"/>
							<String ID="string_28" HPOS="623" VPOS="272" WIDTH="47" HEIGHT="28" WC="0.96" CONTENT="dag."/>
						</TextLine>
					</TextBlock>
				</ComposedBlock>
				<ComposedBlock ID="cblock_2" HPOS="123" VPOS="324" WIDTH="682" HEIGHT="98">
					<TextBlock ID="block_2" HPOS="123" VPOS="324" WIDTH="682" HEIGHT="98">
						<TextLine ID="line_4" HPOS="179" VPOS="324" WIDTH="625" HEIGHT="31">
							<String ID="string_29" HPOS="179" VPOS="324" WIDTH="127" HEIGHT="28" WC="0.90" CONTENT="Enligheten"/><SP WIDTH="22" VPOS="324" HPOS="306"/>
							<String ID="string_30" HPOS="328" VPOS="325" WIDTH="48" HEIGHT="21" WC="0.96" CONTENT="med"/><SP WIDTH="23" VPOS="325" HPOS="376"/>
							<String ID="string_31" HPOS="399" VPOS="326" WIDTH="35" HEIGHT="21" WC="0.96" CONTENT="det"/><SP WIDTH="18" VPOS="326" HPOS="434"/>
							<String ID="string_32" HPOS="452" VPOS="326" WIDTH="24" HEIGHT="21" WC="0.96" CONTENT="af"/><SP WIDTH="15" VPOS="326" HPOS="476"/>
							<String ID="string_33" HPOS="491" VPOS="326" WIDTH="60" HEIGHT="22" WC="0.96" CONTENT="Hans"/><SP WIDTH="19" VPOS="326" HPOS="551"/>
							<String ID="string_34" HPOS="570" VPOS="327" WIDTH="119" HEIGHT="28" WC="0.96" CONTENT="Kejserliga"/><SP WIDTH="14" VPOS="327" HPOS="689"/>
							<String ID="string_35" HPOS="703" VPOS="327" WIDTH="101" HEIGHT="28" WC="0.96" CONTENT="Majestät"/>
						</TextLine>
						<TextLine ID="line_5" HPOS="123" VPOS="358" WIDTH="682" HEIGHT="32">
							<String ID="string_36" HPOS="123" VPOS="358" WIDTH="85" HEIGHT="28" WC="0.93" CONTENT="nädigst"/><SP WIDTH="12" VPOS="358" HPOS="208"/>
							<String ID="string_37" HPOS="220" VPOS="359" WIDTH="113" HEIGHT="27" WC="0.96" CONTENT="godkända"/><SP WIDTH="10" VPOS="359" HPOS="333"/>
							<String ID="string_38" HPOS="343" VPOS="360" WIDTH="87" HEIGHT="27" WC="0.95" CONTENT="förslag,"/><SP WIDTH="12" VPOS="360" HPOS="430"/>
							<String ID="string_39" HPOS="442" VPOS="360" WIDTH="120" HEIGHT="28" WC="0.96" CONTENT="bestyrker:"/><SP WIDTH="23" VPOS="360" HPOS="562"/>
							<String ID="string_40" HPOS="585" VPOS="361" WIDTH="139" HEIGHT="28" WC="0.93" CONTENT="Helsingfors,"/><SP WIDTH="15" VPOS="361" HPOS="724"/>
							<String ID="string_41" HPOS="739" VPOS="361" WIDTH="8" HEIGHT="22" WC="0.89" CONTENT="ä"/><SP WIDTH="7" VPOS="361" HPOS="747"/>
							<String ID="string_42" HPOS="754" VPOS="362" WIDTH="51" HEIGHT="28" WC="0.93" CONTENT="Kej-"/>
						</TextLine>
						<TextLine ID="line_6" HPOS="123" VPOS="393" WIDTH="574" HEIGHT="29">
							<String ID="string_43" HPOS="123" VPOS="393" WIDTH="79" HEIGHT="29" WC="0.92" CONTENT="serliga"/><SP WIDTH="14" VPOS="393" HPOS="202"/>
							<String ID="string_44" HPOS="216" VPOS="394" WIDTH="93" HEIGHT="21" WC="0.91" CONTENT="Senaten"/><SP WIDTH="14" VPOS="394" HPOS="309"/>
							<String ID="string_45" HPOS="323" VPOS="394" WIDTH="33" HEIGHT="21" WC="0.96" CONTENT="för"/><SP WIDTH="14" VPOS="394" HPOS="356"/>
							<String ID="string_46" HPOS="370" VPOS="394" WIDTH="92" HEIGHT="22" WC="0.97" CONTENT="Finland"/><SP WIDTH="15" VPOS="394" HPOS="462"/>
							<String ID="string_47" HPOS="477" VPOS="395" WIDTH="41" HEIGHT="21" WC="0.96" CONTENT="den"/><SP WIDTH="15" VPOS="395" HPOS="518"/>
							<String ID="string_48" HPOS="533" VPOS="397" WIDTH="14" HEIGHT="19" WC="0.96" CONTENT="4"/><SP WIDTH="14" VPOS="397" HPOS="547"/>
							<String ID="string_49" HPOS="561" VPOS="395" WIDTH="58" HEIGHT="24" WC="0.96" CONTENT="Mars"/><SP WIDTH="17" VPOS="395" HPOS="619"/>
							<String ID="string_50" HPOS="636" VPOS="398" WIDTH="61" HEIGHT="19" WC="0.96" CONTENT="1867."/>
						</TextLine>
					</TextBlock>
				</ComposedBlock>
				<ComposedBlock ID="cblock_3" HPOS="482" VPOS="466" WIDTH="321" HEIGHT="55">
					<TextBlock ID="block_3" HPOS="482" VPOS="466" WIDTH="321" HEIGHT="55">
						<TextLine ID="line_7" HPOS="569" VPOS="466" WIDTH="130" HEIGHT="19">
							<String ID="string_51" HPOS="569" VPOS="466" WIDTH="17" HEIGHT="19" WC="0.86" CONTENT="J."/><SP WIDTH="13" VPOS="466" HPOS="586"/>
							<String ID="string_52" HPOS="599" VPOS="466" WIDTH="100" HEIGHT="19" WC="0.95" CONTENT="Snellman."/>
						</TextLine>
						<TextLine ID="line_8" HPOS="482" VPOS="503" WIDTH="321" HEIGHT="18">
							<String ID="string_53" HPOS="482" VPOS="503" WIDTH="70" HEIGHT="18" WC="0.93" CONTENT="Allmän"/><SP WIDTH="11" VPOS="503" HPOS="552"/>
							<String ID="string_54" HPOS="563" VPOS="504" WIDTH="240" HEIGHT="17" WC="0.87" CONTENT="Referendariesekreterare."/>
						</TextLine>
					</TextBlock>
				</ComposedBlock>
				<ComposedBlock ID="cblock_4" HPOS="85" VPOS="655" WIDTH="689" HEIGHT="118">
					<TextBlock ID="block_4" HPOS="85" VPOS="655" WIDTH="689" HEIGHT="118">
						<TextLine ID="line_9" HPOS="85" VPOS="655" WIDTH="689" HEIGHT="34">
							<String ID="string_55" HPOS="85" VPOS="655" WIDTH="101" HEIGHT="33" WC="0.92" CONTENT="Förslag"/><SP WIDTH="20" VPOS="655" HPOS="186"/>
							<String ID="string_56" HPOS="206" VPOS="656" WIDTH="41" HEIGHT="25" WC="0.93" CONTENT="till"/><SP WIDTH="17" VPOS="656" HPOS="247"/>
							<String ID="string_57" HPOS="264" VPOS="656" WIDTH="150" HEIGHT="32" WC="0.92" CONTENT="Förordning"/><SP WIDTH="17" VPOS="656" HPOS="414"/>
							<String ID="string_58" HPOS="431" VPOS="663" WIDTH="37" HEIGHT="19" WC="0.93" CONTENT="om"/><SP WIDTH="16" VPOS="663" HPOS="468"/>
							<String ID="string_59" HPOS="484" VPOS="657" WIDTH="161" HEIGHT="32" WC="0.90" CONTENT="borgenärers"/><SP WIDTH="17" VPOS="657" HPOS="645"/>
							<String ID="string_60" HPOS="662" VPOS="657" WIDTH="51" HEIGHT="26" WC="0.97" CONTENT="rätt"/><SP WIDTH="17" VPOS="657" HPOS="713"/>
							<String ID="string_61" HPOS="730" VPOS="657" WIDTH="44" HEIGHT="26" WC="0.96" CONTENT="och"/>
						</TextLine>
						<TextLine ID="line_10" HPOS="96" VPOS="699" WIDTH="663" HEIGHT="34">
							<String ID="string_62" HPOS="96" VPOS="699" WIDTH="122" HEIGHT="25" WC="0.92" CONTENT="företräde"/><SP WIDTH="17" VPOS="699" HPOS="218"/>
							<String ID="string_63" HPOS="235" VPOS="699" WIDTH="39" HEIGHT="25" WC="0.93" CONTENT="för"/><SP WIDTH="17" VPOS="699" HPOS="274"/>
							<String ID="string_64" HPOS="291" VPOS="699" WIDTH="137" HEIGHT="26" WC="0.92" CONTENT="hvarandra"/><SP WIDTH="17" VPOS="699" HPOS="428"/>
							<String ID="string_65" HPOS="445" VPOS="699" WIDTH="39" HEIGHT="27" WC="0.96" CONTENT="till"/><SP WIDTH="18" VPOS="699" HPOS="484"/>
							<String ID="string_66" HPOS="502" VPOS="699" WIDTH="124" HEIGHT="33" WC="0.91" CONTENT="betalning"/><SP WIDTH="16" VPOS="699" HPOS="626"/>
							<String ID="string_67" HPOS="642" VPOS="707" WIDTH="32" HEIGHT="18" WC="0.93" CONTENT="ur"/><SP WIDTH="17" VPOS="707" HPOS="674"/>
							<String ID="string_68" HPOS="691" VPOS="707" WIDTH="68" HEIGHT="26" WC="0.89" CONTENT="egen-"/>
						</TextLine>
						<TextLine ID="line_11" HPOS="166" VPOS="741" WIDTH="527" HEIGHT="32">
							<String ID="string_69" HPOS="166" VPOS="741" WIDTH="57" HEIGHT="32" WC="0.96" CONTENT="dom,"/><SP WIDTH="19" VPOS="741" HPOS="223"/>
							<String ID="string_70" HPOS="242" VPOS="748" WIDTH="50" HEIGHT="19" WC="0.93" CONTENT="som"/><SP WIDTH="16" VPOS="748" HPOS="292"/>
							<String ID="string_71" HPOS="308" VPOS="741" WIDTH="82" HEIGHT="26" WC="0.90" CONTENT="blifvit"/><SP WIDTH="17" VPOS="741" HPOS="390"/>
							<String ID="string_72" HPOS="407" VPOS="742" WIDTH="39" HEIGHT="26" WC="0.96" CONTENT="till"/><SP WIDTH="17" VPOS="742" HPOS="446"/>
							<String ID="string_73" HPOS="463" VPOS="742" WIDTH="109" HEIGHT="27" WC="0.93" CONTENT="konkurs"/><SP WIDTH="18" VPOS="742" HPOS="572"/>
							<String ID="string_74" HPOS="590" VPOS="742" WIDTH="103" HEIGHT="27" WC="0.91" CONTENT="afträdd."/>
						</TextLine>
					</TextBlock>
				</ComposedBlock>
				<ComposedBlock ID="cblock_5" HPOS="54" VPOS="810" WIDTH="749" HEIGHT="459">
					<TextBlock ID="block_5" HPOS="406" VPOS="810" WIDTH="46" HEIGHT="27">
						<TextLine ID="line_12" HPOS="406" VPOS="810" WIDTH="46" HEIGHT="27">
							<String ID="string_75" HPOS="406" VPOS="810" WIDTH="11" HEIGHT="27" WC="0.89" CONTENT="8"/><SP WIDTH="18" VPOS="810" HPOS="417"/>
							<String ID="string_76" HPOS="435" VPOS="811" WIDTH="17" HEIGHT="20" WC="0.91" CONTENT="1."/>
						</TextLine>
					</TextBlock>
					<TextBlock ID="block_6" HPOS="54" VPOS="851" WIDTH="749" HEIGHT="161">
						<TextLine ID="line_13" HPOS="123" VPOS="851" WIDTH="680" HEIGHT="29">
							<String ID="string_77" HPOS="123" VPOS="851" WIDTH="34" HEIGHT="22" WC="0.90" CONTENT="Dä"/><SP WIDTH="21" VPOS="851" HPOS="157"/>
							<String ID="string_78" HPOS="178" VPOS="851" WIDTH="138" HEIGHT="22" WC="0.91" CONTENT="konkursmäl"/><SP WIDTH="22" VPOS="851" HPOS="316"/>
							<String ID="string_79" HPOS="338" VPOS="852" WIDTH="90" HEIGHT="28" WC="0.91" CONTENT="afgöres,"/><SP WIDTH="24" VPOS="852" HPOS="428"/>
							<String ID="string_80" HPOS="452" VPOS="860" WIDTH="38" HEIGHT="20" WC="0.92" CONTENT="ege"/><SP WIDTH="19" VPOS="860" HPOS="490"/>
							<String ID="string_81" HPOS="509" VPOS="853" WIDTH="123" HEIGHT="26" WC="0.91" CONTENT="domstolen,"/><SP WIDTH="20" VPOS="853" HPOS="632"/>
							<String ID="string_82" HPOS="652" VPOS="854" WIDTH="53" HEIGHT="21" WC="0.93" CONTENT="efter"/><SP WIDTH="18" VPOS="854" HPOS="705"/>
							<String ID="string_83" HPOS="723" VPOS="854" WIDTH="80" HEIGHT="21" WC="0.91" CONTENT="nedan-"/>
						</TextLine>
						<TextLine ID="line_14" HPOS="54" VPOS="887" WIDTH="747" HEIGHT="29">
							<String ID="string_84" HPOS="54" VPOS="887" WIDTH="46" HEIGHT="21" WC="0.92" CONTENT="före"/><SP WIDTH="22" VPOS="887" HPOS="100"/>
							<String ID="string_85" HPOS="122" VPOS="887" WIDTH="121" HEIGHT="21" WC="0.92" CONTENT="fastställda"/><SP WIDTH="15" VPOS="887" HPOS="243"/>
							<String ID="string_86" HPOS="258" VPOS="887" WIDTH="98" HEIGHT="27" WC="0.93" CONTENT="grunder,"/><SP WIDTH="16" VPOS="887" HPOS="356"/>
							<String ID="string_87" HPOS="372" VPOS="887" WIDTH="76" HEIGHT="27" WC="0.92" CONTENT="pröfva"/><SP WIDTH="14" VPOS="887" HPOS="448"/>
							<String ID="string_88" HPOS="462" VPOS="888" WIDTH="40" HEIGHT="21" WC="0.93" CONTENT="och"/><SP WIDTH="15" VPOS="888" HPOS="502"/>
							<String ID="string_89" HPOS="517" VPOS="888" WIDTH="118" HEIGHT="21" WC="0.91" CONTENT="bestämma"/><SP WIDTH="15" VPOS="888" HPOS="635"/>
							<String ID="string_90" HPOS="650" VPOS="888" WIDTH="40" HEIGHT="21" WC="0.96" CONTENT="den"/><SP WIDTH="15" VPOS="888" HPOS="690"/>
							<String ID="string_91" HPOS="705" VPOS="888" WIDTH="96" HEIGHT="28" WC="0.96" CONTENT="ordning,"/>
						</TextLine>
						<TextLine ID="line_15" HPOS="54" VPOS="922" WIDTH="748" HEIGHT="29">
							<String ID="string_92" HPOS="54" VPOS="922" WIDTH="61" HEIGHT="21" WC="0.92" CONTENT="hvari"/><SP WIDTH="15" VPOS="922" HPOS="115"/>
							<String ID="string_93" HPOS="130" VPOS="922" WIDTH="168" HEIGHT="27" WC="0.92" CONTENT="borgenärernes"/><SP WIDTH="14" VPOS="922" HPOS="298"/>
							<String ID="string_94" HPOS="312" VPOS="922" WIDTH="122" HEIGHT="28" WC="0.93" CONTENT="fordringar"/><SP WIDTH="15" VPOS="922" HPOS="434"/>
							<String ID="string_95" HPOS="449" VPOS="922" WIDTH="60" HEIGHT="22" WC="0.96" CONTENT="skola"/><SP WIDTH="14" VPOS="922" HPOS="509"/>
							<String ID="string_96" HPOS="523" VPOS="930" WIDTH="26" HEIGHT="13" WC="0.96" CONTENT="ur"/><SP WIDTH="15" VPOS="930" HPOS="549"/>
							<String ID="string_97" HPOS="564" VPOS="923" WIDTH="25" HEIGHT="21" WC="0.93" CONTENT="de"/><SP WIDTH="16" VPOS="923" HPOS="589"/>
							<String ID="string_98" HPOS="605" VPOS="922" WIDTH="99" HEIGHT="22" WC="0.92" CONTENT="afträdda"/><SP WIDTH="13" VPOS="922" HPOS="704"/>
							<String ID="string_99" HPOS="717" VPOS="922" WIDTH="85" HEIGHT="29" WC="0.90" CONTENT="tillgän-"/>
						</TextLine>
						<TextLine ID="line_16" HPOS="55" VPOS="955" WIDTH="748" HEIGHT="31">
							<String ID="string_100" HPOS="55" VPOS="964" WIDTH="67" HEIGHT="20" WC="0.92" CONTENT="garne"/><SP WIDTH="20" VPOS="964" HPOS="122"/>
							<String ID="string_101" HPOS="142" VPOS="955" WIDTH="58" HEIGHT="29" WC="0.92" CONTENT="utgä,"/><SP WIDTH="19" VPOS="955" HPOS="200"/>
							<String ID="string_102" HPOS="219" VPOS="956" WIDTH="8" HEIGHT="21" WC="0.93" CONTENT="i"/><SP WIDTH="18" VPOS="956" HPOS="227"/>
							<String ID="string_103" HPOS="245" VPOS="956" WIDTH="101" HEIGHT="22" WC="0.93" CONTENT="händelse"/><SP WIDTH="23" VPOS="956" HPOS="346"/>
							<String ID="string_104" HPOS="369" VPOS="956" WIDTH="62" HEIGHT="22" WC="0.91" CONTENT="dessa"/><SP WIDTH="22" VPOS="956" HPOS="431"/>
							<String ID="string_105" HPOS="453" VPOS="957" WIDTH="18" HEIGHT="27" WC="0.87" CONTENT="ej"/><SP WIDTH="23" VPOS="957" HPOS="471"/>
							<String ID="string_106" HPOS="494" VPOS="956" WIDTH="67" HEIGHT="22" WC="0.92" CONTENT="förslä"/><SP WIDTH="21" VPOS="956" HPOS="561"/>
							<String ID="string_107" HPOS="582" VPOS="957" WIDTH="33" HEIGHT="21" WC="0.95" CONTENT="till"/><SP WIDTH="21" VPOS="957" HPOS="615"/>
							<String ID="string_108" HPOS="636" VPOS="957" WIDTH="39" HEIGHT="21" WC="0.96" CONTENT="full"/><SP WIDTH="18" VPOS="957" HPOS="675"/>
							<String ID="string_109" HPOS="693" VPOS="957" WIDTH="110" HEIGHT="29" WC="0.96" CONTENT="betalning"/>
						</TextLine>
						<TextLine ID="line_17" HPOS="55" VPOS="990" WIDTH="87" HEIGHT="22">
							<String ID="string_110" HPOS="55" VPOS="990" WIDTH="23" HEIGHT="22" WC="0.94" CONTENT="ät"/><SP WIDTH="14" VPOS="990" HPOS="78"/>
							<String ID="string_111" HPOS="92" VPOS="991" WIDTH="50" HEIGHT="21" WC="0.96" CONTENT="alla."/>
						</TextLine>
					</TextBlock>
					<TextBlock ID="block_7" HPOS="405" VPOS="1028" WIDTH="47" HEIGHT="28">
						<TextLine ID="line_18" HPOS="405" VPOS="1028" WIDTH="47" HEIGHT="28">
							<String ID="string_112" HPOS="405" VPOS="1028" WIDTH="11" HEIGHT="28" WC="0.44" CONTENT="&amp;"/><SP WIDTH="17" VPOS="1028" HPOS="416"/>
							<String ID="string_113" HPOS="433" VPOS="1029" WIDTH="19" HEIGHT="20" WC="0.89" CONTENT="2."/>
						</TextLine>
					</TextBlock>
					<TextBlock ID="block_8" HPOS="54" VPOS="1070" WIDTH="749" HEIGHT="199">
						<TextLine ID="line_19" HPOS="122" VPOS="1070" WIDTH="679" HEIGHT="28">
							<String ID="string_114" HPOS="122" VPOS="1070" WIDTH="78" HEIGHT="22" WC="0.94" CONTENT="Finnes"/><SP WIDTH="18" VPOS="1070" HPOS="200"/>
							<String ID="string_115" HPOS="218" VPOS="1070" WIDTH="7" HEIGHT="21" WC="0.93" CONTENT="i"/><SP WIDTH="19" VPOS="1070" HPOS="225"/>
							<String ID="string_116" HPOS="244" VPOS="1070" WIDTH="112" HEIGHT="28" WC="0.91" CONTENT="gäldenärs"/><SP WIDTH="21" VPOS="1070" HPOS="356"/>
							<String ID="string_117" HPOS="377" VPOS="1070" WIDTH="28" HEIGHT="22" WC="0.96" CONTENT="bo"/><SP WIDTH="22" VPOS="1070" HPOS="405"/>
							<String ID="string_118" HPOS="427" VPOS="1070" WIDTH="71" HEIGHT="28" WC="0.96" CONTENT="något,"/><SP WIDTH="23" VPOS="1070" HPOS="498"/>
							<String ID="string_119" HPOS="521" VPOS="1078" WIDTH="45" HEIGHT="14" WC="0.93" CONTENT="som"/><SP WIDTH="22" VPOS="1078" HPOS="566"/>
							<String ID="string_120" HPOS="588" VPOS="1071" WIDTH="64" HEIGHT="21" WC="0.88" CONTENT="hörer"/><SP WIDTH="18" VPOS="1071" HPOS="652"/>
							<String ID="string_121" HPOS="670" VPOS="1078" WIDTH="71" HEIGHT="14" WC="0.96" CONTENT="annan"/><SP WIDTH="18" VPOS="1078" HPOS="741"/>
							<String ID="string_122" HPOS="759" VPOS="1071" WIDTH="42" HEIGHT="27" WC="0.96" CONTENT="till;"/>
						</TextLine>
						<TextLine ID="line_20" HPOS="55" VPOS="1104" WIDTH="747" HEIGHT="28">
							<String ID="string_123" HPOS="55" VPOS="1104" WIDTH="65" HEIGHT="22" WC="0.96" CONTENT="varde"/><SP WIDTH="19" VPOS="1104" HPOS="120"/>
							<String ID="string_124" HPOS="139" VPOS="1104" WIDTH="35" HEIGHT="21" WC="0.95" CONTENT="det"/><SP WIDTH="18" VPOS="1104" HPOS="174"/>
							<String ID="string_125" HPOS="192" VPOS="1104" WIDTH="32" HEIGHT="21" WC="0.93" CONTENT="till"/><SP WIDTH="19" VPOS="1104" HPOS="224"/>
							<String ID="string_126" HPOS="243" VPOS="1112" WIDTH="77" HEIGHT="20" WC="0.92" CONTENT="egaren"/><SP WIDTH="15" VPOS="1112" HPOS="320"/>
							<String ID="string_127" HPOS="335" VPOS="1104" WIDTH="119" HEIGHT="22" WC="0.91" CONTENT="utlemnadt"/><SP WIDTH="15" VPOS="1104" HPOS="454"/>
							<String ID="string_128" HPOS="469" VPOS="1107" WIDTH="56" HEIGHT="19" WC="0.96" CONTENT="emot"/><SP WIDTH="15" VPOS="1107" HPOS="525"/>
							<String ID="string_129" HPOS="540" VPOS="1105" WIDTH="133" HEIGHT="27" WC="0.96" CONTENT="fullgörande"/><SP WIDTH="14" VPOS="1105" HPOS="673"/>
							<String ID="string_130" HPOS="687" VPOS="1106" WIDTH="25" HEIGHT="20" WC="0.96" CONTENT="af"/><SP WIDTH="13" VPOS="1106" HPOS="712"/>
							<String ID="string_131" HPOS="725" VPOS="1105" WIDTH="25" HEIGHT="21" WC="0.91" CONTENT="de"/><SP WIDTH="14" VPOS="1105" HPOS="750"/>
							<String ID="string_132" HPOS="764" VPOS="1105" WIDTH="38" HEIGHT="22" WC="0.91" CONTENT="vil-"/>
						</TextLine>
						<TextLine ID="line_21" HPOS="54" VPOS="1135" WIDTH="747" HEIGHT="31">
							<String ID="string_133" HPOS="54" VPOS="1140" WIDTH="46" HEIGHT="25" WC="0.93" CONTENT="kor,"/><SP WIDTH="23" VPOS="1140" HPOS="100"/>
							<String ID="string_134" HPOS="123" VPOS="1139" WIDTH="85" HEIGHT="21" WC="0.89" CONTENT="hvartill"/><SP WIDTH="22" VPOS="1139" HPOS="208"/>
							<String ID="string_135" HPOS="230" VPOS="1139" WIDTH="43" HEIGHT="21" WC="0.93" CONTENT="han"/><SP WIDTH="21" VPOS="1139" HPOS="273"/>
							<String ID="string_136" HPOS="294" VPOS="1139" WIDTH="56" HEIGHT="27" WC="0.91" CONTENT="förty"/><SP WIDTH="22" VPOS="1139" HPOS="350"/>
							<String ID="string_137" HPOS="372" VPOS="1139" WIDTH="42" HEIGHT="21" WC="0.96" CONTENT="kan"/><SP WIDTH="22" VPOS="1139" HPOS="414"/>
							<String ID="string_138" HPOS="436" VPOS="1139" WIDTH="68" HEIGHT="21" WC="0.96" CONTENT="finnas"/><SP WIDTH="19" VPOS="1139" HPOS="504"/>
							<String ID="string_139" HPOS="523" VPOS="1139" WIDTH="125" HEIGHT="21" WC="0.96" CONTENT="förbunden."/><SP WIDTH="29" VPOS="1139" HPOS="648"/>
							<String ID="string_140" HPOS="677" VPOS="1135" WIDTH="31" HEIGHT="25" WC="0.91" CONTENT="Är"/><SP WIDTH="15" VPOS="1135" HPOS="708"/>
							<String ID="string_141" HPOS="723" VPOS="1140" WIDTH="18" HEIGHT="26" WC="0.96" CONTENT="ej"/><SP WIDTH="18" VPOS="1140" HPOS="741"/>
							<String ID="string_142" HPOS="759" VPOS="1140" WIDTH="42" HEIGHT="26" WC="0.95" CONTENT="det,"/>
						</TextLine>
						<TextLine ID="line_22" HPOS="55" VPOS="1172" WIDTH="746" HEIGHT="29">
							<String ID="string_143" HPOS="55" VPOS="1180" WIDTH="46" HEIGHT="14" WC="0.93" CONTENT="som"/><SP WIDTH="20" VPOS="1180" HPOS="101"/>
							<String ID="string_144" HPOS="121" VPOS="1173" WIDTH="102" HEIGHT="27" WC="0.92" CONTENT="gäldenär"/><SP WIDTH="15" VPOS="1173" HPOS="223"/>
							<String ID="string_145" HPOS="238" VPOS="1173" WIDTH="24" HEIGHT="21" WC="0.96" CONTENT="af"/><SP WIDTH="13" VPOS="1173" HPOS="262"/>
							<String ID="string_146" HPOS="275" VPOS="1180" WIDTH="71" HEIGHT="14" WC="0.93" CONTENT="annan"/><SP WIDTH="15" VPOS="1180" HPOS="346"/>
							<String ID="string_147" HPOS="361" VPOS="1174" WIDTH="117" HEIGHT="26" WC="0.91" CONTENT="emottagit,"/><SP WIDTH="15" VPOS="1174" HPOS="478"/>
							<String ID="string_148" HPOS="493" VPOS="1174" WIDTH="8" HEIGHT="20" WC="0.96" CONTENT="i"/><SP WIDTH="14" VPOS="1174" HPOS="501"/>
							<String ID="string_149" HPOS="515" VPOS="1172" WIDTH="78" HEIGHT="27" WC="0.96" CONTENT="behåll,"/><SP WIDTH="16" VPOS="1172" HPOS="593"/>
							<String ID="string_150" HPOS="609" VPOS="1173" WIDTH="51" HEIGHT="22" WC="0.96" CONTENT="eller"/><SP WIDTH="14" VPOS="1173" HPOS="660"/>
							<String ID="string_151" HPOS="674" VPOS="1174" WIDTH="43" HEIGHT="21" WC="0.96" CONTENT="kan"/><SP WIDTH="16" VPOS="1174" HPOS="717"/>
							<String ID="string_152" HPOS="733" VPOS="1174" WIDTH="35" HEIGHT="21" WC="0.96" CONTENT="det"/><SP WIDTH="14" VPOS="1174" HPOS="768"/>
							<String ID="string_153" HPOS="782" VPOS="1174" WIDTH="19" HEIGHT="27" WC="0.96" CONTENT="ej"/>
						</TextLine>
						<TextLine ID="line_23" HPOS="55" VPOS="1206" WIDTH="748" HEIGHT="29">
							<String ID="string_154" HPOS="55" VPOS="1206" WIDTH="49" HEIGHT="22" WC="0.89" CONTENT="frän"/><SP WIDTH="21" VPOS="1206" HPOS="104"/>
							<String ID="string_155" HPOS="125" VPOS="1207" WIDTH="139" HEIGHT="27" WC="0.91" CONTENT="gäldenärens"/><SP WIDTH="19" VPOS="1207" HPOS="264"/>
							<String ID="string_156" HPOS="283" VPOS="1214" WIDTH="55" HEIGHT="20" WC="0.93" CONTENT="egna"/><SP WIDTH="17" VPOS="1214" HPOS="338"/>
							<String ID="string_157" HPOS="355" VPOS="1207" WIDTH="156" HEIGHT="28" WC="0.90" CONTENT="tillhörigheter"/><SP WIDTH="14" VPOS="1207" HPOS="511"/>
							<String ID="string_158" HPOS="525" VPOS="1207" WIDTH="110" HEIGHT="28" WC="0.92" CONTENT="urskiljas;"/><SP WIDTH="15" VPOS="1207" HPOS="635"/>
							<String ID="string_159" HPOS="650" VPOS="1207" WIDTH="59" HEIGHT="28" WC="0.92" CONTENT="njute"/><SP WIDTH="16" VPOS="1207" HPOS="709"/>
							<String ID="string_160" HPOS="725" VPOS="1215" WIDTH="78" HEIGHT="20" WC="0.92" CONTENT="egaren"/>
						</TextLine>
						<TextLine ID="line_24" HPOS="55" VPOS="1241" WIDTH="597" HEIGHT="28">
							<String ID="string_161" HPOS="55" VPOS="1241" WIDTH="110" HEIGHT="27" WC="0.96" CONTENT="betalning"/><SP WIDTH="15" VPOS="1241" HPOS="165"/>
							<String ID="string_162" HPOS="180" VPOS="1241" WIDTH="33" HEIGHT="21" WC="0.93" CONTENT="för"/><SP WIDTH="15" VPOS="1241" HPOS="213"/>
							<String ID="string_163" HPOS="228" VPOS="1241" WIDTH="74" HEIGHT="22" WC="0.92" CONTENT="värdet"/><SP WIDTH="14" VPOS="1241" HPOS="302"/>
							<String ID="string_164" HPOS="316" VPOS="1241" WIDTH="48" HEIGHT="22" WC="0.96" CONTENT="med"/><SP WIDTH="16" VPOS="1241" HPOS="364"/>
							<String ID="string_165" HPOS="380" VPOS="1241" WIDTH="41" HEIGHT="22" WC="0.96" CONTENT="den"/><SP WIDTH="15" VPOS="1241" HPOS="421"/>
							<String ID="string_166" HPOS="436" VPOS="1243" WIDTH="44" HEIGHT="20" WC="0.95" CONTENT="rätt"/><SP WIDTH="14" VPOS="1243" HPOS="480"/>
							<String ID="string_167" HPOS="494" VPOS="1242" WIDTH="7" HEIGHT="21" WC="0.89" CONTENT="i"/><SP WIDTH="15" VPOS="1242" HPOS="501"/>
							<String ID="string_168" HPOS="516" VPOS="1243" WIDTH="11" HEIGHT="26" WC="0.89" CONTENT="&amp;"/><SP WIDTH="18" VPOS="1243" HPOS="527"/>
							<String ID="string_169" HPOS="545" VPOS="1243" WIDTH="25" HEIGHT="20" WC="0.93" CONTENT="18"/><SP WIDTH="15" VPOS="1243" HPOS="570"/>
							<String ID="string_170" HPOS="585" VPOS="1243" WIDTH="67" HEIGHT="26" WC="0.92" CONTENT="säges."/>
						</TextLine>
					</TextBlock>
				</ComposedBlock>
				<ComposedBlock ID="cblock_6" HPOS="55" VPOS="1296" WIDTH="748" HEIGHT="207">
					<TextBlock ID="block_9" HPOS="406" VPOS="1296" WIDTH="46" HEIGHT="26">
						<TextLine ID="line_25" HPOS="406" VPOS="1296" WIDTH="46" HEIGHT="26">
							<String ID="string_171" HPOS="406" VPOS="1296" WIDTH="11" HEIGHT="26" WC="0.75" CONTENT="8"/><SP WIDTH="17" VPOS="1296" HPOS="417"/>
							<String ID="string_172" HPOS="434" VPOS="1296" WIDTH="18" HEIGHT="20" WC="0.75" CONTENT="3."/>
						</TextLine>
					</TextBlock>
					<TextBlock ID="block_10" HPOS="55" VPOS="1336" WIDTH="748" HEIGHT="96">
						<TextLine ID="line_26" HPOS="123" VPOS="1336" WIDTH="679" HEIGHT="28">
							<String ID="string_173" HPOS="123" VPOS="1337" WIDTH="46" HEIGHT="21" WC="0.93" CONTENT="Har"/><SP WIDTH="21" VPOS="1337" HPOS="169"/>
							<String ID="string_174" HPOS="190" VPOS="1336" WIDTH="71" HEIGHT="28" WC="0.89" CONTENT="nägon"/><SP WIDTH="19" VPOS="1336" HPOS="261"/>
							<String ID="string_175" HPOS="280" VPOS="1338" WIDTH="6" HEIGHT="19" WC="0.93" CONTENT="i"/><SP WIDTH="19" VPOS="1338" HPOS="286"/>
							<String ID="string_176" HPOS="305" VPOS="1338" WIDTH="81" HEIGHT="20" WC="0.92" CONTENT="händer"/><SP WIDTH="18" VPOS="1338" HPOS="386"/>
							<String ID="string_177" HPOS="404" VPOS="1338" WIDTH="32" HEIGHT="20" WC="0.96" CONTENT="lös"/><SP WIDTH="18" VPOS="1338" HPOS="436"/>
							<String ID="string_178" HPOS="454" VPOS="1340" WIDTH="63" HEIGHT="24" WC="0.93" CONTENT="pant;"/><SP WIDTH="14" VPOS="1340" HPOS="517"/>
							<String ID="string_179" HPOS="531" VPOS="1338" WIDTH="60" HEIGHT="26" WC="0.92" CONTENT="njute"/><SP WIDTH="15" VPOS="1338" HPOS="591"/>
							<String ID="string_180" HPOS="606" VPOS="1338" WIDTH="43" HEIGHT="20" WC="0.93" CONTENT="han"/><SP WIDTH="15" VPOS="1338" HPOS="649"/>
							<String ID="string_181" HPOS="664" VPOS="1338" WIDTH="88" HEIGHT="21" WC="0.90" CONTENT="derutur"/><SP WIDTH="13" VPOS="1338" HPOS="752"/>
							<String ID="string_182" HPOS="765" VPOS="1338" WIDTH="37" HEIGHT="21" WC="0.90" CONTENT="be-"/>
						</TextLine>
						<TextLine ID="line_27" HPOS="55" VPOS="1370" WIDTH="748" HEIGHT="27">
							<String ID="string_183" HPOS="55" VPOS="1370" WIDTH="82" HEIGHT="27" WC="0.91" CONTENT="talning"/><SP WIDTH="23" VPOS="1370" HPOS="137"/>
							<String ID="string_184" HPOS="160" VPOS="1370" WIDTH="88" HEIGHT="20" WC="0.93" CONTENT="framför"/><SP WIDTH="23" VPOS="1370" HPOS="248"/>
							<String ID="string_185" HPOS="271" VPOS="1370" WIDTH="42" HEIGHT="21" WC="0.96" CONTENT="alla"/><SP WIDTH="19" VPOS="1370" HPOS="313"/>
							<String ID="string_186" HPOS="332" VPOS="1370" WIDTH="74" HEIGHT="21" WC="0.96" CONTENT="andra."/><SP WIDTH="30" VPOS="1370" HPOS="406"/>
							<String ID="string_187" HPOS="436" VPOS="1370" WIDTH="86" HEIGHT="21" WC="0.96" CONTENT="Samma"/><SP WIDTH="14" VPOS="1370" HPOS="522"/>
							<String ID="string_188" HPOS="536" VPOS="1372" WIDTH="45" HEIGHT="19" WC="0.93" CONTENT="rätt"/><SP WIDTH="14" VPOS="1372" HPOS="581"/>
							<String ID="string_189" HPOS="595" VPOS="1371" WIDTH="62" HEIGHT="21" WC="0.92" CONTENT="hafve"/><SP WIDTH="15" VPOS="1371" HPOS="657"/>
							<String ID="string_190" HPOS="672" VPOS="1372" WIDTH="39" HEIGHT="20" WC="0.92" CONTENT="ock"/><SP WIDTH="15" VPOS="1372" HPOS="711"/>
							<String ID="string_191" HPOS="726" VPOS="1371" WIDTH="77" HEIGHT="21" WC="0.90" CONTENT="handt-"/>
						</TextLine>
						<TextLine ID="line_28" HPOS="55" VPOS="1403" WIDTH="746" HEIGHT="29">
							<String ID="string_192" HPOS="55" VPOS="1404" WIDTH="89" HEIGHT="22" WC="0.93" CONTENT="verkare"/><SP WIDTH="14" VPOS="1404" HPOS="144"/>
							<String ID="string_193" HPOS="158" VPOS="1404" WIDTH="33" HEIGHT="21" WC="0.96" CONTENT="för"/><SP WIDTH="15" VPOS="1404" HPOS="191"/>
							<String ID="string_194" HPOS="206" VPOS="1404" WIDTH="36" HEIGHT="20" WC="0.94" CONTENT="sitt"/><SP WIDTH="15" VPOS="1404" HPOS="242"/>
							<String ID="string_195" HPOS="257" VPOS="1404" WIDTH="73" HEIGHT="21" WC="0.93" CONTENT="arbete"/><SP WIDTH="16" VPOS="1404" HPOS="330"/>
							<String ID="string_196" HPOS="346" VPOS="1403" WIDTH="12" HEIGHT="21" WC="0.93" CONTENT="å"/><SP WIDTH="15" VPOS="1403" HPOS="358"/>
							<String ID="string_197" HPOS="373" VPOS="1404" WIDTH="36" HEIGHT="20" WC="0.96" CONTENT="det"/><SP WIDTH="15" VPOS="1404" HPOS="409"/>
							<String ID="string_198" HPOS="424" VPOS="1404" WIDTH="58" HEIGHT="27" WC="0.96" CONTENT="gods,"/><SP WIDTH="16" VPOS="1404" HPOS="482"/>
							<String ID="string_199" HPOS="498" VPOS="1411" WIDTH="45" HEIGHT="14" WC="0.96" CONTENT="som"/><SP WIDTH="15" VPOS="1411" HPOS="543"/>
							<String ID="string_200" HPOS="558" VPOS="1405" WIDTH="38" HEIGHT="21" WC="0.96" CONTENT="hos"/><SP WIDTH="15" VPOS="1405" HPOS="596"/>
							<String ID="string_201" HPOS="611" VPOS="1405" WIDTH="78" HEIGHT="21" WC="0.93" CONTENT="honom"/><SP WIDTH="14" VPOS="1405" HPOS="689"/>
							<String ID="string_202" HPOS="703" VPOS="1412" WIDTH="53" HEIGHT="20" WC="0.91" CONTENT="gvar"/><SP WIDTH="15" VPOS="1412" HPOS="756"/>
							<String ID="string_203" HPOS="771" VPOS="1406" WIDTH="30" HEIGHT="20" WC="0.96" CONTENT="är."/>
						</TextLine>
					</TextBlock>
					<TextBlock ID="block_11" HPOS="56" VPOS="1437" WIDTH="747" HEIGHT="66">
						<TextLine ID="line_29" HPOS="124" VPOS="1437" WIDTH="679" HEIGHT="30">
							<String ID="string_204" HPOS="124" VPOS="1438" WIDTH="41" HEIGHT="22" WC="0.96" CONTENT="Om"/><SP WIDTH="18" VPOS="1438" HPOS="165"/>
							<String ID="string_205" HPOS="183" VPOS="1438" WIDTH="40" HEIGHT="22" WC="0.96" CONTENT="den"/><SP WIDTH="14" VPOS="1438" HPOS="223"/>
							<String ID="string_206" HPOS="237" VPOS="1440" WIDTH="45" HEIGHT="20" WC="0.93" CONTENT="rätt"/><SP WIDTH="14" VPOS="1440" HPOS="282"/>
							<String ID="string_207" HPOS="296" VPOS="1437" WIDTH="118" HEIGHT="29" WC="0.93" CONTENT="förlagslän"/><SP WIDTH="14" VPOS="1437" HPOS="414"/>
							<String ID="string_208" HPOS="428" VPOS="1438" WIDTH="33" HEIGHT="21" WC="0.97" CONTENT="till"/><SP WIDTH="14" VPOS="1438" HPOS="461"/>
							<String ID="string_209" HPOS="475" VPOS="1438" WIDTH="56" HEIGHT="29" WC="0.96" CONTENT="bruk"/><SP WIDTH="15" VPOS="1438" HPOS="531"/>
							<String ID="string_210" HPOS="546" VPOS="1438" WIDTH="51" HEIGHT="23" WC="0.93" CONTENT="eller"/><SP WIDTH="14" VPOS="1438" HPOS="597"/>
							<String ID="string_211" HPOS="611" VPOS="1439" WIDTH="71" HEIGHT="22" WC="0.91" CONTENT="fabrik"/><SP WIDTH="14" VPOS="1439" HPOS="682"/>
							<String ID="string_212" HPOS="696" VPOS="1439" WIDTH="107" HEIGHT="22" WC="0.92" CONTENT="medförer"/>
						</TextLine>
						<TextLine ID="line_30" HPOS="56" VPOS="1473" WIDTH="747" HEIGHT="30">
							<String ID="string_213" HPOS="56" VPOS="1474" WIDTH="40" HEIGHT="22" WC="0.86" CONTENT="och"/><SP WIDTH="22" VPOS="1474" HPOS="96"/>
							<String ID="string_214" HPOS="118" VPOS="1481" WIDTH="35" HEIGHT="14" WC="0.82" CONTENT="om"/><SP WIDTH="21" VPOS="1481" HPOS="153"/>
							<String ID="string_215" HPOS="174" VPOS="1473" WIDTH="108" HEIGHT="22" WC="0.94" CONTENT="företräde"/><SP WIDTH="18" VPOS="1473" HPOS="282"/>
							<String ID="string_216" HPOS="300" VPOS="1473" WIDTH="32" HEIGHT="22" WC="0.93" CONTENT="till"/><SP WIDTH="18" VPOS="1473" HPOS="332"/>
							<String ID="string_217" HPOS="350" VPOS="1473" WIDTH="132" HEIGHT="29" WC="0.92" CONTENT="fordringars"/><SP WIDTH="18" VPOS="1473" HPOS="482"/>
							<String ID="string_218" HPOS="500" VPOS="1474" WIDTH="177" HEIGHT="22" WC="0.91" CONTENT="utbekommande"/><SP WIDTH="15" VPOS="1474" HPOS="677"/>
							<String ID="string_219" HPOS="692" VPOS="1482" WIDTH="26" HEIGHT="14" WC="0.92" CONTENT="ur"/><SP WIDTH="14" VPOS="1482" HPOS="718"/>
							<String ID="string_220" HPOS="732" VPOS="1474" WIDTH="71" HEIGHT="29" WC="0.96" CONTENT="fartyg"/>
						</TextLine>
					</TextBlock>
				</ComposedBlock>
			</PrintSpace>
		</Page>
	</Layout>
</alto>
