1014 1725
311 134 72 24 Nådiga
395 136 137 22 Propositionen
543 137 35 17 N:o
590 138 28 16 31.
781 137 42 17 1601

221 216 29 22 3:0
268 216 94 29 angående
377 219 56 20 sättet
448 218 32 21 och
495 218 99 28 ordningen
608 218 30 22 för
651 219 110 28 försäljning
775 219 22 21 af
809 219 38 21 fast

163 254 85 28 egendom
263 253 11 23 å
288 254 68 27 landet,
370 262 36 14 som
422 255 59 22 blifvit
495 254 29 22 för
539 256 42 27 gäld
596 256 6 20 i
616 257 37 20 mät
667 256 62 27 tagen.

163 305 42 22 Det
228 305 89 21 allmänt
339 305 96 22 erkända
456 305 100 22 behofvet
578 306 24 21 af
622 308 31 19 att
675 313 77 20 genom
773 307 74 21 förän-

95 340 66 22 drade
177 340 132 28 stadganden
323 339 166 29 tillvägabringa
504 347 26 14 en
545 341 69 21 större
629 341 152 27 skyndsamhet
794 341 7 21 i
813 343 35 19 ut-

93 375 205 28 sökningsärenders
312 375 130 28 behandling
457 375 35 21 vid
506 375 138 27 länestyrelse
655 375 46 26 har,
714 375 67 28 enligt
791 375 56 22 hvad

97 410 24 22 af
137 410 119 21 motiverna
273 409 34 22 till
326 409 40 22 den
384 408 80 29 nådiga
482 410 161 27 propositionen
660 410 57 21 visar
733 410 38 28 sig,
788 410 60 28 gifvit

93 444 116 28 anledning
222 444 34 21 till
270 443 103 28 förslaget
388 451 34 14 om
438 444 90 28 ändring
543 444 24 21 af
580 443 161 23 föreskrifterna
755 445 8 20 i
780 446 9 19 1
807 445 41 21 och

97 481 11 19 2
125 479 24 28 $$
166 481 11 19 2
193 479 49 27 kap.
257 479 26 21 U.
299 479 31 26 B.,
347 485 77 22 genom
438 479 86 22 hvilken
538 479 92 28 ändring
646 479 40 22 den
700 479 97 28 lagsökte
813 487 35 20 ge-

93 516 50 19 nast
161 515 55 26 finge
234 515 33 27 sig
286 513 97 28 förelagd
402 513 147 28 förpligtelsen
568 516 33 19 att
615 513 108 22 inkomma
737 514 50 21 med
801 521 47 15 sva-

93 548 75 28 romäl,
192 549 38 21 der
248 549 42 21 han
310 548 94 22 önskade
422 549 66 21 blifva
502 549 8 21 i
525 548 65 22 saken
608 548 61 22 hörd.
698 549 43 22 Det
759 556 29 14 nu
803 549 45 28 gäl-

93 584 64 22 lande
180 584 128 28 stadgandet
329 586 32 19 att
383 584 41 22 den
446 584 96 28 lagsökte
564 584 74 26 borde,
656 584 7 21 i
682 584 101 22 händelse
804 584 44 22 han

94 618 118 23 underlätit
230 621 32 19 att
280 619 56 21 inom
356 618 140 22 föreskrifven
515 618 31 22 tid
565 618 79 28 afgifva
658 618 119 28 förklaring
791 619 8 21 i
814 626 34 15 sa-

94 654 47 26 ken,
164 654 90 21 beredas
276 655 31 20 ett
328 653 125 28 ytterligare
474 653 85 22 tillfälle
580 653 34 21 till
637 653 47 21 dess
707 653 140 27 aflemnande,

98 688 104 28 härflyter
220 688 24 22 af
262 688 40 21 den
320 688 122 28 synnerliga
461 688 105 25 omtanke,
586 688 100 21 hvarmed
704 687 85 22 landets
803 688 46 28 lag-

95 723 98 27 stiftning
211 723 7 21 i
237 723 118 21 allmänhet
377 723 48 21 sökt
446 722 79 22 bereda
544 729 26 15 en
587 722 55 21 hvar
655 722 86 22 tillfälle
757 724 32 20 att
803 723 45 21 för-

95 764 63 14 svara
176 757 33 21 sin
227 758 49 25 rätt,
292 758 8 20 i
315 757 36 21 det
366 757 41 21 den
422 757 73 22 dervid
510 756 72 28 utgått
596 764 26 13 ur
638 756 40 22 den
693 756 108 28 synpunkt
816 759 32 19 att

95 799 27 14 en
140 792 83 22 mindre
240 790 57 23 väda
314 791 34 22 för
365 791 135 22 rättsvården
518 790 48 30 läge
580 791 8 21 i
604 793 30 20 ett
651 790 102 29 uppehäll
769 791 24 21 af
805 792 42 21 den

96 826 105 22 sökandes
215 828 50 24 rätt,
281 828 28 20 än
323 826 8 21 i
347 828 30 20 ett
392 826 121 22 förhastadt
528 826 97 22 domslut.
656 825 29 22 Sä
699 826 65 28 riktig
779 826 70 22 denna

96 861 115 28 grundsats
224 861 8 21 i
248 861 116 21 allmänhet
382 860 67 22 mäste
467 861 105 21 erkännas
587 867 57 20 vara,
660 860 62 22 torde
737 860 54 22 dock
807 861 41 21 den

96 903 30 14 nu
148 896 122 28 föreslagna
291 896 155 27 förändringen
463 895 7 22 i
489 894 206 29 utsökningsmälens
717 895 132 28 behandling

95 931 36 22 vid
146 930 178 28 länestyrelserna
339 937 40 21 ega
394 931 32 20 sin
441 931 53 20 fulla
509 930 103 27 giltighet.
641 930 32 21 De
687 929 100 28 anspräk,
803 937 46 14 som

97 965 38 22 hos
157 965 179 28 länestyrelsernä
357 965 73 20 kunna
448 965 7 20 i
473 965 173 26 utmätningsväg
661 965 64 26 göras
741 964 106 27 gällande,

97 999 60 26 böra,
177 1000 65 27 enligt
257 1001 13 19 4
285 1000 49 26 kap.
354 999 26 21 U.
395 999 32 25 B.,
446 999 83 28 grunda
548 999 32 26 sig
594 998 29 28 pä
638 999 61 21 klara
713 999 40 21 och
769 1001 80 25 otvety-

98 1034 50 27 diga
166 1034 134 27 handlingar,
319 1041 35 14 om
372 1033 82 22 hvilkas
472 1033 102 28 riktighet
592 1032 125 22 tvifvelsmäl
732 1033 47 22 icke
794 1033 56 22 före-

97 1068 102 25 kommer,
215 1068 99 21 hvarföre
328 1067 70 22 vädan
410 1068 24 21 af
443 1067 123 22 förhastade
578 1067 92 22 domslut
681 1067 100 27 minskas,
793 1068 57 21 helst

99 1103 62 20 äfven
180 1102 86 22 rättelse
286 1109 75 20 genom
379 1102 77 21 besvär
470 1102 7 21 i
493 1102 65 27 högre
577 1101 82 22 instans
673 1102 122 28 betydligen
810 1110 39 13 un-

99 1137 113 21 derlättats
234 1137 66 21 sedan
322 1137 40 21 den
380 1136 31 22 tid
432 1138 54 20 1734
505 1136 35 22 ärs
558 1135 36 29 lag
612 1136 79 27 utkom,
712 1136 45 22 dels
772 1144 77 21 genom

97 1172 146 27 förenklingar
257 1172 7 20 i
278 1170 243 29 rättegängsordningen
538 1171 40 21 och
590 1171 44 21 dels
646 1178 75 20 genom
733 1171 53 22 flera
797 1172 52 21 Hof-

97 1208 80 20 rätters
199 1206 127 26 inrättande,
350 1206 110 21 hvaremot
474 1204 14 22 &
503 1205 68 21 andra
590 1205 60 21 sidan
669 1207 30 20 ett
717 1206 67 21 sedan
803 1206 47 22 dess

98 1241 49 22 vida
161 1248 46 14 mer
221 1240 123 22 utveckladt
359 1239 93 22 affärslif
462 1240 40 21 och
512 1239 162 22 kreditväsende
685 1240 47 21 icke
743 1240 43 22 kan
796 1241 54 21 und-

98 1283 53 13 vara
173 1275 41 21 den
235 1275 109 27 hastigare
366 1274 40 22 och
428 1274 135 22 verksamare
582 1274 119 26 exekution,
721 1281 46 15 som
782 1274 68 22 under

99 1310 130 27 längesedan
251 1308 103 22 förflutna
372 1309 56 21 tider
447 1309 39 21 och
505 1308 87 22 enklare
606 1308 149 22 förhållanden
769 1309 82 21 kunnat

99 1352 62 14 anses
176 1351 52 13 vara
242 1343 82 21 mindre
339 1342 195 28 maktpåliggande.

168 1377 137 27 Rättigheten
324 1376 33 21 för
371 1376 173 27 fordringsegare
558 1378 38 24 att,
612 1376 7 20 i
634 1375 102 22 händelse
750 1376 102 27 gäldenä-

99 1418 39 15 ren
153 1412 93 21 saknade
262 1410 90 29 tillgång
367 1412 32 19 att
414 1410 92 27 fullgöra
520 1409 107 28 ingången
642 1410 136 26 förbindelse,
793 1410 59 22 hålla

101 1446 32 28 sig
147 1445 34 22 till
196 1445 78 22 dennes
289 1452 84 21 person,
388 1445 41 21 har
443 1445 8 20 i
466 1445 26 21 de
506 1444 62 22 flesta
582 1443 85 23 länders
679 1444 70 22 äldsta
760 1445 92 28 lagstift-

101 1482 78 27 ningar
199 1481 78 21 försatt
299 1480 68 22 denne
381 1480 7 21 i
404 1481 30 20 ett
452 1481 69 20 större
540 1479 51 22 eller
609 1479 82 22 mindre
705 1479 147 22 träldomstill-
