992 1725
200 160 45 18 1284
397 158 73 23 Nådiga
481 159 139 21 Propositionen
632 158 35 17 N:o
680 158 28 16 25.

176 222 141 22 förevarande
331 222 136 27 författning,
480 221 85 22 hvilken
580 219 71 27 alltså,
662 220 68 28 enligt
740 220 57 22 hvad
808 220 122 22 Ständerna

175 256 36 22 för
225 256 33 22 sin
274 256 34 22 del
322 256 93 26 beslutit,
431 256 84 22 komme
530 257 33 21 att
577 255 51 32 lyda
642 254 100 23 sålunda:

283 354 150 33 Förordning
452 359 36 22 om
505 353 128 28 boskilnad
654 353 79 27 under
750 353 142 34 äktenskap.

563 423 47 28 81.

304 473 77 21 Första
394 473 117 20 momentet
526 471 146 22 oförändradt.

303 515 87 22 Hustru
412 522 36 22 ege
467 514 38 23 ock
520 515 53 21 söka
589 514 119 27 boskilnad,
724 515 30 21 dä
769 515 114 22 makarnes
897 521 36 22 ge-

245 557 131 14 mensamma
395 549 24 22 bo
436 550 70 28 finnes
528 549 107 21 belastadt
656 549 48 21 med
722 549 25 22 sä
763 553 46 18 stor
823 549 60 29 gäld,
901 553 32 18 att

247 585 42 22 den
303 585 20 29 ej
339 584 42 22 kan
397 584 81 22 betalas
493 584 47 22 med
555 585 36 21 det
606 584 59 29 gods,
682 592 45 14 som
741 585 10 20 i
767 584 47 23 boet
829 585 105 28 samfäldt

248 621 33 25 är,
305 620 38 20 och
365 622 41 19 den
428 619 97 23 enskilda
544 619 107 28 egendom,
671 626 45 15 som
725 619 43 29 för
784 627 81 17 samma
880 620 54 28 gäld

248 662 66 14 svara
329 654 50 26 bör;
395 654 52 22 eller
462 654 29 23 dä
505 661 92 14 mannen
613 653 42 21 kan
670 652 60 23 anses
742 654 66 29 hafva
819 655 40 21 sitt
869 655 66 21 mäls-

247 688 105 29 manskap
371 688 132 22 missbrukat
516 696 76 21 genom
601 689 152 28 försummelse
769 689 52 22 eller
835 689 100 23 vanvård

247 724 27 28 af
285 724 58 21 boets
355 724 180 28 angelägenheter
547 724 52 21 eller
611 723 57 22 boets
681 724 122 21 belastande
815 724 48 22 med
875 727 59 26 onyt-

249 759 33 28 tig
296 758 60 29 gäld.

530 805 24 27 88
575 805 76 20 2—17.

514 840 156 23 Oförändrade.

506 896 24 28 88
548 897 25 20 18
588 895 40 22 och
646 897 31 20 19.

305 933 54 22 Lika
380 933 48 22 med
450 933 150 23 motsvarande
621 933 25 20 19
665 932 41 22 och
724 933 28 21 20
771 933 24 29 &8
814 933 7 20 i
835 933 99 28 proposi-

248 967 82 22 tionen.

181 1064 38 23 III.
241 1064 93 29 Förslag
349 1064 34 22 till
398 1064 130 30 förordning
542 1071 34 16 om
590 1064 63 29 gälds
669 1065 115 28 betalning
794 1065 37 22 vid
841 1064 95 24 dödsfall

205 1102 57 22 samt
277 1108 32 17 om
324 1102 178 28 urarfvagörelse
518 1103 40 22 och
572 1102 187 22 undanskiftande
774 1102 26 22 af
809 1102 105 29 egendom

458 1139 8 22 i
480 1139 42 23 död
536 1139 75 23 makes
626 1139 33 23 bo.

249 1194 65 21 Detta
329 1193 87 29 förslag,
433 1201 53 19 som,
501 1194 67 22 bland
582 1196 72 24 annat,
666 1193 120 23 innehäller
797 1202 27 14 en
834 1196 101 21 närmare

181 1228 26 34 af
217 1228 100 22 behofvet
335 1228 101 27 påkallad
451 1228 121 28 utveckling
587 1229 25 21 af
624 1228 188 23 bestämmelserne
827 1230 7 20 i
847 1232 26 19 10
884 1230 50 27 kap.

182 1263 25 21 Ä.
225 1263 32 25 B.,
275 1263 93 21 rörande
390 1263 61 26 gälds
472 1263 110 26 betalning
600 1263 36 20 vid
654 1263 99 25 dödsfall,
773 1264 41 20 och
833 1264 102 26 derjemte

181 1296 110 22 meddelar
309 1296 58 21 förut
382 1296 94 21 saknade
491 1296 133 22 föreskrifter
639 1297 55 21 huru
710 1296 93 22 förfaras
818 1297 55 21 skall
887 1298 7 20 i
910 1298 26 21 de

178 1330 122 27 händelser,
320 1329 29 23 dä
367 1337 26 15 en
408 1331 198 27 sterbhusdelegare
621 1330 36 22 vill
672 1331 86 22 afträda
773 1332 56 26 boet,
845 1339 48 14 men
909 1340 27 14 en

181 1372 71 14 annan
264 1365 53 26 icke,
329 1365 40 22 har
380 1365 40 21 hos
430 1365 121 22 Ständerna
563 1366 18 27 ej
594 1365 108 22 föranledt
712 1366 33 21 till
756 1366 69 28 nägra
836 1368 99 20 anmärk-

182 1400 86 28 ningar;
288 1400 7 20 i
314 1399 105 22 anseende
437 1400 87 22 hvartill
539 1399 128 28 Ständerna,
683 1400 72 22 hvilka
770 1400 91 23 sälunda
875 1404 60 19 anta-

182 1435 31 28 git
234 1434 161 28 propositionen
410 1434 7 21 i
433 1434 70 23 denna
520 1434 36 23 del
574 1434 138 27 oförändrad,
728 1435 155 30 underdänigst
898 1445 37 14 an-

181 1469 59 24 hälla
255 1470 36 22 det
305 1469 82 22 täcktes
402 1469 24 22 E.
443 1470 25 21 K.
484 1470 39 21 M:t
538 1469 44 22 läta
597 1471 8 20 i
617 1469 220 24 öfverensstämmelse
849 1472 86 21 dermed

181 1504 89 27 utfärda
283 1504 128 28 författning
425 1504 8 21 i
447 1505 78 21 ämnet.
