1025 1717
317 154 72 23 Nådiga
401 156 137 22 Propositionen
551 156 35 17 N:o
599 157 27 16 29.
781 158 43 16 1523

92 216 55 22 hans
162 216 104 28 ostridiga
280 217 92 28 tillgång
386 218 116 28 veterligen
517 218 67 22 finnes
599 220 8 20 i
618 219 80 26 landet,
710 219 24 21 så
744 220 43 20 kan
798 219 50 21 bor-

92 252 105 26 genärens
208 251 144 21 omförmälda
362 252 243 28 bevisningsskyldighet
617 254 8 20 i
636 254 163 26 tillämpningen
806 253 41 21 lätt

91 284 50 22 leda
164 284 77 26 dertill,
265 287 32 19 att
317 286 163 26 löftesmannen,
503 286 27 22 då
548 287 134 27 borgenären
702 287 92 21 omsider
813 286 34 22 får

91 318 71 22 vända
177 318 33 28 sig
225 321 57 19 emot
297 320 85 26 honom,
398 321 94 26 upphört
508 322 31 20 att
554 328 52 14 vara
620 321 140 27 vederhäftig.
784 321 62 21 Stad-

91 352 91 28 ganden,
199 360 45 14 som
259 353 72 21 kunna
346 354 115 22 framkalla
476 354 81 22 sådana
572 354 83 28 följder,
671 356 62 20 torde
748 354 22 22 få
785 362 61 14 anses

90 394 52 14 vara
156 386 69 22 likaså
239 387 47 21 litet
301 388 105 28 förenliga
420 389 48 21 med
480 388 75 28 sjelfva
566 389 73 27 lagens
649 396 46 15 som
703 390 48 21 med
759 390 86 27 borges-

91 421 156 22 förbindelsens
259 422 92 21 väsende
363 423 39 20 och
411 422 106 22 ändamål.
537 423 46 21 Och
592 423 27 21 då
627 424 32 20 till
668 424 58 21 detta
735 424 46 20 skäl
789 425 58 20 ännu

90 455 74 28 lägges
183 455 41 22 den
244 456 191 27 omständigheten,
455 459 33 19 att
506 465 26 14 en
551 457 42 28 lag,
611 458 140 27 hvarigenom
766 457 26 21 de
806 465 38 14 an-

90 490 85 21 märkta
194 490 90 21 hindren
302 491 35 20 vid
357 491 234 27 borgesförbindelsens
609 491 137 28 tillämpning
763 492 83 21 undan-

90 524 78 28 röjdes,
184 523 68 22 skulle
267 524 97 27 aflägsna
380 525 41 21 den
436 525 148 28 obenägenhet
599 525 34 22 för
644 526 51 27 laga
705 526 92 27 borgens
809 533 37 14 an-

90 558 94 28 tagande
199 565 46 14 som
259 559 106 26 säkerhet,
381 567 46 13 som
438 560 123 21 motverkar
572 560 80 21 dennas
665 560 133 22 allmännare
808 560 37 21 be-

91 592 120 29 gagnande,
230 592 24 22 så
272 593 42 21 kan
333 593 37 21 det
388 594 48 21 med
455 594 47 21 skäl
517 595 70 27 sägas,
603 596 32 19 att
650 602 26 14 en
690 595 155 27 lagstiftnings-

91 626 78 29 åtgärd
188 627 24 21 af
228 634 50 21 nyss
301 628 75 27 antydt
397 627 101 27 innehåll,
518 628 67 28 jemte
605 629 35 21 det
655 629 41 21 den
711 629 134 27 befrämjade

90 662 53 21 reda
154 662 40 21 och
205 661 99 22 säkerhet
314 662 7 21 i
332 662 236 23 kreditförhållandena
579 663 7 21 i
597 663 79 26 landet,
686 663 80 28 jemväl
777 663 68 22 skulle

90 695 30 29 på
135 698 31 20 ett
180 695 55 22 både
251 696 57 21 stilla
323 697 41 20 och
379 697 107 22 verksamt
501 699 43 20 sätt
558 697 92 28 bidraga
665 699 32 20 att
713 698 76 27 bringa
804 697 41 22 den

90 730 24 22 så
136 731 85 28 mycket
243 731 127 21 misstänkta
392 732 87 27 proprie
497 732 82 27 borgen
598 739 25 14 ur
642 732 62 21 bruk.
735 732 109 28 Sistsagde

90 765 56 29 syfte
160 765 71 22 kunde
247 765 62 22 äfven
323 765 97 28 betjenas
436 774 76 20 genom
527 765 68 29 några
610 767 102 27 lämpliga
724 767 120 21 förändrin-

90 807 40 20 gar
149 800 51 21 eller
215 800 180 28 inskränkningar
409 801 8 20 i
432 801 40 21 den
488 801 136 26 förbindelse,
641 808 44 15 som
702 801 143 28 grundlägges

91 842 77 20 genom
183 835 142 21 nästberörda
339 837 35 18 art
389 835 24 21 af
425 835 87 28 borgen,
528 836 8 20 i
547 835 80 22 hvilket
639 835 99 22 afseende
751 836 25 21 de
788 835 58 22 båda

90 869 88 27 förslag,
194 869 88 21 hvarom
297 877 30 13 nu
341 870 25 20 är
381 868 69 29 fråga,
466 869 55 22 dock
536 871 37 20 äro
589 869 25 22 af
626 870 147 27 väsendtligen
788 870 57 21 olika

89 902 102 22 innehåll.
221 897 19 27 Å
259 903 68 21 andra
342 903 62 21 sidan
419 902 67 23 måste
502 905 31 20 ett
547 904 126 27 stadgande,
689 911 46 14 som
750 904 95 27 uttryck-

90 937 58 28 ligen
162 937 118 28 medgifver
294 937 114 22 löftesman
423 938 104 27 rättighet
542 939 33 20 att
589 938 7 21 i
612 938 26 21 de
653 938 44 26 fall,
710 937 28 22 då
748 937 97 22 förfallo-

90 972 60 21 tiden
165 972 47 21 icke
227 973 24 20 är
267 971 28 28 på
309 972 93 21 förhand
417 974 73 25 utsatt,
506 972 73 21 utöfva
594 972 117 28 inflytande
725 973 7 20 i
746 972 100 21 afseende

90 1005 14 23 å
123 1006 80 22 dennas
221 1006 167 26 bestämmande,
408 1006 7 21 i
432 1001 92 39 betydlig
544 1005 47 22 mån
611 1007 91 27 bidraga
721 1009 31 19 att
772 1007 73 21 stärka

90 1041 133 22 förtroendet
242 1048 50 14 man
307 1041 40 21 och
362 1047 50 15 man
428 1041 96 21 emellan.
555 1041 46 21 Och
617 1040 27 22 då
658 1042 7 20 i
681 1041 106 21 hvardera
801 1041 44 21 för-

90 1075 68 28 slaget
182 1075 107 22 dessutom
311 1074 51 28 ingå
383 1075 140 28 fullständiga
541 1075 40 22 och
599 1083 127 20 noggranna
744 1075 100 28 stadgan-

91 1110 47 26 den,
161 1109 49 22 med
232 1109 101 22 ändamål
352 1111 32 20 att
402 1110 68 21 ordna
490 1110 40 21 och
545 1109 107 22 fastställa
667 1109 19 28 ej
703 1109 82 21 mindre
801 1109 44 22 alla

92 1145 26 21 de
137 1144 100 27 rättsliga
253 1143 155 27 förhållanden,
424 1151 52 19 som,
493 1145 38 20 der
545 1143 36 23 två
597 1144 52 21 eller
663 1144 52 21 flere
730 1144 68 21 iklädt
812 1145 33 27 sig

89 1179 82 27 borgen
190 1178 33 21 för
243 1185 82 14 samma
344 1178 68 26 skuld,
428 1178 73 21 kunna
515 1179 132 27 uppkomma
662 1178 91 21 emellan
768 1178 77 27 borge-

90 1214 67 20 nären
173 1213 40 21 och
229 1213 79 20 enhvar
323 1212 24 21 af
360 1213 155 21 löftesmännen
530 1214 55 20 samt
599 1212 90 21 emellan
702 1212 60 21 desse
772 1212 72 21 inbör-

91 1247 43 25 des,
156 1248 27 19 än
199 1247 99 26 samtliga
313 1246 26 21 de
354 1246 211 26 rättsförhållanden,
580 1254 52 18 som,
649 1246 119 21 oberoende
784 1245 64 22 deraf

91 1288 35 15 om
148 1288 27 14 en
197 1281 51 21 eller
270 1280 51 21 flere
339 1280 70 28 ingått
428 1281 228 27 borgesförbindelsen,
675 1281 73 20 kunna
765 1279 80 28 uppstå

91 1315 92 22 emellan
201 1314 187 28 fordringsegaren
404 1315 39 21 och
458 1315 156 21 löftesmannen
629 1314 109 21 äfvensom
754 1314 90 21 emellan

92 1349 41 21 den
148 1349 58 20 förre
221 1349 40 20 och
277 1348 79 20 afliden
370 1348 124 21 löftesmans
509 1349 115 26 arfvingar,
640 1348 24 20 så
675 1347 68 21 måste
755 1355 26 13 en
790 1348 54 28 jem-

90 1382 79 22 förelse
187 1382 62 21 äfven
264 1382 7 20 i
285 1380 165 28 ifrågavarande
465 1382 34 21 del
514 1382 90 21 emellan
620 1382 62 20 dessa
696 1381 148 28 författnings-

91 1416 82 28 förslag
195 1416 40 22 och
259 1416 35 21 det
317 1416 120 21 Ständerna
459 1416 111 28 förelagda
588 1415 108 28 förslaget,
717 1414 128 23 åtminstone

91 1451 56 22 hvad
166 1450 159 28 stadgandenas
344 1450 162 29 fullständighet
524 1450 137 26 vidkommer,
680 1450 77 21 utfalla
771 1450 33 22 till
819 1450 26 22 de

91 1485 159 23 förstnämndas
265 1485 75 22 fördel.
363 1485 42 21 Det
420 1486 41 21 kan
477 1486 7 20 i
499 1486 59 21 detta
572 1485 121 21 hänseende
708 1485 92 27 förtjena
812 1487 33 20 att
