1000 1717
298 138 72 22 Nådiga
382 138 137 22 Propositionen
532 139 33 17 N:o
578 139 28 16 25.
761 139 43 16 1251

138 204 42 28 för
196 204 40 20 den
252 204 38 25 tid,
307 210 45 14 som
363 203 102 29 förflutit
479 204 67 20 innan
561 203 36 21 det
616 203 35 21 till
665 202 82 21 Rätten
756 202 72 29 ingif-

143 240 35 18 vet
192 237 85 21 varder.

462 272 12 27 $
492 269 20 22 7.

201 313 80 22 Makar
297 320 35 22 ege
352 315 20 28 ej
390 317 33 17 att
441 314 69 21 under
525 313 139 28 äktenskapet
685 314 35 20 till
735 313 92 21 hvaran-

144 349 42 21 dra
208 356 74 21 genom
307 348 67 29 gåfva
399 349 91 27 upplåta
512 348 102 28 egendom
637 348 52 20 eller
711 348 61 28 eljest
793 348 34 28 sig

143 384 89 21 emellan
248 384 55 28 aftal
318 383 57 21 sluta
392 390 33 13 om
440 382 100 29 egendom
558 382 52 21 eller
626 382 109 28 rättighet
749 382 9 20 i
773 382 53 21 boet.

201 416 39 21 Om
260 421 129 22 testamente,
409 424 44 13 som
471 417 77 20 makar
567 417 55 28 vilja
642 417 35 20 till
700 416 127 21 hvarandra

142 453 66 27 göra,
230 453 59 26 gälle
312 451 56 22 hvad
389 453 10 19 i
420 447 151 33 Ärfdabalken
596 452 10 20 i
628 451 110 21 allmänna
764 451 63 28 lagen

143 487 95 28 stadgas.

460 521 12 27 $
488 519 20 22 8.

199 563 77 22 Denna
292 564 138 28 förordning
454 564 76 21 länder
550 563 36 21 till
608 563 144 28 efterrättelse
769 562 58 29 från

143 599 41 21 den
204 598 12 21 1
237 599 96 20 Januari
351 597 42 22 186
401 615 12 10 .,
436 598 37 21 vid
495 597 85 22 hvilken
603 597 33 21 tid
655 596 15 21 8
688 597 48 28 kap.
753 595 26 23 G.
799 596 27 22 B.

143 633 39 21 och
196 632 16 21 2
226 641 61 12 mom.
304 631 26 22 18
346 633 11 28 $
372 633 10 20 i
396 632 80 29 Kongl.
492 631 188 28 konkursstadgan
699 632 24 28 af
737 632 39 21 den
794 630 31 21 28

142 667 55 22 Juni
219 666 58 22 1798
299 667 100 29 upphöra
421 671 33 16 att
475 667 71 28 gälla;
568 666 54 21 dock
644 666 56 21 skall
719 666 13 22 å
751 665 74 21 äkten-

143 702 152 28 skapsförord,
319 709 44 14 som
385 703 144 27 derförinnan
554 701 74 28 blifvit
653 700 85 29 gjordt,
761 699 65 30 sagde

143 737 133 27 stadganden
291 737 118 27 tillämpas.

176 790 140 28 Helsingfors,
332 790 41 21 den
388 791 13 20 4
415 789 43 28 Maj
476 791 61 20 1867.

346 926 208 23 Reservation

177 979 29 22 Af
218 979 209 22 Hofrättsassessorn
442 975 121 32 Öhrnberg:

143 1023 64 22 Emot
220 1023 160 28 Lagutskottets
395 1022 70 22 beslut
479 1022 135 22 beträffande
629 1021 117 24 innehållet
757 1023 24 22 af
790 1025 12 20 3
816 1023 12 28 $

74 1058 8 21 i
100 1057 103 28 förslaget
224 1057 32 21 till
278 1057 125 27 förordning
426 1064 34 13 om
482 1057 143 26 preskription
646 1057 7 20 i
675 1057 151 28 fordringsmål

76 1093 40 20 och
132 1099 34 14 om
182 1090 141 28 årsstämning
338 1090 80 22 tillåter
430 1091 38 28 jag
484 1091 42 27 mig
541 1092 33 19 att
592 1091 79 27 afgifva
685 1091 95 28 följande
794 1098 33 15 re-

75 1126 113 22 servation.

145 1159 202 27 Skuldförbindelse,
366 1167 46 14 som
427 1159 36 21 två
482 1159 51 22 eller
551 1159 51 22 flere
622 1158 67 29 åtagit
707 1160 32 27 sig
754 1167 26 14 en
794 1160 34 21 för

76 1195 44 21 alla
135 1195 39 21 och
189 1195 43 21 alla
247 1195 33 20 för
295 1201 32 19 en,
344 1194 149 27 grundlägger,
510 1193 66 28 enligt
592 1195 25 19 12
633 1195 11 26 $
660 1195 13 20 4
687 1194 49 27 kap.
753 1194 26 21 U.
794 1194 32 26 B.,

75 1229 104 27 rättighet
200 1229 34 21 för
251 1229 134 27 borgenären
404 1230 32 19 att
454 1228 24 21 af
494 1228 84 21 hvilken
597 1228 24 21 af
638 1228 53 26 dem,
711 1229 42 20 han
772 1229 56 21 helst

76 1263 42 25 vill,
134 1263 74 21 kräfva
224 1263 39 21 och
278 1262 136 21 utbekomma
429 1262 49 21 hela
493 1262 94 21 fordran.
618 1262 51 21 Man
683 1263 42 20 kan
737 1263 91 26 derföre,

76 1304 32 14 om
129 1304 49 14 man
197 1296 68 22 häller
283 1296 34 28 sig
334 1296 76 21 endast
427 1296 35 21 vid
482 1296 68 22 denna
567 1296 80 22 verkan
669 1296 24 22 af
712 1304 27 14 en
760 1296 67 22 sädan

76 1331 136 25 förbindelse,
231 1332 46 20 icke
296 1333 52 19 utan
367 1330 46 21 skäl
432 1329 69 27 påstå,
520 1332 32 19 att
570 1330 134 27 borgenären
722 1331 45 25 bör,
783 1330 46 22 ifall

77 1365 24 20 af
113 1365 130 26 invändning
259 1372 34 13 om
307 1364 151 27 preskription,
473 1364 72 20 kunna
564 1365 52 26 göra
635 1365 32 19 sin
686 1364 144 27 nyssberörda

76 1398 104 28 rättighet
198 1398 33 21 till
249 1398 49 21 hela
318 1398 47 20 dess
380 1397 50 21 vidd
449 1397 98 27 gällande
564 1399 46 19 mot
629 1397 40 21 den
687 1397 24 21 af
728 1398 100 27 gäldenä-

75 1440 69 19 rerne,
164 1435 56 19 emot
238 1432 84 22 hvilken
344 1432 43 21 han
404 1431 100 28 iakttagit
522 1431 128 28 stadgandet
669 1439 34 14 om
721 1432 107 28 preskrip-

75 1468 83 22 tionens
181 1467 134 29 afbrytande,
336 1469 55 19 samt
412 1468 33 20 att
466 1467 53 21 hans
541 1465 159 23 uraktlätenhot
723 1468 31 20 att
772 1468 57 21 emot
