1025 1714
337 143 84 17 Finlands
434 142 83 19 Ständers
530 143 66 17 Beslut.
775 143 43 16 1785

435 207 11 27 8
463 208 34 19 80.

157 246 34 23 Dä
209 248 104 27 landtdag
330 248 56 21 skall
404 248 97 26 afslutas,
518 248 81 22 infinna
616 249 42 27 sig,
677 248 30 28 pä
727 249 74 21 härtill
820 250 24 20 af

88 281 105 27 Kejsaren
209 282 40 20 och
265 282 132 21 Storfursten
412 284 68 20 utsatt
495 282 48 28 dag,
558 282 214 28 landtdagsmännen,
788 283 54 21 efter

89 315 107 21 förrättad
218 316 126 27 gudstjenst,
363 316 8 20 i
389 316 130 26 thronsalen,
538 316 86 21 hvarest
646 316 96 26 ständen,
765 324 76 20 genom

89 349 206 22 Landtmarskalken
314 350 41 21 och
372 350 129 26 talmännen,
519 350 57 22 inför
597 351 110 27 Kejsaren,
727 351 52 21 eller
801 351 41 21 den

89 384 49 20 Han
157 383 71 21 dertill
246 383 119 27 förordnat,
384 384 110 22 frambära
511 384 113 28 uttrycken
643 385 24 20 af
684 384 101 22 ständens
803 392 38 14 un-

89 417 117 29 dersätliga
223 418 96 22 vördnad
338 420 40 20 och
396 419 175 27 välönskningar;
590 420 108 21 hvarefter
715 420 126 21 Landtmar-

88 452 88 22 skalken
192 452 102 22 aflemnar
312 453 207 27 landtdagsbeslutet
537 455 56 19 samt
607 454 105 27 Kejsaren
731 454 51 21 eller
801 454 41 21 den

87 487 8 21 i
110 487 60 21 Hans
185 488 61 21 ställe
261 488 130 21 förordnade
409 488 107 22 förklarar
533 488 131 28 landtdagen
678 495 53 15 vara
749 488 93 22 afslutad

88 522 41 20 och
144 521 152 22 hemförlofvar
311 522 127 21 Ständerna.

158 561 70 22 Sedan
246 561 90 22 ständen
355 562 92 21 derefter
465 562 135 22 äterkommit
618 562 33 21 till
665 562 47 22 sina
730 562 111 28 samlings-

88 604 54 18 rum,
158 598 52 26 taga
225 596 32 26 de,
273 597 65 21 innan
354 597 25 21 de
395 596 102 28 ätskiljas,
512 604 77 21 genom
604 597 149 27 deputationer
768 597 74 21 afsked

88 630 25 22 af
125 631 128 21 hvarandra.

434 692 11 27 8
461 693 34 19 81.

157 734 104 28 Kejsaren
280 734 40 22 och
339 734 142 22 Storfurstens
500 734 32 21 till
551 734 121 21 Ständerna
693 733 81 22 aflätna
791 741 50 20 pro-

88 768 123 28 positioner,
219 768 119 22 utskottens
351 768 154 26 betänkanden,
518 768 108 22 äfvensom
638 768 130 21 Ständernas
779 768 62 21 skrif-

87 802 69 22 velser
171 802 33 21 till
218 803 104 27 Kejsaren
338 803 40 21 och
393 802 206 28 landtdagsbeslutet
610 802 60 22 skola
681 802 102 21 särskildt
793 801 48 22 frän

88 837 84 27 trycket
186 837 98 27 utgifvas.
314 837 216 27 Landtdagsbeslutet
544 836 55 22 skall
614 837 39 21 ock
667 836 82 21 införas
763 836 8 20 i
786 843 54 14 sam-

87 871 72 28 lingen
175 870 24 22 af
212 871 26 21 de
252 871 34 21 för
301 871 73 21 landet
389 870 98 28 gällande
502 870 108 22 allmänna
624 870 159 28 författningar.

434 931 11 27 s
461 932 34 20 82.

156 974 114 21 Allmänna
289 974 117 21 kostnader
421 974 40 21 och
475 973 88 27 utgifter
577 973 8 20 i
600 973 40 21 och
654 972 35 22 för
703 971 137 29 landtdagen,

88 1008 48 22 med
150 1008 111 28 undantag
276 1008 24 21 af
316 1008 27 21 de
361 1008 7 20 i
387 1010 26 18 23
433 1008 40 20 och
492 1009 25 19 28
537 1008 24 26 $8
580 1006 135 26 omnämnda,
733 1006 107 22 bestridas

87 1042 49 22 med
151 1042 121 28 tillgängar,
289 1042 26 21 de
330 1042 38 21 der
381 1042 76 28 inflyta
471 1049 76 20 genom
561 1041 124 27 bevillning,
701 1040 52 26 eller
772 1040 68 22 andra

88 1076 109 22 allmänna
211 1076 75 26 medel,
302 1076 89 21 hvarom
406 1075 120 21 Ständerna
540 1075 74 21 kunna
628 1074 91 28 förfoga.

434 1136 11 27 s
461 1137 34 19 83.

156 1179 76 21 Denna
246 1178 206 28 landtdagsordning
467 1178 55 21 skall
536 1177 33 22 till
584 1177 43 21 alla
642 1177 47 21 dess
708 1176 60 22 delar
783 1176 57 27 gälla

88 1213 70 22 säsom
178 1221 27 14 en
223 1213 97 28 orygglig
339 1213 105 27 grundlag
462 1212 33 21 för
509 1211 102 22 Finlands
626 1211 81 28 Regent
722 1211 40 21 och
778 1210 61 21 Stän-

88 1248 44 26 der,
151 1247 56 22 intill
224 1247 48 21 dess
291 1247 41 21 den
353 1247 77 21 varder
451 1254 76 20 genom
549 1245 156 28 samstämmigt
726 1244 70 22 beslut
818 1244 24 21 af

88 1282 48 21 dem
151 1281 83 22 ändrad
249 1281 52 22 eller
315 1281 140 27 upphäfven.*

432 1341 11 27 8
461 1341 32 20 15.

156 1384 38 21 Uti
211 1382 134 28 underdänig
365 1382 109 22 skrifvelse
493 1382 23 21 af
533 1382 41 21 den
593 1383 27 20 14
640 1382 8 20 i
670 1381 70 21 denna
762 1379 77 22 mänad

87 1418 63 23 hafve
164 1418 28 22 Vi
210 1418 101 28 framlagt
329 1418 26 21 de
374 1417 46 22 skäl
435 1416 28 29 pä
481 1416 71 23 hvilka
566 1416 27 22 Vi
607 1416 47 21 icke
668 1415 83 22 kunnat
764 1414 75 22 bifalla

87 1454 33 21 till
140 1455 31 21 ett
192 1453 24 22 af
235 1453 60 22 Hans
313 1453 120 28 Kejserliga
451 1451 99 28 Majestät
568 1451 41 22 Oss
630 1450 107 28 förelagdt
758 1449 81 28 förslag
