1014 1725
290 130 72 24 Nådiga
373 134 137 22 Propositionen
522 134 33 18 N:o
568 135 28 17 31.
752 134 43 17 1617

139 196 42 20 last
196 195 39 21 och
249 196 47 21 med
304 197 152 28 förmånsrätt
469 198 53 28 utgå
535 198 58 29 från
607 198 25 21 de
646 197 67 21 medel
729 198 42 20 han
786 204 32 14 re-

138 229 44 21 dan
196 230 98 26 inbetalt,
308 238 48 13 men
372 231 138 29 öfverskottet
521 232 25 29 af
559 232 46 21 dem
621 233 34 20 till
670 232 77 20 honom
762 232 57 20 åter-

138 264 84 21 ställas.
252 263 75 30 Stiger
339 265 133 29 fastigheten
487 267 36 21 vid
538 267 40 20 den
592 274 43 21 nya
650 266 116 21 auktionen
782 266 37 21 hö-

137 305 40 21 gre
193 299 29 20 än
236 306 29 14 nu
280 300 63 28 sagdt
358 301 33 25 är,
406 300 80 22 komme
501 302 84 20 vinsten
597 301 146 28 fastighetens
752 301 66 28 förre

138 339 64 22 egare
217 333 52 22 eller
284 334 53 21 hans
352 335 132 28 borgenärer
500 336 34 21 till
548 335 62 29 godo.

393 396 26 27 $$
433 395 27 22 18
475 396 38 21 och
527 394 34 23 19.

194 437 11 22 I
220 438 66 28 öfrigt
300 439 147 27 oförändrade,
460 442 58 20 utom
533 442 31 20 att
578 439 108 29 uttrycket
700 439 118 27 ,Guvernö-

137 474 49 20 ren"
201 473 85 28 utbytes
301 475 45 20 mot

194 507 117 30 Kejsarens
326 508 243 31 befallningshafvande.

447 567 12 28 $
475 565 38 23 20.

407 604 142 22 Oförändrad.

448 660 12 28 $
475 659 34 21 21.

195 699 77 21 Denna
281 700 138 28 förordning
435 700 56 22 skall
504 700 61 29 gälla
578 700 58 30 från
650 700 40 21 den
707 715 4 5 .
728 714 90 6 .....

138 732 70 28 186
184 728 30 40 .,
222 741 48 13 men
285 735 20 27 ej
320 736 109 27 tillämpas
445 735 14 21 å
473 735 25 21 de
511 735 84 29 frågor
610 742 33 13 om
657 734 123 28 utmätning
796 734 26 28 af

133 768 109 29 fastighet
257 768 14 21 å
286 769 78 26 landet,
379 776 45 14 som
439 769 151 29 dessförinnan
607 769 72 28 gjorts
694 768 126 29 anhängiga

140 803 39 21 och
194 803 40 21 bör
246 803 42 29 för
304 804 70 28 öfrigt
388 804 42 21 allt
445 803 56 22 hvad
516 810 34 15 om
565 803 88 22 auktion
669 803 14 20 å
695 803 50 28 fast
760 809 60 22 egen-

140 837 49 22 dom
203 838 32 28 på
254 838 72 21 landet
344 838 148 29 härförinnan
509 839 59 20 varit
586 837 102 28 stadgadt
704 837 38 20 och
756 845 30 13 nu
802 837 18 28 ej

138 872 119 29 undergått
272 873 103 28 ändring,
391 873 63 28 äfven
463 873 119 28 framdeles
597 871 117 29 iakttagas.

369 926 90 19 Finlands
473 926 78 20 Ständer
562 925 109 21 framhärda
682 926 36 19 ete.

140 983 139 29 Helsingfors,
296 984 40 21 den
352 985 26 20 29
393 983 44 28 Maj
455 985 61 21 1867.
