981 1717
277 157 72 23 Nådiga
360 159 138 21 Propositionen
509 158 35 17 N:o
557 158 27 17 27.
745 159 42 16 1455

60 223 95 26 uttagas,
173 221 69 21 innan
260 221 143 30 kronofogdes
418 222 75 22 ordres
508 221 76 23 dertill
597 221 118 23 utverkats.
738 221 73 22 Skulle

61 262 76 22 genom
160 255 49 22 bros
233 256 159 28 bristfällighet
413 257 74 28 någon
502 257 87 28 förlust
607 255 40 23 den
662 257 89 21 resande
768 257 44 20 till-

62 289 98 29 skyndas,
180 291 80 20 ersätte
275 291 41 21 den
331 291 96 29 skyldige
441 291 129 21 densamma.
599 290 47 22 Får
661 291 73 28 någon
749 291 66 28 deraf

62 323 148 30 kroppsskada
232 325 52 21 eller
304 325 65 29 ljuter
388 325 75 27 döden,
483 325 56 22 skall
558 333 79 14 ansvar
653 325 110 22 ådömmas
779 332 34 13 en-

63 359 41 28 ligt
120 360 54 27 lag."

131 391 96 24 Emedan
246 393 36 22 det
296 394 40 21 bör
350 395 74 20 kunna
438 397 96 25 antagas,
551 396 32 19 att
597 394 38 21 bro
651 394 42 21 kan
709 393 104 22 förstöras

63 428 62 22 äfven
146 427 30 28 på
197 430 67 19 annat
282 430 43 20 sätt
343 430 28 20 än
388 436 77 21 genom
480 428 69 22 brand
565 429 51 21 eller
630 428 117 22 vattenflod
762 428 52 21 eller

62 462 26 22 af
106 461 156 27 våldsverkare,
285 470 52 14 anse
359 463 119 21 Ständerne
497 463 127 27 stadgandet
641 463 8 20 i
668 464 26 19 20
714 463 18 27 $,
748 462 66 28 enligt

63 497 80 21 hvilket
165 497 36 21 det
218 497 7 21 i
245 497 26 21 de
292 497 92 22 nämnde
406 497 141 22 händelserna
569 497 82 28 åligger
667 497 25 22 de
707 497 108 28 vägbygg-

63 531 151 28 nadsskyldige
232 533 32 20 att
278 530 14 23 å
307 532 72 21 stället
395 531 60 22 hålla
469 531 57 28 färja
541 531 51 22 eller
606 531 60 22 flotte
681 531 81 22 tilldess
777 538 38 15 an-

63 573 44 14 nan
129 566 39 22 bro
187 566 77 22 hunnit
281 567 111 26 uppföras,
411 566 54 22 böra
480 566 87 21 affattas
582 565 24 22 så
621 566 95 25 allmänt,
732 568 33 19 att
780 566 36 21 det

64 601 43 21 kan
121 601 35 21 vid
170 600 74 29 hvarje
260 600 77 22 sådant
351 601 176 22 förekommande
541 600 38 22 fall
593 601 116 27 tillämpas.
731 600 11 21 I
757 600 60 22 detta

64 635 55 28 syfte
141 635 67 21 borde
230 635 66 28 sagde
314 636 19 27 8,
352 635 66 28 enligt
437 635 131 22 Ständernas
586 636 92 27 mening,
697 635 65 21 hafva
776 635 41 21 föl-

63 669 67 28 jande
144 670 90 27 lydelse:
264 669 108 27 ,Brinner
388 670 45 26 bro,
449 670 52 21 eller
517 670 109 28 bortföres
641 670 40 20 den
697 670 25 28 af
735 672 82 18 vatten-

61 704 53 28 flod,
138 705 52 20 eller
212 704 80 21 varder
310 704 41 22 den
368 711 76 22 genom
459 708 68 18 annat
542 704 53 29 ofall
605 704 110 28 förstörd,
731 704 86 29 åligger

66 738 26 22 de
107 738 253 29 vägbyggnadsskyldige
376 742 33 18 att
424 740 13 20 å
453 740 73 20 stället
535 739 66 29 färja
617 739 52 21 eller
675 738 64 29 flotte
750 738 67 26 hålla,

68 774 46 20 tills
130 780 72 14 annan
218 771 38 23 bro
273 773 77 21 hinner
365 774 123 27 uppföras.

134 802 68 26 Äfven
221 807 7 21 i
248 808 40 21 den
310 807 132 28 förordning,
464 807 88 22 hvarom
570 814 30 14 nu
618 808 55 20 varit
688 806 68 29 fråga,
771 807 47 27 bör,

68 841 66 27 enligt
156 841 131 21 Ständernas
310 840 61 28 äsigt,
394 843 49 20 näst
461 841 46 22 före
525 842 53 21 sista
593 843 11 27 &
619 842 91 21 insättas
729 848 26 15 en
774 842 45 21 sär-

68 875 55 22 skild
142 876 18 28 $,
179 875 151 22 innehållande
352 876 116 26 föreskrift,
491 876 56 21 huru
564 876 69 26 böter,
648 883 47 15 som
709 875 110 22 ädömmas

68 910 67 27 enligt
150 917 81 14 samma
246 910 131 28 förordning,
393 910 61 22 skola
468 910 94 22 fördelas
574 911 40 21 och
625 910 129 22 förvandlas.
777 910 43 22 För

69 942 70 24 denna
150 945 11 27 $
173 944 64 22 hafva
248 944 119 22 Ständerne
379 945 94 27 godkänt
483 944 159 22 nedanstående
652 944 90 28 lydelse:
766 944 54 26 ,Bö-

70 982 39 22 ter,
125 986 45 14 som
185 979 69 28 enligt
270 978 69 21 denna
348 979 137 28 förordning
501 979 117 26 ådömmas,
633 979 30 28 gå
675 980 35 20 till
722 978 99 29 treskifte

70 1012 39 22 och
121 1013 133 28 förvandlas
272 1013 37 21 vid
325 1012 110 22 bristande
451 1013 95 29 tillgång
562 1014 36 20 till
605 1013 103 29 fängelse
723 1013 38 21 vid
775 1016 47 18 vat-

70 1050 36 18 ten
120 1047 39 21 och
175 1047 61 26 bröd,
252 1048 70 27 enligt
337 1048 82 20 allmän
434 1048 53 28 lag."

368 1116 90 21 Finlands
471 1117 80 20 Ständer
562 1117 110 20 framhärda
684 1118 35 19 ete.

140 1187 140 29 Helsingfors,
295 1187 41 22 den
351 1187 27 21 28
393 1187 43 28 Maj
453 1188 61 21 1867.
