1020 1717
202 152 44 17 1712
399 150 71 23 Nådiga
481 152 136 20 Propositionen
630 151 33 17 N:o
677 152 27 15 34.

177 214 51 21 fälle
243 215 33 20 att
289 213 48 21 med
353 213 35 21 det
401 213 8 21 i
423 212 73 22 Nåder
513 213 77 21 eskade
609 213 97 28 anslaget
723 213 107 21 förstärka
844 213 83 22 militie-

178 248 85 26 fonden,
281 247 64 22 hafva
362 247 65 21 likväl
444 247 155 27 Ridderskapet
621 247 40 21 och
679 247 68 21 Adeln
766 249 55 19 samt
842 247 85 22 Presta-

178 282 41 21 och
232 280 193 30 Borgarestånden,
439 282 49 20 med
503 281 98 21 afseende
617 280 12 22 å
645 281 24 21 de
685 282 67 27 dryga
767 282 115 20 kostnader
895 282 32 20 in-

178 316 232 27 qvarteringsbesväret
424 316 126 27 tillskyndar
564 316 123 27 isynnerhet
701 316 107 26 städerna,
820 314 64 29 vågat
894 316 34 20 till

178 350 24 21 E.
214 350 26 21 K.
252 350 49 21 M:ts
315 349 86 28 Nådiga
415 350 139 27 behjertande
569 349 118 22 framställa
702 357 26 14 en
742 348 133 29 underdånig
890 357 37 14 an-

178 383 73 23 hållan
269 386 32 20 att
318 384 25 22 E.
359 384 26 21 K.
400 384 40 21 M:t
456 384 82 22 täcktes
556 384 8 21 i
578 383 73 22 Nåder
669 383 69 22 tillåta
757 386 32 20 att
807 384 25 22 de
851 384 77 28 bidrag

177 419 34 21 till
228 418 136 23 bestridande
383 418 24 22 af
423 419 65 28 sagde
502 418 121 26 kostnader,
639 425 45 15 som
699 419 111 26 härintills,
827 419 101 28 antingen

178 453 106 22 särskilda
297 453 124 22 kommuner
435 453 34 21 till
483 453 86 22 bistånd
582 453 8 20 i
605 453 63 21 deras
679 453 248 28 inqvarteringsskyldig-

177 487 43 26 het,
240 487 51 22 eller
309 487 24 21 af
349 495 71 14 annan
438 488 64 21 orsak
523 487 102 22 utbetalts
647 487 48 21 från
715 487 136 22 merberörde
869 487 58 26 fond,

177 521 56 28 finge
251 521 61 22 äfven
330 521 33 21 för
381 521 121 26 framtiden,
521 521 87 28 sålänge
627 521 62 21 deraf
706 523 62 26 göres
786 521 70 26 behof,
879 520 48 23 från

180 555 123 22 densamma
317 555 58 28 utgå.

246 589 101 22 Deremot
364 590 40 20 har
422 589 102 28 förslaget
542 597 35 14 om
594 590 226 21 landskommunernas
836 589 91 28 skyldig-

176 623 115 22 kännande
307 625 32 20 att
357 625 79 19 ersätta
454 623 144 22 kostnaderna
619 623 34 22 för
671 624 46 25 ved,
735 624 42 27 ljus
800 624 40 21 och
865 625 62 26 säng-

176 657 66 26 halm,
258 664 45 15 som
314 657 25 21 af
347 657 26 22 de
384 657 252 29 inqvarteringsskyldige
647 657 174 22 tillhandahållas
832 657 14 22 å
856 658 71 21 lands-

176 691 85 28 bygden
276 691 96 28 förlagde
386 693 95 26 trupper,
498 692 53 21 efter
566 692 126 28 fördelning,
707 693 67 21 under
793 692 89 21 fredstid
896 693 31 20 lä-

176 726 60 21 nevis
258 726 39 21 och
319 726 68 21 under
409 727 47 27 krig
477 726 29 28 på
527 727 49 21 hela
593 727 79 26 landet,
691 727 24 21 af
731 727 146 22 nästbemälde
894 729 33 19 tre

177 759 63 23 stånd
255 760 33 21 för
303 759 62 22 deras
380 760 34 21 del
429 761 103 27 godkänts
548 761 47 21 med
611 761 40 22 den
666 761 157 28 utsträckning,
842 763 33 20 att
888 769 39 14 un-

177 795 38 21 der
233 793 206 30 krigsförhållanden
457 795 29 21 all
505 796 64 21 frihet
586 795 47 22 från
651 797 156 26 inqvartering,
825 796 49 21 med
888 803 39 14 un-

178 829 80 28 dantag
274 829 75 21 endast
363 829 34 21 för
411 829 92 22 kronans
522 830 40 21 och
577 830 56 21 vissa
652 830 107 21 allmänna
773 830 154 27 inrättningars

177 863 47 26 hus,
246 863 84 21 komme
351 865 32 19 att
404 864 108 27 upphöra;
535 871 47 14 men
605 864 88 21 emedan
714 863 165 26 Bondeståndet,
898 863 29 28 på

177 898 43 20 sätt
238 897 48 22 dess
304 897 67 21 redan
389 897 89 22 anförda
496 898 71 21 beslut
588 898 193 27 vidhandengifver,
803 899 46 21 icke
871 905 55 14 sam-

177 931 59 28 tyckt
250 931 34 21 till
297 931 41 22 slik
351 931 145 28 beskattning,
516 933 40 20 har
574 932 18 28 ej
611 932 67 21 heller
696 933 7 20 i
722 933 69 21 denna
809 933 34 21 del
861 932 66 28 något

176 965 76 28 lagligt
267 965 157 22 ständerbeslut
441 966 89 21 kommit
544 966 32 21 till
591 965 69 23 stånd.

245 999 34 22 Då
296 999 89 27 således,
400 1001 7 20 i
425 999 62 29 fråga
506 1008 33 13 om
560 1001 34 21 det
612 1001 7 21 i
637 1001 33 21 sin
689 1001 71 21 helhet
778 1001 32 21 till
825 1001 101 21 Ständer-

176 1041 40 14 nas
235 1034 187 28 grundlagsenliga
441 1035 129 28 behandling
592 1035 156 22 öfverlemnade
751 1030 8 38 :'
770 1035 102 28 förslaget
893 1035 34 22 till

176 1067 125 28 förordning
313 1067 112 29 angående
436 1070 122 26 grunderna
569 1069 33 21 för
617 1069 254 28 militär-inqvarterings-
886 1070 39 21 och

176 1103 398 28 transportskjutsningsskyldighetens
597 1104 124 27 utgörande,
740 1104 92 27 lagenlig
854 1104 72 27 plura-

176 1137 47 21 litet
237 1137 25 21 af
270 1137 26 22 de
306 1138 105 21 särskilda
426 1137 104 22 Ständens
546 1138 110 27 meningar
670 1139 46 20 icke
731 1138 119 26 förefinnes,
862 1139 65 21 hafva

177 1171 120 22 Ständerna
315 1172 75 21 endast
407 1171 64 22 bordt
488 1173 8 20 i
514 1171 171 28 underdånighet
704 1172 85 22 anmäla
807 1175 32 19 att
860 1172 66 27 sagde

176 1205 86 28 förslag,
278 1205 110 28 jemlikt
381 1201 17 37 $
405 1207 11 19 3
436 1205 24 22 af
476 1206 197 27 Riksdagsbeslutet
693 1207 41 21 den
752 1208 26 19 23
796 1206 50 22 Juni
864 1208 61 24 1786,

176 1239 96 22 kommer
286 1242 32 19 att
333 1240 34 21 för
381 1240 70 22 denna
466 1239 56 29 gång
537 1241 92 21 förfalla.

244 1341 69 22 Jemte
331 1341 36 21 det
385 1341 120 23 Ständerna
522 1342 89 22 härmed
629 1342 22 22 få
668 1343 9 21 i
694 1342 170 30 underdänighet
882 1343 43 23 för-

175 1375 62 22 klara
256 1377 32 20 att
301 1375 84 28 Nädiga
401 1376 161 28 Propositionen
582 1377 87 28 hilagda
686 1378 104 28 förslaget
806 1378 33 21 till
857 1378 68 28 regle-

175 1412 71 19 mente
261 1409 109 29 angäende
385 1411 145 29 ingvartering
549 1414 55 20 samt
618 1414 112 26 transport
744 1412 24 22 af
780 1414 90 26 trupper
884 1413 40 22 och

175 1444 190 28 militärpersedlar
380 1446 25 20 är
419 1446 24 21 af
456 1446 154 28 Ridderskapet
629 1448 40 21 och
683 1447 69 22 Adeln
770 1449 56 20 samt
839 1447 86 22 Presta-

176 1479 41 22 och
238 1478 185 29 Borgareständen
444 1480 8 22 i
474 1482 149 27 väsentligaste
649 1482 60 22 delar
731 1482 118 28 godkändt,
870 1482 54 22 böra
