981 1720
221 157 45 16 1380
420 153 72 24 Nådiga
503 155 138 22 Propositionen
653 154 35 17 N:o
701 155 27 16 27.

194 220 49 20 mot
264 219 115 20 utskottets.
400 217 71 22 beslut
489 218 7 20 i
514 217 71 22 denna
603 217 35 21 del
652 215 23 23 få
689 217 106 28 nedlägga
809 217 138 22 reservation.

196 253 44 28 Jag
263 259 64 15 anser
343 252 106 27 nemligen
465 253 30 20 ett
509 251 71 22 beslut
594 251 7 21 i
617 251 40 22 den
672 251 101 28 riktning,
788 252 105 21 utskottet
908 251 40 22 fat-

195 289 42 24 tat,
256 287 103 21 innebära
378 288 30 20 ett
422 286 119 27 betänkligt
555 286 90 27 ingrepp
661 285 7 22 i
683 285 160 28 eganderätten.
874 287 76 20 Denna

198 323 45 20 rätt
264 321 40 21 bör
325 321 34 21 väl
381 321 39 21 hos
439 320 40 22 den
498 320 88 22 enskilte
600 327 53 14 vara
666 320 158 26 underordnad,
841 319 28 22 dä
883 321 67 27 högre

198 356 159 21 statsintressen
379 355 75 22 kräfva
474 355 42 21 viss
539 354 123 29 uppofiring
681 355 69 26 deraf;
765 363 49 14 men
828 356 44 27 mig
888 363 61 20 synes

198 392 32 20 att
247 390 8 21 i
274 389 38 22 fall
333 396 46 15 som
399 389 64 27 detta,
480 391 30 20 ett
524 388 25 23 sä
564 389 107 28 oafvisligt
686 389 40 22 och
741 390 76 27 vigtigt
831 390 121 22 statsbehof

197 425 47 21 icke
259 425 25 20 är
298 423 34 22 för
347 424 85 21 handen
448 426 37 24 att,
498 431 34 14 om
544 423 163 22 statsmakterne
718 423 59 22 finna
787 424 75 28 nödigt
872 424 78 29 ålägga

198 458 27 22 de
238 457 165 29 ifrågavarande
414 458 151 28 lägenheterne
576 458 134 21 omförmälte
722 457 82 27 besvär,
817 458 67 22 sådan
895 466 54 21 upp-

198 492 79 29 offring
295 492 24 22 af
331 494 31 20 ott
376 492 83 22 mindre
474 492 59 22 antal
547 492 90 22 enskilte
651 492 134 28 rättvisligen
799 493 43 21 kan
857 493 92 27 fordras,

197 530 54 19 utan
265 527 151 22 motsvarande
431 527 123 27 ersättning.
581 527 31 21 Ur
628 534 70 14 annan
714 528 109 27 synpunkt
837 529 28 20 än
880 528 70 22 denna

197 563 43 21 kan
262 562 35 22 väl
315 562 7 20 i
341 563 31 20 ett
393 562 117 27 lagbundet
532 561 103 21 samhälle
658 562 114 27 omöjligen
787 561 71 29 någon
873 570 76 20 expro-

197 596 142 29 priationslag
360 596 72 21 stiftas
455 596 51 22 eller
524 595 67 22 blifva
610 596 105 27 gällande,
730 609 29 3 —
773 597 40 21 och
828 596 57 22 huru
900 604 49 15 man

197 633 28 20 än
239 631 36 22 må
289 637 52 16 anse
356 631 36 21 det
407 638 59 19 onus,
482 638 46 14 som
543 632 25 20 är
582 631 7 20 i
604 630 68 28 fråga,
688 631 61 22 faller
764 631 47 21 dess
822 631 126 23 hvälfvande

197 665 14 22 å
233 666 41 21 den
297 665 71 22 dertill
390 665 19 28 ej
433 665 129 28 förpliktade
585 665 83 22 ändock
689 667 78 26 ytterst
784 666 69 21 under
867 673 82 16 samma

193 701 94 27 princip.
306 696 12 36 :
317 700 50 21 Men
389 702 59 19 utom
468 700 34 21 det
517 700 134 27 rättstridiga
665 700 54 26 häri,
735 701 42 21 kan
793 701 40 21 ock
847 701 48 22 med
910 702 40 21 allt

197 735 47 22 skäl
258 733 144 29 ifrågasättas,
418 735 105 21 huruvida
538 742 56 19 man,
610 741 76 21 genom
697 737 33 19 att
739 734 29 28 på
779 735 36 22 det
825 735 124 29 föreslagna

197 771 66 20 sättet
281 769 84 28 reglera
384 769 225 28 skjutningsbesväret,
629 769 86 21 beträdt
734 769 41 22 den
793 771 46 27 väg,
859 777 45 14 som
920 771 29 21 le-

197 803 38 22 der
257 804 33 21 till
313 803 36 22 det
371 805 58 20 rätta
443 803 70 22 målet.
544 804 39 27 Jag
595 799 76 36 tviflar
688 803 72 28 derpä.
775 817 28 4 —
818 805 42 21 Det
875 806 25 20 är
914 806 35 21 väl

197 838 137 27 obestridligt
355 840 33 19 att
409 838 296 21 kommunikationsväsendet
723 840 24 19 är
763 841 30 19 ett
808 839 89 22 allmänt
912 839 36 22 be-

195 872 44 26 hof,
258 885 29 3 —
305 872 19 28 ej
347 872 56 21 blott
422 872 178 27 jordbrukarens;
615 884 29 4 —
659 873 40 20 och
719 872 27 22 dä
760 873 42 21 kan
814 874 39 28 jag
868 874 19 27 ej
903 874 45 22 inse

195 906 101 22 hvarföre
313 908 83 26 tungan
415 906 62 21 deraf
489 906 55 21 skall
558 906 74 28 läggas
647 905 29 29 pä
691 906 40 22 den
747 907 94 22 derifrän
856 908 92 28 fritagne

193 940 160 28 jordbrukaren
374 948 52 18 'mer,
449 942 28 19 än
498 940 29 28 pä
549 941 68 21 andra
639 941 247 28 samhällsmedlemmar,
902 950 46 14 som

196 974 40 22 ock
257 982 30 13 nu
309 974 151 28 tillgodonjuta
483 974 69 22 denna
566 975 105 21 befrielse.
701 975 100 22 Tvärtom
815 976 69 22 borde
898 984 50 14 man

195 1008 53 22 söka.
270 1009 85 21 komma
373 1008 87 26 derhän,
480 1010 31 19 att
526 1009 43 21 alla
580 1008 177 29 jordlägenheter
771 1012 52 20 utan
838 1011 110 27 undantag

195 1043 108 22 befriades
318 1042 48 22 frän
382 1043 59 22 detta
456 1043 48 21 dem
518 1044 71 21 allena
603 1051 30 13 nu
648 1043 114 29 äliggande
777 1052 64 20 onus;
856 1059 29 3 —
900 1046 47 26 och,

195 1078 67 27 enligt
283 1078 49 20 mitt
353 1077 145 26 förmenande,
521 1078 41 20 bör
584 1078 59 21 detta
664 1078 72 21 kunna
750 1078 105 23 indirekte
871 1079 77 29 äväga-

194 1112 88 27 bringas
305 1118 76 20 genom
404 1110 108 29 åtgärder,
534 1119 46 13 som
598 1112 113 22 efterhand
725 1112 115 23 framkalla
855 1114 41 22 den
912 1122 36 14 en-

194 1146 64 21 skilta
280 1145 163 27 spekulationen
465 1148 37 24 att,
526 1153 34 14 om
578 1146 55 21 först
651 1147 49 21 med
715 1147 83 27 bidrag,
814 1147 133 29 småningom

194 1182 53 19 utan
269 1178 78 23 sådant
368 1180 25 21 af
413 1180 41 22 den
476 1180 237 28 skjutsningsskyldige,
735 1180 111 30 öfvertaga
868 1182 79 22 dennes

195 1214 75 26 börda,
285 1221 47 19 som
347 1213 90 23 sälunda
452 1214 84 22 komme
551 1216 33 20 att
598 1215 48 21 med
661 1216 59 20 rätta
735 1216 84 21 drabba
833 1216 42 22 den
887 1217 63 21 deraf

193 1248 56 22 hade
267 1248 81 27 verklig
367 1248 70 22 fördel
456 1249 40 21 och
514 1248 70 22 behof.
600 1261 27 3 —
642 1250 49 26 Nog
710 1250 31 21 af!
764 1250 41 27 Jag
821 1250 68 22 finner
903 1251 44 21 för-

194 1282 69 27 slaget
284 1289 35 14 om
340 1282 164 27 privilegierade
522 1282 90 27 jordens
633 1282 137 28 betungande
791 1284 89 21 härmed
895 1292 52 14 vara

193 1315 55 22 både
269 1323 27 14 ur
318 1315 85 28 rättslig
426 1315 40 22 och
488 1315 178 22 statsekonomisk
688 1318 108 27 synpunkt
818 1319 128 28 oantagligt,

193 1350 56 22 helst
267 1349 87 29 frågans
373 1351 59 21 rätta
447 1349 83 29 lösning
546 1351 122 27 derigenom
683 1351 76 23 endast
774 1352 58 22 ledes
847 1352 48 23 från
910 1354 38 22 sitt

185 1384 56 28 -mål,
265 1392 46 15 som
328 1386 31 21 är
378 1385 88 27 jordens
488 1385 111 23 befriande
617 1386 7 21 i
642 1386 117 23 allmänhet
778 1386 47 24 från
845 1388 36 22 det
896 1389 50 22 den-

193 1427 83 15 samma
289 1420 119 28 tryckande
422 1420 236 28 skjutsningsbesväret.
