1009 1728
287 141 72 22 Nädiga
371 143 139 20 Propositiotien
521 142 34 17 N:o
568 141 27 17 25.
751 139 43 19 1217

66 212 27 14 ur
113 204 181 22 konkursmassät
312 205 138 22 utbekomma
468 205 33 22 sin
519 204 95 23 fordran.
643 205 74 28 Enligt
734 204 85 21 utländ-

66 239 39 21 ska
123 239 160 28 lagstiftningar
301 240 25 20 är
344 239 178 28 stämningstiden
539 240 8 20 i
566 239 116 22 allmänhet
696 239 124 27 visserligen

65 273 47 21 icke
130 273 80 27 längre,
230 275 28 19 än
276 273 55 22 hvad
349 274 40 21 här
407 273 127 28 föreslagits,
554 281 48 14 men
621 270 96 25 deremot
739 274 25 20 är
784 273 35 21 det

67 307 39 22 ock
128 307 164 27 borgenärerne,
312 308 48 20 med
382 308 100 21 afseende
504 307 13 22 &
540 308 41 21 den
598 307 147 28 väsendtligen
763 307 57 21 olika

65 341 137 28 processuela
217 341 119 28 omgången
351 349 45 13 som
412 343 66 27 enligt
495 343 50 20 dem
563 343 32 20 uti
614 341 138 22 konkursmäl
770 344 50 24 eger

65 383 55 19 rum,
136 377 65 26 öppet
216 378 33 19 att
265 376 62 22 äfven
346 376 53 22 efter
416 376 188 28 inställelsedagen
622 376 85 22 anmäla
725 376 41 21 och
783 375 37 21 be-

66 410 54 21 vaka
135 410 47 20 sina
196 410 130 27 fordringar.
355 409 34 22 Dä
408 411 118 20 emellertid
544 410 39 21 fall
601 410 73 21 kunna
688 410 134 21 förekomma

67 446 32 19 att
114 451 25 14 en
154 444 75 27 längre
244 445 156 26 stämningstid,
416 446 28 19 än
458 445 48 28 fyra
521 444 103 21 månader
637 443 185 29 oundgängeligeti

67 478 114 26 erfordras,
200 479 61 20 torde
280 478 33 21 för
332 477 79 23 sädane
429 479 181 27 utomordentliga
628 478 114 21 händelser
756 479 66 20 stäim-

66 513 133 28 ningstidens
218 513 152 22 utsträckande
388 514 33 21 till
440 520 36 15 sex
494 513 104 22 månader
621 513 54 22 böra
696 513 125 27 medgifvas,

66 548 100 21 hvarföre
184 547 136 22 föreskriften
338 548 7 21 i
365 549 25 20 19
409 549 12 27 $
440 549 76 20 härom
533 548 68 21 borde
621 547 81 22 ändras
724 546 97 27 sålunda,

67 584 33 19 att
114 582 158 28 borgenärerne
287 582 67 22 skulle
369 583 68 22 kallas
453 585 32 20 att
500 582 14 22 &
527 583 43 21 viss
586 583 48 27 dag,
648 584 50 20 näst
717 581 54 22 efter
786 581 36 22 tvä

67 617 51 22 eller
132 617 48 28 fyra
194 617 108 26 mänader,
319 617 57 26 eller,
390 617 37 22 der
438 617 106 22 särskilda
556 617 182 28 omständigheter
753 617 66 21 ound-

68 652 114 28 gängligen
200 652 75 21 kräfva
293 652 74 27 längre
386 653 38 26 tid,
442 653 64 27 högst
528 659 38 14 sex
587 651 109 27 månader,
715 652 46 21 sine
779 651 43 22 fot-

69 687 88 27 dringar
172 687 38 21 hos
225 687 79 21 Rätten
319 687 85 21 anmäla
420 687 39 21 och
474 687 89 21 bevaka.

136 729 11 21 I
163 729 26 21 20
205 729 11 27 &
232 731 25 19 är
271 725 135 28 föreskrifvet
421 731 32 19 att
467 729 134 22 notifikation
618 736 34 14 om
663 729 160 21 konkursstäm-

67 764 53 27 ning
135 763 35 21 till
189 764 71 20 kända
274 760 134 31 borgenärer
426 764 40 21 bör
484 764 98 21 utfärdas
600 762 24 23 sä
642 764 69 27 tidigt,
727 765 32 19 att
774 764 49 21 bor-

69 796 66 30 gönär
154 798 42 21 kan
214 797 22 22 få
256 798 34 21 del
308 797 63 22 deraf
390 799 64 21 minst
473 800 36 20 tre
530 798 78 22 veckor
627 798 49 21 före
697 798 127 22 inställelse-

69 832 75 28 dagen.
174 832 167 29 Ifrägavarande
355 833 135 22 notifikation
505 835 25 20 är
546 830 54 24 dock
612 833 115 27 rätteligen
743 834 32 20 att
786 840 38 14 an-

70 875 33 14 ses
119 867 71 22 såsom
205 875 26 14 en
246 868 85 21 erinran
347 875 34 14 om
397 868 141 28 stämningen,
553 870 52 19 utan
625 869 32 19 att
675 868 41 20 den
731 868 93 20 omstän-

70 900 73 30 dighet
159 904 32 20 att
206 903 69 21 denna
294 903 85 21 erinran
397 903 96 21 kommer
511 903 134 27 borgenären
663 902 106 21 tillhanda
786 900 38 22 nä-

71 945 42 20 gon
132 937 75 27 längre
225 937 52 21 eller
295 937 86 21 kortare
399 937 32 21 tid
449 937 46 21 före
517 936 187 28 inställelsedagen
726 935 34 22 fär
780 935 44 22 för-

69 972 85 21 minska
172 972 79 21 verkan
271 971 24 21 af
312 971 74 28 sjelfva
404 972 140 27 stämningen,
564 971 23 21 af
606 971 85 21 hvilken
710 970 115 28 anledning

69 1006 73 28 någon
160 1005 82 28 påföljd
262 1006 62 21 deraf
344 1008 32 19 att
397 1006 162 21 notifikationen
580 1006 89 20 kommit
690 1005 135 27 borgenären

70 1047 76 14 senare
161 1040 33 21 till
208 1040 73 21 handa
296 1041 27 20 än
338 1041 33 20 tre
385 1041 77 20 veckor
480 1041 47 20 före
545 1039 186 28 inställelsedagen
747 1040 18 27 ej
778 1036 48 24 'hel-

70 1074 32 21 ler
116 1074 68 21 finnes
199 1076 73 19 utsatt.
302 1073 42 22 Det
361 1074 110 28 undantag
490 1081 45 14 som
554 1073 96 22 härifrån
664 1074 6 20 i
688 1075 24 19 31
730 1074 11 27 &
757 1073 69 29 gjorts

71 1107 35 23 för
124 1108 222 28 inteckningshafvare
365 1109 95 27 grundar
478 1109 32 27 sig
529 1107 29 29 på
577 1108 40 21 den
639 1109 97 26 panträtt
758 1107 68 22 sådan

70 1143 108 28 borgenär
197 1150 55 21 eger,
272 1143 23 22 af
312 1143 84 21 hvilken
415 1143 63 21 orsak
496 1143 69 21 denne
583 1143 61 21 äfven
666 1142 69 22 blifvit
753 1143 7 20 i
783 1143 42 21 viss

71 1185 51 14 mon
136 1177 94 22 likställd
249 1178 48 21 med
316 1177 137 22 innehäfvare
471 1177 25 22 af
512 1178 32 21 lös
562 1179 60 26 pant,
638 1177 88 21 hvarom
744 1177 8 21 i
771 1178 26 19 32
812 1175 12 30 $

72 1212 68 21 finnes
159 1212 106 27 stadgadt.
294 1211 34 22 Då
347 1211 90 22 sålunda
455 1212 61 28 giltig
534 1211 70 28 grund
622 1210 34 22 för
675 1211 40 21 den
730 1211 44 21 'här
792 1213 34 19 ut-

73 1248 57 19 satta
144 1246 59 21 tiden
222 1246 23 21 af
262 1248 32 19 tre
309 1247 77 20 veckor
404 1247 47 20 icke
469 1246 121 26 förefinnes,
608 1246 41 21 har
667 1246 104 21 utskottet
789 1253 37 14 an-

73 1282 42 20 sett
134 1281 69 20 denna
220 1281 178 27 tidsbestämning
416 1281 54 21 böra
488 1280 54 28 utgå
557 1281 39 21 och
611 1280 8 21 i
634 1280 47 21 dess
697 1280 61 21 ställe
773 1279 54 22 infö-

73 1322 36 14 ras
128 1317 32 19 att
177 1315 171 21 underrättelsen
366 1315 33 21 till
418 1315 56 21 känd
490 1315 109 27 borgenär
621 1314 40 21 bör
683 1314 99 21 utfärdas
804 1312 25 23 så

74 1349 69 26 tidigt,
160 1351 32 18 att
207 1349 57 20 bevis
280 1349 58 20 öfver
354 1348 120 21 delfäendet
489 1349 63 20 deraf
564 1347 36 22 mä
615 1349 73 19 kunna
701 1352 53 16 vara
769 1347 13 21 ä
795 1348 33 20 in-

75 1382 163 27 ställelsedagen
254 1382 32 20 till
302 1382 74 20 hands.

143 1423 34 23 Då
192 1424 36 22 det
242 1424 7 21 i
265 1424 116 22 allmänhet
395 1424 55 22 visat
464 1424 32 28 sig
512 1431 52 15 vara
582 1423 113 29 angeläget
710 1424 32 21 att
755 1420 73 31 gälde-

75 1460 67 21 nären
158 1460 24 21 är
197 1458 13 23 å
224 1459 186 28 inställelsedagen
425 1459 136 29 personligen
576 1458 111 27 tillstädes,
703 1456 28 24 då
746 1458 36 22 det
792 1458 37 22 ske
