1034 1734
181 203 2 2 .
204 186 44 16 1146
404 184 71 24 Nådiga
486 186 138 22 Propositionen
636 186 35 16 N:o
684 186 27 16 25.

180 249 40 21 och
238 249 122 21 konkursen
378 249 117 28 dymedelst
513 256 62 15 anses
593 249 100 26 afslutad,
709 248 68 22 ehvad
795 248 77 22 domen
886 248 44 22 vin-

179 291 39 14 ner
232 284 50 28 laga
296 284 58 21 kraft
368 284 52 21 eller
434 284 46 22 icke
496 284 20 28 ($
533 285 42 27 98).

248 318 119 28 Angeläget
385 320 25 19 är
428 320 32 20 att
480 319 167 27 sysslomännen,
669 317 86 23 säsnart
775 318 156 21 Underrättens

180 353 49 21 dom
243 352 61 27 fallit,
320 353 8 21 i
342 353 94 27 enlighet
454 353 87 21 dermed
559 354 98 26 uppgöra
671 353 81 28 förslag
767 353 33 21 till
813 352 118 28 utdelning,

178 387 111 22 beräknad
307 388 34 20 för
360 387 42 21 alla
420 387 8 21 i
449 388 122 21 konkursen
592 388 109 21 bevakade
723 386 208 29 fordringsanspräk,

180 421 69 22 sävidt
264 422 26 22 de
304 422 47 21 icke
365 417 69 40 blifvit
449 422 123 31 förkastade
587 429 76 21 genom
678 422 99 27 domslut,
795 429 47 15 som
856 422 76 21 vunnit

179 457 50 28 laga
246 457 68 26 kraft;
334 457 40 21 och
389 459 32 19 att
438 457 113 28 borgenär,
567 459 56 20 emot
637 457 82 28 borgen
734 457 51 22 eller
800 457 7 21 i
821 457 58 21 vissa
893 457 38 21 fall

180 491 140 26 dessförutan,
336 490 34 22 fär
384 491 99 28 uppbära
497 491 110 28 utdelning
618 492 34 21 för
664 492 35 21 det
710 492 79 21 honom
803 491 128 22 tillerkända

178 526 79 27 belopp
278 526 32 28 ($$
332 527 46 24 101,
395 526 56 27 102),
468 526 113 22 hvaremot
599 526 223 28 utdelningsbeloppet
839 526 34 21 för
891 526 39 21 tvi-

178 560 42 27 stig
235 560 89 21 fordran
338 559 36 22 mä
388 560 96 27 afsättas,
499 560 44 21 tills
558 559 76 29 frägan
650 560 73 21 derom
737 562 26 19 är
777 560 112 28 sluteligen
900 560 31 21 af-

179 594 63 28 gjord
256 595 22 27 ($
295 595 56 27 103).
381 594 41 21 Om
436 595 125 27 fullständig
575 595 136 27 redogörelse
728 595 35 21 för
780 595 151 21 konkursmas-

179 635 39 14 san
233 629 18 27 ej
267 629 82 20 kunnat
366 629 69 22 tillika
453 629 49 22 med
520 629 225 28 utdelningsförslagot
763 629 108 26 aflemnas,
890 629 41 22 bör

178 663 72 21 vidare
265 663 111 28 utdelning
390 664 43 26 ske,
445 663 25 22 sä
480 665 61 20 snart
554 663 143 29 tillgängarne
711 663 68 23 förslä
793 664 33 21 till
840 664 43 21 fem
897 663 34 22 för

178 697 91 27 hundra,
285 698 47 26 och,
347 698 66 21 sedan
428 698 43 21 alla
484 699 77 20 hinder
575 699 34 21 för
623 699 155 22 konkursboets
797 699 87 27 slutliga
897 700 34 19 ut-

178 732 90 28 redning
286 733 100 26 upphört,
404 732 67 28 ligvid
489 733 41 21 och
548 733 53 21 sista
615 733 138 28 utdelningen
768 733 53 28 följa
835 734 21 27 (8
873 733 57 28 105).

179 767 77 28 Slutlig
271 767 135 27 redogörelse
420 766 36 22 mä
470 767 102 22 klandras
590 766 29 29 pä
633 768 108 27 stämning
758 768 58 21 inom
833 769 34 20 tre
885 766 45 23 mä-

178 801 73 26 nader,
268 801 40 21 och
324 801 147 22 dessförinnan
484 801 91 22 klander
589 801 24 22 af
626 801 128 28 föregäende
765 802 165 28 utdelningsför-

179 836 47 27 slag
238 835 79 28 jemväl
332 836 100 21 särskildt
446 836 84 21 utföras
545 837 20 27 ($
583 837 56 27 107).

248 870 40 22 Om
302 878 30 14 nu
347 871 41 21 den
402 871 100 21 afträdda
516 871 131 28 egendomen
662 871 19 28 ej
697 870 78 23 förslär
789 872 33 21 till
833 872 98 28 samtlige

178 905 170 28 borgenärernes
362 905 132 28 förnöjande,
509 905 68 22 mäste
593 906 66 26 desse,
674 906 68 22 ehvad
761 906 62 22 deras
838 906 93 28 anspräk

178 940 8 21 i
201 940 121 21 konkursen
336 940 102 21 bevakats
454 940 52 22 eller
520 940 53 26 icke,
587 947 52 15 vara
653 940 135 28 berättigade
799 942 32 20 att
842 940 34 22 för
886 941 44 21 bri-

178 976 48 20 sten
240 974 59 22 hälla
313 974 33 28 sig
363 974 33 22 till
414 975 39 21 allt
470 975 56 21 hvad
541 974 129 28 gäldenären
685 974 93 22 derefter
793 975 71 22 ärfver
879 976 52 22 eller

178 1008 129 27 förvärfvar;
322 1016 49 14 men
386 1009 40 21 den
441 1008 108 28 gäldenär,
566 1016 46 14 som
625 1009 96 27 redligen
736 1010 33 27 sig
782 1009 97 23 förhällit
890 1010 40 22 och

179 1044 19 27 ej
214 1051 76 20 genom
304 1042 134 23 värdslöshet
451 1042 67 22 vällat
532 1044 37 20 sitt
584 1042 109 28 obeständ,
706 1044 39 21 bör
756 1044 33 22 för
801 1044 67 27 skuld,
884 1052 47 14 som

178 1078 47 21 före
242 1078 122 21 konkursen
381 1078 128 26 tillkommit,
528 1085 52 15 vara
598 1078 100 22 frikallad
716 1078 59 22 säväl
797 1079 32 21 för
851 1080 79 21 utmät-

178 1112 52 28 ning
248 1112 24 21 af
287 1112 56 21 hvad
362 1112 32 20 till
411 1112 54 21 hans
484 1114 54 26 eget,
553 1113 54 21 hans
625 1113 87 21 hustrus
731 1114 40 20 och
786 1113 145 28 minderäriga

178 1147 66 21 barns
258 1146 86 28 tarfliga
359 1146 112 21 underhäll
487 1146 114 26 erfordras,
617 1154 46 14 som
677 1148 40 20 ock
735 1146 48 22 frän
802 1148 128 28 arbetsskyl-

179 1181 73 27 dighet
270 1181 40 21 och
328 1180 123 28 bysättning
470 1181 20 27 (&
510 1182 43 26 85).
583 1181 101 21 Deremot
702 1182 38 20 äro
761 1181 64 22 straff
843 1182 8 20 i
874 1182 57 22 olika

178 1215 168 27 latitudsgrader
364 1216 82 20 utsatta
463 1215 34 21 för
515 1216 110 27 gäldenär,
644 1223 45 14 som
707 1216 100 22 beträdes
821 1216 49 21 med
885 1218 45 20 sär-

179 1249 69 21 skilda
266 1249 56 27 slags
341 1249 113 27 bedrägeri
471 1250 7 20 i
497 1250 132 28 egennyttigt
651 1249 106 27 ändamål,
780 1250 52 22 eller
854 1258 77 20 genom

179 1283 124 27 oredlighet,
322 1283 86 21 tredska
430 1283 52 21 eller
499 1282 133 23 värdslöshet
654 1283 97 22 äsamkat
773 1284 158 27 borgenärerne

179 1317 67 21 skada
265 1317 33 27 ($$
318 1318 33 24 86,
371 1319 33 23 87,
424 1318 26 19 88
470 1317 40 21 och
529 1318 43 27 89),
591 1318 7 20 i
617 1318 71 21 hvilka
707 1318 90 21 sednare
811 1318 38 21 fall
867 1319 63 21 äfven

179 1350 108 22 dessutom
305 1351 123 28 hysättning
447 1351 41 21 och
506 1351 193 29 arbetsskyldighet
717 1353 42 21 kan
778 1353 79 22 honom
879 1352 50 23 &dö-

178 1393 46 14 mas
240 1386 20 28 ($
276 1386 43 28 90).

246 1489 11 20 I
275 1489 154 27 sammanhang
451 1489 49 21 med
521 1489 196 22 konkursväsendet
737 1490 118 22 innehåller
875 1493 54 20 1798

179 1523 35 21 års
234 1522 81 28 Stadga
333 1523 61 22 äfven
412 1522 68 29 några
498 1524 160 28 bestämningar
672 1524 110 29 angående
797 1525 133 23 förfarandet
