1014 1723
209 140 44 17 1654
412 138 72 24 Nådiga
495 139 138 22 Propositionen
644 139 35 17 N:o
691 140 28 16 34.

184 202 88 23 hustrur.
293 202 41 21 och
355 202 54 21 barn
432 201 82 23 erhålla
530 203 106 27 utrymme
651 202 54 22 efter
721 202 41 22 den
776 202 76 28 grund,
868 209 45 15 som
927 202 9 22 i

185 237 12 27 8
215 237 25 20 19
255 236 143 22 föreskrifves.

528 271 12 27 8
556 271 33 20 29.

253 314 44 21 Der
312 313 117 28 högvakter
444 314 52 21 eller
510 313 68 22 andra
593 321 48 14 rum
656 314 33 21 för
703 314 188 27 vaktposteringar
902 321 33 15 re-

185 347 43 22 dan
245 348 69 21 finnas
332 348 34 21 för
384 348 93 21 kronans
495 348 91 27 räkning
601 347 113 28 uppförde,
730 348 54 21 böra
799 348 81 21 sädana
894 348 41 22 hus

185 381 34 22 för
240 381 122 22 ändamälet
383 381 137 23 underhällas
544 384 55 19 samt
614 382 80 27 jemväl
713 381 29 28 pä
757 382 79 21 allmän
850 382 85 22 bekost-

184 416 43 22 nad
241 416 70 22 förses
325 416 49 21 med
387 416 79 28 nödiga
481 416 82 22 möbler
578 417 40 20 och
633 417 69 27 öfriga
716 416 135 22 inventarier.

530 471 10 28 $
557 471 34 21 30.

254 514 41 21 För
305 513 138 28 inqvarterad
455 515 76 26 trupps
542 513 68 23 behof
618 513 100 28 upplåtes
728 514 32 21 uti
767 514 94 22 kronans
868 513 67 29 bygg-

184 548 67 21 nader
266 548 52 21 eller
332 548 108 28 upphyres
455 547 29 28 på
500 548 46 21 dess
561 549 118 21 bekostnad
694 548 81 21 lokaler
789 549 43 21 till:

255 583 20 27 1)
295 582 135 27 Gudstjensts
448 582 134 22 förrättande
601 583 35 21 vid
654 584 65 25 trupp
737 582 49 21 med
801 589 53 21 egen
868 584 67 26 prest,

185 616 34 21 för
233 616 59 22 tiden
306 615 49 23 från
370 617 40 21 den
426 619 10 18 1
454 617 94 21 Oktober
562 617 34 21 till
610 617 42 21 den
664 619 10 18 1
688 617 57 25 Juni,
758 619 55 19 samt
824 617 34 21 vid
869 618 65 26 trupp

184 652 53 21 utan
259 650 69 24 sådan
349 651 75 21 endast
445 651 35 22 vid
498 651 26 22 de
543 651 99 22 tillfällen
661 651 68 22 under
747 651 92 22 nämnde
853 651 37 26 tid,
907 650 29 23 då

185 687 58 26 prest
258 687 25 20 är
297 685 34 22 till
345 687 93 26 truppen
452 685 114 23 beordrad.

254 720 21 27 2)
291 720 282 27 Militärpostexpeditioner,
590 721 38 21 der
642 719 80 22 sådane
736 720 69 21 finnas
819 719 115 22 inrättade.

253 755 22 27 3)
291 754 135 28 Truppernes
445 754 94 23 enskilde
557 755 96 25 lasarett,
671 754 35 22 för
725 755 35 21 det
776 755 58 21 antal
849 756 85 27 sängar,

185 796 45 14 som
249 789 67 27 enligt
334 790 42 21 stat
393 789 129 22 tillkommer
540 791 98 26 truppen,
655 789 54 21 efter
723 789 118 29 beräkning
856 790 24 22 af
893 791 41 20 600

184 822 98 26 kubikfot
296 823 42 21 luft
352 824 34 20 för
400 823 74 29 hvarje
488 823 108 29 sjuksäng,
608 824 67 27 jemte
690 824 77 28 nödige
781 831 48 14 rum
844 824 34 22 för
891 824 43 28 sju-

184 858 39 22 kas
241 857 156 28 emottagande,
416 857 34 22 för
468 858 179 27 konvalescenter,
666 858 196 28 sjukhustillbehör,
881 858 54 23 bad-

185 893 40 21 och
239 893 121 27 tvättstuga
373 900 27 13 m.
416 900 28 13 m.

253 927 22 27 4)
291 926 210 29 Skolundervisning,
516 925 24 23 sä
555 927 40 21 ock
610 929 130 26 gemensamt
754 935 49 14 rum
817 927 33 21 till
860 927 75 28 öfning

183 960 35 22 för
232 961 138 26 musikanter,
384 961 107 22 hornister
506 961 39 22 och
561 961 147 28 trumslagare.

254 995 21 28 5)
291 995 131 21 Verkstäder
440 995 33 21 för
488 995 156 22 handtverkare
659 994 29 29 pä
702 997 44 20 stat
760 997 56 20 samt
830 995 34 22 för
879 996 54 27 dem,

185 1036 46 15 som
250 1029 134 28 sysselsättas
402 1029 48 21 med
468 1029 160 28 förfärdigande
648 1030 23 21 af
683 1031 105 26 truppens
802 1030 131 27 beklädnad;

185 1063 82 28 egande
282 1063 159 22 vederbörande
456 1063 147 22 befälhafvare
617 1071 57 20 noga
688 1064 96 28 iakttaga
799 1066 32 20 att
841 1072 48 14 rum
900 1065 34 21 för

185 1098 26 21 de
226 1097 106 23 särskilda
345 1098 152 21 verkstäderna
512 1098 18 27 ej
546 1097 35 22 mä
595 1099 119 26 regvireras
729 1098 34 21 för
777 1099 75 27 längre
863 1099 31 21 tid
905 1100 28 21 än

185 1131 84 22 arbetet
283 1132 35 20 för
331 1133 103 25 truppens
450 1131 66 22 behof
529 1131 76 22 sädant
619 1131 91 22 fordrar.

254 1166 22 28 6)
291 1165 169 22 Rustkammare.

253 1201 22 27 7)
291 1199 87 28 Upplag
396 1200 24 21 af
436 1202 102 25 truppens
557 1200 104 27 proviant,
677 1200 61 22 foder
752 1201 40 21 och
808 1201 68 22 andra
890 1201 43 22 för-

185 1233 137 22 nödenheter.

254 1269 23 26 8)
300 1268 54 20 Stall
373 1268 18 26 ej
410 1268 83 20 mindre
511 1268 33 20 för
562 1269 93 20 kronans
676 1269 73 25 front,
772 1269 99 21 artilleri-
893 1270 40 21 och

185 1301 137 26 trosshästar,
342 1302 28 19 än
387 1301 34 21 för
439 1301 122 21 officerares
579 1301 35 22 vid
632 1302 100 21 artilleri-
752 1301 51 22 eller
821 1302 112 22 kavalleri-

186 1337 65 25 trupp
267 1335 138 21 fronthästar.

253 1370 22 28 9)
291 1369 65 22 Lider
370 1369 34 21 för
418 1371 143 26 trossvagnar.

255 1405 35 27 10)
305 1404 116 27 Badstuga,
436 1405 8 20 i
458 1404 54 22 stad.

255 1440 35 26 11)
305 1438 84 28 Bageri,
408 1439 7 21 i
434 1439 47 22 stad
504 1440 39 21 och
565 1440 35 21 vid
622 1440 90 22 exercis-
736 1440 51 22 eller
809 1441 122 29 lägermöte,

183 1474 66 28 jemte
263 1473 34 22 till
312 1472 66 23 sädan
393 1473 117 29 inrättning
524 1474 96 22 hörande
635 1475 102 27 redskap;
753 1477 55 20 samt
