1025 1717
191 165 43 15 1732
388 162 71 23 Nädiga
471 164 138 21 Propositionen
621 163 34 16 N:o
668 163 28 16 35.

166 226 52 27 ning
233 225 62 22 deraf
307 226 41 20 här
363 225 18 28 ej
398 225 114 21 erfordras.
544 225 81 21 Genom
643 223 80 29 nådiga
741 225 141 27 kungörelsen
897 225 24 21 af

168 259 40 22 den
225 262 25 19 13
266 260 44 21 Juli
323 261 53 20 1865
392 259 91 28 påbjöds
498 259 147 28 upptagandet
660 259 24 21 af
697 261 34 19 ett
742 259 107 22 inhemskt
860 259 59 28 jern-

166 294 94 28 vägslån.
290 294 49 21 Men
358 294 131 21 afsättandet
507 293 24 22 af
548 293 169 28 obligationerna
736 293 48 28 gick
798 295 65 26 trögt,
879 294 40 21 och

168 327 28 22 då
210 329 73 21 härtill
297 329 56 26 kom,
369 329 32 20 att
416 328 26 21 de
457 328 24 21 af
494 328 121 21 Ständerna
630 327 32 22 till
677 328 120 21 annuiteter
812 329 34 21 för
860 328 60 22 lånet

167 363 101 22 anvisade
282 363 69 21 medel
367 361 12 22 å
393 362 143 28 bevillningen
551 362 40 21 och
606 362 187 21 bränvinsskatten
803 363 73 21 visade
887 363 32 27 sig

166 397 47 22 icke
226 397 87 21 komma
327 399 32 19 att
373 396 33 21 till
420 395 122 29 påräknadt
559 396 78 28 belopp
656 396 80 28 inflyta,
752 396 83 22 afbröts
850 396 69 23 lånets

167 431 146 26 emitterande,
329 431 66 21 sedan
413 431 76 21 endast
507 432 91 25 699,400
616 431 62 21 mark
692 438 51 14 voro
758 433 118 26 upptagna,
890 444 29 3 —

167 466 41 21 och
220 466 215 27 jernvägsarbetenas
450 465 115 22 utförande
579 465 46 21 blef
637 465 118 22 tillsvidare
769 465 113 22 beroende.

234 499 82 22 Genom
333 507 30 14 nu
380 499 164 28 ifrågavarande
563 498 79 29 nådiga
659 500 134 26 proposition
808 500 40 21 har
860 500 59 27 jern-

167 533 129 29 vägsfrågan
318 534 82 21 inträdt
421 535 8 20 i
451 536 30 19 ett
502 536 48 25 nytt
571 534 70 25 skede,
665 533 27 22 då
715 534 35 21 det
772 533 95 28 föreslås,
887 536 32 20 att

168 568 76 21 främst
258 575 26 15 en
297 568 91 28 jernväg
402 567 68 23 måtte
487 569 86 20 komma
591 568 32 20 till
638 567 63 22 stånd
716 568 90 22 emellan
821 568 98 29 Helsing-

166 602 204 22 fors—Tavastehus
388 603 73 21 banan
479 603 39 21 och
537 603 32 20 S:t
586 602 139 27 Petersburg,
745 603 40 20 och
804 603 48 21 med
867 603 52 28 byg:

166 637 79 27 gandet
260 637 24 21 af
296 637 72 21 banan
382 637 33 21 till
430 637 142 21 Tammerfors
588 635 62 22 anstå
664 637 33 20 till
712 644 26 14 en
753 637 92 21 framtid.

234 670 76 22 Denna
328 671 34 21 del
380 671 25 21 af
420 670 109 28 förslaget,
544 670 106 28 nemligen
667 670 106 22 huruvida
788 671 131 23 Ständernas

166 704 76 27 beslut,
258 706 32 20 att
305 705 40 21 den
361 705 85 27 färdiga
458 705 118 27 jernvägen
590 705 33 21 till
637 705 131 21 Tavastehus
783 706 68 22 skulle
865 706 52 22 fort-

166 741 66 19 sättas
252 740 32 20 till
299 740 149 25 Tammerfors,
467 740 117 20 tillsvidare
602 739 68 21 borde
688 738 87 29 frångås
794 740 39 21 och
848 740 7 21 i
871 740 48 22 dess

166 773 62 21 ställe
250 773 130 28 anläggning
402 773 25 21 af
444 774 89 27 jernväg
551 773 34 21 till
603 773 32 21 S:t
652 773 131 28 Petersburg
804 774 114 28 företagas,

164 808 42 20 har
220 808 104 21 utskottet
338 809 71 20 ansett
423 808 32 26 sig
470 808 33 20 till
518 808 54 20 först
586 807 54 21 böra
654 809 51 25 taga
719 808 8 20 i
742 808 161 27 öfvervägande.

234 842 37 20 Att
290 842 40 20 den
350 848 39 14 ena
408 842 24 20 af
447 841 83 21 landets
549 841 124 21 stambanor
691 841 68 21 borde
778 841 81 22 erhålla
878 843 40 21 den

166 876 123 27 sträckning
304 882 46 14 som
366 875 39 21 den
420 882 29 14 nu
468 875 122 27 föreslagna
602 875 124 27 jernvägen,
741 882 44 20 var,
801 876 70 21 såsom
887 876 30 22 of-

165 917 41 14 van
228 909 110 28 antyddes,
358 909 66 21 redan
442 910 34 20 vid
499 912 83 18 senaste
605 909 103 28 landtdag
731 910 96 26 erkändt,
846 911 72 23 ehuru

164 951 52 14 man
238 943 27 22 då
288 943 66 28 ansåg
377 945 31 19 att
429 944 293 27 Helsingfors—Tavastehus
743 944 72 22 banan
836 945 34 21 till
892 952 26 15 en

164 978 77 28 början
259 978 67 22 borde
345 978 110 21 fortsättas
475 980 29 19 ett
522 978 72 28 stycke
612 977 55 22 fram
682 977 60 22 såväl
756 978 29 27 på
799 978 60 22 detta
873 978 45 22 håll

165 1019 46 15 som
226 1012 40 22 ock
281 1011 22 22 åt
318 1012 41 21 den
374 1012 95 28 riktning
483 1019 26 14 en
525 1012 113 21 stambana
652 1012 32 21 till
697 1008 137 26 Österbotten
849 1013 68 22 skulle

166 1046 88 22 erhålla.

233 1080 32 21 De
283 1079 53 26 skäl,
353 1087 44 14 som
412 1079 35 22 vid
462 1080 56 21 valet
537 1079 89 22 emellan
644 1080 89 21 kanaler
748 1081 40 21 och
801 1081 115 27 jernvägar

164 1121 51 14 voro
235 1114 26 21 de
279 1113 118 28 afgörande
415 1114 40 21 och
470 1121 45 14 som
530 1113 49 28 lågo
594 1113 33 22 till
642 1114 69 27 grund
726 1114 33 21 för
775 1114 91 22 beslutet
881 1123 36 14 om

164 1147 94 22 nämnda
275 1150 77 19 tvenne
369 1147 79 22 banors
466 1148 119 27 byggande,
601 1155 63 21 synas
678 1148 45 21 tala
737 1150 57 20 ännu
809 1156 59 15 mera
882 1150 35 21 för

164 1189 27 15 en
206 1182 90 28 jernväg
314 1181 33 22 till
366 1181 31 22 S:t
414 1182 136 29 Petersburg.
580 1182 42 21 Väl
640 1179 74 24 skulle
726 1190 76 20 genom
820 1184 96 27 änsagda

164 1217 68 21 banor
250 1219 76 18 tvenne
344 1216 131 23 vidsträckta
492 1219 151 26 vattensystem
666 1217 68 21 blifvit
752 1217 77 28 bragta
847 1218 7 21 i
872 1218 44 22 för-

164 1251 95 21 bindelse
277 1251 49 20 med
343 1251 78 24 hafvet,
441 1252 40 19 och
499 1251 173 20 inrikeshandeln
690 1251 78 21 mellan
783 1253 132 20 trakterna
904 1247 14 32 i

163 1285 71 21 vestra
249 1285 40 20 och
304 1284 108 21 mellersta
426 1285 91 20 Finland
531 1284 101 21 inbördes
647 1284 108 22 äfvensom
766 1285 48 21 med
825 1285 90 22 hufvud-

164 1318 75 22 staden
254 1317 86 23 erhållit
355 1319 65 20 ökadt
434 1318 31 21 lif.
495 1319 50 20 Men
561 1318 35 21 det
610 1319 46 20 inre
670 1318 84 22 landets
769 1319 146 24 kommunika-

162 1353 46 22 tion
223 1353 48 21 med
285 1353 98 21 utlandet
397 1353 56 21 hade
469 1360 75 21 genom
560 1353 47 22 dem
622 1353 100 22 vintertid
736 1354 47 21 icke
794 1354 121 23 befordrats

162 1389 56 20 stort
235 1387 71 22 bättre
324 1389 28 20 än
371 1394 76 21 genom
462 1388 123 26 kanalerna,
602 1389 51 20 enär
668 1388 61 21 äfven
744 1388 72 22 hafvet
831 1388 33 27 då,
880 1397 34 14 om

164 1423 40 20 ock
222 1422 18 28 ej
260 1422 44 21 lika
322 1422 63 28 länge
403 1429 47 14 som
467 1422 124 27 kanalerna,
607 1424 24 19 är
646 1423 137 28 obevekligen
801 1423 112 29 isbelagdt.

231 1457 124 28 Uppställer
374 1464 49 14 man
441 1457 34 21 för
491 1457 286 30 jernvägsanläggningarne
794 1458 8 21 i
823 1458 91 23 Finland

163 1491 61 22 äfven
240 1491 36 22 det
290 1490 49 28 mål,
355 1493 33 20 att
402 1493 19 20 vi
441 1491 46 23 året
501 1499 35 15 om
554 1491 36 23 må
607 1492 72 22 kunna
697 1491 34 23 stå
745 1493 8 21 i
767 1493 146 22 kommunikn-
