978 1714
229 132 72 23 Nådiga
311 133 140 22 Propositionen
463 133 34 17 N:o
509 133 28 16 27.
697 133 44 17 1419

398 197 14 28 $
428 195 21 23 9.

136 241 21 27 (1
177 241 73 27 mom.)
279 240 44 21 För
341 240 65 27 öfrigt
420 239 136 29 likalydande
570 239 49 22 med
633 239 129 28 propositio-

78 280 42 15 nen
134 275 60 20 utom
208 273 65 22 slutet
288 274 25 21 af
324 281 64 14 mom.
404 281 46 14 som
464 272 92 23 erhåller
567 273 94 28 följande
671 273 92 28 lydelse:

134 320 28 4 —
177 321 27 2 —
219 321 28 3 —
262 312 45 17 mot
322 309 47 28 lega
378 308 131 28 förbättra;
524 307 53 22 dock
592 308 36 21 må
643 307 119 22 kostnaden

77 343 81 28 härför
176 342 25 29 af
219 343 98 21 länsman
333 343 51 21 eller
400 350 73 13 annan
487 343 155 21 underordnad
658 341 103 22 kronode-

78 377 54 28 tjent
155 376 37 22 hos
210 377 40 21 den
265 377 267 28 vägabyggnadsskyldige
548 377 20 28 ej
582 380 95 25 uttagas,
692 377 69 20 innan

77 411 77 21 ordres
168 411 77 22 dertill
260 411 37 22 hos
313 411 148 29 kronofogden
476 411 117 22 utverkats.
624 411 102 20 Kommer
741 411 21 28 ej

76 445 48 27 den,
147 453 45 14 som
209 447 43 27 väg
269 453 53 22 syna
337 446 62 27 skall,
411 446 34 28 på
459 449 68 18 utsatt
542 446 39 21 och
596 445 109 28 kungjord
721 445 39 26 tid,

73 479 71 30 plikte
161 479 58 30 från
242 480 61 29 tjugu
321 481 37 21 till
366 480 88 30 fyratio
469 479 64 22 mark
548 480 38 21 och
602 481 80 20 ersätte
697 479 66 29 deraf

75 514 78 22 vållad
168 515 74 21 skada.

133 549 23 28 (2
171 549 74 28 mom.)
274 549 146 29 Likalydande
434 549 49 22 med
497 548 168 29 propositionen.

332 610 25 28 $$
372 609 28 21 10
417 610 39 21 och
470 609 29 21 11.

131 643 32 21 Af
179 643 113 22 enahanda
309 643 96 23 innehäll
419 644 50 21 med
483 643 149 22 motsvarande
646 643 25 28 $$
686 643 8 21 i
708 650 50 21 pro-

74 677 128 28 positionen.

371 715 27 27 '$
413 714 34 21 12.

136 756 46 22 Vill
201 756 74 29 någon
287 756 67 29 flytta
373 757 104 28 landsväg
493 757 52 21 eller
560 756 68 30 byväg
637 757 59 29 från
711 757 47 21 dess

73 792 63 20 rätta
156 792 47 27 läge
219 791 52 21 eller
287 791 48 21 leda
350 791 48 21 dike
414 798 75 22 genom
503 792 76 28 vägen,
594 792 36 20 må
646 790 112 22 Guvernö-

72 833 46 19 ren,
130 826 33 28 på
179 825 86 22 skeende
281 825 128 29 ansökning,
421 826 55 29 efter
488 826 213 28 omständigheterna
713 826 45 21 till-

72 861 66 21 stånd
156 860 77 21 dertill
247 860 97 21 meddela
359 860 38 21 och
412 867 51 15 vare
479 861 9 20 i
502 860 135 22 sistnämnda
646 860 48 30 fall
709 860 47 26 den,

72 902 46 14 som
133 894 49 22 dike
193 894 97 29 gräfver,
303 894 84 29 skyldig
399 898 34 17 att
445 895 59 21 hålla
516 894 39 22 bro
566 894 107 29 deröfver.
696 894 61 29 Flyt-

73 932 36 18 tar
130 929 73 28 någon
225 929 127 21 annorledes
371 930 106 27 landsväg
495 929 52 21 eller
565 929 91 28 gräfver
671 930 85 27 igenom

72 964 77 28 vägen,
174 963 46 21 böte
237 963 87 29 fyratio
347 962 73 26 mark;
439 964 27 20 är
485 963 35 21 det
539 963 75 29 byväg,
630 963 48 21 böte
694 964 63 28 tjugu

71 998 74 25 mark;
169 998 62 28 lägge
254 996 37 22 ock
306 998 10 20 i
331 997 68 29 bägge
407 998 76 28 fallen
497 999 69 27 vägen
584 998 39 21 der
638 998 41 21 den
687 998 69 28 förut

70 1034 67 25 varit,
153 1039 34 14 om
201 1032 114 29 olägenhet
330 1032 25 30 af
368 1032 127 29 flyttningen
509 1033 105 28 uppstått.

381 1087 13 27 $
409 1086 34 21 13.

129 1130 29 22 Af
169 1130 45 22 lika
227 1130 81 28 lydelse
321 1130 50 22 med
384 1130 151 22 motsvarande
545 1130 11 28 $
567 1130 8 22 i
585 1130 161 28 propositionen

365 1186 29 27 $
409 1184 31 22 4.

127 1228 21 28 (1
172 1228 73 27 mom.)
274 1227 118 29 Landsväg
415 1227 56 22 skall
493 1228 106 21 vintertid
614 1228 26 29 af
652 1228 101 28 samtlige

68 1262 253 29 vägbyggnadsskyldige
339 1263 10 20 i
366 1262 113 21 distriktet
493 1266 129 25 gemensamt
635 1262 118 22 underhål-

69 1298 32 20 las
117 1304 75 21 genom
203 1297 108 28 plogning
328 1296 39 21 och
381 1296 118 28 skottning,
515 1304 44 14 som
575 1296 128 29 ombesörjes
715 1305 38 13 an-

68 1332 75 26 tingen
166 1331 24 28 af
210 1330 108 21 särskildt
335 1331 112 20 inrättade
461 1331 94 27 ploglag
573 1331 52 20 eller
644 1332 61 26 eljest
719 1332 32 26 på

67 1365 46 20 sätt
127 1364 25 21 de
168 1363 249 29 vägbyggnadsskyldige
433 1364 37 21 vid
485 1364 130 21 kommunal-
628 1364 52 20 eller
692 1364 59 21 sock-

67 1399 120 21 nestämma
199 1398 98 26 besluta,
316 1398 93 21 hvarvid
427 1405 34 14 om
476 1397 59 22 olika
549 1399 113 27 meningar
677 1405 74 22 yppas,

62 1433 88 30 frågan
166 1433 88 30 afgöres
268 1440 77 22 genom
360 1434 143 27 omröstning,
519 1433 54 28 efter
588 1433 41 22 den
643 1434 9 20 i
663 1433 13 28 $
691 1431 12 22 7
709 1433 42 29 för

67 1470 52 27 väg-
138 1468 39 22 och
195 1468 265 30 brobyggnadsdelningen
475 1467 110 22 bestämda
599 1468 84 29 grund;
697 1468 53 21 dock
