1023 1717
321 146 85 17 Finlands
419 146 83 17 Ständers
514 146 67 17 Beslut.
757 146 43 17 1771

79 209 26 20 16
127 210 57 19 samt
204 208 135 27 bevillnings-
362 209 40 21 och
427 208 167 22 bankutskotten
615 210 25 20 af
661 210 26 20 12
708 209 118 22 ledamöter

76 241 80 28 hvarje,
171 241 72 22 hvilka
260 242 33 21 till
310 242 45 21 lika
372 242 59 21 antal
449 243 58 20 inom
525 243 64 21 hvart
606 243 41 21 och
661 245 30 19 ett
706 242 69 27 stånd,
790 250 35 20 ge-

76 282 50 15 nom
144 275 106 22 elektorer
267 278 64 19 utses.
362 275 31 22 På
411 277 113 21 enahanda
545 278 44 20 sätt
603 277 67 27 väljas
692 277 62 21 äfven
776 284 49 20 sup-

75 309 97 28 pleanter
184 311 38 24 att,
233 309 36 21 vid
283 309 112 22 inträffadt
409 309 73 22 förfall
496 310 34 21 för
544 311 216 26 utskottsledamöter,
772 311 7 20 i
791 311 34 21 de-

76 350 36 15 rag
127 343 62 21 ställe
203 343 92 21 inträda.

144 377 42 22 Vid
200 377 79 22 urtima
294 378 103 27 landtdag
411 378 61 21 skola
487 378 18 27 ej
521 378 52 22 flere
587 379 82 21 utskott
683 379 100 21 tillsättas
798 380 28 20 än

76 419 46 14 som
138 411 107 22 erfordras
257 411 33 22 för
300 412 117 28 beredning
427 412 25 21 af
461 412 73 22 dervid
545 412 173 22 förekommande
729 412 95 23 ärender.

422 473 11 28 8
450 474 33 19 30.

144 515 50 21 Kan
208 514 67 29 fråga,
291 515 112 22 hvaröfver
414 515 227 22 utskottsbetänkande
653 515 114 27 erfordras,
778 516 47 21 icke

76 549 117 28 lämpligen
203 549 126 28 hänskjutas
344 549 32 21 till
391 549 66 28 något
472 549 24 22 af
509 550 26 21 de
550 550 7 21 i
572 551 27 20 29
611 551 11 26 $
633 550 94 21 nämnda
737 550 88 26 utskott,

78 584 51 21 eller
147 591 62 14 anses
228 584 41 21 den
286 583 34 22 för
337 584 106 21 vinnande
461 584 24 21 af
500 584 32 21 tid
554 584 52 21 eller
627 584 24 21 af
670 591 71 14 annan
763 584 63 21 orsak

76 618 55 22 böra
152 617 140 22 öfverlemnas
313 617 33 22 till
367 617 118 28 beredning
506 618 25 21 af
550 618 101 21 särskildt
669 618 88 26 utskott,
776 625 50 15 vare

78 652 121 22 Ständerna
213 652 134 27 berättigade
361 653 33 20 att
409 652 67 27 dylikt
490 652 82 22 utskott
587 652 96 22 tillsätta.

146 686 73 22 Varda
236 686 58 21 inom
311 685 66 29 något
395 686 82 21 utskott
495 685 124 29 göromålen
633 686 24 22 så
672 686 68 22 ökade
754 688 33 20 att
801 686 26 22 de

77 721 48 22 icke
138 721 74 21 kunna
225 721 58 21 inom
297 720 90 28 behörig
401 721 32 21 tid
447 720 89 27 utföras,
548 728 38 20 ege
596 720 104 22 utskottet
714 721 39 21 hos
768 720 57 22 stån-

79 756 41 21 den
138 755 89 21 utverka
245 754 111 28 tillökning
373 755 8 21 i
396 754 155 22 ledamöternes
566 755 59 21 antal
640 755 39 21 och
695 754 34 22 för
743 755 83 21 arbete-

77 797 40 14 nas
131 789 153 29 päskyndande
298 789 82 22 fördela
395 790 32 27 sig
445 789 29 28 på
492 790 140 27 afdelningar.
662 789 80 28 Hvarje
759 788 68 22 sådan

78 824 110 28 afdelning
213 824 54 22 skall
289 823 62 22 bestå
372 824 24 21 af
415 824 64 21 minst
500 823 36 22 två
557 824 118 21 ledamöter
696 823 49 22 från
765 824 62 21 hvart

78 858 64 22 stånd
160 859 40 21 och
218 865 50 21 eger
286 858 7 21 i
311 858 113 22 utskottets
443 866 64 14 namn
526 858 80 28 afgifva
623 857 126 23 utlåtanden
766 858 7 21 i
795 857 32 23 dit

78 893 131 27 hänskjutna
224 892 79 28 frågor.

147 926 80 28 Hvarje
245 926 63 22 stånd
325 926 36 22 må
381 927 46 26 ock,
446 934 34 14 om
499 927 37 21 det
554 926 24 22 så
595 926 75 28 nödigt
691 926 75 26 finner,
785 926 41 21 till-

79 962 57 21 sätta
151 963 31 19 ett
195 961 82 21 utskott
292 961 33 21 till
342 961 155 22 förberedande
515 961 159 28 handläggning
692 960 24 22 af
729 960 47 22 dess
791 968 36 14 en-

80 996 68 21 skilda
162 996 76 21 besvär
253 996 40 21 och
308 996 184 28 angelägenheter.

423 1057 12 27 8
451 1058 33 19 31.

148 1099 25 28 Ej
189 1099 36 21 må
239 1099 92 22 medlem
345 1099 24 21 af
382 1099 91 22 Senaten
489 1106 51 15 vara
554 1099 94 21 ledamot
663 1099 7 20 i
684 1099 88 25 utskott,
788 1099 40 20 och

80 1134 18 27 ej
121 1134 67 21 heller
210 1133 71 28 någon
303 1141 70 13 annan
395 1133 89 28 inväljas
502 1134 7 20 i
527 1133 88 25 utskott,
635 1133 37 21 der
693 1133 135 26 redovisning

79 1168 34 21 för
128 1168 54 21 hans
197 1167 182 28 embetsåtgärder
394 1167 43 22 kan
451 1168 33 21 till
499 1167 130 28 granskning
644 1167 137 22 förekomma.

424 1228 11 26 8
451 1229 33 18 32.

148 1270 47 21 Den
210 1277 45 14 som
270 1269 67 22 redan
351 1269 70 22 blifvit
435 1269 33 21 till
482 1269 94 22 ledamot
586 1269 7 20 i
604 1267 37 23 två
654 1269 82 21 utskott
749 1269 78 25 invald,

80 1311 51 14 vare
148 1304 123 28 berättigad
289 1305 32 20 att
339 1304 74 27 afsäga
431 1304 32 27 sig
481 1304 79 21 honom
574 1303 96 21 lemnadt
683 1303 99 27 uppdrag.
797 1305 32 19 att

80 1339 124 27 ytterligare
222 1339 7 20 i
247 1339 92 20 utskotts
358 1337 96 28 göromål
473 1338 91 25 deltaga,
584 1345 48 12 men
650 1337 34 21 för
705 1337 64 26 öfrigt
791 1345 37 13 an-

80 1372 96 21 kommer
195 1372 36 21 det
248 1371 13 22 å
278 1372 75 27 hvarje
371 1370 62 23 stånd
452 1373 37 24 att,
509 1371 53 21 efter
581 1370 101 27 pröfning
697 1371 24 20 af
733 1370 96 21 anmäldt

80 1405 79 27 förfall,
175 1405 75 28 afgöra
268 1405 105 23 huruvida
391 1405 94 22 derifrån
503 1404 71 22 invald
593 1404 186 21 utskottsledamot
793 1403 36 22 må

81 1439 49 23 från
144 1441 41 21 slik
199 1441 120 27 befattning
333 1440 64 21 vinna
411 1439 104 22 befrielse.
