981 1723
200 164 44 16 1398
399 161 72 23 Nädiga
483 162 138 22 Propositionen
633 161 35 17 N:o
680 162 28 15 27.

176 226 74 21 hästar
268 224 55 22 böra
340 224 58 22 inom
417 224 79 28 dygnet
513 224 70 22 finnas
601 225 33 20 att
651 222 62 29 tillgå
731 222 59 24 såväl
805 225 75 27 genast
895 224 35 22 vid

177 259 124 26 anfordran,
324 265 45 15 som
387 258 36 22 vid
441 259 56 21 vissa
518 258 129 28 tidsförlopp
670 258 54 22 efter
746 257 95 23 erhållen
862 258 68 22 tillsä-

177 294 67 28 gelse;
267 294 118 28 hvarjemte
411 292 33 22 för
467 293 68 22 andra
561 293 153 28 gästgifverier,
737 293 40 22 och
799 293 8 21 i
829 293 102 22 händelse

177 328 148 28 skjutsningen
344 328 37 22 der
396 328 18 28 ej
434 328 43 22 kan
492 328 129 28 gästgifvare
637 335 72 15 ensam
724 327 110 29 påläggas,
849 334 82 16 reserv-

177 364 74 21 hästar
269 362 49 22 från
335 362 133 28 närbelägna
485 362 124 28 lägenheter
627 365 62 24 samt,
705 363 38 21 der
762 362 80 22 sådane
857 362 18 28 ej
892 362 39 22 fin-

177 405 39 15 nas
228 398 52 21 eller
290 397 100 22 behofvet
401 396 60 28 eljest
473 397 90 26 fordrar,
573 397 80 28 jemväl
663 396 120 22 hållhästar
793 396 49 22 från
853 397 78 28 skjuts-

177 432 59 28 laget
253 433 8 20 i
276 432 65 28 öfrigt
355 432 67 21 borde
437 432 33 21 till
484 432 108 21 bestämdt
607 432 59 22 antal
681 430 71 24 anslås
767 432 34 21 för
815 431 116 29 skjutsnin-

178 474 52 20 gens
245 465 196 29 upprätthållande.

246 500 11 22 I
275 500 219 22 öfverensstämmelse
511 500 49 22 med
579 500 36 22 det
633 500 113 22 alternativ
764 500 33 22 till
821 501 6 28 $
846 502 20 25 4,
885 508 47 15 som

177 536 85 21 Presta-
286 535 40 22 och
348 534 175 22 Bondeständens
546 535 129 27 deputerade
701 535 110 27 omfattat,
833 536 41 20 har
896 535 36 21 det

178 569 120 28 stadgande
312 569 7 21 i
335 570 11 27 &
362 570 19 25 7,
397 569 80 22 hvilket
491 569 35 23 vid
540 570 45 21 lika
599 570 106 22 röstanta]
719 570 34 22 för
769 570 40 22 och
823 571 57 21 emot
895 577 36 15 en-

178 604 127 28 treprenads
327 604 119 26 införande,
468 604 138 22 tillerkänner
628 604 81 22 vitsord
731 603 23 23 ät
776 604 41 22 den
838 604 93 29 mening,

178 646 46 15 som
238 639 80 21 uttalat
333 639 32 27 sig
379 638 34 22 för
429 640 148 27 entreprenad,
593 639 24 21 af
629 640 104 21 utskottet
747 639 114 22 uteslutits.

247 672 34 22 Dä
299 673 76 28 bidrag
395 673 24 21 af
435 674 123 21 statsmedel
572 674 33 21 till
623 674 148 28 befrämjande
786 674 24 20 af
823 675 108 26 entrepre-

178 708 43 21 nad
236 708 35 21 vid
286 707 26 22 de
331 707 153 28 gästgifverier,
501 708 37 21 der
553 708 190 28 skjutshällningen
757 715 51 15 vore
825 710 56 20 mest
895 708 36 22 be-

178 742 116 28 tungande,
310 742 66 28 enligt
390 741 79 29 nädiga
483 743 160 27 propositionen
662 742 19 28 ej
697 743 43 21 kan
753 742 157 28 ifrägakomma
924 743 7 21 i

179 778 66 20 annat
263 776 38 21 fall
319 777 28 20 än
365 778 32 20 att
419 776 121 22 Ständerna
561 776 71 22 dertill
654 778 73 21 anvisa
748 778 79 26 nödiga
849 778 81 27 anslag,

178 811 41 21 har
232 810 110 26 utskottet,
358 811 68 21 ehuru
441 810 118 28 stadgande
573 818 35 14 om
623 811 71 28 dylika
708 811 77 28 bidrag
795 811 56 22 först
861 812 7 21 i
880 812 12 28 8
906 814 25 19 17

179 844 25 23 af
219 844 240 28 författningsförslaget
477 844 148 27 förekommer,
645 846 64 21 likväl
723 846 35 21 vid
773 846 158 28 granskningen

180 879 24 22 af
216 879 12 28 $
244 881 19 24 7,
278 879 8 20 i
305 879 105 21 anseende
428 879 33 22 till
477 879 25 22 de
517 880 7 21 i
539 879 68 22 första
621 887 62 14 mom.
700 880 63 22 deraf
775 879 105 30 ingående
896 881 35 22 de-

178 913 201 28 taljbestämningar
396 913 9 21 i
423 915 76 25 ämnet,
519 914 70 21 funnit
607 915 32 27 sig
654 915 53 21 böra
722 917 52 26 taga
787 915 92 22 berörde
894 922 36 15 an-

179 947 120 28 slagsfråga
313 948 8 21 i
336 947 160 28 öfvervägande.
519 949 46 21 Och
580 956 45 15 som
640 949 114 22 utskottets
768 949 111 28 pluralitet
894 957 37 14 an-

179 983 42 21 sett
239 981 164 29 ifrågavarande
421 984 68 27 tunga
506 983 7 21 i
531 983 74 28 hvarje
624 983 38 22 fall
677 983 58 22 såväl
750 984 7 21 i
772 984 54 26 stad,
842 991 46 15 som
902 983 29 29 på

179 1017 79 26 landet,
278 1016 54 22 böra
349 1018 88 27 utgöras
456 1017 24 22 af
495 1017 132 29 skjutslaget,
645 1020 53 20 utan
717 1019 109 22 allmänna
846 1019 84 28 bidrag,

179 1051 40 21 har
237 1051 37 21 det
291 1051 119 27 stadgande
428 1052 8 20 i
453 1052 69 21 första
539 1060 63 14 mom.
618 1053 25 20 af
655 1054 11 27 $
683 1055 19 24 7,
718 1061 45 14 som
779 1054 86 21 dermed
881 1061 50 21 eger

180 1086 135 27 gemenskap,
331 1085 68 22 blifvit
414 1085 47 22 från
476 1086 155 29 författningen
645 1088 108 22 uteslutet.

246 1120 101 21 Rörande
364 1120 232 29 häradspostföringen,
615 1122 88 21 hvarom
721 1122 160 22 bestämmande
899 1122 32 22 fö-

179 1154 120 22 rekommer
313 1154 8 21 i
335 1154 68 28 tredje
419 1162 62 14 mom.
497 1155 24 21 af
533 1156 11 27 $
557 1157 18 24 7,
588 1156 40 21 har
641 1156 105 22 utskottet
761 1156 18 28 ej
794 1157 90 21 kommit
899 1157 32 21 till

179 1189 156 27 samstämmigt
349 1189 76 21 beslut.
455 1190 76 21 Denna
548 1190 258 29 postföringsskyldighet,
822 1198 45 15 som
882 1191 48 22 blif-

178 1223 31 21 vit
226 1222 109 29 påbjuden
353 1230 76 22 genom
447 1223 29 28 på
494 1224 155 22 administrativ
663 1227 41 27 väg
721 1226 111 22 tillkomne
846 1226 85 22 författ-

178 1257 84 27 ningar,
277 1257 64 21 hafva
355 1258 86 21 Presta-
453 1259 40 20 och
503 1258 197 27 Borgareståndens
715 1259 130 27 deputerade
860 1262 70 19 ansett

178 1290 54 22 böra
250 1290 71 22 såsom
339 1291 107 21 härintills
465 1292 24 20 af
506 1292 26 21 de
550 1292 227 29 skjutsningsskyldige
794 1296 89 25 utgöras
902 1293 28 28 på

179 1325 43 21 sätt
240 1324 41 22 den
299 1323 80 30 nådiga
397 1326 161 27 propositionen
576 1326 75 22 härom
669 1326 128 28 innehåller;
819 1328 111 22 hvaremot

178 1358 156 29 Ridderskapet
345 1359 40 22 och
396 1359 79 23 Adelns
486 1362 55 20 samt
551 1360 170 24 Bondeståndets
733 1362 130 28 deputerade
877 1364 54 21 trott

179 1394 35 21 det
229 1401 52 14 vara
295 1394 49 21 med
359 1394 98 28 billighet
472 1396 39 21 och
526 1396 89 21 rättvisa
630 1403 59 15 mera
700 1396 230 24 öfverensstämmande

178 1430 33 20 att
226 1428 308 29 häradspostföringsbesväret
548 1430 113 23 framdeles
677 1432 79 21 ordnas
771 1432 70 22 såsom
856 1440 26 14 en
897 1432 33 23 för

178 1463 92 22 häradet
284 1470 122 21 gemensam
421 1464 278 30 kommunalangelägenhet
710 1466 107 22 äfvensom
829 1469 32 20 att
872 1468 57 22 kost-

178 1498 70 22 naden
266 1497 35 23 för
319 1497 123 24 densamma
460 1498 55 23 efter
532 1499 151 29 folkmängden
701 1500 94 24 fördelas
812 1501 29 30 på
856 1502 26 22 de
897 1502 33 23 till
