1017 1725
322 134 73 24 Nådiga
406 135 137 23 Propositionen
556 135 34 17 N:o
603 135 27 17 31.
787 134 44 17 1589

490 200 12 28 $
516 198 20 22 4

442 236 142 23 Oförändrad.

228 297 20 21 B.
277 297 75 27 Förslag
369 297 29 21 till
415 297 111 27 förordning,
545 296 94 28 angående
657 297 97 28 gäldenärs
772 298 82 28 skyldig-

172 331 31 21 het
221 332 33 26 att,
268 331 30 21 vid
312 330 92 22 bristande
419 330 188 28 betalningstillgång,
622 331 69 28 aftjena
705 332 29 21 sin
748 332 54 22 skuld
815 332 39 22 med

173 364 63 22 arbete
250 365 46 21 eller
310 365 71 21 derföre
395 364 82 28 undergå
491 365 111 28 bysättning.

172 410 38 21 Uti
229 412 10 19 1
260 411 12 27 8
290 411 88 20 nämnes
397 412 32 19 att
447 418 35 14 om
499 409 71 29 någon
588 410 70 22 blifvit
675 412 10 20 i
700 412 62 28 följd
780 412 26 29 af
822 412 34 21 be-

104 445 81 29 gånget
204 444 59 22 brott
281 444 64 29 ålagd
363 446 33 20 att
410 445 81 28 utgifva
505 444 185 30 skadeersättning
706 446 40 21 och
760 446 96 23 befinnes

105 479 72 22 dertill
192 479 66 22 sakna
273 478 95 29 tillgång,
384 478 36 22 mä
434 480 78 21 honom
527 478 88 29 åläggas
627 480 123 22 densamma
761 482 49 21 med
822 489 34 15 ar-

105 514 49 22 bete
172 514 82 28 aftjena
272 514 52 22 eller
339 514 85 22 derföre
438 513 97 29 undergä
549 514 130 28 bysättning.
708 514 35 23 Dä
758 516 99 22 skadeer-

105 549 95 28 sättning
218 549 43 21 kan
278 547 162 30 ifrägakomma,
458 550 60 20 utom
532 549 7 21 i
554 549 69 21 andra
640 549 44 27 fall,
704 550 62 22 äfven
780 551 8 21 i
802 551 55 28 följd

106 584 24 21 af
146 583 63 22 civila
226 583 177 26 kontraktsbrott,
418 583 68 22 borde
501 583 66 28 enligt
580 584 116 22 utskottets
710 585 65 22 tanke
790 586 67 21 orden

106 619 18 26 yi
142 618 53 28 följd
213 618 25 21 af
253 616 107 30 begånget
377 617 69 22 brott"
465 617 57 29 utgå,
539 618 40 21 och
594 618 129 29 stadgandet
737 619 83 23 således
834 619 23 23 få

106 660 27 15 en
147 653 155 21 vidsträcktare
316 652 136 28 tillämpning
466 655 56 19 samt
532 652 58 29 förty
600 653 59 28 lyda:
672 655 25 20 är
707 653 71 29 nägon
789 668 28 3 —
828 669 28 3 —

106 687 118 28 förpligtad
246 689 32 20 att
299 683 111 32 återgälda
432 687 158 28 försträckning
612 687 52 22 eller
681 689 83 27 utgifva
782 691 75 20 ersätt-

106 722 53 28 ning
174 729 19 14 o.
210 729 15 14 s.
240 729 20 14 v.

175 756 70 22 Bland
267 756 55 27 dem,
341 763 46 14 som
402 755 68 22 under
484 756 57 22 vissa
555 755 150 24 förhällanden
719 765 51 16 vore
784 759 73 22 frikal-

107 791 50 22 lade
168 790 49 23 från
232 791 198 28 arbetsskyldighet,
446 793 106 26 upptages
566 791 8 22 i
590 793 12 19 2
618 792 11 27 &
646 792 61 22 äfven
722 793 82 22 enskild
818 795 40 28 tje-

107 834 59 19 nare,
186 826 78 22 medan
281 825 107 29 legotiden
406 833 70 14 varar.
506 826 76 21 Denna
599 826 105 28 befrielse,
720 828 138 28 hvarigenom

107 861 70 28 tredje
194 868 61 14 mans
273 862 44 20 rätt
335 860 81 27 afsetts,
435 860 40 22 bör
490 860 128 28 följdriktigt
632 862 121 22 utsträckas
768 864 33 21 till
816 864 43 22 alla

108 902 109 22 personer,
233 895 72 21 hvilka
319 901 77 21 genom
410 895 173 22 mellankommet
598 896 52 21 aftal
660 896 111 23 förbundit
782 899 33 28 sig
825 900 34 20 till

108 930 67 28 tjenst
194 929 51 22 eller
263 929 73 22 arbete
352 930 38 21 hos
406 937 71 14 annan
492 930 82 21 enskild
588 937 78 21 person
681 932 69 22 under
764 933 41 22 viss
820 934 38 26 tid,

109 964 55 22 dock
182 964 19 28 ej
220 964 84 21 utöfver
326 966 31 20 ett
375 963 31 27 år,
425 964 100 22 hvarföre
543 964 103 22 utskottet
665 968 71 19 ansett
754 967 32 28 sig
804 968 55 22 böra

108 998 81 23 föreslå
204 1005 26 15 en
244 998 68 22 sådan
327 998 126 28 förändring
468 998 25 21 af
505 998 70 22 denna
589 1000 109 27 paragraf.

177 1032 31 22 På
230 1033 52 26 skäl,
304 1040 46 14 som
371 1032 69 22 under
456 1034 10 20 1
483 1033 11 27 $
510 1032 24 22 af
554 1032 35 22 det
606 1032 80 30 nådiga
703 1034 103 30 förslaget
824 1044 35 15 om

110 1068 91 28 ändring
215 1068 7 20 i
239 1069 9 19 1
266 1068 40 21 och
322 1068 12 20 2
350 1068 24 27 $$
390 1069 12 19 2
418 1067 48 28 kap.
486 1068 26 20 U.
531 1068 25 21 B.
574 1067 125 29 framstälts,
718 1070 62 22 torde
798 1072 62 22 ordet

110 1102 140 28 ySkriftligen*
268 1102 8 21 i
294 1104 12 19 3
326 1102 11 28 $
357 1102 24 21 af
396 1109 30 14 nu
444 1101 164 29 ifrågavarande
626 1103 81 29 förslag
725 1105 54 23 böra
796 1106 62 29 utgå;

110 1137 112 22 hvarutom
240 1136 49 23 från
307 1136 65 23 slutet
390 1136 24 22 af
430 1136 141 23 nästnämnde
585 1138 105 28 paragraf
702 1139 67 23 borde
784 1141 75 22 utlem-

110 1179 39 14 nas
168 1172 36 21 det
222 1171 38 22 der
274 1171 124 22 meddelade
414 1171 127 28 stadgandet
556 1179 35 15 om
606 1173 140 27 gäldenärens
761 1175 99 24 befrielse

110 1206 8 21 i
136 1206 56 21 vissa
210 1205 39 22 fall
266 1205 49 22 från
334 1206 198 27 arbetsskyldighet,
551 1206 41 21 och
606 1207 66 28 sagde
686 1208 110 23 föreskrift
809 1210 51 29 ingå

110 1240 8 21 i
133 1240 77 27 början
225 1240 24 21 af
262 1241 13 20 4
290 1241 18 26 8,
324 1240 60 21 hvari
402 1240 70 28 öfriga
486 1240 133 22 föreskrifter
634 1248 34 15 om
683 1243 76 22 sakens
774 1244 87 29 slutliga

112 1274 119 28 afgörande
245 1274 69 21 finnas
329 1274 93 27 intagne.

180 1309 42 20 För
244 1308 66 28 öfrigt
331 1308 68 22 skulle
418 1307 58 23 såväl
490 1309 8 20 i
513 1309 70 21 denna
600 1311 106 27 paragraf
717 1318 47 15 som
778 1313 8 20 i
800 1314 24 27 8$
840 1316 20 25 4,

112 1344 13 20 6
141 1343 41 21 och
198 1344 26 19 14
238 1343 108 26 uttrycket
362 1342 131 26 ,Guvernör*
507 1343 55 21 böra
576 1343 86 28 utbytas
676 1347 45 20 mot
736 1347 125 27 »Kejsarens

112 1375 251 28 befallningshafvande*.

182 1408 75 22 Såsom
278 1409 68 21 redan
366 1409 103 22 nämndes
490 1409 84 22 komme
595 1409 77 30 början
690 1412 25 21 af
727 1414 13 20 4
756 1413 11 29 8
782 1416 32 20 att
829 1422 32 15 er-

113 1443 59 23 hälla
189 1445 31 20 ett
237 1443 76 29 tillägg
328 1443 40 23 och
383 1451 26 14 en
423 1444 8 21 i
446 1444 93 28 enlighet
554 1444 86 23 dermed
654 1445 117 25 förändrad
786 1449 76 23 redak-

115 1479 93 22 daktion.
230 1478 11 22 I
256 1477 127 23 afseende
371 1473 10 39 &
398 1478 47 27 den,
461 1478 66 29 enligt
542 1480 13 21 4
570 1480 18 28 8,
603 1480 131 27 gäldenären
747 1478 115 39 äliggande
