1020 1723
298 150 72 23 Nådiga
382 152 137 22 Propositionen
530 152 35 16 N:o
578 152 27 16 31.
760 152 43 16 1595

147 231 5 5 Ä
168 210 25 36 vol
219 231 39 5 da
277 214 41 22 186
327 231 19 11 ..,
365 215 40 21 och
423 216 111 27 tillämpas
552 216 97 26 sålunda,
666 218 32 18 att
717 216 63 28 äfven
795 216 31 26 de,

147 257 45 13 som
210 250 152 27 dessförinnan
380 250 73 28 blifvit
473 250 80 28 bysatte
572 250 52 21 eller
643 250 75 21 dömde
741 253 33 17 att
795 250 33 28 af-

147 285 58 27 tjena
221 284 62 21 skuld
294 284 46 20 med
352 284 79 26 arbete,
443 283 54 29 efter
512 284 91 20 nämnde
619 284 42 28 dag
675 284 37 21 må
727 284 101 28 tillgodo-

146 318 63 28 njuta
224 318 24 20 de
261 318 117 28 förmåner
394 318 38 20 och
450 318 139 28 rättigheter,
605 325 44 14 som
667 317 74 29 dylika
755 318 74 28 gälde-

147 354 67 20 närer
230 352 127 28 härigenom
372 352 106 29 beviljats.

206 407 18 21 C.
245 406 77 28 Förslag
338 406 29 22 till
384 406 105 28 förordning
507 406 93 28 angående
615 407 55 21 sättet
683 407 34 21 och
730 406 100 28 ordningen

148 440 29 23 för
193 441 109 28 försäljning
320 440 22 22 af
358 440 37 22 fast
414 441 84 28 egendom
516 440 11 22 å
545 440 67 28 landet,
626 448 36 14 som
676 440 29 23 för
720 440 43 29 gäld
776 444 53 25 tages

148 476 7 21 i
169 477 42 20 mät.

148 522 38 21 Uti
202 524 10 19 1
231 523 11 27 &
257 521 87 28 stadgas
363 523 38 25 att,
417 521 27 22 då
458 522 118 28 ansökning
592 523 62 26 göres
669 529 35 14 om
718 522 112 28 fastighets

80 557 9 21 i
103 557 137 27 mättagande
259 557 39 21 och
317 556 125 28 försäljning
457 557 33 21 för
505 556 68 26 skuld,
588 556 130 27 gäldenären
733 557 98 21 deröfver

80 591 41 22 bör
136 591 73 26 höras;
229 598 48 14 men
296 589 28 23 då
341 591 46 20 icke
402 591 68 21 sällan
485 591 82 21 händer
582 593 32 19 att
628 591 114 21 intecknad
756 591 75 28 fastig-

81 627 38 20 het
136 625 88 22 kommit
242 625 7 21 i
264 631 82 15 annans
361 625 57 21 hand
434 627 27 19 än
476 625 147 28 gäldenärens,
638 627 53 19 utan
706 627 31 20 att
752 623 79 30 egaren

81 659 46 23 står
141 661 8 20 i
162 660 109 27 personlig
286 660 135 27 ansvarighet
436 659 33 21 för
488 660 95 25 skulden,
599 660 60 21 torde
678 660 61 21 äfven
757 660 74 27 fastig-

81 695 128 28 hetsegaren
223 695 54 21 böra
291 695 7 20 i
314 694 69 28 saken
397 695 63 20 höras
479 695 39 20 och
533 694 81 21 lemnas
629 694 83 21 tillfälle
727 696 32 20 att
774 697 58 25 yttra

82 729 33 28 sig
131 737 34 13 om
180 729 41 21 den
237 731 34 19 ort
286 729 38 21 der
338 729 88 21 auktion
440 729 124 27 lämpligast
578 727 35 22 må
631 728 107 23 förrättas.
769 729 11 21 I
795 737 37 14 an-

81 764 87 27 ledning
186 763 65 22 häraf
266 763 67 22 borde
352 765 30 19 ett
400 764 92 20 moment
510 763 7 20 i
536 763 91 21 nämnde
642 763 54 28 syfte
710 763 74 28 läggas
799 763 34 22 till

84 800 10 20 1
113 799 11 27 8
144 798 39 21 och
201 798 8 21 i
227 799 13 20 2
259 799 12 26 $
290 797 60 22 ordet
366 797 122 28 ,gäldenär*
503 797 86 28 utbytas
607 799 45 20 mot
669 798 107 27 uttrycket
790 798 41 26 ,fa-

83 833 185 28 stighetsegaren*.

151 867 74 27 Enligt
241 868 11 19 5
268 868 12 26 &
295 867 55 21 skall
364 866 109 22 sökanden
488 867 7 21 i
509 866 74 29 hvarje
597 867 108 27 händelse,
718 866 27 23 dä
759 868 74 28 fastig-

84 902 37 22 het
139 901 34 22 för
191 902 50 27 gäld
259 901 104 27 försäljes,
382 901 127 22 föranstalta
527 908 34 14 om
576 908 39 22 syn
630 902 39 21 och
684 902 113 28 värdering
811 902 25 22 af

85 936 129 22 densamma.
247 935 34 22 Dä
303 936 69 21 denna
394 942 38 21 syn
454 936 40 21 och
515 936 113 27 värdering
650 936 184 28 hufvudsakligast

85 970 57 22 afser
157 972 32 20 att
203 970 80 22 bereda
298 970 135 27 spekulanter
447 970 85 21 tillfälle
546 973 32 18 att
592 970 64 22 vinna
671 971 118 21 kännedom
799 978 35 14 om

85 1005 134 27 fastigheten,
239 1012 61 20 synes
318 1011 27 14 en
363 1004 58 28 dylik
438 1011 44 21 syn,
497 1004 8 21 i
524 1005 26 21 de
568 1004 37 22 fall
621 1004 27 22 dä
663 1006 114 21 auktionen
791 1005 43 22 för-

85 1041 68 20 rättas
169 1038 12 22 å
197 1039 73 27 sjelfva
285 1038 128 28 fastigheten
431 1039 51 21 eller
497 1038 13 22 å
526 1039 40 21 den
581 1041 34 19 ort
630 1040 37 20 der
683 1040 40 21 den
738 1042 25 20 är
777 1040 57 22 belä-

86 1081 47 21 gen,
152 1074 79 21 hvilket
249 1072 134 22 förhällande
402 1073 60 21 torde
480 1074 85 20 komma
583 1076 32 19 att
633 1074 88 22 inträffa
742 1075 48 21 med
809 1074 26 22 de

87 1108 62 22 flesta
171 1108 82 21 mindre
275 1108 130 27 lägenheter,
427 1108 47 21 icke
490 1115 52 14 vara
565 1108 23 21 af
608 1109 99 21 behofvet
727 1108 108 28 päkallad,

87 1144 52 20 enär
153 1142 164 28 spekulanterne
328 1143 37 20 äro
368 1137 10 38 i
395 1142 85 21 tillfälle
494 1144 32 20 att
540 1141 29 29 pä
584 1145 34 19 ort
633 1143 39 21 och
688 1143 60 21 ställe
763 1143 74 28 sjelfve

87 1178 51 26 taga
152 1177 119 21 kännedom
285 1184 33 14 om
329 1176 137 28 lägenhetens
477 1176 152 22 beskaffenhet.
652 1176 31 22 Pä
694 1177 69 27 grund
774 1178 65 21 häraf

88 1211 40 21 och
149 1210 29 28 pä
201 1211 35 21 det
259 1210 26 22 de
306 1210 49 21 med
378 1210 70 28 dylika
466 1217 62 21 syner
547 1210 102 22 förenade
671 1211 80 27 ganska
770 1212 67 27 dryga

87 1245 117 21 kostnader
217 1244 36 22 mä
267 1245 73 21 kunna
354 1244 108 26 undvikas,
479 1245 39 21 har
533 1245 105 21 utskottet
653 1247 69 19 ansett
737 1246 32 27 sig
783 1246 55 21 böra

87 1278 79 22 föreslä
181 1280 32 20 att
227 1286 38 20 syn
281 1278 54 22 skall
350 1278 137 27 ovilkorligen
505 1277 68 23 hällas
592 1278 76 22 endast
681 1280 8 20 i
704 1279 35 21 det
753 1279 38 21 fall
806 1281 33 19 att

89 1314 115 20 auktionen
219 1313 101 21 förrättas
336 1311 13 22 &
364 1312 158 26 landskansliet,
534 1320 49 13 men
597 1314 33 20 att
645 1313 36 21 det
695 1313 61 27 eljest
771 1313 68 22 skulle

88 1346 30 28 pä
135 1347 191 27 fastighetsegaren
344 1345 22 21 fä
384 1346 113 21 ankomma
516 1348 38 23 att,
578 1347 37 19 der
636 1347 44 20 han
702 1346 78 21 sädant
802 1349 36 19 ön-

89 1380 72 26 skade,
177 1380 49 27 sjelf
240 1380 72 21 derom
328 1379 98 25 anstalta,
438 1381 52 19 utan
506 1381 31 19 att
552 1379 153 28 försäljningen
717 1380 122 28 derigenom

90 1414 67 22 skulle
175 1413 22 22 få
215 1413 133 29 uppehällas.
377 1412 71 28 Något
466 1413 76 21 hinder
560 1414 8 20 i
587 1421 25 14 en
631 1413 67 22 sådan
720 1414 119 28 anordning

90 1449 40 22 har
147 1448 104 22 utskottet
269 1448 47 22 icke
334 1449 70 21 ansett
418 1448 114 22 förefinnas
548 1447 51 27 deri,
615 1450 32 20 att
661 1449 7 21 i
685 1450 25 21 13
726 1450 11 27 $
753 1450 87 28 stadgas

91 1486 39 24 att,
148 1491 35 15 om
202 1483 94 22 anbudet
313 1483 7 21 i
338 1482 132 29 betydligare
489 1490 50 14 mon
554 1490 50 16 vore
623 1483 82 23 mindre
723 1485 28 21 än
765 1484 75 22 värde-
