<?xml version="1.0" encoding="UTF-8"?>
<alto xmlns="http://www.loc.gov/standards/alto/ns-v3#" xmlns:xlink="http://www.w3.org/1999/xlink" xmlns:xsi="http://www.w3.org/2001/XMLSchema-instance" xsi:schemaLocation="http://www.loc.gov/standards/alto/ns-v3# http://www.loc.gov/alto/v3/alto-3-0.xsd">
	<Description>
		<MeasurementUnit>pixel</MeasurementUnit>
		<sourceImageInformation>
			<fileName>/tmp/tess_4q5ufxja_input.PNG</fileName>
		</sourceImageInformation>
		<OCRProcessing ID="OCR_0">
			<ocrProcessingStep>
				<processingSoftware>
					<softwareName>tesseract 5.3.4</softwareName>
				</processingSoftware>
			</ocrProcessingStep>
		</OCRProcessing>
	</Description>
	<Layout>
		<Page WIDTH="1014" HEIGHT="1728" PHYSICAL_IMG_NR="0" ID="page_0">
			<PrintSpace HPOS="0" VPOS="0" WIDTH="1014" HEIGHT="1728">
				<ComposedBlock ID="cblock_0" HPOS="307" VPOS="132" WIDTH="513" HEIGHT="24">
					<TextBlock ID="block_0" HPOS="307" VPOS="132" WIDTH="513" HEIGHT="24">
						<TextLine ID="line_0" HPOS="307" VPOS="132" WIDTH="513" HEIGHT="24">
							<String ID="string_0" HPOS="307" VPOS="132" WIDTH="72" HEIGHT="24" WC="0.88" CONTENT="Nådiga"/><SP WIDTH="11" VPOS="132" HPOS="379"/>
							<String ID="string_1" HPOS="390" VPOS="134" WIDTH="138" HEIGHT="22" WC="0.95" CONTENT="Propositionen"/><SP WIDTH="11" VPOS="134" HPOS="528"/>
							<String ID="string_2" HPOS="539" VPOS="134" WIDTH="35" HEIGHT="17" WC="0.96" CONTENT="N:o"/><SP WIDTH="13" VPOS="134" HPOS="574"/>
							<String ID="string_3" HPOS="587" VPOS="135" WIDTH="28" HEIGHT="16" WC="0.96" CONTENT="33."/><SP WIDTH="162" VPOS="135" HPOS="615"/>
							<String ID="string_4" HPOS="777" VPOS="134" WIDTH="43" HEIGHT="17" WC="0.96" CONTENT="1631"/>
						</TextLine>
					</TextBlock>
				</ComposedBlock>
				<ComposedBlock ID="cblock_1" HPOS="87" VPOS="203" WIDTH="758" HEIGHT="1293">
					<TextBlock ID="block_1" HPOS="89" VPOS="203" WIDTH="754" HEIGHT="200">
						<TextLine ID="line_1" HPOS="90" VPOS="203" WIDTH="752" HEIGHT="29">
							<String ID="string_5" HPOS="90" VPOS="203" WIDTH="134" HEIGHT="28" WC="0.29" CONTENT="berättigade"/><SP WIDTH="10" VPOS="203" HPOS="224"/>
							<String ID="string_6" HPOS="234" VPOS="199" WIDTH="99" HEIGHT="38" WC="0.85" CONTENT="fördolde"/><SP WIDTH="13" VPOS="199" HPOS="333"/>
							<String ID="string_7" HPOS="346" VPOS="203" WIDTH="51" HEIGHT="23" WC="0.96" CONTENT="eller"/><SP WIDTH="12" VPOS="203" HPOS="397"/>
							<String ID="string_8" HPOS="409" VPOS="204" WIDTH="18" HEIGHT="28" WC="0.96" CONTENT="ej"/><SP WIDTH="12" VPOS="204" HPOS="427"/>
							<String ID="string_9" HPOS="439" VPOS="203" WIDTH="126" HEIGHT="29" WC="0.96" CONTENT="begagnade"/><SP WIDTH="11" VPOS="203" HPOS="565"/>
							<String ID="string_10" HPOS="576" VPOS="204" WIDTH="32" HEIGHT="28" WC="0.96" CONTENT="sig"/><SP WIDTH="11" VPOS="204" HPOS="608"/>
							<String ID="string_11" HPOS="619" VPOS="203" WIDTH="24" HEIGHT="22" WC="0.96" CONTENT="af"/><SP WIDTH="9" VPOS="203" HPOS="643"/>
							<String ID="string_12" HPOS="652" VPOS="204" WIDTH="105" HEIGHT="28" WC="0.93" CONTENT="upptäckt"/><SP WIDTH="11" VPOS="204" HPOS="757"/>
							<String ID="string_13" HPOS="768" VPOS="203" WIDTH="74" HEIGHT="23" WC="0.91" CONTENT="malm-"/>
						</TextLine>
						<TextLine ID="line_2" HPOS="89" VPOS="232" WIDTH="753" HEIGHT="33">
							<String ID="string_14" HPOS="89" VPOS="239" WIDTH="78" HEIGHT="25" WC="0.96" CONTENT="streck,"/><SP WIDTH="15" VPOS="239" HPOS="167"/>
							<String ID="string_15" HPOS="182" VPOS="239" WIDTH="83" HEIGHT="20" WC="0.93" CONTENT="kronan"/><SP WIDTH="15" VPOS="239" HPOS="265"/>
							<String ID="string_16" HPOS="280" VPOS="232" WIDTH="55" HEIGHT="33" WC="0.92" CONTENT="egde"/><SP WIDTH="13" VPOS="232" HPOS="335"/>
							<String ID="string_17" HPOS="348" VPOS="239" WIDTH="131" HEIGHT="21" WC="0.91" CONTENT="öfverlemna"/><SP WIDTH="15" VPOS="239" HPOS="479"/>
							<String ID="string_18" HPOS="494" VPOS="239" WIDTH="167" HEIGHT="26" WC="0.96" CONTENT="bearbetningen"/><SP WIDTH="12" VPOS="239" HPOS="661"/>
							<String ID="string_19" HPOS="673" VPOS="238" WIDTH="22" HEIGHT="21" WC="0.96" CONTENT="åt"/><SP WIDTH="12" VPOS="238" HPOS="695"/>
							<String ID="string_20" HPOS="707" VPOS="245" WIDTH="78" HEIGHT="19" WC="0.96" CONTENT="annan,"/><SP WIDTH="11" VPOS="245" HPOS="785"/>
							<String ID="string_21" HPOS="796" VPOS="245" WIDTH="46" HEIGHT="15" WC="0.96" CONTENT="som"/>
						</TextLine>
						<TextLine ID="line_3" HPOS="89" VPOS="271" WIDTH="753" HEIGHT="28">
							<String ID="string_22" HPOS="89" VPOS="279" WIDTH="51" HEIGHT="14" WC="0.93" CONTENT="vore"/><SP WIDTH="23" VPOS="279" HPOS="140"/>
							<String ID="string_23" HPOS="163" VPOS="272" WIDTH="70" HEIGHT="21" WC="0.90" CONTENT="dertill"/><SP WIDTH="22" VPOS="272" HPOS="233"/>
							<String ID="string_24" HPOS="255" VPOS="272" WIDTH="103" HEIGHT="27" WC="0.95" CONTENT="benägen,"/><SP WIDTH="23" VPOS="272" HPOS="358"/>
							<String ID="string_25" HPOS="381" VPOS="271" WIDTH="29" HEIGHT="28" WC="0.96" CONTENT="på"/><SP WIDTH="23" VPOS="271" HPOS="410"/>
							<String ID="string_26" HPOS="433" VPOS="273" WIDTH="35" HEIGHT="20" WC="0.96" CONTENT="det"/><SP WIDTH="22" VPOS="273" HPOS="468"/>
							<String ID="string_27" HPOS="490" VPOS="274" WIDTH="32" HEIGHT="19" WC="0.96" CONTENT="att"/><SP WIDTH="21" VPOS="274" HPOS="522"/>
							<String ID="string_28" HPOS="543" VPOS="273" WIDTH="91" HEIGHT="20" WC="0.96" CONTENT="malmen"/><SP WIDTH="21" VPOS="273" HPOS="634"/>
							<String ID="string_29" HPOS="655" VPOS="273" WIDTH="18" HEIGHT="26" WC="0.96" CONTENT="ej"/><SP WIDTH="20" VPOS="273" HPOS="673"/>
							<String ID="string_30" HPOS="693" VPOS="272" WIDTH="68" HEIGHT="21" WC="0.96" CONTENT="skulle"/><SP WIDTH="15" VPOS="272" HPOS="761"/>
							<String ID="string_31" HPOS="776" VPOS="272" WIDTH="66" HEIGHT="21" WC="0.95" CONTENT="förbli"/>
						</TextLine>
						<TextLine ID="line_4" HPOS="91" VPOS="305" WIDTH="752" HEIGHT="29">
							<String ID="string_32" HPOS="91" VPOS="305" WIDTH="133" HEIGHT="28" WC="0.90" CONTENT="obegagnad."/><SP WIDTH="31" VPOS="305" HPOS="224"/>
							<String ID="string_33" HPOS="255" VPOS="305" WIDTH="82" HEIGHT="22" WC="0.91" CONTENT="Genom"/><SP WIDTH="19" VPOS="305" HPOS="337"/>
							<String ID="string_34" HPOS="356" VPOS="307" WIDTH="90" HEIGHT="20" WC="0.91" CONTENT="sednare"/><SP WIDTH="20" VPOS="307" HPOS="446"/>
							<String ID="string_35" HPOS="466" VPOS="306" WIDTH="153" HEIGHT="28" WC="0.95" CONTENT="författningar"/><SP WIDTH="18" VPOS="306" HPOS="619"/>
							<String ID="string_36" HPOS="637" VPOS="306" WIDTH="122" HEIGHT="28" WC="0.92" CONTENT="reglerades"/><SP WIDTH="18" VPOS="306" HPOS="759"/>
							<String ID="string_37" HPOS="777" VPOS="308" WIDTH="66" HEIGHT="25" WC="0.92" CONTENT="ytter-"/>
						</TextLine>
						<TextLine ID="line_5" HPOS="89" VPOS="339" WIDTH="754" HEIGHT="29">
							<String ID="string_38" HPOS="89" VPOS="340" WIDTH="68" HEIGHT="27" WC="0.96" CONTENT="ligare"/><SP WIDTH="15" VPOS="340" HPOS="157"/>
							<String ID="string_39" HPOS="172" VPOS="339" WIDTH="144" HEIGHT="22" WC="0.96" CONTENT="förhållandet"/><SP WIDTH="15" VPOS="339" HPOS="316"/>
							<String ID="string_40" HPOS="331" VPOS="340" WIDTH="91" HEIGHT="21" WC="0.93" CONTENT="emellan"/><SP WIDTH="12" VPOS="340" HPOS="422"/>
							<String ID="string_41" HPOS="434" VPOS="340" WIDTH="115" HEIGHT="28" WC="0.90" CONTENT="jordegare"/><SP WIDTH="16" VPOS="340" HPOS="549"/>
							<String ID="string_42" HPOS="565" VPOS="341" WIDTH="40" HEIGHT="21" WC="0.96" CONTENT="och"/><SP WIDTH="14" VPOS="341" HPOS="605"/>
							<String ID="string_43" HPOS="619" VPOS="341" WIDTH="133" HEIGHT="27" WC="0.96" CONTENT="upptäckare"/><SP WIDTH="14" VPOS="341" HPOS="752"/>
							<String ID="string_44" HPOS="766" VPOS="339" WIDTH="29" HEIGHT="28" WC="0.96" CONTENT="på"/><SP WIDTH="12" VPOS="339" HPOS="795"/>
							<String ID="string_45" HPOS="807" VPOS="340" WIDTH="36" HEIGHT="22" WC="0.96" CONTENT="det"/>
						</TextLine>
						<TextLine ID="line_6" HPOS="89" VPOS="374" WIDTH="628" HEIGHT="29">
							<String ID="string_46" HPOS="89" VPOS="375" WIDTH="50" HEIGHT="25" WC="0.96" CONTENT="sätt,"/><SP WIDTH="17" VPOS="375" HPOS="139"/>
							<String ID="string_47" HPOS="156" VPOS="376" WIDTH="32" HEIGHT="19" WC="0.96" CONTENT="att"/><SP WIDTH="14" VPOS="376" HPOS="188"/>
							<String ID="string_48" HPOS="202" VPOS="374" WIDTH="107" HEIGHT="22" WC="0.96" CONTENT="hvardera"/><SP WIDTH="14" VPOS="374" HPOS="309"/>
							<String ID="string_49" HPOS="323" VPOS="374" WIDTH="68" HEIGHT="22" WC="0.93" CONTENT="skulle"/><SP WIDTH="16" VPOS="374" HPOS="391"/>
							<String ID="string_50" HPOS="407" VPOS="382" WIDTH="40" HEIGHT="21" WC="0.91" CONTENT="ega"/><SP WIDTH="14" VPOS="382" HPOS="447"/>
							<String ID="string_51" HPOS="461" VPOS="374" WIDTH="123" HEIGHT="29" WC="0.92" CONTENT="halfparten"/><SP WIDTH="15" VPOS="374" HPOS="584"/>
							<String ID="string_52" HPOS="599" VPOS="375" WIDTH="8" HEIGHT="20" WC="0.93" CONTENT="i"/><SP WIDTH="14" VPOS="375" HPOS="607"/>
							<String ID="string_53" HPOS="621" VPOS="374" WIDTH="96" HEIGHT="29" WC="0.92" CONTENT="grufvan."/>
						</TextLine>
					</TextBlock>
					<TextBlock ID="block_2" HPOS="88" VPOS="408" WIDTH="757" HEIGHT="271">
						<TextLine ID="line_7" HPOS="157" VPOS="408" WIDTH="684" HEIGHT="30">
							<String ID="string_54" HPOS="157" VPOS="409" WIDTH="37" HEIGHT="21" WC="0.96" CONTENT="Uti"/><SP WIDTH="21" VPOS="409" HPOS="194"/>
							<String ID="string_55" HPOS="215" VPOS="408" WIDTH="80" HEIGHT="29" WC="0.95" CONTENT="nådiga"/><SP WIDTH="21" VPOS="408" HPOS="295"/>
							<String ID="string_56" HPOS="316" VPOS="409" WIDTH="91" HEIGHT="28" WC="0.96" CONTENT="stadgan"/><SP WIDTH="19" VPOS="409" HPOS="407"/>
							<String ID="string_57" HPOS="426" VPOS="417" WIDTH="35" HEIGHT="14" WC="0.93" CONTENT="om"/><SP WIDTH="19" VPOS="417" HPOS="461"/>
							<String ID="string_58" HPOS="480" VPOS="410" WIDTH="122" HEIGHT="28" WC="0.90" CONTENT="inmutning"/><SP WIDTH="19" VPOS="410" HPOS="602"/>
							<String ID="string_59" HPOS="621" VPOS="409" WIDTH="23" HEIGHT="22" WC="0.93" CONTENT="af"/><SP WIDTH="16" VPOS="409" HPOS="644"/>
							<String ID="string_60" HPOS="660" VPOS="410" WIDTH="95" HEIGHT="26" WC="0.92" CONTENT="malmer,"/><SP WIDTH="16" VPOS="410" HPOS="755"/>
							<String ID="string_61" HPOS="771" VPOS="417" WIDTH="27" HEIGHT="14" WC="0.89" CONTENT="m."/><SP WIDTH="15" VPOS="417" HPOS="798"/>
							<String ID="string_62" HPOS="813" VPOS="417" WIDTH="28" HEIGHT="14" WC="0.89" CONTENT="m."/>
						</TextLine>
						<TextLine ID="line_8" HPOS="90" VPOS="443" WIDTH="753" HEIGHT="29">
							<String ID="string_63" HPOS="90" VPOS="443" WIDTH="40" HEIGHT="22" WC="0.96" CONTENT="den"/><SP WIDTH="16" VPOS="443" HPOS="130"/>
							<String ID="string_64" HPOS="146" VPOS="445" WIDTH="26" HEIGHT="20" WC="0.96" CONTENT="25"/><SP WIDTH="16" VPOS="445" HPOS="172"/>
							<String ID="string_65" HPOS="188" VPOS="444" WIDTH="43" HEIGHT="27" WC="0.95" CONTENT="Maj"/><SP WIDTH="15" VPOS="444" HPOS="231"/>
							<String ID="string_66" HPOS="246" VPOS="445" WIDTH="53" HEIGHT="20" WC="0.93" CONTENT="1857"/><SP WIDTH="12" VPOS="445" HPOS="299"/>
							<String ID="string_67" HPOS="311" VPOS="444" WIDTH="139" HEIGHT="21" WC="0.92" CONTENT="tillerkännes"/><SP WIDTH="10" VPOS="444" HPOS="450"/>
							<String ID="string_68" HPOS="460" VPOS="444" WIDTH="225" HEIGHT="28" WC="0.91" CONTENT="jordegandeandelen"/><SP WIDTH="11" VPOS="444" HPOS="685"/>
							<String ID="string_69" HPOS="696" VPOS="444" WIDTH="8" HEIGHT="21" WC="0.93" CONTENT="i"/><SP WIDTH="12" VPOS="444" HPOS="704"/>
							<String ID="string_70" HPOS="716" VPOS="444" WIDTH="86" HEIGHT="27" WC="0.92" CONTENT="grufvor"/><SP WIDTH="11" VPOS="444" HPOS="802"/>
							<String ID="string_71" HPOS="813" VPOS="443" WIDTH="30" HEIGHT="28" WC="0.96" CONTENT="på"/>
						</TextLine>
						<TextLine ID="line_9" HPOS="89" VPOS="477" WIDTH="753" HEIGHT="29">
							<String ID="string_72" HPOS="89" VPOS="478" WIDTH="94" HEIGHT="22" WC="0.93" CONTENT="kronans"/><SP WIDTH="23" VPOS="478" HPOS="183"/>
							<String ID="string_73" HPOS="206" VPOS="479" WIDTH="155" HEIGHT="27" WC="0.92" CONTENT="odisponerade"/><SP WIDTH="22" VPOS="479" HPOS="361"/>
							<String ID="string_74" HPOS="383" VPOS="479" WIDTH="62" HEIGHT="21" WC="0.93" CONTENT="mark"/><SP WIDTH="17" VPOS="479" HPOS="445"/>
							<String ID="string_75" HPOS="462" VPOS="479" WIDTH="122" HEIGHT="21" WC="0.91" CONTENT="inmutaren"/><SP WIDTH="19" VPOS="479" HPOS="584"/>
							<String ID="string_76" HPOS="603" VPOS="480" WIDTH="55" HEIGHT="19" WC="0.96" CONTENT="samt"/><SP WIDTH="14" VPOS="480" HPOS="658"/>
							<String ID="string_77" HPOS="672" VPOS="477" WIDTH="29" HEIGHT="29" WC="0.93" CONTENT="på"/><SP WIDTH="15" VPOS="477" HPOS="701"/>
							<String ID="string_78" HPOS="716" VPOS="479" WIDTH="126" HEIGHT="20" WC="0.92" CONTENT="kronohem-"/>
						</TextLine>
						<TextLine ID="line_10" HPOS="89" VPOS="512" WIDTH="754" HEIGHT="27">
							<String ID="string_79" HPOS="89" VPOS="519" WIDTH="50" HEIGHT="15" WC="0.96" CONTENT="man"/><SP WIDTH="19" VPOS="519" HPOS="139"/>
							<String ID="string_80" HPOS="158" VPOS="513" WIDTH="41" HEIGHT="21" WC="0.96" CONTENT="och"/><SP WIDTH="18" VPOS="513" HPOS="199"/>
							<String ID="string_81" HPOS="217" VPOS="513" WIDTH="106" HEIGHT="22" WC="0.93" CONTENT="boställen"/><SP WIDTH="20" VPOS="513" HPOS="323"/>
							<String ID="string_82" HPOS="343" VPOS="512" WIDTH="69" HEIGHT="23" WC="0.90" CONTENT="åboen"/><SP WIDTH="20" VPOS="512" HPOS="412"/>
							<String ID="string_83" HPOS="432" VPOS="513" WIDTH="51" HEIGHT="22" WC="0.93" CONTENT="eller"/><SP WIDTH="18" VPOS="513" HPOS="483"/>
							<String ID="string_84" HPOS="501" VPOS="513" WIDTH="158" HEIGHT="26" WC="0.92" CONTENT="innehafvaren,"/><SP WIDTH="15" VPOS="513" HPOS="659"/>
							<String ID="string_85" HPOS="674" VPOS="513" WIDTH="49" HEIGHT="22" WC="0.96" CONTENT="med"/><SP WIDTH="14" VPOS="513" HPOS="723"/>
							<String ID="string_86" HPOS="737" VPOS="512" WIDTH="106" HEIGHT="23" WC="0.96" CONTENT="förbehåll"/>
						</TextLine>
						<TextLine ID="line_11" HPOS="88" VPOS="546" WIDTH="755" HEIGHT="29">
							<String ID="string_87" HPOS="88" VPOS="547" WIDTH="22" HEIGHT="22" WC="0.95" CONTENT="af"/><SP WIDTH="23" VPOS="547" HPOS="110"/>
							<String ID="string_88" HPOS="133" VPOS="547" WIDTH="93" HEIGHT="22" WC="0.96" CONTENT="kronans"/><SP WIDTH="19" VPOS="547" HPOS="226"/>
							<String ID="string_89" HPOS="245" VPOS="549" WIDTH="45" HEIGHT="20" WC="0.96" CONTENT="rätt"/><SP WIDTH="20" VPOS="549" HPOS="290"/>
							<String ID="string_90" HPOS="310" VPOS="547" WIDTH="33" HEIGHT="22" WC="0.96" CONTENT="till"/><SP WIDTH="13" VPOS="547" HPOS="343"/>
							<String ID="string_91" HPOS="356" VPOS="547" WIDTH="83" HEIGHT="22" WC="0.95" CONTENT="inlösen"/><SP WIDTH="16" VPOS="547" HPOS="439"/>
							<String ID="string_92" HPOS="455" VPOS="547" WIDTH="24" HEIGHT="22" WC="0.91" CONTENT="af"/><SP WIDTH="12" VPOS="547" HPOS="479"/>
							<String ID="string_93" HPOS="491" VPOS="548" WIDTH="146" HEIGHT="27" WC="0.91" CONTENT="inmutningar"/><SP WIDTH="15" VPOS="548" HPOS="637"/>
							<String ID="string_94" HPOS="652" VPOS="546" WIDTH="13" HEIGHT="22" WC="0.90" CONTENT="å"/><SP WIDTH="15" VPOS="546" HPOS="665"/>
							<String ID="string_95" HPOS="680" VPOS="547" WIDTH="73" HEIGHT="22" WC="0.93" CONTENT="ädlare"/><SP WIDTH="15" VPOS="547" HPOS="753"/>
							<String ID="string_96" HPOS="768" VPOS="547" WIDTH="75" HEIGHT="22" WC="0.92" CONTENT="metal-"/>
						</TextLine>
						<TextLine ID="line_12" HPOS="88" VPOS="581" WIDTH="753" HEIGHT="23">
							<String ID="string_97" HPOS="88" VPOS="581" WIDTH="37" HEIGHT="22" WC="0.93" CONTENT="ler."/><SP WIDTH="33" VPOS="581" HPOS="125"/>
							<String ID="string_98" HPOS="158" VPOS="582" WIDTH="121" HEIGHT="22" WC="0.90" CONTENT="Enahanda"/><SP WIDTH="21" VPOS="582" HPOS="279"/>
							<String ID="string_99" HPOS="300" VPOS="582" WIDTH="86" HEIGHT="21" WC="0.92" CONTENT="förmon"/><SP WIDTH="19" VPOS="582" HPOS="386"/>
							<String ID="string_100" HPOS="405" VPOS="583" WIDTH="24" HEIGHT="20" WC="0.96" CONTENT="är"/><SP WIDTH="20" VPOS="583" HPOS="429"/>
							<String ID="string_101" HPOS="449" VPOS="583" WIDTH="37" HEIGHT="21" WC="0.96" CONTENT="der"/><SP WIDTH="20" VPOS="583" HPOS="486"/>
							<String ID="string_102" HPOS="506" VPOS="582" WIDTH="61" HEIGHT="22" WC="0.93" CONTENT="äfven"/><SP WIDTH="19" VPOS="582" HPOS="567"/>
							<String ID="string_103" HPOS="586" VPOS="582" WIDTH="122" HEIGHT="21" WC="0.88" CONTENT="inmutaren"/><SP WIDTH="17" VPOS="582" HPOS="708"/>
							<String ID="string_104" HPOS="725" VPOS="582" WIDTH="116" HEIGHT="21" WC="0.88" CONTENT="tillförsäk-"/>
						</TextLine>
						<TextLine ID="line_13" HPOS="88" VPOS="616" WIDTH="757" HEIGHT="29">
							<String ID="string_105" HPOS="88" VPOS="616" WIDTH="41" HEIGHT="21" WC="0.94" CONTENT="rad"/><SP WIDTH="18" VPOS="616" HPOS="129"/>
							<String ID="string_106" HPOS="147" VPOS="617" WIDTH="7" HEIGHT="20" WC="0.96" CONTENT="i"/><SP WIDTH="19" VPOS="617" HPOS="154"/>
							<String ID="string_107" HPOS="173" VPOS="617" WIDTH="99" HEIGHT="21" WC="0.93" CONTENT="afseende"/><SP WIDTH="21" VPOS="617" HPOS="272"/>
							<String ID="string_108" HPOS="293" VPOS="616" WIDTH="13" HEIGHT="22" WC="0.91" CONTENT="å"/><SP WIDTH="19" VPOS="616" HPOS="306"/>
							<String ID="string_109" HPOS="325" VPOS="617" WIDTH="113" HEIGHT="28" WC="0.92" CONTENT="malmtägt"/><SP WIDTH="17" VPOS="617" HPOS="438"/>
							<String ID="string_110" HPOS="455" VPOS="616" WIDTH="48" HEIGHT="22" WC="0.96" CONTENT="från"/><SP WIDTH="19" VPOS="616" HPOS="503"/>
							<String ID="string_111" HPOS="522" VPOS="617" WIDTH="63" HEIGHT="28" WC="0.96" CONTENT="sjöar,"/><SP WIDTH="20" VPOS="617" HPOS="585"/>
							<String ID="string_112" HPOS="605" VPOS="617" WIDTH="48" HEIGHT="21" WC="0.96" CONTENT="med"/><SP WIDTH="15" VPOS="617" HPOS="653"/>
							<String ID="string_113" HPOS="668" VPOS="617" WIDTH="137" HEIGHT="28" WC="0.96" CONTENT="iakttagande"/><SP WIDTH="15" VPOS="617" HPOS="805"/>
							<String ID="string_114" HPOS="820" VPOS="617" WIDTH="25" HEIGHT="21" WC="0.96" CONTENT="af"/>
						</TextLine>
						<TextLine ID="line_14" HPOS="88" VPOS="651" WIDTH="604" HEIGHT="28">
							<String ID="string_115" HPOS="88" VPOS="651" WIDTH="150" HEIGHT="28" WC="0.90" CONTENT="strandegares"/><SP WIDTH="16" VPOS="651" HPOS="238"/>
							<String ID="string_116" HPOS="254" VPOS="651" WIDTH="40" HEIGHT="22" WC="0.96" CONTENT="och"/><SP WIDTH="15" VPOS="651" HPOS="294"/>
							<String ID="string_117" HPOS="309" VPOS="651" WIDTH="83" HEIGHT="22" WC="0.93" CONTENT="enskild"/><SP WIDTH="16" VPOS="651" HPOS="392"/>
							<String ID="string_118" HPOS="408" VPOS="659" WIDTH="75" HEIGHT="20" WC="0.93" CONTENT="egares"/><SP WIDTH="14" VPOS="659" HPOS="483"/>
							<String ID="string_119" HPOS="497" VPOS="651" WIDTH="33" HEIGHT="22" WC="0.96" CONTENT="till"/><SP WIDTH="15" VPOS="651" HPOS="530"/>
							<String ID="string_120" HPOS="545" VPOS="653" WIDTH="82" HEIGHT="20" WC="0.96" CONTENT="vattnet"/><SP WIDTH="15" VPOS="653" HPOS="627"/>
							<String ID="string_121" HPOS="642" VPOS="652" WIDTH="50" HEIGHT="21" WC="0.96" CONTENT="rätt."/>
						</TextLine>
					</TextBlock>
					<TextBlock ID="block_3" HPOS="87" VPOS="685" WIDTH="755" HEIGHT="537">
						<TextLine ID="line_15" HPOS="157" VPOS="685" WIDTH="685" HEIGHT="29">
							<String ID="string_122" HPOS="157" VPOS="685" WIDTH="46" HEIGHT="21" WC="0.95" CONTENT="Den"/><SP WIDTH="22" VPOS="685" HPOS="203"/>
							<String ID="string_123" HPOS="225" VPOS="686" WIDTH="73" HEIGHT="21" WC="0.96" CONTENT="tionde"/><SP WIDTH="23" VPOS="686" HPOS="298"/>
							<String ID="string_124" HPOS="321" VPOS="686" WIDTH="40" HEIGHT="21" WC="0.91" CONTENT="och"/><SP WIDTH="22" VPOS="686" HPOS="361"/>
							<String ID="string_125" HPOS="383" VPOS="686" WIDTH="164" HEIGHT="26" WC="0.91" CONTENT="hammarskatt,"/><SP WIDTH="22" VPOS="686" HPOS="547"/>
							<String ID="string_126" HPOS="569" VPOS="693" WIDTH="47" HEIGHT="14" WC="0.94" CONTENT="som"/><SP WIDTH="22" VPOS="693" HPOS="616"/>
							<String ID="string_127" HPOS="638" VPOS="685" WIDTH="48" HEIGHT="21" WC="0.94" CONTENT="från"/><SP WIDTH="21" VPOS="685" HPOS="686"/>
							<String ID="string_128" HPOS="707" VPOS="686" WIDTH="73" HEIGHT="28" WC="0.96" CONTENT="hyttor"/><SP WIDTH="22" VPOS="686" HPOS="780"/>
							<String ID="string_129" HPOS="802" VPOS="685" WIDTH="40" HEIGHT="22" WC="0.96" CONTENT="och"/>
						</TextLine>
						<TextLine ID="line_16" HPOS="88" VPOS="718" WIDTH="753" HEIGHT="30">
							<String ID="string_130" HPOS="88" VPOS="718" WIDTH="175" HEIGHT="30" WC="0.91" CONTENT="stångjernsverk"/><SP WIDTH="19" VPOS="718" HPOS="263"/>
							<String ID="string_131" HPOS="282" VPOS="722" WIDTH="58" HEIGHT="20" WC="0.96" CONTENT="ännu"/><SP WIDTH="17" VPOS="722" HPOS="340"/>
							<String ID="string_132" HPOS="357" VPOS="720" WIDTH="70" HEIGHT="28" WC="0.96" CONTENT="utgår,"/><SP WIDTH="20" VPOS="720" HPOS="427"/>
							<String ID="string_133" HPOS="447" VPOS="721" WIDTH="39" HEIGHT="21" WC="0.96" CONTENT="har"/><SP WIDTH="15" VPOS="721" HPOS="486"/>
							<String ID="string_134" HPOS="501" VPOS="721" WIDTH="33" HEIGHT="21" WC="0.96" CONTENT="sin"/><SP WIDTH="15" VPOS="721" HPOS="534"/>
							<String ID="string_135" HPOS="549" VPOS="720" WIDTH="70" HEIGHT="28" WC="0.96" CONTENT="grund"/><SP WIDTH="14" VPOS="720" HPOS="619"/>
							<String ID="string_136" HPOS="633" VPOS="720" WIDTH="8" HEIGHT="21" WC="0.96" CONTENT="i"/><SP WIDTH="14" VPOS="720" HPOS="641"/>
							<String ID="string_137" HPOS="655" VPOS="720" WIDTH="94" HEIGHT="22" WC="0.93" CONTENT="kronans"/><SP WIDTH="15" VPOS="720" HPOS="749"/>
							<String ID="string_138" HPOS="764" VPOS="720" WIDTH="77" HEIGHT="21" WC="0.92" CONTENT="omför-"/>
						</TextLine>
						<TextLine ID="line_17" HPOS="89" VPOS="754" WIDTH="753" HEIGHT="29">
							<String ID="string_139" HPOS="89" VPOS="754" WIDTH="72" HEIGHT="22" WC="0.91" CONTENT="mälda"/><SP WIDTH="15" VPOS="754" HPOS="161"/>
							<String ID="string_140" HPOS="176" VPOS="755" WIDTH="73" HEIGHT="28" WC="0.91" CONTENT="regala"/><SP WIDTH="15" VPOS="755" HPOS="249"/>
							<String ID="string_141" HPOS="264" VPOS="756" WIDTH="44" HEIGHT="20" WC="0.96" CONTENT="rätt"/><SP WIDTH="11" VPOS="756" HPOS="308"/>
							<String ID="string_142" HPOS="319" VPOS="755" WIDTH="33" HEIGHT="21" WC="0.93" CONTENT="till"/><SP WIDTH="11" VPOS="755" HPOS="352"/>
							<String ID="string_143" HPOS="363" VPOS="756" WIDTH="170" HEIGHT="21" WC="0.92" CONTENT="malmstrecken."/><SP WIDTH="23" VPOS="756" HPOS="533"/>
							<String ID="string_144" HPOS="556" VPOS="755" WIDTH="45" HEIGHT="21" WC="0.94" CONTENT="Här"/><SP WIDTH="12" VPOS="755" HPOS="601"/>
							<String ID="string_145" HPOS="613" VPOS="755" WIDTH="7" HEIGHT="21" WC="0.94" CONTENT="i"/><SP WIDTH="11" VPOS="755" HPOS="620"/>
							<String ID="string_146" HPOS="631" VPOS="754" WIDTH="78" HEIGHT="27" WC="0.96" CONTENT="landet,"/><SP WIDTH="14" VPOS="754" HPOS="709"/>
							<String ID="string_147" HPOS="723" VPOS="755" WIDTH="37" HEIGHT="21" WC="0.96" CONTENT="der"/><SP WIDTH="11" VPOS="755" HPOS="760"/>
							<String ID="string_148" HPOS="771" VPOS="754" WIDTH="71" HEIGHT="22" WC="0.96" CONTENT="kända"/>
						</TextLine>
						<TextLine ID="line_18" HPOS="88" VPOS="789" WIDTH="753" HEIGHT="27">
							<String ID="string_149" HPOS="88" VPOS="789" WIDTH="138" HEIGHT="22" WC="0.91" CONTENT="malmstreck"/><SP WIDTH="18" VPOS="789" HPOS="226"/>
							<String ID="string_150" HPOS="244" VPOS="791" WIDTH="39" HEIGHT="21" WC="0.96" CONTENT="äro"/><SP WIDTH="19" VPOS="791" HPOS="283"/>
							<String ID="string_151" HPOS="302" VPOS="789" WIDTH="22" HEIGHT="22" WC="0.96" CONTENT="få"/><SP WIDTH="19" VPOS="789" HPOS="324"/>
							<String ID="string_152" HPOS="343" VPOS="790" WIDTH="39" HEIGHT="21" WC="0.96" CONTENT="och"/><SP WIDTH="19" VPOS="790" HPOS="382"/>
							<String ID="string_153" HPOS="401" VPOS="790" WIDTH="32" HEIGHT="26" WC="0.96" CONTENT="de,"/><SP WIDTH="20" VPOS="790" HPOS="433"/>
							<String ID="string_154" HPOS="453" VPOS="798" WIDTH="45" HEIGHT="13" WC="0.95" CONTENT="som"/><SP WIDTH="19" VPOS="798" HPOS="498"/>
							<String ID="string_155" HPOS="517" VPOS="790" WIDTH="48" HEIGHT="20" WC="0.95" CONTENT="med"/><SP WIDTH="15" VPOS="790" HPOS="565"/>
							<String ID="string_156" HPOS="580" VPOS="790" WIDTH="70" HEIGHT="20" WC="0.96" CONTENT="fördel"/><SP WIDTH="15" VPOS="790" HPOS="650"/>
							<String ID="string_157" HPOS="665" VPOS="790" WIDTH="73" HEIGHT="21" WC="0.91" CONTENT="kunna"/><SP WIDTH="14" VPOS="790" HPOS="738"/>
							<String ID="string_158" HPOS="752" VPOS="789" WIDTH="89" HEIGHT="22" WC="0.90" CONTENT="bearbe-"/>
						</TextLine>
						<TextLine ID="line_19" HPOS="88" VPOS="822" WIDTH="753" HEIGHT="30">
							<String ID="string_159" HPOS="88" VPOS="824" WIDTH="40" HEIGHT="25" WC="0.96" CONTENT="tas,"/><SP WIDTH="16" VPOS="824" HPOS="128"/>
							<String ID="string_160" HPOS="144" VPOS="826" WIDTH="28" HEIGHT="19" WC="0.96" CONTENT="än"/><SP WIDTH="15" VPOS="826" HPOS="172"/>
							<String ID="string_161" HPOS="187" VPOS="824" WIDTH="64" HEIGHT="26" WC="0.96" CONTENT="färre,"/><SP WIDTH="18" VPOS="824" HPOS="251"/>
							<String ID="string_162" HPOS="269" VPOS="826" WIDTH="57" HEIGHT="20" WC="0.96" CONTENT="samt"/><SP WIDTH="12" VPOS="826" HPOS="326"/>
							<String ID="string_163" HPOS="338" VPOS="824" WIDTH="25" HEIGHT="21" WC="0.96" CONTENT="de"/><SP WIDTH="11" VPOS="824" HPOS="363"/>
							<String ID="string_164" HPOS="374" VPOS="824" WIDTH="111" HEIGHT="21" WC="0.93" CONTENT="inhemska"/><SP WIDTH="10" VPOS="824" HPOS="485"/>
							<String ID="string_165" HPOS="495" VPOS="822" WIDTH="207" HEIGHT="30" WC="0.90" CONTENT="malmtillgångarne"/><SP WIDTH="11" VPOS="822" HPOS="702"/>
							<String ID="string_166" HPOS="713" VPOS="824" WIDTH="128" HEIGHT="21" WC="0.90" CONTENT="hufvudsak-"/>
						</TextLine>
						<TextLine ID="line_20" HPOS="87" VPOS="858" WIDTH="754" HEIGHT="29">
							<String ID="string_167" HPOS="87" VPOS="858" WIDTH="58" HEIGHT="27" WC="0.93" CONTENT="ligen"/><SP WIDTH="15" VPOS="858" HPOS="145"/>
							<String ID="string_168" HPOS="160" VPOS="859" WIDTH="83" HEIGHT="22" WC="0.91" CONTENT="hemtas"/><SP WIDTH="15" VPOS="859" HPOS="243"/>
							<String ID="string_169" HPOS="258" VPOS="858" WIDTH="48" HEIGHT="22" WC="0.96" CONTENT="från"/><SP WIDTH="15" VPOS="858" HPOS="306"/>
							<String ID="string_170" HPOS="321" VPOS="866" WIDTH="72" HEIGHT="21" WC="0.96" CONTENT="myror"/><SP WIDTH="16" VPOS="866" HPOS="393"/>
							<String ID="string_171" HPOS="409" VPOS="859" WIDTH="40" HEIGHT="21" WC="0.96" CONTENT="och"/><SP WIDTH="15" VPOS="859" HPOS="449"/>
							<String ID="string_172" HPOS="464" VPOS="858" WIDTH="64" HEIGHT="28" WC="0.96" CONTENT="sjöar,"/><SP WIDTH="15" VPOS="858" HPOS="528"/>
							<String ID="string_173" HPOS="543" VPOS="859" WIDTH="74" HEIGHT="21" WC="0.96" CONTENT="kunna"/><SP WIDTH="14" VPOS="859" HPOS="617"/>
							<String ID="string_174" HPOS="631" VPOS="858" WIDTH="164" HEIGHT="28" WC="0.93" CONTENT="ifrågavarande"/><SP WIDTH="15" VPOS="858" HPOS="795"/>
							<String ID="string_175" HPOS="810" VPOS="858" WIDTH="31" HEIGHT="21" WC="0.92" CONTENT="af-"/>
						</TextLine>
						<TextLine ID="line_21" HPOS="89" VPOS="892" WIDTH="753" HEIGHT="29">
							<String ID="string_176" HPOS="89" VPOS="893" WIDTH="64" HEIGHT="27" WC="0.96" CONTENT="gifter"/><SP WIDTH="18" VPOS="893" HPOS="153"/>
							<String ID="string_177" HPOS="171" VPOS="893" WIDTH="33" HEIGHT="21" WC="0.96" CONTENT="till"/><SP WIDTH="19" VPOS="893" HPOS="204"/>
							<String ID="string_178" HPOS="223" VPOS="894" WIDTH="89" HEIGHT="26" WC="0.96" CONTENT="kronan,"/><SP WIDTH="21" VPOS="894" HPOS="312"/>
							<String ID="string_179" HPOS="333" VPOS="893" WIDTH="72" HEIGHT="22" WC="0.96" CONTENT="hvilka"/><SP WIDTH="19" VPOS="893" HPOS="405"/>
							<String ID="string_180" HPOS="424" VPOS="893" WIDTH="63" HEIGHT="21" WC="0.96" CONTENT="äfven"/><SP WIDTH="18" VPOS="893" HPOS="487"/>
							<String ID="string_181" HPOS="505" VPOS="893" WIDTH="98" HEIGHT="28" WC="0.96" CONTENT="erläggas"/><SP WIDTH="15" VPOS="893" HPOS="603"/>
							<String ID="string_182" HPOS="618" VPOS="892" WIDTH="34" HEIGHT="22" WC="0.93" CONTENT="för"/><SP WIDTH="15" VPOS="892" HPOS="652"/>
							<String ID="string_183" HPOS="667" VPOS="892" WIDTH="175" HEIGHT="28" WC="0.91" CONTENT="frambringande"/>
						</TextLine>
						<TextLine ID="line_22" HPOS="89" VPOS="926" WIDTH="753" HEIGHT="29">
							<String ID="string_184" HPOS="89" VPOS="927" WIDTH="24" HEIGHT="22" WC="0.91" CONTENT="af"/><SP WIDTH="13" VPOS="927" HPOS="113"/>
							<String ID="string_185" HPOS="126" VPOS="927" WIDTH="50" HEIGHT="28" WC="0.91" CONTENT="jern"/><SP WIDTH="19" VPOS="927" HPOS="176"/>
							<String ID="string_186" HPOS="195" VPOS="927" WIDTH="47" HEIGHT="22" WC="0.96" CONTENT="från"/><SP WIDTH="19" VPOS="927" HPOS="242"/>
							<String ID="string_187" HPOS="261" VPOS="927" WIDTH="110" HEIGHT="23" WC="0.93" CONTENT="utländskt"/><SP WIDTH="15" VPOS="927" HPOS="371"/>
							<String ID="string_188" HPOS="386" VPOS="927" WIDTH="94" HEIGHT="27" WC="0.92" CONTENT="råämne,"/><SP WIDTH="16" VPOS="927" HPOS="480"/>
							<String ID="string_189" HPOS="496" VPOS="935" WIDTH="95" HEIGHT="19" WC="0.96" CONTENT="numera,"/><SP WIDTH="16" VPOS="935" HPOS="591"/>
							<String ID="string_190" HPOS="607" VPOS="927" WIDTH="65" HEIGHT="22" WC="0.96" CONTENT="sedan"/><SP WIDTH="15" VPOS="927" HPOS="672"/>
							<String ID="string_191" HPOS="687" VPOS="927" WIDTH="83" HEIGHT="22" WC="0.92" CONTENT="kronan"/><SP WIDTH="15" VPOS="927" HPOS="770"/>
							<String ID="string_192" HPOS="785" VPOS="926" WIDTH="57" HEIGHT="22" WC="0.90" CONTENT="från-"/>
						</TextLine>
						<TextLine ID="line_23" HPOS="88" VPOS="961" WIDTH="752" HEIGHT="29">
							<String ID="string_193" HPOS="88" VPOS="962" WIDTH="61" HEIGHT="21" WC="0.92" CONTENT="trädt"/><SP WIDTH="18" VPOS="962" HPOS="149"/>
							<String ID="string_194" HPOS="167" VPOS="963" WIDTH="32" HEIGHT="20" WC="0.93" CONTENT="sin"/><SP WIDTH="18" VPOS="963" HPOS="199"/>
							<String ID="string_195" HPOS="217" VPOS="963" WIDTH="75" HEIGHT="27" WC="0.92" CONTENT="regala"/><SP WIDTH="18" VPOS="963" HPOS="292"/>
							<String ID="string_196" HPOS="310" VPOS="963" WIDTH="45" HEIGHT="20" WC="0.96" CONTENT="rätt"/><SP WIDTH="14" VPOS="963" HPOS="355"/>
							<String ID="string_197" HPOS="369" VPOS="962" WIDTH="33" HEIGHT="21" WC="0.93" CONTENT="till"/><SP WIDTH="15" VPOS="962" HPOS="402"/>
							<String ID="string_198" HPOS="417" VPOS="962" WIDTH="169" HEIGHT="26" WC="0.91" CONTENT="malmstrecken,"/><SP WIDTH="16" VPOS="962" HPOS="586"/>
							<String ID="string_199" HPOS="602" VPOS="961" WIDTH="35" HEIGHT="22" WC="0.96" CONTENT="väl"/><SP WIDTH="14" VPOS="961" HPOS="637"/>
							<String ID="string_200" HPOS="651" VPOS="962" WIDTH="19" HEIGHT="27" WC="0.96" CONTENT="ej"/><SP WIDTH="17" VPOS="962" HPOS="670"/>
							<String ID="string_201" HPOS="687" VPOS="969" WIDTH="61" HEIGHT="14" WC="0.92" CONTENT="anses"/><SP WIDTH="15" VPOS="969" HPOS="748"/>
							<String ID="string_202" HPOS="763" VPOS="969" WIDTH="77" HEIGHT="14" WC="0.92" CONTENT="annor-"/>
						</TextLine>
						<TextLine ID="line_24" HPOS="88" VPOS="996" WIDTH="753" HEIGHT="28">
							<String ID="string_203" HPOS="88" VPOS="996" WIDTH="67" HEIGHT="21" WC="0.92" CONTENT="lunda"/><SP WIDTH="18" VPOS="996" HPOS="155"/>
							<String ID="string_204" HPOS="173" VPOS="997" WIDTH="27" HEIGHT="20" WC="0.96" CONTENT="än"/><SP WIDTH="19" VPOS="997" HPOS="200"/>
							<String ID="string_205" HPOS="219" VPOS="996" WIDTH="70" HEIGHT="22" WC="0.96" CONTENT="såsom"/><SP WIDTH="20" VPOS="996" HPOS="289"/>
							<String ID="string_206" HPOS="309" VPOS="1004" WIDTH="26" HEIGHT="14" WC="0.96" CONTENT="en"/><SP WIDTH="19" VPOS="1004" HPOS="335"/>
							<String ID="string_207" HPOS="354" VPOS="997" WIDTH="69" HEIGHT="21" WC="0.96" CONTENT="direkt"/><SP WIDTH="15" VPOS="997" HPOS="423"/>
							<String ID="string_208" HPOS="438" VPOS="997" WIDTH="57" HEIGHT="21" WC="0.96" CONTENT="skatt"/><SP WIDTH="14" VPOS="997" HPOS="495"/>
							<String ID="string_209" HPOS="509" VPOS="996" WIDTH="29" HEIGHT="28" WC="0.93" CONTENT="på"/><SP WIDTH="12" VPOS="996" HPOS="538"/>
							<String ID="string_210" HPOS="550" VPOS="996" WIDTH="219" HEIGHT="28" WC="0.91" CONTENT="jerntillverkningen."/><SP WIDTH="30" VPOS="996" HPOS="769"/>
							<String ID="string_211" HPOS="799" VPOS="996" WIDTH="42" HEIGHT="21" WC="0.91" CONTENT="En-"/>
						</TextLine>
						<TextLine ID="line_25" HPOS="88" VPOS="1030" WIDTH="753" HEIGHT="28">
							<String ID="string_212" HPOS="88" VPOS="1031" WIDTH="40" HEIGHT="27" WC="0.96" CONTENT="ligt"/><SP WIDTH="14" VPOS="1031" HPOS="128"/>
							<String ID="string_213" HPOS="142" VPOS="1038" WIDTH="84" HEIGHT="14" WC="0.96" CONTENT="vunnen"/><SP WIDTH="15" VPOS="1038" HPOS="226"/>
							<String ID="string_214" HPOS="241" VPOS="1031" WIDTH="114" HEIGHT="27" WC="0.96" CONTENT="utredning"/><SP WIDTH="15" VPOS="1031" HPOS="355"/>
							<String ID="string_215" HPOS="370" VPOS="1033" WIDTH="64" HEIGHT="25" WC="0.96" CONTENT="utgör"/><SP WIDTH="16" VPOS="1033" HPOS="434"/>
							<String ID="string_216" HPOS="450" VPOS="1031" WIDTH="68" HEIGHT="21" WC="0.96" CONTENT="denna"/><SP WIDTH="15" VPOS="1031" HPOS="518"/>
							<String ID="string_217" HPOS="533" VPOS="1031" WIDTH="58" HEIGHT="21" WC="0.96" CONTENT="skatt"/><SP WIDTH="14" VPOS="1031" HPOS="591"/>
							<String ID="string_218" HPOS="605" VPOS="1030" WIDTH="29" HEIGHT="28" WC="0.96" CONTENT="på"/><SP WIDTH="15" VPOS="1030" HPOS="634"/>
							<String ID="string_219" HPOS="649" VPOS="1031" WIDTH="35" HEIGHT="21" WC="0.96" CONTENT="det"/><SP WIDTH="15" VPOS="1031" HPOS="684"/>
							<String ID="string_220" HPOS="699" VPOS="1031" WIDTH="24" HEIGHT="21" WC="0.95" CONTENT="af"/><SP WIDTH="12" VPOS="1031" HPOS="723"/>
							<String ID="string_221" HPOS="735" VPOS="1031" WIDTH="106" HEIGHT="21" WC="0.96" CONTENT="inhemskt"/>
						</TextLine>
						<TextLine ID="line_26" HPOS="89" VPOS="1064" WIDTH="752" HEIGHT="29">
							<String ID="string_222" HPOS="89" VPOS="1064" WIDTH="89" HEIGHT="22" WC="0.93" CONTENT="räämne"/><SP WIDTH="15" VPOS="1064" HPOS="178"/>
							<String ID="string_223" HPOS="193" VPOS="1065" WIDTH="136" HEIGHT="21" WC="0.91" CONTENT="förarbetade"/><SP WIDTH="16" VPOS="1065" HPOS="329"/>
							<String ID="string_224" HPOS="345" VPOS="1064" WIDTH="132" HEIGHT="28" WC="0.91" CONTENT="stångjernet"/><SP WIDTH="16" VPOS="1064" HPOS="477"/>
							<String ID="string_225" HPOS="493" VPOS="1066" WIDTH="23" HEIGHT="27" WC="0.87" CONTENT="11"/><SP WIDTH="18" VPOS="1066" HPOS="516"/>
							<String ID="string_226" HPOS="534" VPOS="1065" WIDTH="33" HEIGHT="21" WC="0.96" CONTENT="till"/><SP WIDTH="15" VPOS="1065" HPOS="567"/>
							<String ID="string_227" HPOS="582" VPOS="1066" WIDTH="12" HEIGHT="20" WC="0.96" CONTENT="2"/><SP WIDTH="12" VPOS="1066" HPOS="594"/>
							<String ID="string_228" HPOS="606" VPOS="1067" WIDTH="89" HEIGHT="25" WC="0.96" CONTENT="procent"/><SP WIDTH="12" VPOS="1067" HPOS="695"/>
							<String ID="string_229" HPOS="707" VPOS="1065" WIDTH="24" HEIGHT="21" WC="0.96" CONTENT="af"/><SP WIDTH="9" VPOS="1065" HPOS="731"/>
							<String ID="string_230" HPOS="740" VPOS="1065" WIDTH="47" HEIGHT="21" WC="0.93" CONTENT="dess"/><SP WIDTH="12" VPOS="1065" HPOS="787"/>
							<String ID="string_231" HPOS="799" VPOS="1064" WIDTH="42" HEIGHT="22" WC="0.92" CONTENT="till-"/>
						</TextLine>
						<TextLine ID="line_27" HPOS="88" VPOS="1098" WIDTH="743" HEIGHT="28">
							<String ID="string_232" HPOS="88" VPOS="1100" WIDTH="180" HEIGHT="26" WC="0.92" CONTENT="verkningsvärde"/><SP WIDTH="16" VPOS="1100" HPOS="268"/>
							<String ID="string_233" HPOS="284" VPOS="1100" WIDTH="39" HEIGHT="20" WC="0.93" CONTENT="och"/><SP WIDTH="16" VPOS="1100" HPOS="323"/>
							<String ID="string_234" HPOS="339" VPOS="1099" WIDTH="94" HEIGHT="21" WC="0.92" CONTENT="drabbar"/><SP WIDTH="15" VPOS="1099" HPOS="433"/>
							<String ID="string_235" HPOS="448" VPOS="1100" WIDTH="7" HEIGHT="20" WC="0.96" CONTENT="i"/><SP WIDTH="15" VPOS="1100" HPOS="455"/>
							<String ID="string_236" HPOS="470" VPOS="1099" WIDTH="53" HEIGHT="27" WC="0.95" CONTENT="följd"/><SP WIDTH="16" VPOS="1099" HPOS="523"/>
							<String ID="string_237" HPOS="539" VPOS="1099" WIDTH="24" HEIGHT="21" WC="0.97" CONTENT="af"/><SP WIDTH="13" VPOS="1099" HPOS="563"/>
							<String ID="string_238" HPOS="576" VPOS="1099" WIDTH="35" HEIGHT="21" WC="0.93" CONTENT="det"/><SP WIDTH="14" VPOS="1099" HPOS="611"/>
							<String ID="string_239" HPOS="625" VPOS="1099" WIDTH="115" HEIGHT="27" WC="0.89" CONTENT="tullskydd,"/><SP WIDTH="17" VPOS="1099" HPOS="740"/>
							<String ID="string_240" HPOS="757" VPOS="1098" WIDTH="40" HEIGHT="22" WC="0.96" CONTENT="den"/><SP WIDTH="12" VPOS="1098" HPOS="797"/>
							<String ID="string_241" HPOS="809" VPOS="1099" WIDTH="22" HEIGHT="21" WC="0.96" CONTENT="in"/>
						</TextLine>
						<TextLine ID="line_28" HPOS="88" VPOS="1132" WIDTH="753" HEIGHT="28">
							<String ID="string_242" HPOS="88" VPOS="1133" WIDTH="89" HEIGHT="21" WC="0.92" CONTENT="hemska"/><SP WIDTH="21" VPOS="1133" HPOS="177"/>
							<String ID="string_243" HPOS="198" VPOS="1134" WIDTH="156" HEIGHT="26" WC="0.89" CONTENT="produktionen"/><SP WIDTH="22" VPOS="1134" HPOS="354"/>
							<String ID="string_244" HPOS="376" VPOS="1132" WIDTH="100" HEIGHT="28" WC="0.90" CONTENT="ätnjuter,"/><SP WIDTH="19" VPOS="1132" HPOS="476"/>
							<String ID="string_245" HPOS="495" VPOS="1133" WIDTH="178" HEIGHT="27" WC="0.92" CONTENT="hufvudsakligen"/><SP WIDTH="12" VPOS="1133" HPOS="673"/>
							<String ID="string_246" HPOS="685" VPOS="1133" WIDTH="156" HEIGHT="27" WC="0.91" CONTENT="jordbruksnä-"/>
						</TextLine>
						<TextLine ID="line_29" HPOS="89" VPOS="1166" WIDTH="752" HEIGHT="28">
							<String ID="string_247" HPOS="89" VPOS="1167" WIDTH="76" HEIGHT="27" WC="0.91" CONTENT="ringen"/><SP WIDTH="19" VPOS="1167" HPOS="165"/>
							<String ID="string_248" HPOS="184" VPOS="1168" WIDTH="39" HEIGHT="20" WC="0.93" CONTENT="och"/><SP WIDTH="19" VPOS="1168" HPOS="223"/>
							<String ID="string_249" HPOS="242" VPOS="1167" WIDTH="107" HEIGHT="21" WC="0.90" CONTENT="industrin"/><SP WIDTH="18" VPOS="1167" HPOS="349"/>
							<String ID="string_250" HPOS="367" VPOS="1167" WIDTH="34" HEIGHT="21" WC="0.96" CONTENT="för"/><SP WIDTH="15" VPOS="1167" HPOS="401"/>
							<String ID="string_251" HPOS="416" VPOS="1168" WIDTH="25" HEIGHT="20" WC="0.93" CONTENT="de"/><SP WIDTH="16" VPOS="1168" HPOS="441"/>
							<String ID="string_252" HPOS="457" VPOS="1167" WIDTH="87" HEIGHT="27" WC="0.91" CONTENT="partier,"/><SP WIDTH="16" VPOS="1167" HPOS="544"/>
							<String ID="string_253" HPOS="560" VPOS="1174" WIDTH="45" HEIGHT="14" WC="0.93" CONTENT="som"/><SP WIDTH="17" VPOS="1174" HPOS="605"/>
							<String ID="string_254" HPOS="622" VPOS="1166" WIDTH="62" HEIGHT="22" WC="0.92" CONTENT="deraf"/><SP WIDTH="12" VPOS="1166" HPOS="684"/>
							<String ID="string_255" HPOS="696" VPOS="1167" WIDTH="58" HEIGHT="21" WC="0.96" CONTENT="inom"/><SP WIDTH="14" VPOS="1167" HPOS="754"/>
							<String ID="string_256" HPOS="768" VPOS="1167" WIDTH="73" HEIGHT="21" WC="0.96" CONTENT="landet"/>
						</TextLine>
						<TextLine ID="line_30" HPOS="89" VPOS="1201" WIDTH="120" HEIGHT="21">
							<String ID="string_257" HPOS="89" VPOS="1201" WIDTH="120" HEIGHT="21" WC="0.92" CONTENT="förbrukas."/>
						</TextLine>
					</TextBlock>
					<TextBlock ID="block_4" HPOS="89" VPOS="1234" WIDTH="752" HEIGHT="262">
						<TextLine ID="line_31" HPOS="157" VPOS="1234" WIDTH="683" HEIGHT="29">
							<String ID="string_258" HPOS="157" VPOS="1235" WIDTH="50" HEIGHT="21" WC="0.95" CONTENT="Dels"/><SP WIDTH="15" VPOS="1235" HPOS="207"/>
							<String ID="string_259" HPOS="222" VPOS="1236" WIDTH="7" HEIGHT="20" WC="0.93" CONTENT="i"/><SP WIDTH="15" VPOS="1236" HPOS="229"/>
							<String ID="string_260" HPOS="244" VPOS="1236" WIDTH="55" HEIGHT="21" WC="0.96" CONTENT="brist"/><SP WIDTH="14" VPOS="1236" HPOS="299"/>
							<String ID="string_261" HPOS="313" VPOS="1235" WIDTH="28" HEIGHT="27" WC="0.93" CONTENT="pä"/><SP WIDTH="15" VPOS="1235" HPOS="341"/>
							<String ID="string_262" HPOS="356" VPOS="1236" WIDTH="61" HEIGHT="27" WC="0.93" CONTENT="billig"/><SP WIDTH="15" VPOS="1236" HPOS="417"/>
							<String ID="string_263" HPOS="432" VPOS="1234" WIDTH="178" HEIGHT="29" WC="0.83" CONTENT="kapitaltillgäng,"/><SP WIDTH="13" VPOS="1234" HPOS="610"/>
							<String ID="string_264" HPOS="623" VPOS="1235" WIDTH="44" HEIGHT="21" WC="0.96" CONTENT="dels"/><SP WIDTH="12" VPOS="1235" HPOS="667"/>
							<String ID="string_265" HPOS="679" VPOS="1236" WIDTH="7" HEIGHT="20" WC="0.96" CONTENT="i"/><SP WIDTH="11" VPOS="1236" HPOS="686"/>
							<String ID="string_266" HPOS="697" VPOS="1235" WIDTH="54" HEIGHT="28" WC="0.93" CONTENT="följd"/><SP WIDTH="12" VPOS="1235" HPOS="751"/>
							<String ID="string_267" HPOS="763" VPOS="1235" WIDTH="23" HEIGHT="21" WC="0.93" CONTENT="af"/><SP WIDTH="9" VPOS="1235" HPOS="786"/>
							<String ID="string_268" HPOS="795" VPOS="1235" WIDTH="45" HEIGHT="21" WC="0.93" CONTENT="lan-"/>
						</TextLine>
						<TextLine ID="line_32" HPOS="90" VPOS="1269" WIDTH="749" HEIGHT="28">
							<String ID="string_269" HPOS="90" VPOS="1269" WIDTH="46" HEIGHT="21" WC="0.96" CONTENT="dets"/><SP WIDTH="15" VPOS="1269" HPOS="136"/>
							<String ID="string_270" HPOS="151" VPOS="1269" WIDTH="68" HEIGHT="21" WC="0.96" CONTENT="under"/><SP WIDTH="15" VPOS="1269" HPOS="219"/>
							<String ID="string_271" HPOS="234" VPOS="1277" WIDTH="26" HEIGHT="14" WC="0.96" CONTENT="en"/><SP WIDTH="15" VPOS="1277" HPOS="260"/>
							<String ID="string_272" HPOS="275" VPOS="1272" WIDTH="45" HEIGHT="19" WC="0.96" CONTENT="stor"/><SP WIDTH="15" VPOS="1272" HPOS="320"/>
							<String ID="string_273" HPOS="335" VPOS="1270" WIDTH="34" HEIGHT="21" WC="0.96" CONTENT="del"/><SP WIDTH="16" VPOS="1270" HPOS="369"/>
							<String ID="string_274" HPOS="385" VPOS="1270" WIDTH="23" HEIGHT="22" WC="0.93" CONTENT="af"/><SP WIDTH="13" VPOS="1270" HPOS="408"/>
							<String ID="string_275" HPOS="421" VPOS="1270" WIDTH="47" HEIGHT="22" WC="0.93" CONTENT="äret"/><SP WIDTH="12" VPOS="1270" HPOS="468"/>
							<String ID="string_276" HPOS="480" VPOS="1270" WIDTH="103" HEIGHT="27" WC="0.92" CONTENT="spärrade"/><SP WIDTH="11" VPOS="1270" HPOS="583"/>
							<String ID="string_277" HPOS="594" VPOS="1269" WIDTH="245" HEIGHT="28" WC="0.92" CONTENT="sjökommunikationer,"/>
						</TextLine>
						<TextLine ID="line_33" HPOS="89" VPOS="1303" WIDTH="752" HEIGHT="29">
							<String ID="string_278" HPOS="89" VPOS="1304" WIDTH="40" HEIGHT="20" WC="0.96" CONTENT="har"/><SP WIDTH="15" VPOS="1304" HPOS="129"/>
							<String ID="string_279" HPOS="144" VPOS="1304" WIDTH="68" HEIGHT="20" WC="0.93" CONTENT="finska"/><SP WIDTH="12" VPOS="1304" HPOS="212"/>
							<String ID="string_280" HPOS="224" VPOS="1304" WIDTH="214" HEIGHT="28" WC="0.91" CONTENT="jerntillverkningen"/><SP WIDTH="15" VPOS="1304" HPOS="438"/>
							<String ID="string_281" HPOS="453" VPOS="1304" WIDTH="18" HEIGHT="28" WC="0.96" CONTENT="ej"/><SP WIDTH="17" VPOS="1304" HPOS="471"/>
							<String ID="string_282" HPOS="488" VPOS="1305" WIDTH="81" HEIGHT="20" WC="0.93" CONTENT="kunnat"/><SP WIDTH="15" VPOS="1305" HPOS="569"/>
							<String ID="string_283" HPOS="584" VPOS="1303" WIDTH="58" HEIGHT="22" WC="0.96" CONTENT="hålla"/><SP WIDTH="11" VPOS="1303" HPOS="642"/>
							<String ID="string_284" HPOS="653" VPOS="1304" WIDTH="32" HEIGHT="27" WC="0.96" CONTENT="sig"/><SP WIDTH="12" VPOS="1304" HPOS="685"/>
							<String ID="string_285" HPOS="697" VPOS="1304" WIDTH="7" HEIGHT="20" WC="0.93" CONTENT="i"/><SP WIDTH="9" VPOS="1304" HPOS="704"/>
							<String ID="string_286" HPOS="713" VPOS="1304" WIDTH="128" HEIGHT="27" WC="0.82" CONTENT="jemnbredd"/>
						</TextLine>
						<TextLine ID="line_34" HPOS="89" VPOS="1338" WIDTH="752" HEIGHT="28">
							<String ID="string_287" HPOS="89" VPOS="1338" WIDTH="49" HEIGHT="21" WC="0.96" CONTENT="med"/><SP WIDTH="19" VPOS="1338" HPOS="138"/>
							<String ID="string_288" HPOS="157" VPOS="1338" WIDTH="40" HEIGHT="21" WC="0.93" CONTENT="den"/><SP WIDTH="15" VPOS="1338" HPOS="197"/>
							<String ID="string_289" HPOS="212" VPOS="1338" WIDTH="103" HEIGHT="28" WC="0.93" CONTENT="ofantliga"/><SP WIDTH="15" VPOS="1338" HPOS="315"/>
							<String ID="string_290" HPOS="330" VPOS="1339" WIDTH="127" HEIGHT="27" WC="0.96" CONTENT="utveckling,"/><SP WIDTH="17" VPOS="1339" HPOS="457"/>
							<String ID="string_291" HPOS="474" VPOS="1339" WIDTH="69" HEIGHT="21" WC="0.92" CONTENT="denna"/><SP WIDTH="14" VPOS="1339" HPOS="543"/>
							<String ID="string_292" HPOS="557" VPOS="1339" WIDTH="128" HEIGHT="27" WC="0.92" CONTENT="handtering"/><SP WIDTH="14" VPOS="1339" HPOS="685"/>
							<String ID="string_293" HPOS="699" VPOS="1339" WIDTH="75" HEIGHT="21" WC="0.92" CONTENT="vunnit"/><SP WIDTH="14" VPOS="1339" HPOS="774"/>
							<String ID="string_294" HPOS="788" VPOS="1339" WIDTH="53" HEIGHT="21" WC="0.92" CONTENT="utri-"/>
						</TextLine>
						<TextLine ID="line_35" HPOS="90" VPOS="1372" WIDTH="751" HEIGHT="27">
							<String ID="string_295" HPOS="90" VPOS="1372" WIDTH="44" HEIGHT="20" WC="0.95" CONTENT="kes."/><SP WIDTH="30" VPOS="1372" HPOS="134"/>
							<String ID="string_296" HPOS="164" VPOS="1372" WIDTH="47" HEIGHT="20" WC="0.95" CONTENT="Den"/><SP WIDTH="19" VPOS="1372" HPOS="211"/>
							<String ID="string_297" HPOS="230" VPOS="1372" WIDTH="40" HEIGHT="20" WC="0.96" CONTENT="har"/><SP WIDTH="19" VPOS="1372" HPOS="270"/>
							<String ID="string_298" HPOS="289" VPOS="1372" WIDTH="24" HEIGHT="20" WC="0.96" CONTENT="af"/><SP WIDTH="16" VPOS="1372" HPOS="313"/>
							<String ID="string_299" HPOS="329" VPOS="1379" WIDTH="82" HEIGHT="13" WC="0.96" CONTENT="samma"/><SP WIDTH="18" VPOS="1379" HPOS="411"/>
							<String ID="string_300" HPOS="429" VPOS="1373" WIDTH="87" HEIGHT="20" WC="0.93" CONTENT="orsaker"/><SP WIDTH="19" VPOS="1373" HPOS="516"/>
							<String ID="string_301" HPOS="535" VPOS="1373" WIDTH="18" HEIGHT="26" WC="0.92" CONTENT="ej"/><SP WIDTH="20" VPOS="1373" HPOS="553"/>
							<String ID="string_302" HPOS="573" VPOS="1373" WIDTH="66" HEIGHT="19" WC="0.96" CONTENT="heller"/><SP WIDTH="18" VPOS="1373" HPOS="639"/>
							<String ID="string_303" HPOS="657" VPOS="1373" WIDTH="82" HEIGHT="19" WC="0.93" CONTENT="kunnat"/><SP WIDTH="13" VPOS="1373" HPOS="739"/>
							<String ID="string_304" HPOS="752" VPOS="1373" WIDTH="89" HEIGHT="26" WC="0.93" CONTENT="tillegna"/>
						</TextLine>
						<TextLine ID="line_36" HPOS="90" VPOS="1405" WIDTH="750" HEIGHT="27">
							<String ID="string_305" HPOS="90" VPOS="1405" WIDTH="33" HEIGHT="27" WC="0.93" CONTENT="sig"/><SP WIDTH="15" VPOS="1405" HPOS="123"/>
							<String ID="string_306" HPOS="138" VPOS="1405" WIDTH="109" HEIGHT="21" WC="0.91" CONTENT="frukterne"/><SP WIDTH="16" VPOS="1405" HPOS="247"/>
							<String ID="string_307" HPOS="263" VPOS="1406" WIDTH="24" HEIGHT="20" WC="0.96" CONTENT="af"/><SP WIDTH="13" VPOS="1406" HPOS="287"/>
							<String ID="string_308" HPOS="300" VPOS="1406" WIDTH="43" HEIGHT="20" WC="0.96" CONTENT="alla"/><SP WIDTH="15" VPOS="1406" HPOS="343"/>
							<String ID="string_309" HPOS="358" VPOS="1406" WIDTH="25" HEIGHT="20" WC="0.96" CONTENT="de"/><SP WIDTH="15" VPOS="1406" HPOS="383"/>
							<String ID="string_310" HPOS="398" VPOS="1406" WIDTH="98" HEIGHT="20" WC="0.93" CONTENT="tekniska"/><SP WIDTH="15" VPOS="1406" HPOS="496"/>
							<String ID="string_311" HPOS="511" VPOS="1406" WIDTH="108" HEIGHT="26" WC="0.92" CONTENT="framsteg,"/><SP WIDTH="16" VPOS="1406" HPOS="619"/>
							<String ID="string_312" HPOS="635" VPOS="1412" WIDTH="46" HEIGHT="14" WC="0.96" CONTENT="som"/><SP WIDTH="15" VPOS="1412" HPOS="681"/>
							<String ID="string_313" HPOS="696" VPOS="1406" WIDTH="89" HEIGHT="20" WC="0.95" CONTENT="kommit"/><SP WIDTH="14" VPOS="1406" HPOS="785"/>
							<String ID="string_314" HPOS="799" VPOS="1406" WIDTH="41" HEIGHT="20" WC="0.96" CONTENT="den"/>
						</TextLine>
						<TextLine ID="line_37" HPOS="89" VPOS="1439" WIDTH="751" HEIGHT="28">
							<String ID="string_315" HPOS="89" VPOS="1439" WIDTH="115" HEIGHT="21" WC="0.88" CONTENT="utländska"/><SP WIDTH="18" VPOS="1439" HPOS="204"/>
							<String ID="string_316" HPOS="222" VPOS="1439" WIDTH="156" HEIGHT="28" WC="0.88" CONTENT="jernindustrin"/><SP WIDTH="19" VPOS="1439" HPOS="378"/>
							<String ID="string_317" HPOS="397" VPOS="1440" WIDTH="32" HEIGHT="21" WC="0.96" CONTENT="till"/><SP WIDTH="20" VPOS="1440" HPOS="429"/>
							<String ID="string_318" HPOS="449" VPOS="1440" WIDTH="39" HEIGHT="21" WC="0.89" CONTENT="del."/><SP WIDTH="29" VPOS="1440" HPOS="488"/>
							<String ID="string_319" HPOS="517" VPOS="1440" WIDTH="50" HEIGHT="21" WC="0.96" CONTENT="Men"/><SP WIDTH="19" VPOS="1440" HPOS="567"/>
							<String ID="string_320" HPOS="586" VPOS="1440" WIDTH="47" HEIGHT="20" WC="0.93" CONTENT="dess"/><SP WIDTH="19" VPOS="1440" HPOS="633"/>
							<String ID="string_321" HPOS="652" VPOS="1439" WIDTH="45" HEIGHT="28" WC="0.93" CONTENT="vigt"/><SP WIDTH="18" VPOS="1439" HPOS="697"/>
							<String ID="string_322" HPOS="715" VPOS="1439" WIDTH="34" HEIGHT="21" WC="0.96" CONTENT="för"/><SP WIDTH="18" VPOS="1439" HPOS="749"/>
							<String ID="string_323" HPOS="767" VPOS="1440" WIDTH="73" HEIGHT="21" WC="0.96" CONTENT="landet"/>
						</TextLine>
						<TextLine ID="line_38" HPOS="89" VPOS="1473" WIDTH="750" HEIGHT="23">
							<String ID="string_324" HPOS="89" VPOS="1474" WIDTH="40" HEIGHT="22" WC="0.92" CONTENT="bör"/><SP WIDTH="22" VPOS="1474" HPOS="129"/>
							<String ID="string_325" HPOS="151" VPOS="1474" WIDTH="84" HEIGHT="22" WC="0.91" CONTENT="derföre"/><SP WIDTH="22" VPOS="1474" HPOS="235"/>
							<String ID="string_326" HPOS="257" VPOS="1475" WIDTH="46" HEIGHT="21" WC="0.92" CONTENT="icke"/><SP WIDTH="18" VPOS="1475" HPOS="303"/>
							<String ID="string_327" HPOS="321" VPOS="1474" WIDTH="96" HEIGHT="22" WC="0.92" CONTENT="förbises."/><SP WIDTH="31" VPOS="1474" HPOS="417"/>
							<String ID="string_328" HPOS="448" VPOS="1474" WIDTH="65" HEIGHT="22" WC="0.93" CONTENT="Utom"/><SP WIDTH="18" VPOS="1474" HPOS="513"/>
							<String ID="string_329" HPOS="531" VPOS="1474" WIDTH="36" HEIGHT="21" WC="0.96" CONTENT="det"/><SP WIDTH="18" VPOS="1474" HPOS="567"/>
							<String ID="string_330" HPOS="585" VPOS="1475" WIDTH="32" HEIGHT="20" WC="0.93" CONTENT="att"/><SP WIDTH="14" VPOS="1475" HPOS="617"/>
							<String ID="string_331" HPOS="631" VPOS="1474" WIDTH="106" HEIGHT="21" WC="0.92" CONTENT="inhemskt"/><SP WIDTH="15" VPOS="1474" HPOS="737"/>
							<String ID="string_332" HPOS="752" VPOS="1473" WIDTH="87" HEIGHT="22" WC="0.90" CONTENT="räämne"/>
						</TextLine>
					</TextBlock>
				</ComposedBlock>
			</PrintSpace>
		</Page>
	</Layout>
</alto>
