1006 1720
200 173 44 17 1226
397 171 71 24 Nådiga
479 173 137 20 Propositionen
628 172 35 17 N:o
676 173 28 16 25.

175 235 68 22 likhet
259 235 49 22 med
326 235 56 22 hvad
400 235 74 21 derom
490 235 33 20 uti
541 235 13 20 6
572 241 64 14 mom.
651 235 13 20 8
683 234 11 27 $
713 234 25 21 af
751 235 54 20 1798
824 233 35 22 års
873 233 54 22 kon-

176 269 129 28 kursstadga
322 269 69 21 finnes:
408 269 112 21 bestämdt.
550 267 32 22 På
600 268 62 21 dessa
679 268 47 21 skäl
744 267 64 22 hafva
825 267 76 29 tillägg
919 267 8 22 i

176 311 30 14 nu
220 303 92 22 nämnde
328 301 99 23 ändamål
441 302 69 22 blifvit
524 303 8 20 i
548 303 40 20 115
602 303 13 27 $
630 302 91 21 införde.

244 346 50 22 Med
316 346 114 27 anledning
448 345 24 22 af
488 346 56 21 hvad
565 345 104 22 utskottet
690 344 111 29 angående
821 344 106 29 ifrågava-

176 381 68 22 rande
265 380 79 28 nådiga
366 380 80 27 förslag
468 380 33 21 till
522 387 28 21 ny
568 379 171 28 konkursstädga
756 381 69 27 yttrat
843 379 40 22 och
902 379 25 22 de

177 415 167 27 anmärkningar
361 415 104 21 utskottet
482 415 47 21 haft
547 416 32 20 att
596 414 58 22 emot
673 414 118 22 detsamma
809 413 119 22 framställa

177 449 35 23 får
226 450 104 21 utskottet
343 448 109 22 vördsamt
467 448 79 22 föreslå

302 501 36 21 det
356 501 50 21 ville
426 500 82 21 landets
524 499 102 27 Ständer,
639 500 42 28 för
700 501 34 19 sin
752 500 41 26 del,
811 498 118 30 godkänna

245 534 93 22 nämnde
356 534 84 29 stadga,
458 534 48 21 med
523 534 25 21 de
567 534 25 29 af
611 534 104 21 utskottet
736 534 49 21 deri
800 534 128 28 föreslagne

240 569 175 29 förändringar,
430 570 10 19 i
454 568 86 21 hvilken
555 568 100 22 händelse
670 568 123 21 densamma
804 567 80 21 komme
896 570 33 18 att

247 603 85 21 erhålla
340 603 102 29 följande
458 602 90 29 lydelse:

277 706 200 33 Konkursstadga
493 706 38 26 för
548 705 227 27 Storfurstendömet
792 705 107 27 Finland.

529 774 79 22 Kap.
626 774 22 17 1.

387 820 32 21 Om
434 820 94 28 egendoms
543 820 107 22 afträdande
663 820 29 22 till
706 820 87 22 konkurs.

539 871 27 29 $$
581 871 58 21 1—4.

513 914 154 22 Oförändrade.

565 977 13 28 $
592 976 19 22 5.

305 1021 11 22 I
335 1021 65 28 öfrigt
418 1020 136 27 oförändrad,
573 1022 60 20 utom
654 1022 33 20 att
708 1027 75 15 senare
805 1020 82 22 hälften
908 1020 25 23 af

248 1055 70 29 tredje
332 1055 112 28 meningen
459 1055 67 21 skulle
540 1055 86 21 komma
640 1056 32 20 att
686 1055 59 27 lyda:

305 1111 29 3 —
347 1106 39 17 —;
401 1098 55 21 kalle
472 1097 76 22 honom
562 1097 82 21 Rätten
662 1098 52 21 eller
733 1097 149 29 ordföranden
896 1105 35 21 ge-

249 1139 50 14 nom
314 1132 132 29 kungörelse,
462 1139 45 14 som
520 1133 10 20 i
545 1132 111 21 allmänna
671 1132 140 28 tidningarne
827 1133 37 20 två
877 1133 54 27 gän-

248 1173 46 22 ger,
310 1167 63 28 högst
388 1167 48 20 ätta
450 1166 70 29 dagar
535 1167 89 20 emellan
643 1166 108 21 hvardera
768 1167 91 28 gängen,
873 1167 58 28 infö-

249 1208 38 14 ras
306 1200 62 27 skall,
384 1204 33 17 att
434 1201 60 21 inom
511 1201 43 21 viss
574 1201 38 25 tid,
628 1207 20 15 o.
662 1207 17 15 s.
694 1207 19 15 v.
728 1201 45 21 lika
790 1201 48 21 med
853 1207 78 21 propo-

250 1235 98 22 sitionen.

568 1279 12 28 8
596 1278 20 22 6.

307 1321 11 21 I
340 1321 65 28 öfrigt
426 1321 137 27 oförändrad,
586 1321 48 23 med
655 1322 111 28 undantag
787 1322 25 22 af
831 1330 64 15 mom.
914 1330 17 20 e,

251 1363 46 15 som
312 1354 92 23 erhäller
419 1356 69 21 denna
502 1356 88 28 lydelse:

308 1391 20 27 €)
344 1398 34 14 om
392 1391 108 28 gäldenär
515 1392 27 20 är
551 1391 42 29 för
609 1390 62 23 skuld
686 1391 80 29 bysatt;

532 1454 25 28 88
576 1452 76 24 7—10.

516 1496 154 23 Oförändrade.
