978 1734
251 144 71 25 Nädiga
333 146 137 22 Propositionen
483 147 33 17 N:o
530 147 27 17 27,
713 148 43 16 1433

31 209 64 29 jande
110 209 13 23 å
138 211 149 27 entreprenad,
301 211 65 23 hafva
381 211 119 23 Ständerne
515 212 18 28 ej
549 212 101 28 godkänt,
662 214 53 20 utan
727 220 52 14 anse

31 245 31 21 let
79 245 54 22 böra
148 245 23 22 få
185 246 114 22 ankomma
314 246 13 22 å
342 247 25 21 de
382 248 8 20 i
405 247 230 28 skjutsningsbesväret
650 247 129 28 deltagande

34 288 49 14 nom
98 280 74 28 hvarje
188 280 103 28 skjutslag
307 283 32 19 att
353 282 77 20 främst
445 282 81 27 afgöra,
543 290 33 13 om
592 282 40 21 och
643 282 8 20 i
662 282 56 21 hvad
729 282 50 22 mån

31 314 186 29 skjutshållningen
235 316 59 20 inom
312 316 127 27 skjutslaget
453 316 55 21 skall
523 315 12 22 å
550 316 142 27 entreprenad
707 316 72 28 utbju-

31 350 33 21 las
87 349 52 23 eller
157 350 52 26 icke,
225 350 118 29 hvarjemte
358 350 119 22 Ständerne
492 352 37 20 äro
545 351 24 21 af
583 350 40 21 den
638 350 93 28 mening,
747 352 33 20 att

32 383 186 30 skjutshållningen
241 385 39 22 bör
303 385 73 22 kunna
390 384 13 23 å
419 386 142 27 entreprenad
579 385 101 28 upplåtas
695 385 33 21 till
742 386 37 21 bo-

32 427 37 21 ag,
88 427 46 15 som
149 419 120 22 företrädes
285 420 23 21 af
321 420 114 27 ansvariga
449 427 108 21 personer,
574 420 108 21 äfvensom
698 422 33 19 att
745 421 35 20 vid

32 455 125 28 sästgifveri,
174 455 37 22 der
227 455 143 28 entreprenad
385 455 34 22 för
433 455 49 22 hela
497 455 192 28 skjutshällningen
704 455 18 28 ej
738 455 43 22 kan

33 489 175 28 ällvägabringas,
232 490 35 21 det
286 490 19 28 ej
322 490 40 21 bör
376 498 53 14 vara
445 491 38 21 den
501 490 34 22 del
549 491 24 20 af
586 490 132 29 skjutslaget,
735 497 45 15 som

33 524 70 22 sådant
125 525 85 26 önskar,
233 525 122 21 förmenadt
378 528 32 19 att
429 524 28 29 pä
472 525 67 28 dylikt
553 527 43 20 sätt
612 525 121 28 ombesörja
747 526 33 21 sin

33 559 252 28 ikjutsningsskyldighet.
307 560 11 21 I
333 559 53 28 följd
397 560 63 21 härat
471 561 64 20 hafva
547 560 126 26 Ständerne,
685 561 8 20 i
704 559 76 28 frågan

33 602 28 14 »m
75 594 93 21 nämnde
183 595 17 27 $,
216 595 85 21 förenat
313 595 31 27 sig
355 602 35 14 om
400 594 96 28 följande
507 595 79 28 lydelse
599 595 33 21 för
646 595 133 21 detsamma:

33 628 91 29 Skjuts-
140 629 39 21 och
194 629 259 30 gästyifverihällningen
468 631 35 20 mä
515 630 135 29 hädanefter,
664 637 33 13 om
703 630 78 29 flerta-

34 665 22 20 et
74 665 59 20 inom
149 663 128 30 skjutslaget
292 665 24 20 sä
333 665 112 26 ästundar,
461 665 9 20 i
485 665 40 20 den
541 665 94 28 ordning
651 665 12 27 $
682 663 13 22 7
710 665 70 28 säger,

34 698 95 29 itbjudas
142 699 23 21 åt
177 699 94 21 enskilde
280 706 105 21 personer
397 700 52 21 eller
461 699 70 29 bolag,
543 707 45 13 som
600 700 24 25 af
634 699 89 28 behörig
729 706 51 21 per-

34 741 31 14 1on
74 733 136 29 företrädes,
227 733 36 22 vid
280 734 96 28 ofentlig
388 734 90 21 auktion
490 735 38 20 och
543 737 51 18 emot
599 735 146 28 fullgörande
757 735 25 28 af

35 769 18 20 le
71 768 79 27 vilkor,
167 775 44 14 som
226 768 37 21 vid
278 768 116 21 auktionen
410 769 9 20 i
434 769 94 28 enlighet
543 769 47 20 med
606 769 69 20 denna
684 769 96 29 författ-

35 805 44 26 ving
93 803 133 21 bestämmas.
250 802 155 29 Entreprenad
417 803 42 21 kan
470 804 93 21 inrättas
575 804 36 28 för
625 807 30 18 ett
666 804 53 21 eller
725 804 54 28 flere

35 838 149 29 jästgifverier
199 839 9 20 i
223 838 134 29 skjutslaget,
376 845 47 14 men
442 839 38 21 der
499 839 78 21 sådant
591 839 45 20 sätt
645 838 42 29 för
703 838 77 29 skjuts-

35 875 82 27 vingens
134 873 165 28 handhafvande
315 874 19 28 ej
350 873 42 21 kan
408 873 165 26 åstadkommas,
590 873 56 22 skall
656 873 124 21 densamma

35 909 18 29 yf
70 908 25 22 de
114 908 231 29 skjutsningsskyldige
361 908 131 29 ombesörjas
506 915 76 22 genom
597 909 74 28 vanlig
686 908 94 30 gästgif-

36 945 54 25 eri,
106 943 56 21 håll-
177 943 38 21 och
230 942 140 30 reservskjuts
386 947 55 17 samt
451 944 86 28 frågan
553 950 33 14 om
601 944 179 28 entreprenaders

36 978 119 22 nrättande
173 978 30 29 på
221 978 62 21 dessa
301 978 156 30 gästgifverier
477 978 49 22 bero
546 978 45 22 tills
610 978 82 21 önskan
707 978 74 22 derom

36 1014 18 29 f
73 1014 73 28 någon
164 1014 35 21 del
218 1014 24 28 af
260 1014 126 29 skjutslaget
406 1014 37 21 hos
463 1012 139 23 Guvernören
618 1013 94 21 anmäles
728 1014 52 21 eller

36 1048 136 22 Tuvernören
194 1049 59 29 eljest
271 1049 96 29 pröfvar
390 1049 103 29 lämpligt
511 1052 33 18 att
563 1048 69 22 sådan
644 1048 73 30 fråga
733 1049 48 21 åter

37 1084 66 21 väcka.

99 1114 86 26 Önskar
207 1119 72 28 någon
297 1118 35 23 del
350 1119 25 29 af
392 1118 127 29 skjutslaget
537 1122 34 18 att
589 1118 37 22 vid
640 1118 141 29 gästgifveri,

37 1154 30 21 ler
79 1154 48 22 hela
140 1153 205 30 skjutshållningens
358 1154 147 29 öfverlåtande
518 1154 13 21 å
543 1154 144 28 entreprenad
698 1154 20 28 ej
730 1153 51 21 kun-

37 1193 36 22 rat,
89 1189 69 28 enligt
170 1189 180 28 nästföregående
361 1196 70 19 mom.,
444 1189 189 28 tillvägabringas,
646 1189 89 20 medelst
747 1195 34 14 en-

39 1224 108 27 reprenad
156 1223 103 28 fullgöra
274 1224 34 19 sin
319 1223 307 28 skjutshällningsskyldighet,
638 1229 52 14 vare
701 1223 80 20 sådant

40 1257 35 21 cke
85 1257 147 28 förmenadt."

99 1291 98 22 Emedan
215 1291 231 28 skjutsningsbesväret
460 1291 7 20 i
482 1298 27 14 en
523 1291 46 20 stor
584 1290 33 21 del
633 1289 24 22 af
668 1289 75 22 landet
757 1291 25 20 är

38 1326 85 22 yrdnadt
142 1326 53 21 efter
209 1325 99 28 tingslag,
323 1326 73 26 borde,
413 1325 66 28 enligt
494 1325 131 22 Ständernas
640 1323 63 29 åsigt,
719 1324 41 21 den
774 1325 8 20 i

39 1363 4 18 >
63 1361 11 26 8
93 1361 89 26 intagna
201 1361 167 26 bestämningen,
389 1362 32 19 att
439 1359 128 27 skjutslaget
585 1359 53 20 skall
656 1361 89 24 utgöras
761 1359 23 20 af

39 1394 87 25 väradet,
143 1393 78 22 ändras
235 1394 8 20 i
258 1393 37 21 det
309 1393 60 28 syfte,
382 1395 31 19 att
425 1392 191 27 skjutshällningen
627 1392 7 21 i
645 1392 92 21 berörde
748 1399 34 14 or-

41 1435 22 14 er
82 1427 62 22 äfven
159 1427 107 28 framgent
280 1427 35 21 må
330 1428 72 21 kunna
416 1427 135 27 tingslagsvis
567 1425 138 28 ombesörjas,
720 1427 62 20 hvar-

39 1470 31 15 108
89 1462 118 22 Ständerne
222 1469 51 15 anse
289 1462 36 21 det
339 1461 18 29 ej
374 1462 54 21 böra
441 1461 119 22 tillkomma
575 1460 139 22 Guvernören
729 1462 32 20 att
775 1461 7 21 i

39 1499 58 20 innat
111 1497 45 26 fall,
172 1498 28 20 än
214 1505 35 14 om
264 1497 27 21 de
305 1496 226 29 skjutsningsskyldige
543 1495 73 22 derom
626 1495 156 23 öfverenskom-
