1014 1717
297 150 71 23 Nådiga
380 151 137 21 Propositionen
530 150 35 18 N:o
578 152 29 16 34.
760 152 44 17 1655

139 216 35 27 12)
197 214 137 22 Krutkällare
355 216 56 20 samt
433 215 142 21 laboratorier
593 215 34 21 för
645 215 136 29 tillverkning
796 216 24 22 af

68 249 130 27 laddningar
219 250 41 20 och
282 251 111 25 patroner;
415 249 96 21 börande
529 249 62 21 dessa
610 249 138 28 ovilkorligen
765 257 53 15 vara

69 282 97 29 förlagde
180 282 29 28 på
224 283 99 27 behörigt
338 282 85 22 afstånd
437 282 48 22 från
500 282 112 22 städernas
625 283 63 21 linier
699 284 52 21 eller
761 284 7 20 i
780 284 38 21 all-

69 318 87 20 mänhet
171 316 49 22 från
233 316 138 28 boningshus.

414 371 11 27 8
442 373 33 19 31.

138 414 41 21 Till
200 414 26 21 de
244 414 7 20 i
269 414 93 21 kronans
381 414 40 21 hus
439 413 34 22 för
491 414 106 22 militären
615 413 103 29 upplåtne
737 415 81 21 lokaler

68 449 81 21 lemnas
164 448 95 22 hvarken
273 448 82 22 möbler
370 448 51 21 eller
436 448 67 22 andra
518 449 134 26 inventarier,
668 449 96 22 härifrån
778 450 39 21 lik-

69 482 35 23 väl
121 482 138 28 undantagne
278 482 117 28 högvakter
414 483 40 21 och
472 483 105 27 bagerier,
596 490 35 14 om
645 484 72 21 hvilka
731 484 87 28 stadgas

69 518 8 22 i
91 518 25 28 $$
132 519 26 20 29
175 518 40 21 och
231 519 33 24 30,
279 518 56 20 samt
350 517 135 27 manskapets
498 517 144 28 boningsrum,
654 526 46 14 som
711 518 54 22 böra
775 519 42 21 för-

69 559 34 15 ses
125 552 48 22 med
192 551 135 28 erforderligt
345 552 59 20 antal
422 552 112 27 väggfasta
552 552 51 21 eller
621 552 117 22 fristående
757 554 61 27 säng-

71 586 87 27 ställen;
173 594 49 13 men
236 586 122 21 madrasser
374 586 51 21 eller
441 588 65 20 annat
519 586 104 28 underlag
638 586 32 21 till
685 587 48 22 dem
747 586 36 23 må
797 588 24 21 af

71 623 94 25 truppen
180 620 114 22 anskaffas.

139 654 40 21 Till
194 654 73 28 hvarje
281 654 85 22 bebodd
381 654 176 28 kasernbyggnad
572 655 111 27 uppköpas
698 654 29 29 på
740 656 79 21 allmän

71 688 119 22 bekostnad
208 688 36 22 två
261 689 165 21 thermometrar
445 690 54 20 samt
518 689 93 28 verktyg,
631 689 133 22 skottkärror
779 690 40 22 och

70 730 39 21 rep
124 723 34 21 för
173 722 96 28 sågning,
284 724 110 26 huggning
409 724 40 20 och
463 723 98 28 släpning
576 723 25 22 af
612 724 45 26 ved,
673 724 72 22 hvilka
755 724 64 22 effek-

70 760 34 19 ter
119 758 93 21 derefter
226 758 54 21 böra
295 757 24 22 af
331 759 92 26 truppen
438 758 116 28 behörigen
567 757 144 23 underhållas.

415 822 11 27 s
443 822 32 20 32.

140 864 43 22 Vid
200 864 146 28 ingvartering
360 864 7 21 i
382 865 92 21 kronans
489 864 40 22 hus
544 864 81 22 erhålla
640 865 110 27 generaler
764 866 55 20 samt

71 899 69 22 stabs-
156 900 40 20 och
211 898 171 22 öfverofficerare
397 898 34 22 för
445 899 73 27 hvarje
529 898 79 22 månad
619 899 68 21 under
698 899 41 21 den
749 899 8 21 i
768 900 11 27 &
791 900 27 20 25

72 933 113 21 bestämda
199 933 147 21 vintertermin
360 933 39 21 ved
414 933 33 20 till
459 932 34 22 det
504 934 7 20 i
523 933 64 27 sagde
599 933 11 28 &
622 933 99 22 anvisade
733 934 85 27 belopp.

416 995 11 27 8
443 996 33 20 33.

140 1038 41 21 Till
200 1038 85 27 eldning
300 1038 24 21 af
337 1038 158 22 underbefälets
511 1038 40 22 och
565 1038 136 28 manskapets
719 1038 100 28 bonings-

73 1080 54 19 rum,
143 1072 109 22 äfvensom
266 1072 85 28 kyrkor,
367 1072 93 22 kanslier
475 1072 39 22 och
530 1072 68 22 andra
613 1073 135 26 embetsrum,
763 1073 56 21 lasa-

71 1108 74 25 retter,
168 1107 101 25 skolrum,
291 1106 124 22 verkstäder
437 1108 55 19 samt
509 1107 118 27 högvakter
645 1108 39 20 och
703 1109 116 20 arrestant-

71 1148 56 19 rum,
145 1140 8 22 i
171 1140 93 21 kronans
286 1146 55 21 egna
362 1140 46 26 hus,
427 1140 90 28 utgifves
535 1141 68 21 under
617 1141 174 21 vinterterminen
807 1142 11 28 3

72 1176 59 20 famn
149 1174 40 22 ved
208 1173 129 28 mänatligen
356 1174 34 21 för
404 1175 74 27 hvarje
493 1174 92 26 eldstad;
601 1175 101 22 skolande
717 1175 54 22 dock
786 1176 33 20 för

73 1210 151 21 lasaretternes
240 1208 95 27 sjukrum
351 1208 96 28 anslaget
461 1209 51 21 ökas
527 1208 48 22 med
589 1208 141 28 vedbeloppet
744 1209 34 21 för
793 1216 26 14 en

73 1242 79 22 mänad
167 1242 40 21 och
221 1241 84 22 säledes
321 1240 57 30 utgä,
394 1242 58 22 inom
466 1243 91 27 Kuopio,
572 1242 66 22 Wasa
649 1243 39 21 och
700 1242 119 28 Uleäborgs

72 1277 37 21 län
127 1276 49 22 frän
194 1276 41 21 den
251 1277 10 19 1
279 1276 124 27 September
421 1276 33 21 till
473 1276 40 22 den
530 1278 9 19 1
557 1276 56 26 Juni,
633 1276 39 22 och
687 1277 7 21 i
709 1276 26 22 de
750 1277 69 27 öfriga

73 1310 87 22 delarne
175 1310 24 21 af
211 1310 73 21 landet
298 1308 48 23 frän
361 1310 41 21 den
419 1311 24 20 15
460 1310 124 28 September
598 1310 33 21 till
646 1310 41 21 den
703 1311 24 20 15
743 1310 50 28 Maj.

140 1340 44 25 Äro
198 1344 82 21 lokaler
294 1344 35 20 för
344 1344 167 26 ofvanuppgifna
525 1344 100 21 ändamål
639 1344 25 21 af
672 1345 82 20 kronan
765 1352 53 20 upp-

72 1378 73 28 hyrde,
161 1377 63 28 utgär
238 1377 39 21 ved
293 1377 34 22 för
342 1377 117 22 desammas
475 1378 85 27 eldning
575 1378 33 20 till
623 1378 36 21 det
673 1378 85 27 belopp,
774 1385 45 15 som

71 1412 8 21 i
95 1413 11 27 &
122 1413 26 20 25
163 1412 34 21 för
211 1412 141 28 boningsrum
366 1412 7 20 i
388 1410 149 29 ständgvarter
551 1412 39 22 hos
605 1411 94 23 enskilde
709 1412 109 22 föreskrif-

73 1448 46 25 vits,
138 1446 65 22 likväl
220 1446 48 22 med
284 1447 41 21 den
339 1446 112 28 tillökning
465 1447 34 21 för
512 1447 151 22 lasaretternes
677 1446 96 28 sjukrum
788 1447 31 22 of-

73 1489 41 14 van
129 1483 24 19 är
168 1481 69 27 sagdt.
646 1494 5 5 a
704 1502 2 2 0;

719 1522 32 16 104
