1014 1714
324 127 72 22 Nådiga
407 127 136 22 Propositionen
554 129 34 18 N:o
601 129 27 17 34.
783 128 43 17 1681

114 190 43 28 6:0)
172 190 147 28 Tingsställen.

114 225 43 27 7:0)
173 224 83 22 Skatte-
272 226 39 21 och
325 225 157 26 kronobönder,
497 226 72 21 hvilka
583 224 13 22 å
610 226 46 21 sine
673 232 51 20 egor
742 224 108 28 upptäcka

142 258 57 22 vissa
213 260 97 21 metaller
324 267 28 13 m.
367 267 28 13 m.

115 293 43 27 8:0)
179 293 100 28 Biskops-
297 294 40 21 och
354 292 145 29 prestgårdar,
515 293 209 28 prebendehemman
742 294 55 20 samt
811 293 37 21 ka-

143 327 91 27 pellans-
250 328 39 22 och
303 328 144 26 klockarebol,
463 328 88 22 såframt
565 328 47 21 icke
627 327 90 22 allmänt
731 327 120 29 trängande

144 361 42 21 nöd
202 362 24 21 är
240 362 125 22 förhanden.

115 396 43 28 9:0)
174 396 118 23 Berustade
306 398 95 26 säterier,
418 397 70 23 derest
505 398 18 27 ej
539 397 8 20 i
561 398 58 21 länet
633 396 25 22 så
672 398 88 28 mycken
771 398 80 21 militär

144 431 96 22 kommer
254 434 32 19 att
300 431 40 27 stä,
356 434 32 19 att
402 431 29 28 på
445 433 62 21 hvart
521 432 45 21 helt
580 432 99 22 hemman
697 432 68 21 måste
783 432 67 28 inläg-

144 472 38 20 gas
198 473 26 13 en
238 466 53 26 karl,
307 473 46 14 som
368 466 39 21 der
422 467 48 21 med
485 467 32 21 sin
532 467 49 20 häst
595 466 137 22 underhållas
747 466 60 22 skall.

103 500 56 28 10:0)
175 500 178 26 Frälsehemman,
371 502 60 20 utom
445 500 35 21 vid
499 501 26 21 de
543 500 99 22 tillfällen
661 500 27 22 då
706 501 144 26 militärtrupp

144 534 115 22 bestående
277 534 24 21 af
317 534 65 21 minst
401 536 40 19 300
459 542 50 14 man
527 533 63 29 tågar
607 541 77 21 genom
705 534 74 22 landet
800 534 52 22 eller

144 569 104 27 proviant,
264 568 140 22 ammunition
419 569 40 21 och
473 568 120 22 beklädnad
608 568 33 22 till
655 569 93 25 arméen,
763 568 89 22 fästnin-

144 610 40 21 gar
203 603 40 21 och
264 602 121 28 magasiner
406 603 55 21 skall
482 602 121 27 framföras,
621 603 8 21 i
650 603 72 21 hvilka
739 603 114 22 händelser

144 638 192 21 frälsehemmanen
350 637 61 21 skola
425 637 32 21 till
471 637 81 21 hälften
567 639 57 19 emot
635 637 78 21 skatte-
725 638 40 20 och
775 638 77 22 krono-

144 672 100 21 hemman
258 672 31 20 uti
304 671 173 28 ingvarteringen
493 672 90 26 deltaga,
599 672 49 21 med
665 671 83 22 mindre
762 672 19 27 ej
800 672 52 28 hög-

145 708 34 19 sta
192 706 43 20 nöd
250 705 68 22 under
332 706 91 27 krigstid
438 705 39 21 full
489 705 110 27 jemlikhet
614 705 92 21 fordrar.

104 740 56 28 11:0)
180 739 226 22 Häradsnämndemän
425 740 7 20 i
450 739 89 21 fredstid
561 738 14 22 å
597 740 41 20 den
659 739 145 22 hemmansdel
827 740 26 22 de

145 774 75 27 sjelfva
241 773 92 22 förvalta
350 774 41 20 och
413 773 61 26 bebo,
493 772 87 29 sålänge
602 774 28 21 de
650 773 83 28 sysslan
754 773 98 27 förrätta,

146 815 48 15 men
212 808 84 21 infaller
313 808 47 27 krig
379 808 40 20 och
438 808 60 21 ofred
515 808 60 21 skola
594 808 26 21 de
638 808 32 21 uti
686 808 168 28 ingvarterings-

145 844 82 26 tungan
246 842 85 28 deltaga
349 842 100 21 eftersom
463 842 209 28 omständigheterna
686 841 96 28 påkalla;
798 844 56 20 samt

105 878 55 26 12:0)
179 876 141 22 Innehafvare
342 876 24 21 af
387 876 80 26 frälse-,
490 876 77 22 skatte-
590 876 40 22 och
652 876 165 22 kronohemman
841 876 13 22 å

146 911 71 21 hvilka
235 910 19 28 ej
273 910 90 22 allenast
385 910 44 21 alla
451 910 24 22 de
497 911 40 21 hus
555 910 7 21 i
581 909 137 29 mangården,
738 918 46 14 som
805 910 49 22 med

146 945 108 21 eldstäder
272 946 38 20 äro
327 945 107 25 försedda,
449 946 53 20 utan
520 945 39 21 ock
573 944 140 28 ladugården,
728 945 126 28 uppbyggas

146 980 25 21 af
183 979 56 27 tegel
254 980 52 21 eller
320 978 93 29 gråsten,
428 978 83 29 åtnjuta
527 980 26 20 50
569 978 36 22 års
619 978 65 22 frihet
698 980 35 20 för
747 980 107 26 ingvarte-

146 1014 58 27 ring,
222 1021 49 14 men
289 1014 75 21 endast
383 1014 26 20 25
429 1012 34 23 års
479 1013 111 22 enahanda
604 1013 65 21 frihet
685 1012 27 22 då
727 1013 75 21 endast
817 1020 37 14 an-

147 1049 73 26 tingen
238 1048 92 21 nämnde
350 1047 124 28 byggnader
492 1048 7 20 i
518 1046 131 28 mangården
672 1048 51 21 eller
745 1048 40 21 ock
806 1047 50 21 hela

146 1082 134 28 ladugården
294 1082 70 21 blifvit
378 1081 24 21 af
415 1083 46 20 sten
475 1082 99 27 uppförd.

172 1125 103 21 Befrielse
289 1123 49 23 från
352 1124 457 28 kronotransportskjutsningsskyldigheten
824 1122 31 23 åt-

105 1160 71 28 njuta:

149 1195 24 27 a)
185 1194 101 21 städerna
296 1193 48 22 med
356 1193 25 22 de
394 1193 105 22 derunder
509 1192 86 28 inlagde
607 1193 39 22 och
655 1192 84 29 afhyste
750 1193 106 22 hemman.

150 1228 23 29 bd)
189 1227 13 22 å
216 1229 82 20 landet:

108 1264 42 27 1:0)
165 1263 169 25 Frälsesäterier,
349 1261 132 28 ladugårdar
496 1263 55 20 samt
565 1259 34 23 rå-
615 1261 40 22 och
670 1261 154 22 rörshemman.

107 1298 43 27 2:0)
165 1295 155 29 Kungsgårdar
338 1297 40 20 och
396 1296 111 25 boställen,
525 1295 96 22 hörande
640 1295 32 21 till
690 1295 64 27 civil-,
773 1295 84 22 militie-

149 1331 41 21 och
205 1330 233 26 ecklesiastikstaterne,
454 1331 55 20 samt
523 1329 213 27 prebendehemman.

107 1365 43 27 3:0)
165 1363 118 22 Berustade
298 1364 95 21 säterier.

107 1399 43 28 4:0)
165 1398 157 21 Lotshemman.

109 1434 43 28 5:0)
167 1433 157 22 Posthemman.
