1000 1723
215 151 44 16 1346
413 148 71 23 Nådiga
496 149 138 22 Propositionen
645 149 36 16 N:o
693 149 28 16 27.

261 213 42 28 1:0)
321 212 31 22 all
368 213 8 20 i
394 212 82 21 mantal
494 214 43 20 satt
553 211 51 28 jord
619 211 24 22 af
654 211 57 22 hvad
725 213 64 20 natur
804 211 41 22 och
859 211 84 22 beskaf-

193 247 72 22 fenhet
279 246 41 22 den
334 253 52 15 vara
400 245 42 28 må,
457 246 55 22 dock
526 245 49 22 med
590 245 27 22 de
630 245 186 28 inskränkningar,
831 252 46 15 som
887 245 9 22 i
906 245 12 28 $
930 246 13 20 2

193 281 144 22 omförmälas.

261 315 43 28 2:0)
327 314 212 28 Stadgalägenheter,
561 314 123 28 skattlagda
705 314 98 28 utjordar
825 315 41 21 och
887 316 56 26 torp,

193 349 93 28 grufvor,
301 349 61 26 bruk,
378 349 100 26 fabriker,
495 347 69 29 sågar,
580 355 93 20 qvarnar
685 349 40 20 och
737 348 68 21 andra
819 348 125 22 industriela

192 383 144 28 inrättningar
353 382 29 28 pä
400 383 78 26 landet,
498 383 109 21 äfvensom
625 383 116 27 apotekare
761 383 40 21 och
815 382 128 27 handlande,

193 425 46 15 som
255 417 109 22 derstädes
378 417 51 22 idka
444 417 33 22 sin
491 417 83 28 näring.

546 484 11 27 8
573 485 19 19 2.

260 527 33 22 De
307 527 106 26 hemman,
428 527 71 21 hvilka
515 527 35 21 det
564 525 81 29 äligger
659 528 33 19 att
706 526 102 22 befordra
822 528 76 26 posten
913 526 31 22 öf-

193 568 37 15 ver
253 561 25 22 do
300 555 110 27 Äländska
431 561 111 28 sjöpassen
565 561 39 21 och
626 555 81 27 Ålands
729 561 44 26 haf,
795 561 80 21 befrias
896 560 48 22 från

193 595 240 28 skjutsningsbesvärets
454 595 125 28 utgörande,
603 594 87 29 sålänge
711 595 93 22 nämnde
825 595 119 28 posthefor-

195 629 61 28 dring
272 630 24 21 af
309 630 48 21 dem
372 629 136 28 ombesörjes.

261 663 57 22 Från
336 665 229 27 skjutsningsbesväret
583 664 89 27 fritagas
688 664 80 28 jemväl
790 664 26 21 de
837 664 106 27 hemman,

193 698 71 22 hvilka
278 699 35 21 vid
329 699 40 21 den
383 699 32 20 tid
431 698 26 22 då
473 699 69 22 denna
557 699 126 27 författning
701 699 73 21 träder
788 699 7 21 i
809 699 135 22 verksamhet

192 733 125 22 innehafvas
336 734 40 21 och
394 733 67 22 bebos
483 733 23 22 af
525 733 149 27 nämndemän,
693 732 88 29 sålänge
799 733 60 22 desse
877 733 67 22 sådan

193 768 68 28 syssla
275 768 123 22 handhafva
413 769 39 21 och
468 776 81 14 samma
563 768 124 28 lägenheter
701 768 85 21 besitta.

261 802 160 28 Kungsgårdar,
440 802 206 28 kungsladugårdar,
662 804 55 20 samt
735 802 112 27 boställen,
863 803 81 21 indelta

192 836 29 29 på
240 837 64 26 civil-,
322 837 84 21 militie-
425 837 40 21 och
483 837 211 26 ecklesiastikstaten,
713 837 72 21 hvilka
803 838 38 20 äro
863 836 29 29 på
910 844 34 14 ar-

192 871 66 22 rende
273 871 23 22 åt
311 871 93 22 enskilde
419 879 102 20 personer
539 871 103 28 upplåtne
660 871 52 22 eller
730 871 61 28 eljest
809 871 25 22 af
850 872 48 21 dem
912 872 32 21 in-

192 906 108 26 nehafvas,
316 906 60 21 skola
391 906 7 21 i
413 905 273 28 hållskjutsningsbesväret
704 906 85 28 deltaga
804 905 84 23 såsnart
904 907 40 21 den

192 940 124 22 nuvarande
328 940 149 22 arrendetiden
489 939 70 29 utgått
571 940 51 21 eller
633 940 163 22 innehafvarens
807 941 137 28 besittnings-

192 976 45 20 rätt
253 975 105 26 upphört;
376 982 49 13 men
443 975 38 21 der
496 974 67 22 sådan
581 975 100 27 lägenhet
695 975 68 22 finnes
777 975 33 21 till
824 975 66 28 något
905 975 39 22 all-

192 1010 59 20 mänt
269 1009 67 21 behof
353 1009 107 27 anslagen,
475 1009 55 22 skall
549 1009 277 28 skjutsningsskyldigheten
844 1010 34 21 för
893 1010 51 22 den-

193 1050 82 15 samma
291 1045 75 26 genast
379 1043 93 28 vidtaga.

547 1099 12 28 $
575 1100 18 19 3.

260 1141 43 20 För
321 1140 158 28 skjutsningens
497 1140 190 28 upprätthållande
705 1141 58 22 inom
778 1141 73 28 hvarje
867 1142 77 27 skjuts-

192 1174 36 27 lag
246 1181 103 14 ansvarar
368 1174 40 21 den
426 1175 7 20 i
451 1175 82 21 mantal
551 1177 55 19 satte
623 1170 92 32 jorden,
728 1175 45 22 med
795 1176 109 27 undantag
922 1176 25 21 af

192 1209 148 25 lotshemman,
362 1209 78 25 hvilka,
461 1209 67 28 jemte
550 1209 26 21 de
594 1209 7 21 i
620 1210 11 27 $
652 1211 9 19 1
682 1217 63 14 mom.
769 1211 12 19 2
803 1211 141 26 uppräknade

192 1243 226 27 skjutsningsskyldige
438 1243 70 22 dertill
526 1243 91 28 bidraga
634 1244 49 21 med
701 1244 126 27 penningar,
843 1251 45 15 som
902 1245 43 21 till-

191 1276 52 21 falla
265 1276 126 27 skjutslaget
415 1277 40 20 och
478 1276 60 21 skola
556 1277 33 20 till
607 1277 158 27 skjutsningens
786 1277 159 28 uppehållande

193 1310 51 21 eller
259 1310 112 20 lindrande
386 1309 24 21 af
423 1309 26 21 de
464 1310 134 27 skjutsandes
613 1311 77 21 besvär
705 1311 115 21 användas.

259 1345 115 26 Lägenhet,
390 1345 63 20 hvars
469 1345 80 21 mantal
564 1345 69 21 blifvit
651 1353 77 20 genom
745 1346 155 28 uppskattning
915 1347 29 21 el-

191 1379 31 22 ler
237 1379 128 28 förmedling
379 1378 132 28 förändradt,
528 1379 96 29 deltager
641 1380 7 21 i
666 1380 99 22 besväret
783 1381 54 22 efter
851 1381 37 22 sitt
903 1389 42 21 nya

191 1414 88 22 mantal.

258 1447 32 23 På
310 1448 36 22 det
363 1448 138 23 förenämnde
519 1450 168 28 penningeafgift
705 1449 36 23 må
759 1450 72 23 kunna
849 1451 7 21 i
871 1452 73 28 hvarje

191 1483 38 21 fall
247 1483 109 26 uträknas,
375 1484 40 20 och
434 1484 89 21 emedan
541 1485 103 21 mantalet
662 1486 65 27 utgör
745 1486 96 27 grunden
859 1486 34 21 för
908 1486 36 21 det
