<?xml version="1.0" encoding="UTF-8"?>
<alto xmlns="http://www.loc.gov/standards/alto/ns-v3#" xmlns:xlink="http://www.w3.org/1999/xlink" xmlns:xsi="http://www.w3.org/2001/XMLSchema-instance" xsi:schemaLocation="http://www.loc.gov/standards/alto/ns-v3# http://www.loc.gov/alto/v3/alto-3-0.xsd">
	<Description>
		<MeasurementUnit>pixel</MeasurementUnit>
		<sourceImageInformation>
			<fileName>/tmp/tess_xnzf2ffw_input.PNG</fileName>
		</sourceImageInformation>
		<OCRProcessing ID="OCR_0">
			<ocrProcessingStep>
				<processingSoftware>
					<softwareName>tesseract 5.3.4</softwareName>
				</processingSoftware>
			</ocrProcessingStep>
		</OCRProcessing>
	</Description>
	<Layout>
		<Page WIDTH="1017" HEIGHT="1725" PHYSICAL_IMG_NR="0" ID="page_0">
			<PrintSpace HPOS="0" VPOS="0" WIDTH="1017" HEIGHT="1725">
				<ComposedBlock ID="cblock_0" HPOS="197" VPOS="146" WIDTH="507" HEIGHT="24">
					<TextBlock ID="block_0" HPOS="197" VPOS="146" WIDTH="507" HEIGHT="24">
						<TextLine ID="line_0" HPOS="197" VPOS="146" WIDTH="507" HEIGHT="24">
							<String ID="string_0" HPOS="197" VPOS="147" WIDTH="45" HEIGHT="17" WC="0.96" CONTENT="1574"/><SP WIDTH="154" VPOS="147" HPOS="242"/>
							<String ID="string_1" HPOS="396" VPOS="146" WIDTH="72" HEIGHT="24" WC="0.91" CONTENT="Nädiga"/><SP WIDTH="10" VPOS="146" HPOS="468"/>
							<String ID="string_2" HPOS="478" VPOS="148" WIDTH="140" HEIGHT="22" WC="0.96" CONTENT="Propositionen"/><SP WIDTH="11" VPOS="148" HPOS="618"/>
							<String ID="string_3" HPOS="629" VPOS="148" WIDTH="35" HEIGHT="17" WC="0.96" CONTENT="N:o"/><SP WIDTH="12" VPOS="148" HPOS="664"/>
							<String ID="string_4" HPOS="676" VPOS="148" WIDTH="28" HEIGHT="18" WC="0.95" CONTENT="31."/>
						</TextLine>
					</TextBlock>
				</ComposedBlock>
				<ComposedBlock ID="cblock_1" HPOS="172" VPOS="210" WIDTH="757" HEIGHT="407">
					<TextBlock ID="block_1" HPOS="172" VPOS="210" WIDTH="754" HEIGHT="268">
						<TextLine ID="line_1" HPOS="174" VPOS="210" WIDTH="752" HEIGHT="30">
							<String ID="string_5" HPOS="174" VPOS="210" WIDTH="25" HEIGHT="22" WC="0.92" CONTENT="af"/><SP WIDTH="16" VPOS="210" HPOS="199"/>
							<String ID="string_6" HPOS="215" VPOS="211" WIDTH="130" HEIGHT="28" WC="0.92" CONTENT="gäldenären"/><SP WIDTH="15" VPOS="211" HPOS="345"/>
							<String ID="string_7" HPOS="360" VPOS="211" WIDTH="54" HEIGHT="23" WC="0.96" CONTENT="efter"/><SP WIDTH="16" VPOS="211" HPOS="414"/>
							<String ID="string_8" HPOS="430" VPOS="212" WIDTH="26" HEIGHT="22" WC="0.95" CONTENT="de"/><SP WIDTH="14" VPOS="212" HPOS="456"/>
							<String ID="string_9" HPOS="470" VPOS="212" WIDTH="8" HEIGHT="21" WC="0.93" CONTENT="i"/><SP WIDTH="14" VPOS="212" HPOS="478"/>
							<String ID="string_10" HPOS="492" VPOS="212" WIDTH="93" HEIGHT="28" WC="0.92" CONTENT="utslaget"/><SP WIDTH="15" VPOS="212" HPOS="585"/>
							<String ID="string_11" HPOS="600" VPOS="212" WIDTH="104" HEIGHT="28" WC="0.92" CONTENT="stadgade"/><SP WIDTH="14" VPOS="212" HPOS="704"/>
							<String ID="string_12" HPOS="718" VPOS="212" WIDTH="94" HEIGHT="28" WC="0.96" CONTENT="grunder"/><SP WIDTH="15" VPOS="212" HPOS="812"/>
							<String ID="string_13" HPOS="827" VPOS="211" WIDTH="49" HEIGHT="23" WC="0.93" CONTENT="med"/><SP WIDTH="16" VPOS="211" HPOS="876"/>
							<String ID="string_14" HPOS="892" VPOS="218" WIDTH="34" HEIGHT="15" WC="0.91" CONTENT="ar-"/>
						</TextLine>
						<TextLine ID="line_2" HPOS="173" VPOS="246" WIDTH="753" HEIGHT="29">
							<String ID="string_15" HPOS="173" VPOS="246" WIDTH="50" HEIGHT="22" WC="0.93" CONTENT="bete"/><SP WIDTH="18" VPOS="246" HPOS="223"/>
							<String ID="string_16" HPOS="241" VPOS="246" WIDTH="123" HEIGHT="28" WC="0.86" CONTENT="godtgöras."/><SP WIDTH="29" VPOS="246" HPOS="364"/>
							<String ID="string_17" HPOS="393" VPOS="246" WIDTH="88" HEIGHT="23" WC="0.86" CONTENT="Afviker"/><SP WIDTH="17" VPOS="246" HPOS="481"/>
							<String ID="string_18" HPOS="498" VPOS="247" WIDTH="44" HEIGHT="22" WC="0.96" CONTENT="han"/><SP WIDTH="20" VPOS="247" HPOS="542"/>
							<String ID="string_19" HPOS="562" VPOS="248" WIDTH="72" HEIGHT="27" WC="0.93" CONTENT="sedan,"/><SP WIDTH="16" VPOS="248" HPOS="634"/>
							<String ID="string_20" HPOS="650" VPOS="247" WIDTH="112" HEIGHT="22" WC="0.91" CONTENT="ankomme"/><SP WIDTH="14" VPOS="247" HPOS="762"/>
							<String ID="string_21" HPOS="776" VPOS="246" WIDTH="30" HEIGHT="29" WC="0.93" CONTENT="pä"/><SP WIDTH="14" VPOS="246" HPOS="806"/>
							<String ID="string_22" HPOS="820" VPOS="246" WIDTH="106" HEIGHT="29" WC="0.90" CONTENT="borgenä-"/>
						</TextLine>
						<TextLine ID="line_3" HPOS="173" VPOS="281" WIDTH="753" HEIGHT="29">
							<String ID="string_23" HPOS="173" VPOS="288" WIDTH="40" HEIGHT="15" WC="0.96" CONTENT="ren"/><SP WIDTH="21" VPOS="288" HPOS="213"/>
							<String ID="string_24" HPOS="234" VPOS="282" WIDTH="32" HEIGHT="20" WC="0.96" CONTENT="att"/><SP WIDTH="22" VPOS="282" HPOS="266"/>
							<String ID="string_25" HPOS="288" VPOS="281" WIDTH="79" HEIGHT="22" WC="0.95" CONTENT="honom"/><SP WIDTH="20" VPOS="281" HPOS="367"/>
							<String ID="string_26" HPOS="387" VPOS="282" WIDTH="125" HEIGHT="28" WC="0.93" CONTENT="ytterligare"/><SP WIDTH="22" VPOS="282" HPOS="512"/>
							<String ID="string_27" HPOS="534" VPOS="283" WIDTH="86" HEIGHT="21" WC="0.92" CONTENT="inställa"/><SP WIDTH="22" VPOS="283" HPOS="620"/>
							<String ID="string_28" HPOS="642" VPOS="281" WIDTH="51" HEIGHT="28" WC="0.92" CONTENT="läta,"/><SP WIDTH="20" VPOS="281" HPOS="693"/>
							<String ID="string_29" HPOS="713" VPOS="282" WIDTH="52" HEIGHT="21" WC="0.96" CONTENT="eller"/><SP WIDTH="18" VPOS="282" HPOS="765"/>
							<String ID="string_30" HPOS="783" VPOS="282" WIDTH="35" HEIGHT="22" WC="0.93" CONTENT="vid"/><SP WIDTH="18" VPOS="282" HPOS="818"/>
							<String ID="string_31" HPOS="836" VPOS="281" WIDTH="90" HEIGHT="28" WC="0.92" CONTENT="behörig"/>
						</TextLine>
						<TextLine ID="line_4" HPOS="174" VPOS="316" WIDTH="752" HEIGHT="27">
							<String ID="string_32" HPOS="174" VPOS="316" WIDTH="93" HEIGHT="22" WC="0.90" CONTENT="domstol"/><SP WIDTH="18" VPOS="316" HPOS="267"/>
							<String ID="string_33" HPOS="285" VPOS="316" WIDTH="34" HEIGHT="21" WC="0.96" CONTENT="för"/><SP WIDTH="18" VPOS="316" HPOS="319"/>
							<String ID="string_34" HPOS="337" VPOS="317" WIDTH="54" HEIGHT="21" WC="0.93" CONTENT="hans"/><SP WIDTH="15" VPOS="317" HPOS="391"/>
							<String ID="string_35" HPOS="406" VPOS="317" WIDTH="87" HEIGHT="22" WC="0.93" CONTENT="tredska"/><SP WIDTH="14" VPOS="317" HPOS="493"/>
							<String ID="string_36" HPOS="507" VPOS="317" WIDTH="84" HEIGHT="26" WC="0.92" CONTENT="tilltala,"/><SP WIDTH="15" VPOS="317" HPOS="591"/>
							<String ID="string_37" HPOS="606" VPOS="317" WIDTH="8" HEIGHT="21" WC="0.93" CONTENT="i"/><SP WIDTH="14" VPOS="317" HPOS="614"/>
							<String ID="string_38" HPOS="628" VPOS="317" WIDTH="81" HEIGHT="22" WC="0.93" CONTENT="hvilket"/><SP WIDTH="15" VPOS="317" HPOS="709"/>
							<String ID="string_39" HPOS="724" VPOS="317" WIDTH="90" HEIGHT="21" WC="0.93" CONTENT="sednare"/><SP WIDTH="15" VPOS="317" HPOS="814"/>
							<String ID="string_40" HPOS="829" VPOS="316" WIDTH="38" HEIGHT="22" WC="0.96" CONTENT="fall"/><SP WIDTH="15" VPOS="316" HPOS="867"/>
							<String ID="string_41" HPOS="882" VPOS="317" WIDTH="44" HEIGHT="21" WC="0.96" CONTENT="han"/>
						</TextLine>
						<TextLine ID="line_5" HPOS="174" VPOS="350" WIDTH="752" HEIGHT="29">
							<String ID="string_42" HPOS="174" VPOS="350" WIDTH="54" HEIGHT="23" WC="0.93" CONTENT="skall"/><SP WIDTH="16" VPOS="350" HPOS="228"/>
							<String ID="string_43" HPOS="244" VPOS="351" WIDTH="84" HEIGHT="21" WC="0.92" CONTENT="derföre"/><SP WIDTH="16" VPOS="351" HPOS="328"/>
							<String ID="string_44" HPOS="344" VPOS="351" WIDTH="95" HEIGHT="22" WC="0.92" CONTENT="dömmas"/><SP WIDTH="15" VPOS="351" HPOS="439"/>
							<String ID="string_45" HPOS="454" VPOS="351" WIDTH="33" HEIGHT="22" WC="0.93" CONTENT="till"/><SP WIDTH="15" VPOS="351" HPOS="487"/>
							<String ID="string_46" HPOS="502" VPOS="351" WIDTH="77" HEIGHT="22" WC="0.92" CONTENT="sädant"/><SP WIDTH="14" VPOS="351" HPOS="579"/>
							<String ID="string_47" HPOS="593" VPOS="359" WIDTH="84" HEIGHT="20" WC="0.92" CONTENT="ansvar,"/><SP WIDTH="16" VPOS="359" HPOS="677"/>
							<String ID="string_48" HPOS="693" VPOS="358" WIDTH="46" HEIGHT="15" WC="0.96" CONTENT="som"/><SP WIDTH="15" VPOS="358" HPOS="739"/>
							<String ID="string_49" HPOS="754" VPOS="352" WIDTH="7" HEIGHT="21" WC="0.92" CONTENT="i"/><SP WIDTH="11" VPOS="352" HPOS="761"/>
							<String ID="string_50" HPOS="772" VPOS="351" WIDTH="154" HEIGHT="22" WC="0.89" CONTENT="konkursstad-"/>
						</TextLine>
						<TextLine ID="line_6" HPOS="174" VPOS="385" WIDTH="752" HEIGHT="30">
							<String ID="string_51" HPOS="174" VPOS="393" WIDTH="42" HEIGHT="20" WC="0.93" CONTENT="gan"/><SP WIDTH="22" VPOS="393" HPOS="216"/>
							<String ID="string_52" HPOS="238" VPOS="385" WIDTH="35" HEIGHT="22" WC="0.93" CONTENT="för"/><SP WIDTH="21" VPOS="385" HPOS="273"/>
							<String ID="string_53" HPOS="294" VPOS="386" WIDTH="130" HEIGHT="22" WC="0.93" CONTENT="tredskande"/><SP WIDTH="22" VPOS="386" HPOS="424"/>
							<String ID="string_54" HPOS="446" VPOS="387" WIDTH="102" HEIGHT="28" WC="0.92" CONTENT="gäldenär"/><SP WIDTH="21" VPOS="387" HPOS="548"/>
							<String ID="string_55" HPOS="569" VPOS="389" WIDTH="69" HEIGHT="19" WC="0.92" CONTENT="utsatt"/><SP WIDTH="18" VPOS="389" HPOS="638"/>
							<String ID="string_56" HPOS="656" VPOS="388" WIDTH="30" HEIGHT="20" WC="0.93" CONTENT="är."/><SP WIDTH="31" VPOS="388" HPOS="686"/>
							<String ID="string_57" HPOS="717" VPOS="386" WIDTH="87" HEIGHT="22" WC="0.96" CONTENT="Samma"/><SP WIDTH="18" VPOS="386" HPOS="804"/>
							<String ID="string_58" HPOS="822" VPOS="386" WIDTH="36" HEIGHT="28" WC="0.93" CONTENT="lag"/><SP WIDTH="17" VPOS="386" HPOS="858"/>
							<String ID="string_59" HPOS="875" VPOS="393" WIDTH="51" HEIGHT="15" WC="0.92" CONTENT="vare"/>
						</TextLine>
						<TextLine ID="line_7" HPOS="174" VPOS="420" WIDTH="752" HEIGHT="29">
							<String ID="string_60" HPOS="174" VPOS="427" WIDTH="35" HEIGHT="15" WC="0.90" CONTENT="om"/><SP WIDTH="21" VPOS="427" HPOS="209"/>
							<String ID="string_61" HPOS="230" VPOS="420" WIDTH="104" HEIGHT="29" WC="0.90" CONTENT="gäldenär"/><SP WIDTH="18" VPOS="420" HPOS="334"/>
							<String ID="string_62" HPOS="352" VPOS="421" WIDTH="24" HEIGHT="21" WC="0.93" CONTENT="af"/><SP WIDTH="16" VPOS="421" HPOS="376"/>
							<String ID="string_63" HPOS="392" VPOS="421" WIDTH="76" HEIGHT="28" WC="0.89" CONTENT="illvilja"/><SP WIDTH="17" VPOS="421" HPOS="468"/>
							<String ID="string_64" HPOS="485" VPOS="420" WIDTH="136" HEIGHT="29" WC="0.93" CONTENT="uppsätligen"/><SP WIDTH="19" VPOS="420" HPOS="621"/>
							<String ID="string_65" HPOS="640" VPOS="421" WIDTH="80" HEIGHT="22" WC="0.93" CONTENT="förstör"/><SP WIDTH="19" VPOS="421" HPOS="720"/>
							<String ID="string_66" HPOS="739" VPOS="421" WIDTH="52" HEIGHT="21" WC="0.93" CONTENT="eller"/><SP WIDTH="15" VPOS="421" HPOS="791"/>
							<String ID="string_67" HPOS="806" VPOS="421" WIDTH="120" HEIGHT="22" WC="0.92" CONTENT="förderfvar"/>
						</TextLine>
						<TextLine ID="line_8" HPOS="172" VPOS="455" WIDTH="663" HEIGHT="23">
							<String ID="string_68" HPOS="172" VPOS="455" WIDTH="57" HEIGHT="23" WC="0.95" CONTENT="hvad"/><SP WIDTH="15" VPOS="455" HPOS="229"/>
							<String ID="string_69" HPOS="244" VPOS="456" WIDTH="79" HEIGHT="21" WC="0.95" CONTENT="honom"/><SP WIDTH="14" VPOS="456" HPOS="323"/>
							<String ID="string_70" HPOS="337" VPOS="455" WIDTH="35" HEIGHT="22" WC="0.93" CONTENT="för"/><SP WIDTH="14" VPOS="455" HPOS="372"/>
							<String ID="string_71" HPOS="386" VPOS="456" WIDTH="94" HEIGHT="22" WC="0.96" CONTENT="arbetets"/><SP WIDTH="14" VPOS="456" HPOS="480"/>
							<String ID="string_72" HPOS="494" VPOS="456" WIDTH="116" HEIGHT="21" WC="0.93" CONTENT="utförande"/><SP WIDTH="15" VPOS="456" HPOS="610"/>
							<String ID="string_73" HPOS="625" VPOS="456" WIDTH="121" HEIGHT="22" WC="0.91" CONTENT="anförtrodt"/><SP WIDTH="14" VPOS="456" HPOS="746"/>
							<String ID="string_74" HPOS="760" VPOS="456" WIDTH="75" HEIGHT="22" WC="0.96" CONTENT="blifvit."/>
						</TextLine>
					</TextBlock>
					<TextBlock ID="block_2" HPOS="172" VPOS="491" WIDTH="757" HEIGHT="126">
						<TextLine ID="line_9" HPOS="242" VPOS="491" WIDTH="684" HEIGHT="29">
							<String ID="string_75" HPOS="242" VPOS="491" WIDTH="72" HEIGHT="21" WC="0.96" CONTENT="Sätter"/><SP WIDTH="22" VPOS="491" HPOS="314"/>
							<String ID="string_76" HPOS="336" VPOS="491" WIDTH="32" HEIGHT="28" WC="0.93" CONTENT="sig"/><SP WIDTH="22" VPOS="491" HPOS="368"/>
							<String ID="string_77" HPOS="390" VPOS="491" WIDTH="157" HEIGHT="28" WC="0.91" CONTENT="arbetsskyldig"/><SP WIDTH="21" VPOS="491" HPOS="547"/>
							<String ID="string_78" HPOS="568" VPOS="491" WIDTH="104" HEIGHT="28" WC="0.92" CONTENT="gäldenär"/><SP WIDTH="18" VPOS="491" HPOS="672"/>
							<String ID="string_79" HPOS="690" VPOS="491" WIDTH="49" HEIGHT="22" WC="0.93" CONTENT="med"/><SP WIDTH="19" VPOS="491" HPOS="739"/>
							<String ID="string_80" HPOS="758" VPOS="491" WIDTH="106" HEIGHT="22" WC="0.90" CONTENT="ord-eller"/><SP WIDTH="15" VPOS="491" HPOS="864"/>
							<String ID="string_81" HPOS="879" VPOS="497" WIDTH="47" HEIGHT="23" WC="0.92" CONTENT="ger-"/>
						</TextLine>
						<TextLine ID="line_10" HPOS="173" VPOS="525" WIDTH="753" HEIGHT="28">
							<String ID="string_82" HPOS="173" VPOS="525" WIDTH="52" HEIGHT="28" WC="0.96" CONTENT="ning"/><SP WIDTH="14" VPOS="525" HPOS="225"/>
							<String ID="string_83" HPOS="239" VPOS="533" WIDTH="45" HEIGHT="20" WC="0.96" CONTENT="upp"/><SP WIDTH="16" VPOS="533" HPOS="284"/>
							<String ID="string_84" HPOS="300" VPOS="527" WIDTH="57" HEIGHT="20" WC="0.96" CONTENT="emot"/><SP WIDTH="15" VPOS="527" HPOS="357"/>
							<String ID="string_85" HPOS="372" VPOS="525" WIDTH="40" HEIGHT="22" WC="0.96" CONTENT="den"/><SP WIDTH="15" VPOS="525" HPOS="412"/>
							<String ID="string_86" HPOS="427" VPOS="526" WIDTH="39" HEIGHT="21" WC="0.95" CONTENT="hos"/><SP WIDTH="14" VPOS="526" HPOS="466"/>
							<String ID="string_87" HPOS="480" VPOS="525" WIDTH="86" HEIGHT="22" WC="0.96" CONTENT="hvilken"/><SP WIDTH="15" VPOS="525" HPOS="566"/>
							<String ID="string_88" HPOS="581" VPOS="525" WIDTH="83" HEIGHT="22" WC="0.96" CONTENT="arbetet"/><SP WIDTH="11" VPOS="525" HPOS="664"/>
							<String ID="string_89" HPOS="675" VPOS="525" WIDTH="113" HEIGHT="27" WC="0.96" CONTENT="förrättas;"/><SP WIDTH="12" VPOS="525" HPOS="788"/>
							<String ID="string_90" HPOS="800" VPOS="525" WIDTH="67" HEIGHT="22" WC="0.93" CONTENT="varde"/><SP WIDTH="11" VPOS="525" HPOS="867"/>
							<String ID="string_91" HPOS="878" VPOS="526" WIDTH="48" HEIGHT="21" WC="0.92" CONTENT="der-"/>
						</TextLine>
						<TextLine ID="line_11" HPOS="173" VPOS="559" WIDTH="756" HEIGHT="30">
							<String ID="string_92" HPOS="173" VPOS="560" WIDTH="47" HEIGHT="22" WC="0.96" CONTENT="före"/><SP WIDTH="18" VPOS="560" HPOS="220"/>
							<String ID="string_93" HPOS="238" VPOS="559" WIDTH="91" HEIGHT="23" WC="0.96" CONTENT="straffad"/><SP WIDTH="18" VPOS="559" HPOS="329"/>
							<String ID="string_94" HPOS="347" VPOS="559" WIDTH="66" HEIGHT="29" WC="0.96" CONTENT="enligt"/><SP WIDTH="17" VPOS="559" HPOS="413"/>
							<String ID="string_95" HPOS="430" VPOS="561" WIDTH="74" HEIGHT="27" WC="0.96" CONTENT="lagens"/><SP WIDTH="15" VPOS="561" HPOS="504"/>
							<String ID="string_96" HPOS="519" VPOS="560" WIDTH="133" HEIGHT="28" WC="0.96" CONTENT="stadganden"/><SP WIDTH="15" VPOS="560" HPOS="652"/>
							<String ID="string_97" HPOS="667" VPOS="567" WIDTH="35" HEIGHT="15" WC="0.93" CONTENT="om"/><SP WIDTH="14" VPOS="567" HPOS="702"/>
							<String ID="string_98" HPOS="716" VPOS="560" WIDTH="140" HEIGHT="29" WC="0.91" CONTENT="förgripelser"/><SP WIDTH="14" VPOS="560" HPOS="856"/>
							<String ID="string_99" HPOS="870" VPOS="562" WIDTH="59" HEIGHT="21" WC="0.96" CONTENT="emot"/>
						</TextLine>
						<TextLine ID="line_12" HPOS="172" VPOS="595" WIDTH="548" HEIGHT="22">
							<String ID="string_100" HPOS="172" VPOS="595" WIDTH="86" HEIGHT="22" WC="0.95" CONTENT="förman"/><SP WIDTH="15" VPOS="595" HPOS="258"/>
							<String ID="string_101" HPOS="273" VPOS="595" WIDTH="52" HEIGHT="22" WC="0.95" CONTENT="eller"/><SP WIDTH="15" VPOS="595" HPOS="325"/>
							<String ID="string_102" HPOS="340" VPOS="595" WIDTH="40" HEIGHT="21" WC="0.96" CONTENT="den"/><SP WIDTH="14" VPOS="595" HPOS="380"/>
							<String ID="string_103" HPOS="394" VPOS="595" WIDTH="8" HEIGHT="21" WC="0.93" CONTENT="i"/><SP WIDTH="14" VPOS="595" HPOS="402"/>
							<String ID="string_104" HPOS="416" VPOS="595" WIDTH="122" HEIGHT="22" WC="0.90" CONTENT="husbondes"/><SP WIDTH="16" VPOS="595" HPOS="538"/>
							<String ID="string_105" HPOS="554" VPOS="595" WIDTH="62" HEIGHT="22" WC="0.96" CONTENT="ställe"/><SP WIDTH="14" VPOS="595" HPOS="616"/>
							<String ID="string_106" HPOS="630" VPOS="597" WIDTH="44" HEIGHT="20" WC="0.95" CONTENT="satt"/><SP WIDTH="15" VPOS="597" HPOS="674"/>
							<String ID="string_107" HPOS="689" VPOS="596" WIDTH="31" HEIGHT="21" WC="0.96" CONTENT="är."/>
						</TextLine>
					</TextBlock>
				</ComposedBlock>
				<ComposedBlock ID="cblock_2" HPOS="172" VPOS="651" WIDTH="756" HEIGHT="382">
					<TextBlock ID="block_3" HPOS="172" VPOS="651" WIDTH="756" HEIGHT="382">
						<TextLine ID="line_13" HPOS="526" VPOS="651" WIDTH="48" HEIGHT="27">
							<String ID="string_108" HPOS="526" VPOS="651" WIDTH="12" HEIGHT="27" WC="0.89" CONTENT="8"/><SP WIDTH="16" VPOS="651" HPOS="538"/>
							<String ID="string_109" HPOS="554" VPOS="651" WIDTH="20" HEIGHT="20" WC="0.95" CONTENT="6."/>
						</TextLine>
						<TextLine ID="line_14" HPOS="241" VPOS="689" WIDTH="687" HEIGHT="33">
							<String ID="string_110" HPOS="241" VPOS="689" WIDTH="71" HEIGHT="27" WC="0.92" CONTENT="Äskar"/><SP WIDTH="13" VPOS="689" HPOS="312"/>
							<String ID="string_111" HPOS="325" VPOS="694" WIDTH="109" HEIGHT="27" WC="0.91" CONTENT="borgenär"/><SP WIDTH="14" VPOS="694" HPOS="434"/>
							<String ID="string_112" HPOS="448" VPOS="696" WIDTH="33" HEIGHT="19" WC="0.93" CONTENT="att"/><SP WIDTH="15" VPOS="696" HPOS="481"/>
							<String ID="string_113" HPOS="496" VPOS="694" WIDTH="103" HEIGHT="27" WC="0.91" CONTENT="gäldenär"/><SP WIDTH="14" VPOS="694" HPOS="599"/>
							<String ID="string_114" HPOS="613" VPOS="692" WIDTH="35" HEIGHT="23" WC="0.93" CONTENT="må"/><SP WIDTH="14" VPOS="692" HPOS="648"/>
							<String ID="string_115" HPOS="662" VPOS="694" WIDTH="97" HEIGHT="28" WC="0.92" CONTENT="bysättas"/><SP WIDTH="15" VPOS="694" HPOS="759"/>
							<String ID="string_116" HPOS="774" VPOS="694" WIDTH="34" HEIGHT="22" WC="0.96" CONTENT="för"/><SP WIDTH="12" VPOS="694" HPOS="808"/>
							<String ID="string_117" HPOS="820" VPOS="694" WIDTH="63" HEIGHT="22" WC="0.96" CONTENT="skuld"/><SP WIDTH="11" VPOS="694" HPOS="883"/>
							<String ID="string_118" HPOS="894" VPOS="695" WIDTH="34" HEIGHT="21" WC="0.95" CONTENT="till"/>
						</TextLine>
						<TextLine ID="line_15" HPOS="172" VPOS="728" WIDTH="754" HEIGHT="29">
							<String ID="string_119" HPOS="172" VPOS="728" WIDTH="65" HEIGHT="22" WC="0.93" CONTENT="hvars"/><SP WIDTH="23" VPOS="728" HPOS="237"/>
							<String ID="string_120" HPOS="260" VPOS="728" WIDTH="106" HEIGHT="29" WC="0.91" CONTENT="gäldande"/><SP WIDTH="21" VPOS="728" HPOS="366"/>
							<String ID="string_121" HPOS="387" VPOS="728" WIDTH="43" HEIGHT="21" WC="0.96" CONTENT="han"/><SP WIDTH="18" VPOS="728" HPOS="430"/>
							<String ID="string_122" HPOS="448" VPOS="728" WIDTH="36" HEIGHT="21" WC="0.93" CONTENT="vid"/><SP WIDTH="18" VPOS="728" HPOS="484"/>
							<String ID="string_123" HPOS="502" VPOS="728" WIDTH="120" HEIGHT="28" WC="0.91" CONTENT="utmätning"/><SP WIDTH="18" VPOS="728" HPOS="622"/>
							<String ID="string_124" HPOS="640" VPOS="729" WIDTH="80" HEIGHT="21" WC="0.96" CONTENT="funnits"/><SP WIDTH="20" VPOS="729" HPOS="720"/>
							<String ID="string_125" HPOS="740" VPOS="730" WIDTH="67" HEIGHT="21" WC="0.96" CONTENT="sakna"/><SP WIDTH="19" VPOS="730" HPOS="807"/>
							<String ID="string_126" HPOS="826" VPOS="728" WIDTH="100" HEIGHT="29" WC="0.96" CONTENT="tillgång;"/>
						</TextLine>
						<TextLine ID="line_16" HPOS="173" VPOS="762" WIDTH="753" HEIGHT="29">
							<String ID="string_127" HPOS="173" VPOS="762" WIDTH="36" HEIGHT="23" WC="0.93" CONTENT="må"/><SP WIDTH="12" VPOS="762" HPOS="209"/>
							<String ID="string_128" HPOS="221" VPOS="763" WIDTH="80" HEIGHT="28" WC="0.91" CONTENT="jemväl"/><SP WIDTH="15" VPOS="763" HPOS="301"/>
							<String ID="string_129" HPOS="316" VPOS="762" WIDTH="67" HEIGHT="23" WC="0.96" CONTENT="sådan"/><SP WIDTH="15" VPOS="762" HPOS="383"/>
							<String ID="string_130" HPOS="398" VPOS="763" WIDTH="60" HEIGHT="22" WC="0.96" CONTENT="talan"/><SP WIDTH="15" VPOS="763" HPOS="458"/>
							<String ID="string_131" HPOS="473" VPOS="763" WIDTH="39" HEIGHT="22" WC="0.96" CONTENT="hos"/><SP WIDTH="16" VPOS="763" HPOS="512"/>
							<String ID="string_132" HPOS="528" VPOS="763" WIDTH="138" HEIGHT="22" WC="0.96" CONTENT="Guvernören"/><SP WIDTH="16" VPOS="763" HPOS="666"/>
							<String ID="string_133" HPOS="682" VPOS="764" WIDTH="7" HEIGHT="21" WC="0.86" CONTENT="i"/><SP WIDTH="11" VPOS="764" HPOS="689"/>
							<String ID="string_134" HPOS="700" VPOS="764" WIDTH="58" HEIGHT="21" WC="0.86" CONTENT="länet"/><SP WIDTH="12" VPOS="764" HPOS="758"/>
							<String ID="string_135" HPOS="770" VPOS="763" WIDTH="97" HEIGHT="23" WC="0.95" CONTENT="anmälas"/><SP WIDTH="11" VPOS="763" HPOS="867"/>
							<String ID="string_136" HPOS="878" VPOS="765" WIDTH="48" HEIGHT="26" WC="0.96" CONTENT="och,"/>
						</TextLine>
						<TextLine ID="line_17" HPOS="173" VPOS="797" WIDTH="753" HEIGHT="30">
							<String ID="string_137" HPOS="173" VPOS="799" WIDTH="67" HEIGHT="21" WC="0.96" CONTENT="sedan"/><SP WIDTH="18" VPOS="799" HPOS="240"/>
							<String ID="string_138" HPOS="258" VPOS="799" WIDTH="130" HEIGHT="27" WC="0.93" CONTENT="gäldenären"/><SP WIDTH="18" VPOS="799" HPOS="388"/>
							<String ID="string_139" HPOS="406" VPOS="797" WIDTH="91" HEIGHT="22" WC="0.92" CONTENT="lemnats"/><SP WIDTH="18" VPOS="797" HPOS="497"/>
							<String ID="string_140" HPOS="515" VPOS="798" WIDTH="85" HEIGHT="22" WC="0.96" CONTENT="tillfälle"/><SP WIDTH="15" VPOS="798" HPOS="600"/>
							<String ID="string_141" HPOS="615" VPOS="799" WIDTH="33" HEIGHT="20" WC="0.93" CONTENT="att"/><SP WIDTH="15" VPOS="799" HPOS="648"/>
							<String ID="string_142" HPOS="663" VPOS="798" WIDTH="98" HEIGHT="22" WC="0.92" CONTENT="deröfver"/><SP WIDTH="15" VPOS="798" HPOS="761"/>
							<String ID="string_143" HPOS="776" VPOS="799" WIDTH="96" HEIGHT="22" WC="0.96" CONTENT="förklara"/><SP WIDTH="14" VPOS="799" HPOS="872"/>
							<String ID="string_144" HPOS="886" VPOS="799" WIDTH="40" HEIGHT="28" WC="0.96" CONTENT="sig,"/>
						</TextLine>
						<TextLine ID="line_18" HPOS="173" VPOS="833" WIDTH="753" HEIGHT="28">
							<String ID="string_145" HPOS="173" VPOS="833" WIDTH="25" HEIGHT="22" WC="0.96" CONTENT="af"/><SP WIDTH="16" VPOS="833" HPOS="198"/>
							<String ID="string_146" HPOS="214" VPOS="833" WIDTH="138" HEIGHT="22" WC="0.95" CONTENT="Guvernören"/><SP WIDTH="18" VPOS="833" HPOS="352"/>
							<String ID="string_147" HPOS="370" VPOS="839" WIDTH="77" HEIGHT="22" WC="0.95" CONTENT="genom"/><SP WIDTH="17" VPOS="839" HPOS="447"/>
							<String ID="string_148" HPOS="464" VPOS="833" WIDTH="72" HEIGHT="27" WC="0.92" CONTENT="utslag"/><SP WIDTH="18" VPOS="833" HPOS="536"/>
							<String ID="string_149" HPOS="554" VPOS="833" WIDTH="86" HEIGHT="28" WC="0.91" CONTENT="afgöras"/><SP WIDTH="20" VPOS="833" HPOS="640"/>
							<String ID="string_150" HPOS="660" VPOS="833" WIDTH="66" HEIGHT="28" WC="0.96" CONTENT="enligt"/><SP WIDTH="18" VPOS="833" HPOS="726"/>
							<String ID="string_151" HPOS="744" VPOS="833" WIDTH="26" HEIGHT="22" WC="0.96" CONTENT="de"/><SP WIDTH="16" VPOS="833" HPOS="770"/>
							<String ID="string_152" HPOS="786" VPOS="833" WIDTH="94" HEIGHT="28" WC="0.93" CONTENT="grunder"/><SP WIDTH="14" VPOS="833" HPOS="880"/>
							<String ID="string_153" HPOS="894" VPOS="833" WIDTH="32" HEIGHT="22" WC="0.92" CONTENT="of-"/>
						</TextLine>
						<TextLine ID="line_19" HPOS="172" VPOS="866" WIDTH="754" HEIGHT="30">
							<String ID="string_154" HPOS="172" VPOS="875" WIDTH="42" HEIGHT="14" WC="0.95" CONTENT="van"/><SP WIDTH="18" VPOS="875" HPOS="214"/>
							<String ID="string_155" HPOS="232" VPOS="867" WIDTH="106" HEIGHT="28" WC="0.95" CONTENT="stadgade"/><SP WIDTH="14" VPOS="867" HPOS="338"/>
							<String ID="string_156" HPOS="352" VPOS="866" WIDTH="75" HEIGHT="23" WC="0.93" CONTENT="finnas."/><SP WIDTH="30" VPOS="866" HPOS="427"/>
							<String ID="string_157" HPOS="457" VPOS="867" WIDTH="124" HEIGHT="22" WC="0.88" CONTENT="Förordnar"/><SP WIDTH="15" VPOS="867" HPOS="581"/>
							<String ID="string_158" HPOS="596" VPOS="867" WIDTH="138" HEIGHT="22" WC="0.96" CONTENT="Guvernören"/><SP WIDTH="15" VPOS="867" HPOS="734"/>
							<String ID="string_159" HPOS="749" VPOS="868" WIDTH="34" HEIGHT="21" WC="0.93" CONTENT="till"/><SP WIDTH="15" VPOS="868" HPOS="783"/>
							<String ID="string_160" HPOS="798" VPOS="868" WIDTH="128" HEIGHT="28" WC="0.91" CONTENT="bysättande"/>
						</TextLine>
						<TextLine ID="line_20" HPOS="173" VPOS="901" WIDTH="753" HEIGHT="28">
							<String ID="string_161" HPOS="173" VPOS="902" WIDTH="25" HEIGHT="22" WC="0.91" CONTENT="af"/><SP WIDTH="20" VPOS="902" HPOS="198"/>
							<String ID="string_162" HPOS="218" VPOS="901" WIDTH="109" HEIGHT="28" WC="0.91" CONTENT="gäldenär,"/><SP WIDTH="23" VPOS="901" HPOS="327"/>
							<String ID="string_163" HPOS="350" VPOS="909" WIDTH="47" HEIGHT="14" WC="0.96" CONTENT="som"/><SP WIDTH="22" VPOS="909" HPOS="397"/>
							<String ID="string_164" HPOS="419" VPOS="902" WIDTH="25" HEIGHT="20" WC="0.92" CONTENT="är"/><SP WIDTH="14" VPOS="902" HPOS="444"/>
							<String ID="string_165" HPOS="458" VPOS="901" WIDTH="8" HEIGHT="21" WC="0.95" CONTENT="i"/><SP WIDTH="15" VPOS="901" HPOS="466"/>
							<String ID="string_166" HPOS="481" VPOS="903" WIDTH="81" HEIGHT="20" WC="0.96" CONTENT="statens"/><SP WIDTH="19" VPOS="903" HPOS="562"/>
							<String ID="string_167" HPOS="581" VPOS="902" WIDTH="51" HEIGHT="21" WC="0.95" CONTENT="eller"/><SP WIDTH="19" VPOS="902" HPOS="632"/>
							<String ID="string_168" HPOS="651" VPOS="901" WIDTH="71" HEIGHT="28" WC="0.93" CONTENT="någon"/><SP WIDTH="18" VPOS="901" HPOS="722"/>
							<String ID="string_169" HPOS="740" VPOS="903" WIDTH="119" HEIGHT="26" WC="0.92" CONTENT="menighets"/><SP WIDTH="16" VPOS="903" HPOS="859"/>
							<String ID="string_170" HPOS="875" VPOS="902" WIDTH="51" HEIGHT="22" WC="0.96" CONTENT="eller"/>
						</TextLine>
						<TextLine ID="line_21" HPOS="173" VPOS="935" WIDTH="753" HEIGHT="30">
							<String ID="string_171" HPOS="173" VPOS="936" WIDTH="96" HEIGHT="27" WC="0.93" CONTENT="offentlig"/><SP WIDTH="17" VPOS="936" HPOS="269"/>
							<String ID="string_172" HPOS="286" VPOS="936" WIDTH="130" HEIGHT="27" WC="0.90" CONTENT="inrättnings"/><SP WIDTH="18" VPOS="936" HPOS="416"/>
							<String ID="string_173" HPOS="434" VPOS="935" WIDTH="72" HEIGHT="28" WC="0.91" CONTENT="tjenst,"/><SP WIDTH="19" VPOS="935" HPOS="506"/>
							<String ID="string_174" HPOS="525" VPOS="936" WIDTH="65" HEIGHT="21" WC="0.93" CONTENT="varde"/><SP WIDTH="15" VPOS="936" HPOS="590"/>
							<String ID="string_175" HPOS="605" VPOS="936" WIDTH="85" HEIGHT="21" WC="0.91" CONTENT="afskrift"/><SP WIDTH="15" VPOS="936" HPOS="690"/>
							<String ID="string_176" HPOS="705" VPOS="936" WIDTH="25" HEIGHT="21" WC="0.95" CONTENT="af"/><SP WIDTH="11" VPOS="936" HPOS="730"/>
							<String ID="string_177" HPOS="741" VPOS="937" WIDTH="93" HEIGHT="27" WC="0.96" CONTENT="utslaget"/><SP WIDTH="15" VPOS="937" HPOS="834"/>
							<String ID="string_178" HPOS="849" VPOS="943" WIDTH="77" HEIGHT="22" WC="0.96" CONTENT="genom"/>
						</TextLine>
						<TextLine ID="line_22" HPOS="173" VPOS="970" WIDTH="754" HEIGHT="28">
							<String ID="string_179" HPOS="173" VPOS="971" WIDTH="150" HEIGHT="21" WC="0.91" CONTENT="Guvernörens"/><SP WIDTH="18" VPOS="971" HPOS="323"/>
							<String ID="string_180" HPOS="341" VPOS="970" WIDTH="85" HEIGHT="28" WC="0.96" CONTENT="försorg"/><SP WIDTH="19" VPOS="970" HPOS="426"/>
							<String ID="string_181" HPOS="445" VPOS="972" WIDTH="75" HEIGHT="25" WC="0.96" CONTENT="genast"/><SP WIDTH="20" VPOS="972" HPOS="520"/>
							<String ID="string_182" HPOS="540" VPOS="970" WIDTH="112" HEIGHT="22" WC="0.95" CONTENT="meddelad"/><SP WIDTH="19" VPOS="970" HPOS="652"/>
							<String ID="string_183" HPOS="671" VPOS="970" WIDTH="41" HEIGHT="21" WC="0.93" CONTENT="den"/><SP WIDTH="15" VPOS="970" HPOS="712"/>
							<String ID="string_184" HPOS="727" VPOS="971" WIDTH="133" HEIGHT="22" WC="0.92" CONTENT="embetsman"/><SP WIDTH="14" VPOS="971" HPOS="860"/>
							<String ID="string_185" HPOS="874" VPOS="971" WIDTH="53" HEIGHT="22" WC="0.92" CONTENT="eller"/>
						</TextLine>
						<TextLine ID="line_23" HPOS="173" VPOS="1004" WIDTH="532" HEIGHT="29">
							<String ID="string_186" HPOS="173" VPOS="1005" WIDTH="125" HEIGHT="28" WC="0.96" CONTENT="myndighet"/><SP WIDTH="13" VPOS="1005" HPOS="298"/>
							<String ID="string_187" HPOS="311" VPOS="1004" WIDTH="69" HEIGHT="23" WC="0.96" CONTENT="under"/><SP WIDTH="14" VPOS="1004" HPOS="380"/>
							<String ID="string_188" HPOS="394" VPOS="1005" WIDTH="86" HEIGHT="22" WC="0.96" CONTENT="hvilken"/><SP WIDTH="14" VPOS="1005" HPOS="480"/>
							<String ID="string_189" HPOS="494" VPOS="1005" WIDTH="130" HEIGHT="27" WC="0.96" CONTENT="gäldenären"/><SP WIDTH="15" VPOS="1005" HPOS="624"/>
							<String ID="string_190" HPOS="639" VPOS="1005" WIDTH="66" HEIGHT="28" WC="0.96" CONTENT="lyder."/>
						</TextLine>
					</TextBlock>
				</ComposedBlock>
				<ComposedBlock ID="cblock_3" HPOS="171" VPOS="1061" WIDTH="757" HEIGHT="462">
					<TextBlock ID="block_4" HPOS="525" VPOS="1061" WIDTH="47" HEIGHT="27">
						<TextLine ID="line_24" HPOS="525" VPOS="1061" WIDTH="47" HEIGHT="27">
							<String ID="string_191" HPOS="525" VPOS="1061" WIDTH="47" HEIGHT="27" WC="0.68" CONTENT="87."/>
						</TextLine>
					</TextBlock>
					<TextBlock ID="block_5" HPOS="172" VPOS="1102" WIDTH="755" HEIGHT="161">
						<TextLine ID="line_25" HPOS="241" VPOS="1102" WIDTH="685" HEIGHT="31">
							<String ID="string_192" HPOS="241" VPOS="1103" WIDTH="47" HEIGHT="22" WC="0.96" CONTENT="Den"/><SP WIDTH="18" VPOS="1103" HPOS="288"/>
							<String ID="string_193" HPOS="306" VPOS="1110" WIDTH="46" HEIGHT="14" WC="0.96" CONTENT="som"/><SP WIDTH="18" VPOS="1110" HPOS="352"/>
							<String ID="string_194" HPOS="370" VPOS="1103" WIDTH="35" HEIGHT="21" WC="0.93" CONTENT="för"/><SP WIDTH="18" VPOS="1103" HPOS="405"/>
							<String ID="string_195" HPOS="423" VPOS="1103" WIDTH="51" HEIGHT="28" WC="0.93" CONTENT="gäld"/><SP WIDTH="14" VPOS="1103" HPOS="474"/>
							<String ID="string_196" HPOS="488" VPOS="1103" WIDTH="95" HEIGHT="27" WC="0.86" CONTENT="bysättes"/><SP WIDTH="15" VPOS="1103" HPOS="583"/>
							<String ID="string_197" HPOS="598" VPOS="1102" WIDTH="35" HEIGHT="22" WC="0.93" CONTENT="mä"/><SP WIDTH="15" VPOS="1102" HPOS="633"/>
							<String ID="string_198" HPOS="648" VPOS="1103" WIDTH="18" HEIGHT="28" WC="0.96" CONTENT="ej"/><SP WIDTH="16" VPOS="1103" HPOS="666"/>
							<String ID="string_199" HPOS="682" VPOS="1103" WIDTH="104" HEIGHT="28" WC="0.95" CONTENT="beläggas"/><SP WIDTH="14" VPOS="1103" HPOS="786"/>
							<String ID="string_200" HPOS="800" VPOS="1104" WIDTH="49" HEIGHT="21" WC="0.93" CONTENT="med"/><SP WIDTH="15" VPOS="1104" HPOS="849"/>
							<String ID="string_201" HPOS="864" VPOS="1104" WIDTH="62" HEIGHT="29" WC="0.92" CONTENT="fäng-"/>
						</TextLine>
						<TextLine ID="line_26" HPOS="173" VPOS="1136" WIDTH="753" HEIGHT="30">
							<String ID="string_202" HPOS="173" VPOS="1138" WIDTH="37" HEIGHT="26" WC="0.96" CONTENT="sel,"/><SP WIDTH="20" VPOS="1138" HPOS="210"/>
							<String ID="string_203" HPOS="230" VPOS="1137" WIDTH="24" HEIGHT="23" WC="0.93" CONTENT="sä"/><SP WIDTH="18" VPOS="1137" HPOS="254"/>
							<String ID="string_204" HPOS="272" VPOS="1137" WIDTH="66" HEIGHT="21" WC="0.91" CONTENT="framt"/><SP WIDTH="17" VPOS="1137" HPOS="338"/>
							<String ID="string_205" HPOS="355" VPOS="1137" WIDTH="45" HEIGHT="21" WC="0.91" CONTENT="han"/><SP WIDTH="18" VPOS="1137" HPOS="400"/>
							<String ID="string_206" HPOS="418" VPOS="1137" WIDTH="19" HEIGHT="28" WC="0.96" CONTENT="ej"/><SP WIDTH="19" VPOS="1137" HPOS="437"/>
							<String ID="string_207" HPOS="456" VPOS="1137" WIDTH="49" HEIGHT="22" WC="0.92" CONTENT="med"/><SP WIDTH="18" VPOS="1137" HPOS="505"/>
							<String ID="string_208" HPOS="523" VPOS="1136" WIDTH="49" HEIGHT="23" WC="0.96" CONTENT="våld"/><SP WIDTH="15" VPOS="1136" HPOS="572"/>
							<String ID="string_209" HPOS="587" VPOS="1139" WIDTH="67" HEIGHT="20" WC="0.96" CONTENT="sätter"/><SP WIDTH="15" VPOS="1139" HPOS="654"/>
							<String ID="string_210" HPOS="669" VPOS="1138" WIDTH="33" HEIGHT="28" WC="0.97" CONTENT="sig"/><SP WIDTH="14" VPOS="1138" HPOS="702"/>
							<String ID="string_211" HPOS="716" VPOS="1145" WIDTH="44" HEIGHT="21" WC="0.96" CONTENT="upp"/><SP WIDTH="16" VPOS="1145" HPOS="760"/>
							<String ID="string_212" HPOS="776" VPOS="1140" WIDTH="57" HEIGHT="20" WC="0.93" CONTENT="emot"/><SP WIDTH="14" VPOS="1140" HPOS="833"/>
							<String ID="string_213" HPOS="847" VPOS="1139" WIDTH="79" HEIGHT="21" WC="0.78" CONTENT="bevak-"/>
						</TextLine>
						<TextLine ID="line_27" HPOS="172" VPOS="1171" WIDTH="755" HEIGHT="29">
							<String ID="string_214" HPOS="172" VPOS="1173" WIDTH="86" HEIGHT="27" WC="0.92" CONTENT="ningen."/><SP WIDTH="29" VPOS="1173" HPOS="258"/>
							<String ID="string_215" HPOS="287" VPOS="1172" WIDTH="27" HEIGHT="28" WC="0.91" CONTENT="Ej"/><SP WIDTH="16" VPOS="1172" HPOS="314"/>
							<String ID="string_216" HPOS="330" VPOS="1172" WIDTH="66" HEIGHT="21" WC="0.96" CONTENT="heller"/><SP WIDTH="15" VPOS="1172" HPOS="396"/>
							<String ID="string_217" HPOS="411" VPOS="1171" WIDTH="35" HEIGHT="22" WC="0.96" CONTENT="mä"/><SP WIDTH="15" VPOS="1171" HPOS="446"/>
							<String ID="string_218" HPOS="461" VPOS="1172" WIDTH="43" HEIGHT="21" WC="0.96" CONTENT="han"/><SP WIDTH="14" VPOS="1172" HPOS="504"/>
							<String ID="string_219" HPOS="518" VPOS="1172" WIDTH="8" HEIGHT="20" WC="0.93" CONTENT="i"/><SP WIDTH="14" VPOS="1172" HPOS="526"/>
							<String ID="string_220" HPOS="540" VPOS="1172" WIDTH="78" HEIGHT="27" WC="0.92" CONTENT="nesligt"/><SP WIDTH="14" VPOS="1172" HPOS="618"/>
							<String ID="string_221" HPOS="632" VPOS="1172" WIDTH="96" HEIGHT="28" WC="0.93" CONTENT="fängelse"/><SP WIDTH="15" VPOS="1172" HPOS="728"/>
							<String ID="string_222" HPOS="743" VPOS="1171" WIDTH="69" HEIGHT="23" WC="0.93" CONTENT="hällas"/><SP WIDTH="16" VPOS="1171" HPOS="812"/>
							<String ID="string_223" HPOS="828" VPOS="1173" WIDTH="52" HEIGHT="21" WC="0.96" CONTENT="eller"/><SP WIDTH="15" VPOS="1173" HPOS="880"/>
							<String ID="string_224" HPOS="895" VPOS="1174" WIDTH="32" HEIGHT="21" WC="0.96" CONTENT="dit"/>
						</TextLine>
						<TextLine ID="line_28" HPOS="172" VPOS="1203" WIDTH="754" HEIGHT="30">
							<String ID="string_225" HPOS="172" VPOS="1207" WIDTH="60" HEIGHT="21" WC="0.92" CONTENT="föras"/><SP WIDTH="22" VPOS="1207" HPOS="232"/>
							<String ID="string_226" HPOS="254" VPOS="1206" WIDTH="52" HEIGHT="22" WC="0.92" CONTENT="eller"/><SP WIDTH="22" VPOS="1206" HPOS="306"/>
							<String ID="string_227" HPOS="328" VPOS="1206" WIDTH="38" HEIGHT="21" WC="0.93" CONTENT="der"/><SP WIDTH="20" VPOS="1206" HPOS="366"/>
							<String ID="string_228" HPOS="386" VPOS="1206" WIDTH="118" HEIGHT="22" WC="0.91" CONTENT="inneslutas"/><SP WIDTH="21" VPOS="1206" HPOS="504"/>
							<String ID="string_229" HPOS="525" VPOS="1203" WIDTH="142" HEIGHT="25" WC="0.96" CONTENT="tillsammans"/><SP WIDTH="22" VPOS="1203" HPOS="667"/>
							<String ID="string_230" HPOS="689" VPOS="1207" WIDTH="49" HEIGHT="21" WC="0.96" CONTENT="med"/><SP WIDTH="19" VPOS="1207" HPOS="738"/>
							<String ID="string_231" HPOS="757" VPOS="1207" WIDTH="55" HEIGHT="26" WC="0.96" CONTENT="dem,"/><SP WIDTH="18" VPOS="1207" HPOS="812"/>
							<String ID="string_232" HPOS="830" VPOS="1214" WIDTH="47" HEIGHT="14" WC="0.96" CONTENT="som"/><SP WIDTH="15" VPOS="1214" HPOS="877"/>
							<String ID="string_233" HPOS="892" VPOS="1207" WIDTH="34" HEIGHT="22" WC="0.96" CONTENT="för"/>
						</TextLine>
						<TextLine ID="line_29" HPOS="172" VPOS="1240" WIDTH="227" HEIGHT="23">
							<String ID="string_234" HPOS="172" VPOS="1242" WIDTH="60" HEIGHT="21" WC="0.93" CONTENT="brott"/><SP WIDTH="14" VPOS="1242" HPOS="232"/>
							<String ID="string_235" HPOS="246" VPOS="1240" WIDTH="94" HEIGHT="22" WC="0.90" CONTENT="häktade"/><SP WIDTH="14" VPOS="1240" HPOS="340"/>
							<String ID="string_236" HPOS="354" VPOS="1242" WIDTH="45" HEIGHT="20" WC="0.93" CONTENT="äro."/>
						</TextLine>
					</TextBlock>
					<TextBlock ID="block_6" HPOS="524" VPOS="1278" WIDTH="47" HEIGHT="27">
						<TextLine ID="line_30" HPOS="524" VPOS="1278" WIDTH="47" HEIGHT="27">
							<String ID="string_237" HPOS="524" VPOS="1278" WIDTH="47" HEIGHT="27" WC="0.70" CONTENT="88."/>
						</TextLine>
					</TextBlock>
					<TextBlock ID="block_7" HPOS="171" VPOS="1319" WIDTH="757" HEIGHT="204">
						<TextLine ID="line_31" HPOS="240" VPOS="1319" WIDTH="685" HEIGHT="31">
							<String ID="string_238" HPOS="240" VPOS="1320" WIDTH="43" HEIGHT="22" WC="0.93" CONTENT="För"/><SP WIDTH="17" VPOS="1320" HPOS="283"/>
							<String ID="string_239" HPOS="300" VPOS="1319" WIDTH="75" HEIGHT="29" WC="0.90" CONTENT="hvarje"/><SP WIDTH="15" VPOS="1319" HPOS="375"/>
							<String ID="string_240" HPOS="390" VPOS="1319" WIDTH="42" HEIGHT="29" WC="0.93" CONTENT="dag"/><SP WIDTH="16" VPOS="1319" HPOS="432"/>
							<String ID="string_241" HPOS="448" VPOS="1320" WIDTH="102" HEIGHT="29" WC="0.93" CONTENT="gäldenär"/><SP WIDTH="15" VPOS="1320" HPOS="550"/>
							<String ID="string_242" HPOS="565" VPOS="1319" WIDTH="68" HEIGHT="23" WC="0.92" CONTENT="hälles"/><SP WIDTH="14" VPOS="1319" HPOS="633"/>
							<String ID="string_243" HPOS="647" VPOS="1320" WIDTH="78" HEIGHT="29" WC="0.92" CONTENT="bysatt,"/><SP WIDTH="15" VPOS="1320" HPOS="725"/>
							<String ID="string_244" HPOS="740" VPOS="1328" WIDTH="51" HEIGHT="15" WC="0.93" CONTENT="vare"/><SP WIDTH="15" VPOS="1328" HPOS="791"/>
							<String ID="string_245" HPOS="806" VPOS="1321" WIDTH="32" HEIGHT="28" WC="0.93" CONTENT="sig"/><SP WIDTH="15" VPOS="1321" HPOS="838"/>
							<String ID="string_246" HPOS="853" VPOS="1321" WIDTH="72" HEIGHT="29" WC="0.93" CONTENT="helge-"/>
						</TextLine>
						<TextLine ID="line_32" HPOS="172" VPOS="1354" WIDTH="753" HEIGHT="31">
							<String ID="string_247" HPOS="172" VPOS="1355" WIDTH="52" HEIGHT="22" WC="0.91" CONTENT="eller"/><SP WIDTH="22" VPOS="1355" HPOS="224"/>
							<String ID="string_248" HPOS="246" VPOS="1355" WIDTH="128" HEIGHT="28" WC="0.91" CONTENT="söcknedag,"/><SP WIDTH="23" VPOS="1355" HPOS="374"/>
							<String ID="string_249" HPOS="397" VPOS="1355" WIDTH="55" HEIGHT="22" WC="0.95" CONTENT="skall"/><SP WIDTH="21" VPOS="1355" HPOS="452"/>
							<String ID="string_250" HPOS="473" VPOS="1355" WIDTH="79" HEIGHT="22" WC="0.92" CONTENT="honom"/><SP WIDTH="18" VPOS="1355" HPOS="552"/>
							<String ID="string_251" HPOS="570" VPOS="1354" WIDTH="14" HEIGHT="23" WC="0.91" CONTENT="å"/><SP WIDTH="18" VPOS="1354" HPOS="584"/>
							<String ID="string_252" HPOS="602" VPOS="1356" WIDTH="54" HEIGHT="21" WC="0.96" CONTENT="hans"/><SP WIDTH="18" VPOS="1356" HPOS="656"/>
							<String ID="string_253" HPOS="674" VPOS="1356" WIDTH="63" HEIGHT="22" WC="0.93" CONTENT="skuld"/><SP WIDTH="19" VPOS="1356" HPOS="737"/>
							<String ID="string_254" HPOS="756" VPOS="1356" WIDTH="117" HEIGHT="29" WC="0.92" CONTENT="godtgöras"/><SP WIDTH="18" VPOS="1356" HPOS="873"/>
							<String ID="string_255" HPOS="891" VPOS="1359" WIDTH="34" HEIGHT="20" WC="0.96" CONTENT="tre"/>
						</TextLine>
						<TextLine ID="line_33" HPOS="171" VPOS="1390" WIDTH="752" HEIGHT="30">
							<String ID="string_256" HPOS="171" VPOS="1391" WIDTH="62" HEIGHT="22" WC="0.95" CONTENT="mark"/><SP WIDTH="22" VPOS="1391" HPOS="233"/>
							<String ID="string_257" HPOS="255" VPOS="1391" WIDTH="41" HEIGHT="22" WC="0.95" CONTENT="och"/><SP WIDTH="23" VPOS="1391" HPOS="296"/>
							<String ID="string_258" HPOS="319" VPOS="1391" WIDTH="108" HEIGHT="21" WC="0.90" CONTENT="dessutom"/><SP WIDTH="21" VPOS="1391" HPOS="427"/>
							<String ID="string_259" HPOS="448" VPOS="1392" WIDTH="64" HEIGHT="20" WC="0.93" CONTENT="ränta"/><SP WIDTH="14" VPOS="1392" HPOS="512"/>
							<String ID="string_260" HPOS="526" VPOS="1390" WIDTH="14" HEIGHT="22" WC="0.93" CONTENT="å"/><SP WIDTH="14" VPOS="1390" HPOS="540"/>
							<String ID="string_261" HPOS="554" VPOS="1391" WIDTH="89" HEIGHT="22" WC="0.96" CONTENT="skulden"/><SP WIDTH="18" VPOS="1391" HPOS="643"/>
							<String ID="string_262" HPOS="661" VPOS="1391" WIDTH="105" HEIGHT="28" WC="0.93" CONTENT="upphöra."/><SP WIDTH="30" VPOS="1391" HPOS="766"/>
							<String ID="string_263" HPOS="796" VPOS="1391" WIDTH="90" HEIGHT="22" WC="0.91" CONTENT="Förmär"/><SP WIDTH="18" VPOS="1391" HPOS="886"/>
							<String ID="string_264" HPOS="904" VPOS="1392" WIDTH="19" HEIGHT="28" WC="0.94" CONTENT="ej"/>
						</TextLine>
						<TextLine ID="line_34" HPOS="172" VPOS="1423" WIDTH="753" HEIGHT="31">
							<String ID="string_265" HPOS="172" VPOS="1425" WIDTH="104" HEIGHT="29" WC="0.92" CONTENT="gäldenär"/><SP WIDTH="14" VPOS="1425" HPOS="276"/>
							<String ID="string_266" HPOS="290" VPOS="1423" WIDTH="106" HEIGHT="24" WC="0.91" CONTENT="kosthålla"/><SP WIDTH="15" VPOS="1423" HPOS="396"/>
							<String ID="string_267" HPOS="411" VPOS="1425" WIDTH="33" HEIGHT="28" WC="0.96" CONTENT="sig"/><SP WIDTH="14" VPOS="1425" HPOS="444"/>
							<String ID="string_268" HPOS="458" VPOS="1425" WIDTH="58" HEIGHT="28" WC="0.93" CONTENT="sjelf;"/><SP WIDTH="12" VPOS="1425" HPOS="516"/>
							<String ID="string_269" HPOS="528" VPOS="1425" WIDTH="70" HEIGHT="29" WC="0.92" CONTENT="åligge"/><SP WIDTH="10" VPOS="1425" HPOS="598"/>
							<String ID="string_270" HPOS="608" VPOS="1425" WIDTH="135" HEIGHT="29" WC="0.92" CONTENT="borgenären"/><SP WIDTH="12" VPOS="1425" HPOS="743"/>
							<String ID="string_271" HPOS="755" VPOS="1428" WIDTH="33" HEIGHT="20" WC="0.93" CONTENT="att"/><SP WIDTH="10" VPOS="1428" HPOS="788"/>
							<String ID="string_272" HPOS="798" VPOS="1427" WIDTH="72" HEIGHT="22" WC="0.92" CONTENT="dertill"/><SP WIDTH="11" VPOS="1427" HPOS="870"/>
							<String ID="string_273" HPOS="881" VPOS="1427" WIDTH="44" HEIGHT="22" WC="0.92" CONTENT="för-"/>
						</TextLine>
						<TextLine ID="line_35" HPOS="172" VPOS="1460" WIDTH="756" HEIGHT="30">
							<String ID="string_274" HPOS="172" VPOS="1461" WIDTH="100" HEIGHT="21" WC="0.92" CONTENT="skottsvis"/><SP WIDTH="15" VPOS="1461" HPOS="272"/>
							<String ID="string_275" HPOS="287" VPOS="1460" WIDTH="92" HEIGHT="22" WC="0.91" CONTENT="aflemna"/><SP WIDTH="14" VPOS="1460" HPOS="379"/>
							<String ID="string_276" HPOS="393" VPOS="1460" WIDTH="127" HEIGHT="28" WC="0.95" CONTENT="penningar,"/><SP WIDTH="14" VPOS="1460" HPOS="520"/>
							<String ID="string_277" HPOS="534" VPOS="1461" WIDTH="150" HEIGHT="22" WC="0.96" CONTENT="motsvarande"/><SP WIDTH="16" VPOS="1461" HPOS="684"/>
							<String ID="string_278" HPOS="700" VPOS="1461" WIDTH="36" HEIGHT="22" WC="0.96" CONTENT="det"/><SP WIDTH="10" VPOS="1461" HPOS="736"/>
							<String ID="string_279" HPOS="746" VPOS="1461" WIDTH="87" HEIGHT="29" WC="0.96" CONTENT="belopp,"/><SP WIDTH="12" VPOS="1461" HPOS="833"/>
							<String ID="string_280" HPOS="845" VPOS="1469" WIDTH="46" HEIGHT="15" WC="0.96" CONTENT="som"/><SP WIDTH="12" VPOS="1469" HPOS="891"/>
							<String ID="string_281" HPOS="903" VPOS="1462" WIDTH="25" HEIGHT="22" WC="0.96" CONTENT="af"/>
						</TextLine>
						<TextLine ID="line_36" HPOS="171" VPOS="1494" WIDTH="753" HEIGHT="29">
							<String ID="string_282" HPOS="171" VPOS="1495" WIDTH="89" HEIGHT="22" WC="0.96" CONTENT="Kronan"/><SP WIDTH="20" VPOS="1495" HPOS="260"/>
							<String ID="string_283" HPOS="280" VPOS="1494" WIDTH="22" HEIGHT="23" WC="0.96" CONTENT="åt"/><SP WIDTH="15" VPOS="1494" HPOS="302"/>
							<String ID="string_284" HPOS="317" VPOS="1495" WIDTH="81" HEIGHT="22" WC="0.96" CONTENT="häktad"/><SP WIDTH="14" VPOS="1495" HPOS="398"/>
							<String ID="string_285" HPOS="412" VPOS="1502" WIDTH="78" HEIGHT="20" WC="0.93" CONTENT="person"/><SP WIDTH="15" VPOS="1502" HPOS="490"/>
							<String ID="string_286" HPOS="505" VPOS="1495" WIDTH="71" HEIGHT="22" WC="0.92" CONTENT="bestås"/><SP WIDTH="16" VPOS="1495" HPOS="576"/>
							<String ID="string_287" HPOS="592" VPOS="1496" WIDTH="40" HEIGHT="22" WC="0.96" CONTENT="och"/><SP WIDTH="14" VPOS="1496" HPOS="632"/>
							<String ID="string_288" HPOS="646" VPOS="1495" WIDTH="83" HEIGHT="22" WC="0.93" CONTENT="hälften"/><SP WIDTH="16" VPOS="1495" HPOS="729"/>
							<String ID="string_289" HPOS="745" VPOS="1496" WIDTH="129" HEIGHT="27" WC="0.93" CONTENT="derutöfver,"/><SP WIDTH="14" VPOS="1496" HPOS="874"/>
							<String ID="string_290" HPOS="888" VPOS="1497" WIDTH="36" HEIGHT="21" WC="0.96" CONTENT="vid"/>
						</TextLine>
					</TextBlock>
				</ComposedBlock>
			</PrintSpace>
		</Page>
	</Layout>
</alto>
