995 1725
204 167 44 15 1290
404 165 70 21 Nådiga
486 165 136 21 Propositionen
635 164 34 16 N:o
682 164 27 16 25.

250 230 25 28 af
288 237 72 13 annan
375 228 47 22 med
437 228 115 21 utverkadt
570 226 106 22 särskildt
695 226 105 26 tillstånd,
817 225 70 29 tryckt
902 225 29 21 el-

250 265 31 21 ler
296 264 109 28 graverad
423 263 99 28 utgifves,
543 263 58 27 gälle
620 262 19 28 ej
655 261 55 21 hvad
730 269 32 13 om
782 261 82 27 tioårig
881 267 50 21 pre-

249 299 109 28 skription
373 299 51 20 eller
444 298 118 28 bevakning
581 297 54 29 efter
655 296 146 28 årsstämning
820 303 29 13 nu
867 294 64 28 sagdt

250 335 34 25 är,
299 336 54 18 utan
369 332 61 21 lände
448 333 34 20 till
500 332 150 28 efterrättelse.
664 330 55 22 hvad
738 331 73 21 derom
826 329 106 21 särskildt

251 369 27 20 är
292 367 109 29 stadgadt.
431 366 89 22 Samma
539 367 34 27 lag
589 372 50 14 vare
659 372 33 14 om
710 365 73 26 medel,
800 372 44 13 som
859 364 73 28 blifvit

250 403 79 20 insatte
344 403 9 19 i
372 402 154 26 landtränteri,
542 400 106 22 Finlands
667 400 54 21 bank
741 400 52 20 eller
807 399 69 21 under
895 406 38 13 an-

250 444 45 14 nan
311 437 81 20 allmän
408 436 61 21 vård.

561 493 12 27 $
588 490 39 22 20.

309 536 77 21 Denna
402 536 143 29 förordning,
566 535 139 29 hvarigenom
724 534 81 22 ändras
825 534 37 21 och
881 541 53 21 upp-

253 571 74 29 häfves
342 571 19 28 ej
376 571 83 21 mindre
476 570 128 29 stadgandet
619 571 9 20 i
643 569 27 21 12
685 570 12 28 $
714 568 13 22 9
743 569 48 29 kap.
807 568 28 22 H.
851 568 33 28 B.,
901 569 34 21 så-

253 606 54 21 dant
329 605 35 21 det
387 606 59 28 lyder
464 607 9 19 i
492 605 78 28 Kongl.
584 605 163 28 förordningen
769 605 42 20 den
834 603 25 22 13
880 604 56 21 Juni

253 639 66 27 1800,
332 641 29 20 än
369 639 173 30 föreskrifterna
557 641 9 19 i
580 639 12 21 4
603 641 12 26 $
629 639 26 21 10
667 639 47 28 kap.
726 635 27 24 Ä.
766 639 26 20 B.
805 639 38 21 och
855 639 79 28 Kongl.

253 675 94 28 stadgan
365 675 26 28 af
407 675 39 20 den
464 673 31 22 28
509 674 55 21 Juni
577 672 65 28 1798,
659 674 71 21 sävidt
745 674 70 27 angär
831 674 105 20 ärsstäm-

252 711 60 26 ning,
333 709 55 21 skall
403 711 9 19 i
430 710 74 20 stället
516 709 42 28 för
573 709 57 21 desse
646 709 38 20 och
700 709 70 27 öfrige
787 708 88 21 härmed
890 707 45 21 icke

255 744 229 28 öfverensstämmande
496 743 75 28 påbud
583 751 33 13 om
623 743 152 28 preskription
790 744 9 19 i
808 743 128 28 fordrings-

253 779 45 20 mål
313 779 38 20 och
367 779 153 27 ärsstämning,
540 778 68 28 blifva
625 777 102 28 gällande
741 777 58 28 från
818 777 40 20 den
872 777 11 20 1
898 776 38 21 Ja-

254 814 67 19 muari
335 811 69 22 186
386 807 26 38 ..
420 819 47 14 men
482 813 19 28 ej
516 813 98 28 medföra
629 813 73 27 någon
717 811 80 22 verkan
810 812 36 21 till
855 812 81 27 förän-

255 848 66 28 dring
341 848 25 27 af
383 847 130 28 rättigheter
537 847 38 21 och
587 847 150 29 förbindelser
757 854 44 14 som
819 847 118 27 dessförin-

255 889 44 14 nan
313 881 139 29 uppkommit.

216 968 25 22 V.
270 968 92 28 Förslag
376 968 35 22 till
425 968 130 29 förordning
569 968 112 28 angående
699 968 155 28 förändringar
869 968 41 22 och

293 1005 79 28 tillägg
387 1004 36 22 vid
437 1005 109 22 allmänna
560 1005 77 29 lagens
652 1005 136 29 stadganden
803 1012 33 15 om

454 1042 217 28 äktenskapsförord.

256 1091 50 21 Med
324 1090 139 22 förevarande
481 1090 228 28 författningsförslag,
727 1091 46 25 har,
792 1090 29 28 pä
842 1092 44 20 sätt
908 1091 30 21 of-

188 1133 41 14 van
244 1125 89 26 anförts,
349 1124 89 29 äsyftats
454 1127 31 19 att
496 1126 7 20 i
515 1132 25 14 en
555 1125 91 21 särskild
659 1125 125 27 förordning
795 1125 143 21 sammanföra

190 1160 97 27 gällande
302 1159 132 22 föreskrifter
449 1167 35 14 om
498 1159 209 27 äktenskapsförord,
726 1160 72 21 dervid
813 1159 68 28 nägra
895 1160 43 21 för-

190 1194 115 27 ändringar
320 1194 7 21 i
342 1194 73 27 lagens
430 1193 94 22 innehäll
540 1194 39 21 och
593 1196 46 19 text
653 1195 69 20 tillika
739 1194 69 21 blifvit
822 1194 115 27 iakttagne.

258 1228 41 21 Vid
315 1228 99 21 ärendets
429 1228 129 27 behandling
569 1228 40 21 har
620 1229 39 20 hos
671 1228 120 21 Ständerna
805 1228 135 21 förekommit

190 1263 114 25 anledning
315 1262 33 19 till
362 1261 160 21 framställande
537 1262 23 20 af
572 1262 94 27 följande
677 1263 150 26 förändringar
843 1263 39 20 och
897 1263 42 20 till-

190 1296 50 27 lägg
255 1295 7 20 i
278 1295 35 20 det
327 1294 79 28 nädiga
421 1295 245 27 författningsförslaget.

259 1328 34 21 Dä
308 1329 35 20 det
358 1330 24 20 är
397 1329 24 20 af
432 1329 45 27 vigt
495 1330 32 19 att
544 1328 118 28 fullkomlig
680 1329 79 21 visshet
776 1329 72 22 vinnes
868 1329 73 21 derom

191 1365 32 20 att
244 1363 96 21 förordet
362 1363 120 21 tillkommit
500 1363 46 21 före
565 1363 80 28 vigseln
664 1363 40 22 och
722 1362 28 29 pä
769 1363 35 22 det
825 1364 115 27 utredning

192 1405 34 14 om
244 1398 58 21 tiden
318 1397 27 22 dä
359 1397 80 28 vigseln
459 1397 55 22 skett
532 1397 69 22 tillika
615 1397 66 22 mätte
698 1400 49 19 utan
763 1405 70 14 annan
849 1397 91 29 omgäng

191 1432 120 26 förefinnas,
334 1433 40 20 har
395 1433 31 20 uti
449 1434 10 19 1
484 1433 10 27 $
516 1431 77 22 införts
612 1433 118 27 stadgande
751 1432 72 22 derom
845 1435 32 19 att
900 1433 40 21 den

191 1469 65 26 prest,
272 1474 45 15 som
332 1467 102 22 förrättar
448 1467 87 28 vigseln,
551 1467 54 22 skall
619 1466 14 22 &
651 1467 152 28 afhandlingen
817 1468 77 21 teckna
909 1468 31 21 in-

191 1503 37 26 tyg
244 1501 72 22 derom
331 1503 32 20 att
378 1501 41 22 den
433 1501 46 21 före
493 1501 80 28 vigseln
587 1502 56 21 varit
657 1502 123 27 upprättad.
