1034 1723
320 144 72 24 Nådiga
403 146 138 21 Propositionen
553 146 35 16 N:o
601 146 28 16 25.
783 145 43 16 1147

99 208 36 22 vid
150 208 118 28 ansökning
282 216 35 14 om
331 208 119 27 boskilnad,
466 208 171 28 urarfvagörelse
651 209 41 21 och
707 208 143 27 ärsstämning

99 242 13 21 å
126 242 136 28 borgenärer.
292 243 68 21 Dessa
374 243 139 26 föreskrifter,
529 250 35 14 om
579 243 40 21 ock
633 243 129 27 tillräckliga
772 242 34 21 för
817 242 33 21 sin

98 276 38 26 tid,
152 277 72 20 kunna
238 277 65 21 likväl
317 272 89 26 numera
420 277 47 21 icke
482 284 62 14 anses
558 277 71 21 lemna
643 277 65 27 nödig
722 276 128 28 vägledning

98 310 96 22 hvarken
212 310 33 22 för
264 311 102 27 sakegare
385 312 32 20 att
434 311 72 21 utföra
524 312 33 20 sin
575 311 124 27 rättmätiga
717 311 66 25 talan,
798 310 52 21 eller

98 344 34 22 för
148 345 144 22 domstolarne
310 347 32 19 att
359 346 108 21 behandla
485 346 40 21 och
540 345 76 27 pröfva
630 344 133 28 rättsfrågor,
779 345 72 21 hvilka

100 386 76 20 genom
191 387 42 20 nya
247 379 149 21 förhållanden
410 378 30 28 på
455 380 58 21 detta
527 380 42 20 fält
583 380 72 20 kunna
669 378 84 28 uppstå.
776 378 34 22 Då
821 386 30 14 nu

98 413 67 21 redan
180 413 186 28 konkursstadgan
380 416 106 25 upptager
501 421 26 14 en
541 414 96 27 betydlig
651 414 55 25 vidd,
718 413 64 22 hafva
792 414 58 20 näst-

98 448 93 21 nämnde
208 448 222 28 lagstiftningsämnen
449 450 80 20 ansetts
551 448 47 21 icke
620 448 72 21 kunna
709 448 116 27 lämpligen
843 448 8 20 i

100 482 123 21 densamma
241 483 122 27 inrymmas,
382 484 52 19 utan
452 483 73 25 hellre,
544 482 74 27 hvarje
636 482 35 21 för
689 482 42 27 sig,
749 482 54 21 böra
817 483 33 19 ut-

98 517 54 27 göra
166 516 89 22 föremål
263 517 40 21 för
318 516 105 22 särskilda
437 516 158 28 författningar.

167 551 62 21 Hvad
251 551 55 22 först
328 550 67 28 angår
416 551 113 21 boskilnad
550 551 69 21 under
641 551 124 27 äktenskap,
788 558 62 20 synes

99 586 130 26 densamma,
252 586 66 27 enligt
340 586 26 21 de
384 586 7 20 i
411 588 24 18 11
455 586 49 27 kap.
524 585 202 22 Giftermålsbalken
747 585 104 27 stadgade

99 620 94 28 grunder
207 620 34 22 för
255 620 111 28 betalning
380 620 25 21 af
416 620 86 22 makars
514 620 56 28 gäld,
582 620 54 22 böra
647 620 123 28 medgifvas,
783 619 67 22 ehvad

98 655 95 21 konkurs
208 655 8 21 i
229 655 51 21 boet
294 654 90 28 uppstår
400 655 52 21 eller
466 655 52 21 icke.
541 654 120 28 Anledning
673 655 34 21 till
717 654 133 22 boskilnads-

99 690 119 27 ansökning
231 688 68 22 måste
314 690 7 20 i
337 689 116 21 allmänhet
468 696 61 14 anses
543 696 53 14 vara
611 689 125 26 förhanden,
751 690 40 20 när
809 688 42 22 den

99 731 41 14 ena
157 724 87 21 makens
264 724 97 28 giftorätt
380 724 52 21 eller
450 724 96 21 enskilda
564 724 103 27 egendom
685 725 25 19 är
727 724 8 20 i
753 723 48 21 fara
819 724 32 20 att

98 758 108 28 tillgripas
217 758 34 21 för
262 758 110 28 betalning
383 758 25 21 af
417 758 40 21 den
470 758 67 21 andra
552 758 87 21 makens
654 758 59 28 gäld;
729 764 49 14 men
793 757 57 21 dess-

98 795 60 19 utom
176 792 40 22 bör
234 793 40 21 ock
292 793 92 21 hustrun
402 792 106 26 särskildt,
524 792 34 21 för
576 794 32 20 att
625 792 105 28 betrygga
744 792 33 21 sin
792 792 59 21 ställ-

98 828 52 27 ning
168 827 8 21 i
194 827 120 25 framtiden,
337 834 52 14 vara
410 826 122 28 berättigad
554 828 32 20 att
609 827 51 20 söka
681 826 119 25 boskilnad,
823 825 28 21 då

97 869 104 14 mannens
219 861 129 28 förvaltning
366 861 64 27 bragt
444 861 51 21 boet
509 860 29 28 på
553 860 103 22 obestånd
672 860 51 21 eller
739 860 66 28 dylikt
820 860 31 21 äf-

97 898 77 26 ventyr
192 895 24 22 af
231 896 55 21 hans
304 895 186 28 målsmannaskap
508 896 43 20 kan
569 895 93 21 befaras.
694 895 12 20 I
724 894 43 21 alla
790 894 61 21 dessa

98 930 115 23 händelser
231 931 25 20 är
274 930 36 21 det
327 929 65 22 likväl
406 930 75 27 nödigt
496 931 31 20 att
542 929 45 22 afse
603 929 40 22 och
657 929 104 28 betrygga
775 929 76 27 borge-

98 967 76 20 närers
195 964 81 28 lagliga
297 965 45 20 rätt
363 963 33 22 till
414 964 120 27 betalning,
553 963 68 22 ehvad
641 963 68 22 denna
727 963 55 21 skall
799 962 53 28 utgå

98 999 50 22 från
162 999 102 22 samfäldt
274 998 28 22 bo
314 998 52 21 eller
380 1005 27 14 ur
422 998 41 21 den
478 998 138 27 gäldbundna
630 997 87 22 makens
732 997 63 28 gods;
811 997 40 22 och

99 1033 86 22 derföre
199 1032 69 23 måste
282 1033 129 21 domstolens
426 1032 124 21 förfarande
564 1033 8 20 i
586 1031 168 22 boskilnadsmål
768 1031 83 27 lämpas

99 1069 55 21 efter
173 1068 57 20 olika
248 1067 188 27 omständigheter.
470 1067 71 21 Sedan
559 1065 46 22 åter
623 1066 113 21 boskilnad
753 1065 98 27 beviljats

100 1102 40 22 och
155 1109 77 20 genom
246 1101 63 21 skifte
324 1100 46 27 gätt
384 1101 8 20 i
407 1100 130 26 fullbordan,
555 1100 40 21 bör
614 1100 36 21 det
668 1100 59 27 gods,
746 1100 106 20 hvardera

98 1136 78 22 maken
198 1135 70 22 ärfver
290 1135 52 21 eller
363 1134 125 26 förvärfvar,
508 1141 61 14 anses
592 1133 70 21 säsom
685 1134 48 20 dess
755 1133 97 21 enskilda

99 1170 140 27 tillhörighet,
257 1170 41 20 och
316 1170 90 20 hustrun
424 1168 54 22 räda
496 1169 57 21 öfver
572 1168 33 21 sin
623 1168 104 27 egendom
744 1168 44 20 lika
806 1174 46 14 som

99 1205 61 21 enka.
196 1204 102 21 Deremot
320 1202 98 28 gvarstär
438 1203 113 21 makarnes
573 1202 129 21 förbindelse
723 1201 34 21 till
779 1201 72 21 äkten-

100 1238 84 28 skaplig
207 1237 169 22 sammanlefnad
398 1236 71 22 såsom
491 1236 117 26 tillförene,
631 1235 77 22 hvaraf
727 1235 69 27 följer,
819 1236 33 20 att

99 1273 57 22 hvad
171 1273 26 21 de
212 1272 54 22 efter
280 1272 140 21 boskilnaden
434 1271 72 21 kunna
522 1272 131 26 gemensamt
668 1269 113 26 förvärfva,
797 1269 55 21 skall

100 1307 108 22 användas
227 1306 33 21 till
278 1306 62 21 deras
359 1306 39 20 och
416 1305 92 21 barnens
527 1304 120 28 uppehälle,
663 1311 49 14 men
731 1310 34 14 om
781 1303 35 21 det
831 1303 18 27 ej

100 1340 84 26 förslär,
198 1341 83 21 bristen
299 1340 62 27 fyllas
380 1340 23 21 af
418 1340 117 20 hvarderas
554 1338 97 22 enskilda
668 1338 59 27 gods,
747 1338 40 20 och
804 1337 47 21 ifall

100 1376 42 21 den
160 1374 162 28 nyförvärfvade
344 1373 105 22 samfälda
472 1372 130 28 egendomen
623 1372 82 20 lemnar
727 1370 122 26 öfverskott,

101 1410 59 21 detta
174 1408 93 22 fördelas
283 1408 89 22 emellan
387 1407 101 21 makarne
504 1406 53 22 efter
573 1406 106 28 giftorätts
695 1404 75 28 grund.
793 1404 58 28 Vilja

100 1444 27 22 de
145 1443 121 22 sedermera
284 1442 108 28 upphäiva
410 1441 145 26 boskilnaden,
574 1440 43 22 kan
635 1439 78 23 sädant
735 1439 47 21 dem
803 1439 47 21 icke

100 1478 113 23 förmenas.
