1020 1720
301 145 71 23 Nådiga
384 146 135 22 Propositionen
532 145 34 17 N:o
579 146 27 16 25.
771 144 44 17 1169

431 210 11 28 8
459 210 33 21 56.

154 253 25 28 Ej
203 252 35 22 må
260 253 112 27 gäldenärs
392 253 56 21 fasta
467 252 103 28 egendom
587 252 47 22 före
652 252 185 28 inställelsedagen

86 288 72 28 säljas,
178 289 52 20 utan
248 287 24 21 så
291 289 30 25 är,
340 289 32 19 att
391 287 41 21 den
451 288 46 20 före
513 287 133 21 konkursens
663 287 77 27 början
759 288 79 19 utmätt

86 323 41 21 och
143 322 41 27 dag
199 322 33 21 till
246 322 47 21 dess
308 322 126 27 försäljning
450 323 67 20 utsatt
531 321 62 29 varit,
608 320 29 29 på
651 322 43 20 sätt
708 322 8 20 i
730 322 11 27 $
755 322 26 19 10
793 328 44 14 om-

86 356 107 22 förmäles.

431 385 10 27 $
459 385 32 21 57.

154 428 46 21 Har
219 428 103 27 gäldenär
341 427 60 22 idkat
416 426 68 23 sådan
499 428 82 27 näring,
597 435 46 14 som
658 428 24 20 af
691 428 56 21 hans
763 427 74 27 borge-

86 463 65 21 närer
170 462 94 28 lagligen
282 463 110 20 fortsättas
411 462 48 26 kan,
479 462 111 21 ankomme
610 462 46 21 dess
671 462 73 21 vidare
759 461 80 22 bedrif-

86 497 70 22 vande
170 496 29 29 pä
213 497 168 27 borgenärernes
396 497 77 21 beslut.
495 497 62 21 Hvad
571 497 114 26 näringens
696 496 143 21 fortsättande

86 532 8 20 i
112 532 56 20 vinst
186 531 104 26 afkastar,
309 531 52 21 höre
375 531 144 21 konkursboet
533 531 39 26 till,
588 538 49 13 men
651 529 91 29 uppstär
757 530 81 28 derige-

86 572 50 15 nom
151 565 78 22 förlust
244 572 51 15 vare
310 565 18 27 ej
345 565 129 27 gäldenären
490 564 84 22 derföre
589 566 105 26 ansvarig.

432 616 10 27 8
459 618 34 19 58.

155 660 80 20 Finnas
250 660 8 20 i
273 659 112 28 gäldenärs
400 659 28 21 bo
443 658 80 22 sädane
537 666 63 15 varor
612 658 50 22 eller
673 659 163 28 tillhörigheter,

87 701 47 14 som
152 694 147 27 förskämning
314 693 52 21 eller
380 700 52 14 snar
446 694 123 21 förstörelse
584 693 52 21 eller
650 694 80 26 hastigt
744 693 95 22 fallande

86 729 8 20 i
112 728 65 22 värde
196 728 156 21 underkastade
370 730 45 24 äro,
435 728 51 21 eller
505 728 72 21 alltför
594 728 95 21 kostsam
704 727 53 23 värd
771 728 67 21 erfor-

87 762 49 27 dra;
159 770 38 20 ege
220 763 54 27 gode
292 763 98 25 männen,
411 762 65 22 sedan
495 762 139 28 gäldenärens
652 763 99 27 yttrande
769 762 69 21 blifvit

86 796 126 26 inhemtadt,
233 797 35 21 det
287 796 52 28 gods
357 796 89 28 försälja
465 796 52 27 låta,
533 797 100 27 antingen
648 796 13 22 å
675 796 96 28 offentlig
787 797 51 21 auk-

87 832 51 25 tion,
158 831 52 21 eller
228 832 67 20 under
313 831 64 26 hand,
398 831 53 21 efter
470 839 45 13 som
535 832 34 20 det
588 831 34 21 för
636 831 145 21 konkursboet
795 831 43 21 för-

88 865 129 28 delaktigast
233 865 93 27 pröfvas.
350 865 52 21 Sker
417 865 126 28 försäljning
557 865 69 21 under
640 865 64 26 hand,
720 865 55 22 skall
786 865 51 28 god-

87 902 33 19 set
135 899 24 22 af
172 899 132 28 sakkunnige
318 901 50 20 män
383 900 110 21 värderas.

155 929 44 26 Äro
221 934 61 21 boets
304 941 76 20 genom
402 933 67 22 sådan
491 934 126 27 försäljning
635 934 116 27 inflytande
769 934 69 22 medel

87 969 41 21 och
147 968 61 28 eljest
226 968 213 22 förhandenvarande
456 968 117 28 tillgångar
591 969 142 28 otillräckliga
751 969 33 21 till
802 969 36 22 be-

88 1003 109 21 stridande
213 1003 23 21 af
250 1002 158 28 oundgängliga
423 1003 88 27 utgifter
525 1003 35 21 för
575 1003 141 27 egendomens
731 1002 52 22 vård
799 1003 40 21 och

87 1036 131 28 förvaltning
234 1037 66 27 jemte
319 1044 70 14 annan
407 1037 98 27 kostnad,
525 1044 46 15 som
588 1038 46 20 före
652 1038 187 27 inställelsedagen

87 1072 56 22 skall
158 1070 48 22 från
220 1072 50 21 boet
286 1071 80 28 gäldas,
382 1078 51 17 vare
449 1072 53 26 gode
516 1073 92 20 männen
624 1072 18 27 ej
658 1072 92 21 förment
762 1074 32 19 att
805 1072 34 21 för

89 1106 67 29 dylikt
170 1106 66 22 behof
250 1106 61 21 äfven
326 1106 68 21 andra
408 1106 85 21 lösören
508 1113 75 21 genom
598 1106 88 22 auktion
701 1107 97 27 föryttra.

156 1140 11 22 I
182 1140 68 22 andra
265 1141 28 20 än
308 1140 155 22 ofvannämnde
478 1141 37 21 fall
530 1139 35 22 må
580 1140 18 28 ej
615 1140 112 28 gäldenärs
739 1140 106 22 afträdda"

88 1175 137 27 lösegendom
243 1174 47 22 före
303 1174 188 28 inställelsedagen
506 1175 105 27 försäljas,
628 1182 34 14 om
677 1175 102 27 gäldenär
793 1177 46 19 tror

89 1209 33 27 sig
140 1209 72 21 kunna
231 1216 77 20 genom
326 1208 116 28 förlikning
457 1209 48 21 med
520 1209 158 27 borgenärerne
693 1208 46 22 äter
754 1209 85 21 komma

88 1244 8 20 i
115 1243 115 27 besittning
250 1243 23 21 af
290 1243 36 21 sitt
340 1242 28 22 bo
384 1242 40 22 och
439 1242 73 22 derom
526 1243 39 21 hos
581 1242 53 28 gode
648 1244 92 20 männen
754 1243 84 22 bevisli-

89 1284 42 21 gen
145 1276 101 21 anmäler.

435 1305 11 28 8
463 1307 32 19 59.

158 1348 129 27 Penningar,
302 1355 45 14 som
361 1348 75 27 inflyta
451 1349 39 20 och
505 1348 18 27 ej
539 1348 34 21 till
587 1348 60 21 boets
662 1348 129 27 förvaltning
802 1349 37 20 nö-

91 1381 49 28 dige
154 1383 45 24 äro,
215 1381 60 21 skola
290 1381 23 21 af
326 1382 54 26 gode
394 1383 92 19 männen
501 1382 7 20 i
523 1382 58 21 bank
596 1384 56 19 emot
665 1383 63 20 ränta
742 1383 97 25 insättas,

91 1416 58 26 eller,
168 1415 138 22 förvandlade
324 1415 33 21 till
375 1415 64 22 säkra
456 1415 158 22 räntebärande
632 1416 142 27 obligationer
789 1416 51 22 eller

92 1450 195 28 depositionsbevis,
302 1450 8 21 i
325 1450 89 21 allmänt
427 1451 157 27 penningeverk
596 1450 102 27 förvaras,
711 1451 37 22 der
759 1451 18 28 ej
790 1451 48 22 bor-

93 1486 116 26 genärerne
228 1484 35 22 vid
282 1484 171 27 sammankomst,
473 1492 45 13 som
536 1485 8 20 i
563 1485 11 27 $
594 1486 26 20 60
639 1486 55 27 sägs,
709 1485 84 22 besluta
807 1488 32 19 att
