1025 1720
209 157 43 20 1782
429 161 87 16 Finlands
528 159 83 18 Ständers
623 160 67 16 Beslut.

186 223 137 27 suppleanter
345 222 32 21 till
400 222 62 21 dessa
483 222 152 27 befattningar,
653 229 46 14 som
722 221 26 22 de
769 228 51 15 anse
837 221 100 22 behofvet

186 256 92 29 påkalla.

530 303 12 27 8
559 303 33 20 69.

254 346 43 21 Vid
315 345 43 22 alla
375 345 35 22 val
426 345 106 28 iakttages
551 347 32 20 att
600 344 170 26 namnsedlarne,
789 343 25 22 så
831 343 66 22 framt
912 343 26 22 de

187 380 60 22 skola
261 380 66 21 blifva
342 379 106 28 gällande,
462 379 55 22 böra
531 387 52 14 vara
597 379 68 26 enkla,
681 379 72 21 slutna
768 379 40 21 och
822 378 43 21 fria
879 377 59 22 såväl

187 414 48 22 från
250 414 131 27 tvetydighet
395 413 7 21 i
418 413 104 21 anseende
537 413 32 21 till
584 420 141 20 personernas
740 419 71 19 namn,
826 419 46 14 som
890 411 49 22 från

189 448 114 28 oriktighet
317 448 8 20 i
340 448 105 21 anseende
459 448 33 20 till
508 448 62 21 deras
585 447 65 21 antal.
679 446 79 22 Mellan
776 453 103 20 personer
893 453 46 14 som

188 483 35 21 vid
237 483 35 21 val
286 480 144 24 undfåtWlika
444 482 60 21 antal
518 483 75 25 röster,
609 481 72 27 skiljes
696 488 76 20 genom
786 480 99 28 lottning,
899 481 41 21 när

189 516 24 22 så
228 516 116 22 erfordras.

534 562 11 28 $
562 563 33 19 70.

257 606 32 21 De
307 605 189 28 reglementariska
515 604 138 26 föreskrifter,
672 612 46 13 som
737 611 61 14 anses
812 604 81 27 nödiga
907 604 34 21 för

189 638 317 29 landtdagsmannagöromålen
522 641 56 19 samt
593 639 117 27 ordningen
725 639 8 20 i
747 637 90 22 stånden
852 639 41 20 och
907 640 34 19 ut-

191 674 89 26 skotten,
297 681 39 20 ega
352 673 120 22 Ständerna
486 673 57 26 eller,
564 673 2 20 i
581 674 62 20 ämne
658 680 46 14 som
718 671 68 29 angår
800 671 67 29 något
877 671 64 23 stånd

191 708 97 26 enskildt,
304 708 60 21 detta
378 707 62 22 stånd
456 709 32 19 att
502 707 111 22 fastställa.
643 707 25 28 Ej
688 706 36 22 må
742 706 66 29 något
822 707 47 21 deri
886 707 55 21 infö-

190 749 42 19 ras,
248 749 46 14 som
308 744 44 19 mot
368 742 105 28 grundlag
488 741 51 22 eller
554 748 71 15 annan
639 741 100 28 gällande
753 741 36 28 lag
804 741 83 21 strider.

535 803 11 27 $
563 803 33 20 71.

261 845 111 28 Grundlag
386 846 42 20 kan
444 845 75 26 stiftas,
535 845 85 26 ändras,
635 844 107 22 förklaras
757 845 51 21 eller
822 845 121 27 upphäfvas

193 880 74 22 endast
285 879 29 28 pä
335 880 157 27 framställning
514 879 24 22 af
558 879 103 27 Kejsaren
684 880 40 20 och
747 879 133 21 Storfursten
902 880 40 21 och

192 914 48 21 med
259 914 42 21 alla
320 912 100 23 ständens
437 914 71 26 bifall;
528 914 40 20 och
586 912 35 22 mä
639 914 134 26 proposition
790 914 8 20 i
816 914 50 20 slikt
881 915 62 20 ämne

193 948 101 27 antingen
309 948 85 27 afgöras
408 948 36 21 vid
459 948 40 21 den
513 948 110 26 landtdag,
636 947 27 21 dä
675 948 41 21 den
730 947 70 22 blifvit
814 948 128 26 framställd,

193 982 52 22 eller
259 982 46 26 ock,
320 982 7 21 i
342 982 38 21 fall
398 982 64 21 minst
480 981 36 22 tvä
534 981 63 22 ständ
616 982 35 21 det
665 982 60 28 yrka,
743 982 81 22 lemnas
843 982 100 22 hvilande

192 1016 33 22 till
239 1015 173 29 nästpäföljande
426 1016 109 28 landtdag,
552 1015 27 22 dä
595 1016 40 21 den
651 1016 54 21 skall
720 1016 100 28 slutligen
834 1016 94 28 pröfvas.

261 1050 96 28 Uppstär
374 1050 62 28 fräga
454 1058 35 14 om
505 1050 125 28 förändring
649 1050 51 22 eller
714 1050 151 28 upphäfvande
880 1051 25 21 af
917 1050 26 22 de

193 1084 89 23 ständen
297 1085 59 28 gifna
370 1085 127 28 privilegier,
512 1084 107 22 förmäner
635 1085 39 21 och
693 1085 132 28 rättigheter,
842 1085 51 21 eller
909 1092 34 14 om

193 1127 42 21 nya
252 1120 132 27 privilegiers
402 1119 145 26 meddelande,
567 1119 55 28 gälle
640 1120 56 20 hvad
714 1120 8 20 i
744 1120 200 28 Regeringsformen

194 1154 73 21 derom
281 1154 68 21 finnes
364 1154 106 27 stadgadt.
841 1150 2 2 |

537 1209 11 27 8
565 1210 33 20 72.

261 1251 62 21 Hvad
342 1250 90 22 stånden
450 1251 229 21 sammanstämmande
701 1250 87 27 afgjort,
807 1258 51 14 vare
875 1251 7 20 i
901 1250 44 22 alla

194 1283 73 28 frågor
281 1284 131 21 Ständernas
426 1284 76 21 beslut.

261 1318 84 21 Förena
356 1317 31 28 sig
398 1318 47 21 icke
456 1318 99 27 samtliga
568 1317 89 22 stånden
673 1325 34 14 om
722 1317 122 28 grunderna
859 1317 34 22 för
907 1316 38 23 nå-

194 1360 42 21 gon
253 1352 125 28 bevillning,
397 1353 65 21 sättet
475 1352 34 22 för
525 1352 61 22 deras
600 1352 146 28 tillämpning,
765 1352 51 22 eller
834 1352 111 22 bevillnin-

194 1394 51 22 gens
260 1387 120 28 fördelning
395 1387 33 21 till
442 1388 125 27 utgörande,
579 1387 40 22 och
634 1387 40 21 har
689 1387 211 28 sammanjemkning,
915 1387 30 22 ef-

193 1424 34 19 ter
241 1422 56 21 hvad
312 1422 7 20 i
335 1423 26 20 67
377 1422 12 28 $
404 1423 67 27 säges,
486 1422 47 22 icke
547 1422 82 22 kunnat
644 1422 182 28 tillvägabringas,
842 1422 55 22 skall
911 1429 34 15 sa-

194 1457 41 21 ken
253 1456 140 22 öfverlemnas
410 1456 34 22 till
466 1456 116 28 afgörande
604 1456 23 22 åt
648 1457 236 27 bevillningsutskottet,
903 1456 43 22 för-

195 1490 65 22 ökadt
278 1490 33 22 till
329 1493 31 19 ett
378 1490 77 23 sådant
473 1491 58 22 antal
550 1490 122 27 ledamöter,
692 1498 45 15 som
755 1491 7 21 i
782 1493 26 19 74
823 1492 11 26 &
853 1491 92 22 bestäm-
