<?xml version="1.0" encoding="UTF-8"?>
<alto xmlns="http://www.loc.gov/standards/alto/ns-v3#" xmlns:xlink="http://www.w3.org/1999/xlink" xmlns:xsi="http://www.w3.org/2001/XMLSchema-instance" xsi:schemaLocation="http://www.loc.gov/standards/alto/ns-v3# http://www.loc.gov/alto/v3/alto-3-0.xsd">
	<Description>
		<MeasurementUnit>pixel</MeasurementUnit>
		<sourceImageInformation>
			<fileName>/tmp/tess_0zu16pyd_input.PNG</fileName>
		</sourceImageInformation>
		<OCRProcessing ID="OCR_0">
			<ocrProcessingStep>
				<processingSoftware>
					<softwareName>tesseract 5.3.4</softwareName>
				</processingSoftware>
			</ocrProcessingStep>
		</OCRProcessing>
	</Description>
	<Layout>
		<Page WIDTH="1020" HEIGHT="1723" PHYSICAL_IMG_NR="0" ID="page_0">
			<PrintSpace HPOS="0" VPOS="0" WIDTH="1020" HEIGHT="1723">
				<ComposedBlock ID="cblock_0" HPOS="209" VPOS="148" WIDTH="509" HEIGHT="24">
					<TextBlock ID="block_0" HPOS="209" VPOS="148" WIDTH="509" HEIGHT="24">
						<TextLine ID="line_0" HPOS="209" VPOS="148" WIDTH="509" HEIGHT="24">
							<String ID="string_0" HPOS="209" VPOS="150" WIDTH="44" HEIGHT="16" WC="0.95" CONTENT="1170"/><SP WIDTH="159" VPOS="150" HPOS="253"/>
							<String ID="string_1" HPOS="412" VPOS="148" WIDTH="72" HEIGHT="24" WC="0.89" CONTENT="Nådiga"/><SP WIDTH="12" VPOS="148" HPOS="484"/>
							<String ID="string_2" HPOS="496" VPOS="150" WIDTH="136" HEIGHT="22" WC="0.96" CONTENT="Propositionen"/><SP WIDTH="11" VPOS="150" HPOS="632"/>
							<String ID="string_3" HPOS="643" VPOS="149" WIDTH="35" HEIGHT="17" WC="0.95" CONTENT="N:o"/><SP WIDTH="13" VPOS="149" HPOS="678"/>
							<String ID="string_4" HPOS="691" VPOS="150" WIDTH="27" HEIGHT="16" WC="0.95" CONTENT="25."/>
						</TextLine>
					</TextBlock>
				</ComposedBlock>
				<ComposedBlock ID="cblock_1" HPOS="183" VPOS="212" WIDTH="751" HEIGHT="1175">
					<TextBlock ID="block_1" HPOS="183" VPOS="212" WIDTH="751" HEIGHT="160">
						<TextLine ID="line_1" HPOS="184" VPOS="212" WIDTH="749" HEIGHT="28">
							<String ID="string_5" HPOS="184" VPOS="212" WIDTH="84" HEIGHT="22" WC="0.96" CONTENT="medlen"/><SP WIDTH="19" VPOS="212" HPOS="268"/>
							<String ID="string_6" HPOS="287" VPOS="212" WIDTH="41" HEIGHT="27" WC="0.96" CONTENT="må,"/><SP WIDTH="20" VPOS="212" HPOS="328"/>
							<String ID="string_7" HPOS="348" VPOS="214" WIDTH="56" HEIGHT="20" WC="0.96" CONTENT="emot"/><SP WIDTH="17" VPOS="214" HPOS="404"/>
							<String ID="string_8" HPOS="421" VPOS="212" WIDTH="39" HEIGHT="21" WC="0.95" CONTENT="full"/><SP WIDTH="18" VPOS="212" HPOS="460"/>
							<String ID="string_9" HPOS="478" VPOS="214" WIDTH="105" HEIGHT="25" WC="0.96" CONTENT="säkerhet,"/><SP WIDTH="20" VPOS="214" HPOS="583"/>
							<String ID="string_10" HPOS="603" VPOS="220" WIDTH="46" HEIGHT="14" WC="0.96" CONTENT="som"/><SP WIDTH="19" VPOS="220" HPOS="649"/>
							<String ID="string_11" HPOS="668" VPOS="212" WIDTH="24" HEIGHT="22" WC="0.93" CONTENT="af"/><SP WIDTH="16" VPOS="212" HPOS="692"/>
							<String ID="string_12" HPOS="708" VPOS="212" WIDTH="158" HEIGHT="28" WC="0.92" CONTENT="borgenärerne"/><SP WIDTH="15" VPOS="212" HPOS="866"/>
							<String ID="string_13" HPOS="881" VPOS="212" WIDTH="52" HEIGHT="28" WC="0.91" CONTENT="god-"/>
						</TextLine>
						<TextLine ID="line_2" HPOS="184" VPOS="246" WIDTH="749" HEIGHT="28">
							<String ID="string_14" HPOS="184" VPOS="247" WIDTH="88" HEIGHT="26" WC="0.91" CONTENT="kännes,"/><SP WIDTH="18" VPOS="247" HPOS="272"/>
							<String ID="string_15" HPOS="290" VPOS="247" WIDTH="33" HEIGHT="21" WC="0.93" CONTENT="till"/><SP WIDTH="18" VPOS="247" HPOS="323"/>
							<String ID="string_16" HPOS="341" VPOS="246" WIDTH="186" HEIGHT="28" WC="0.91" CONTENT="inställelsedagen"/><SP WIDTH="15" VPOS="246" HPOS="527"/>
							<String ID="string_17" HPOS="542" VPOS="246" WIDTH="85" HEIGHT="22" WC="0.92" CONTENT="utlånas"/><SP WIDTH="15" VPOS="246" HPOS="627"/>
							<String ID="string_18" HPOS="642" VPOS="246" WIDTH="51" HEIGHT="22" WC="0.96" CONTENT="eller"/><SP WIDTH="14" VPOS="246" HPOS="693"/>
							<String ID="string_19" HPOS="707" VPOS="246" WIDTH="29" HEIGHT="28" WC="0.96" CONTENT="på"/><SP WIDTH="15" VPOS="246" HPOS="736"/>
							<String ID="string_20" HPOS="751" VPOS="248" WIDTH="66" HEIGHT="20" WC="0.96" CONTENT="annat"/><SP WIDTH="15" VPOS="248" HPOS="817"/>
							<String ID="string_21" HPOS="832" VPOS="248" WIDTH="42" HEIGHT="20" WC="0.93" CONTENT="sätt"/><SP WIDTH="15" VPOS="248" HPOS="874"/>
							<String ID="string_22" HPOS="889" VPOS="247" WIDTH="44" HEIGHT="21" WC="0.90" CONTENT="för-"/>
						</TextLine>
						<TextLine ID="line_3" HPOS="183" VPOS="280" WIDTH="750" HEIGHT="29">
							<String ID="string_23" HPOS="183" VPOS="283" WIDTH="80" HEIGHT="20" WC="0.91" CONTENT="räntas."/><SP WIDTH="31" VPOS="283" HPOS="263"/>
							<String ID="string_24" HPOS="294" VPOS="282" WIDTH="78" HEIGHT="21" WC="0.96" CONTENT="Kunna"/><SP WIDTH="19" VPOS="282" HPOS="372"/>
							<String ID="string_25" HPOS="391" VPOS="281" WIDTH="18" HEIGHT="27" WC="0.93" CONTENT="ej"/><SP WIDTH="19" VPOS="281" HPOS="409"/>
							<String ID="string_26" HPOS="428" VPOS="283" WIDTH="147" HEIGHT="26" WC="0.91" CONTENT="penningarne"/><SP WIDTH="17" VPOS="283" HPOS="575"/>
							<String ID="string_27" HPOS="592" VPOS="280" WIDTH="30" HEIGHT="28" WC="0.96" CONTENT="på"/><SP WIDTH="16" VPOS="280" HPOS="622"/>
							<String ID="string_28" HPOS="638" VPOS="288" WIDTH="30" HEIGHT="14" WC="0.93" CONTENT="nu"/><SP WIDTH="18" VPOS="288" HPOS="668"/>
							<String ID="string_29" HPOS="686" VPOS="281" WIDTH="134" HEIGHT="22" WC="0.92" CONTENT="föreskrifvet"/><SP WIDTH="18" VPOS="281" HPOS="820"/>
							<String ID="string_30" HPOS="838" VPOS="283" WIDTH="43" HEIGHT="19" WC="0.93" CONTENT="sätt"/><SP WIDTH="15" VPOS="283" HPOS="881"/>
							<String ID="string_31" HPOS="896" VPOS="282" WIDTH="37" HEIGHT="26" WC="0.91" CONTENT="gö-"/>
						</TextLine>
						<TextLine ID="line_4" HPOS="183" VPOS="316" WIDTH="751" HEIGHT="31">
							<String ID="string_32" HPOS="183" VPOS="323" WIDTH="36" HEIGHT="14" WC="0.95" CONTENT="ras"/><SP WIDTH="18" VPOS="323" HPOS="219"/>
							<String ID="string_33" HPOS="237" VPOS="316" WIDTH="165" HEIGHT="26" WC="0.96" CONTENT="räntebärande,"/><SP WIDTH="18" VPOS="316" HPOS="402"/>
							<String ID="string_34" HPOS="420" VPOS="316" WIDTH="60" HEIGHT="21" WC="0.96" CONTENT="skola"/><SP WIDTH="8" VPOS="316" HPOS="480"/>
							<String ID="string_35" HPOS="488" VPOS="316" WIDTH="36" HEIGHT="31" WC="0.96" CONTENT="de"/><SP WIDTH="15" VPOS="316" HPOS="524"/>
							<String ID="string_36" HPOS="539" VPOS="316" WIDTH="7" HEIGHT="21" WC="0.96" CONTENT="i"/><SP WIDTH="15" VPOS="316" HPOS="546"/>
							<String ID="string_37" HPOS="561" VPOS="316" WIDTH="90" HEIGHT="21" WC="0.93" CONTENT="allmänt"/><SP WIDTH="14" VPOS="316" HPOS="651"/>
							<String ID="string_38" HPOS="665" VPOS="316" WIDTH="156" HEIGHT="28" WC="0.92" CONTENT="penningeverk"/><SP WIDTH="15" VPOS="316" HPOS="821"/>
							<String ID="string_39" HPOS="836" VPOS="316" WIDTH="98" HEIGHT="21" WC="0.91" CONTENT="oförrän-"/>
						</TextLine>
						<TextLine ID="line_5" HPOS="184" VPOS="350" WIDTH="168" HEIGHT="22">
							<String ID="string_40" HPOS="184" VPOS="350" WIDTH="50" HEIGHT="22" WC="0.92" CONTENT="tade"/><SP WIDTH="15" VPOS="350" HPOS="234"/>
							<String ID="string_41" HPOS="249" VPOS="351" WIDTH="103" HEIGHT="21" WC="0.96" CONTENT="förvaras."/>
						</TextLine>
					</TextBlock>
					<TextBlock ID="block_2" HPOS="527" VPOS="380" WIDTH="61" HEIGHT="27">
						<TextLine ID="line_6" HPOS="527" VPOS="380" WIDTH="61" HEIGHT="27">
							<String ID="string_42" HPOS="527" VPOS="380" WIDTH="11" HEIGHT="27" WC="0.93" CONTENT="8"/><SP WIDTH="17" VPOS="380" HPOS="538"/>
							<String ID="string_43" HPOS="555" VPOS="380" WIDTH="33" HEIGHT="20" WC="0.96" CONTENT="60."/>
						</TextLine>
					</TextBlock>
					<TextBlock ID="block_3" HPOS="183" VPOS="422" WIDTH="751" HEIGHT="268">
						<TextLine ID="line_7" HPOS="251" VPOS="422" WIDTH="683" HEIGHT="28">
							<String ID="string_44" HPOS="251" VPOS="423" WIDTH="57" HEIGHT="21" WC="0.95" CONTENT="Anse"/><SP WIDTH="16" VPOS="423" HPOS="308"/>
							<String ID="string_45" HPOS="324" VPOS="422" WIDTH="53" HEIGHT="28" WC="0.95" CONTENT="gode"/><SP WIDTH="15" VPOS="422" HPOS="377"/>
							<String ID="string_46" HPOS="392" VPOS="423" WIDTH="91" HEIGHT="21" WC="0.93" CONTENT="männen"/><SP WIDTH="15" VPOS="423" HPOS="483"/>
							<String ID="string_47" HPOS="498" VPOS="422" WIDTH="75" HEIGHT="28" WC="0.91" CONTENT="nödigt"/><SP WIDTH="14" VPOS="422" HPOS="573"/>
							<String ID="string_48" HPOS="587" VPOS="423" WIDTH="32" HEIGHT="20" WC="0.96" CONTENT="att"/><SP WIDTH="15" VPOS="423" HPOS="619"/>
							<String ID="string_49" HPOS="634" VPOS="422" WIDTH="54" HEIGHT="22" WC="0.93" CONTENT="höra"/><SP WIDTH="14" VPOS="422" HPOS="688"/>
							<String ID="string_50" HPOS="702" VPOS="422" WIDTH="157" HEIGHT="28" WC="0.91" CONTENT="borgenärerne"/><SP WIDTH="15" VPOS="422" HPOS="859"/>
							<String ID="string_51" HPOS="874" VPOS="422" WIDTH="60" HEIGHT="22" WC="0.95" CONTENT="öfver"/>
						</TextLine>
						<TextLine ID="line_8" HPOS="183" VPOS="456" WIDTH="750" HEIGHT="28">
							<String ID="string_52" HPOS="183" VPOS="456" WIDTH="66" HEIGHT="28" WC="0.96" CONTENT="något"/><SP WIDTH="18" VPOS="456" HPOS="249"/>
							<String ID="string_53" HPOS="267" VPOS="458" WIDTH="67" HEIGHT="24" WC="0.96" CONTENT="ämne,"/><SP WIDTH="20" VPOS="458" HPOS="334"/>
							<String ID="string_54" HPOS="354" VPOS="464" WIDTH="46" HEIGHT="14" WC="0.93" CONTENT="som"/><SP WIDTH="17" VPOS="464" HPOS="400"/>
							<String ID="string_55" HPOS="417" VPOS="456" WIDTH="179" HEIGHT="22" WC="0.91" CONTENT="konkursmassan"/><SP WIDTH="19" VPOS="456" HPOS="596"/>
							<String ID="string_56" HPOS="615" VPOS="456" WIDTH="51" HEIGHT="22" WC="0.96" CONTENT="eller"/><SP WIDTH="19" VPOS="456" HPOS="666"/>
							<String ID="string_57" HPOS="685" VPOS="457" WIDTH="48" HEIGHT="21" WC="0.96" CONTENT="dess"/><SP WIDTH="18" VPOS="457" HPOS="733"/>
							<String ID="string_58" HPOS="751" VPOS="456" WIDTH="129" HEIGHT="28" WC="0.93" CONTENT="förvaltning"/><SP WIDTH="17" VPOS="456" HPOS="880"/>
							<String ID="string_59" HPOS="897" VPOS="458" WIDTH="36" HEIGHT="20" WC="0.92" CONTENT="rö-"/>
						</TextLine>
						<TextLine ID="line_9" HPOS="183" VPOS="490" WIDTH="750" HEIGHT="28">
							<String ID="string_60" HPOS="183" VPOS="499" WIDTH="45" HEIGHT="18" WC="0.93" CONTENT="rer;"/><SP WIDTH="15" VPOS="499" HPOS="228"/>
							<String ID="string_61" HPOS="243" VPOS="491" WIDTH="71" HEIGHT="21" WC="0.92" CONTENT="kallen"/><SP WIDTH="15" VPOS="491" HPOS="314"/>
							<String ID="string_62" HPOS="329" VPOS="490" WIDTH="47" HEIGHT="21" WC="0.96" CONTENT="dem"/><SP WIDTH="15" VPOS="490" HPOS="376"/>
							<String ID="string_63" HPOS="391" VPOS="491" WIDTH="32" HEIGHT="20" WC="0.96" CONTENT="till"/><SP WIDTH="15" VPOS="491" HPOS="423"/>
							<String ID="string_64" HPOS="438" VPOS="491" WIDTH="166" HEIGHT="21" WC="0.93" CONTENT="sammankomst"/><SP WIDTH="15" VPOS="491" HPOS="604"/>
							<String ID="string_65" HPOS="619" VPOS="490" WIDTH="13" HEIGHT="21" WC="0.88" CONTENT="å"/><SP WIDTH="14" VPOS="490" HPOS="632"/>
							<String ID="string_66" HPOS="646" VPOS="492" WIDTH="41" HEIGHT="20" WC="0.96" CONTENT="viss"/><SP WIDTH="15" VPOS="492" HPOS="687"/>
							<String ID="string_67" HPOS="702" VPOS="491" WIDTH="31" HEIGHT="21" WC="0.96" CONTENT="tid"/><SP WIDTH="16" VPOS="491" HPOS="733"/>
							<String ID="string_68" HPOS="749" VPOS="491" WIDTH="40" HEIGHT="21" WC="0.96" CONTENT="och"/><SP WIDTH="14" VPOS="491" HPOS="789"/>
							<String ID="string_69" HPOS="803" VPOS="493" WIDTH="41" HEIGHT="23" WC="0.96" CONTENT="ort,"/><SP WIDTH="12" VPOS="493" HPOS="844"/>
							<String ID="string_70" HPOS="856" VPOS="498" WIDTH="77" HEIGHT="20" WC="0.96" CONTENT="genom"/>
						</TextLine>
						<TextLine ID="line_10" HPOS="184" VPOS="524" WIDTH="749" HEIGHT="28">
							<String ID="string_71" HPOS="184" VPOS="525" WIDTH="133" HEIGHT="27" WC="0.95" CONTENT="kungörelse,"/><SP WIDTH="20" VPOS="525" HPOS="317"/>
							<String ID="string_72" HPOS="337" VPOS="531" WIDTH="44" HEIGHT="15" WC="0.96" CONTENT="som"/><SP WIDTH="20" VPOS="531" HPOS="381"/>
							<String ID="string_73" HPOS="401" VPOS="526" WIDTH="7" HEIGHT="20" WC="0.96" CONTENT="i"/><SP WIDTH="19" VPOS="526" HPOS="408"/>
							<String ID="string_74" HPOS="427" VPOS="526" WIDTH="107" HEIGHT="20" WC="0.93" CONTENT="allmänna"/><SP WIDTH="18" VPOS="526" HPOS="534"/>
							<String ID="string_75" HPOS="552" VPOS="525" WIDTH="136" HEIGHT="27" WC="0.93" CONTENT="tidningarne"/><SP WIDTH="15" VPOS="525" HPOS="688"/>
							<String ID="string_76" HPOS="703" VPOS="525" WIDTH="40" HEIGHT="21" WC="0.95" CONTENT="och"/><SP WIDTH="15" VPOS="525" HPOS="743"/>
							<String ID="string_77" HPOS="758" VPOS="532" WIDTH="71" HEIGHT="14" WC="0.93" CONTENT="annan"/><SP WIDTH="14" VPOS="532" HPOS="829"/>
							<String ID="string_78" HPOS="843" VPOS="524" WIDTH="13" HEIGHT="22" WC="0.89" CONTENT="å"/><SP WIDTH="15" VPOS="524" HPOS="856"/>
							<String ID="string_79" HPOS="871" VPOS="527" WIDTH="62" HEIGHT="19" WC="0.96" CONTENT="orten"/>
						</TextLine>
						<TextLine ID="line_11" HPOS="184" VPOS="558" WIDTH="750" HEIGHT="29">
							<String ID="string_80" HPOS="184" VPOS="559" WIDTH="150" HEIGHT="22" WC="0.91" CONTENT="utkommande"/><SP WIDTH="18" VPOS="559" HPOS="334"/>
							<String ID="string_81" HPOS="352" VPOS="559" WIDTH="83" HEIGHT="28" WC="0.96" CONTENT="tidning"/><SP WIDTH="18" VPOS="559" HPOS="435"/>
							<String ID="string_82" HPOS="453" VPOS="560" WIDTH="40" HEIGHT="21" WC="0.96" CONTENT="bör"/><SP WIDTH="17" VPOS="560" HPOS="493"/>
							<String ID="string_83" HPOS="510" VPOS="559" WIDTH="81" HEIGHT="22" WC="0.96" CONTENT="införas"/><SP WIDTH="18" VPOS="559" HPOS="591"/>
							<String ID="string_84" HPOS="609" VPOS="561" WIDTH="33" HEIGHT="19" WC="0.95" CONTENT="tre"/><SP WIDTH="19" VPOS="561" HPOS="642"/>
							<String ID="string_85" HPOS="661" VPOS="558" WIDTH="86" HEIGHT="29" WC="0.96" CONTENT="gånger,"/><SP WIDTH="20" VPOS="558" HPOS="747"/>
							<String ID="string_86" HPOS="767" VPOS="559" WIDTH="68" HEIGHT="21" WC="0.96" CONTENT="första"/><SP WIDTH="14" VPOS="559" HPOS="835"/>
							<String ID="string_87" HPOS="849" VPOS="558" WIDTH="85" HEIGHT="29" WC="0.95" CONTENT="gången"/>
						</TextLine>
						<TextLine ID="line_12" HPOS="184" VPOS="593" WIDTH="750" HEIGHT="28">
							<String ID="string_88" HPOS="184" VPOS="594" WIDTH="65" HEIGHT="21" WC="0.96" CONTENT="minst"/><SP WIDTH="18" VPOS="594" HPOS="249"/>
							<String ID="string_89" HPOS="267" VPOS="594" WIDTH="79" HEIGHT="27" WC="0.96" CONTENT="fjorton"/><SP WIDTH="19" VPOS="594" HPOS="346"/>
							<String ID="string_90" HPOS="365" VPOS="593" WIDTH="67" HEIGHT="28" WC="0.96" CONTENT="dagar"/><SP WIDTH="17" VPOS="593" HPOS="432"/>
							<String ID="string_91" HPOS="449" VPOS="594" WIDTH="46" HEIGHT="20" WC="0.96" CONTENT="före"/><SP WIDTH="15" VPOS="594" HPOS="495"/>
							<String ID="string_92" HPOS="510" VPOS="594" WIDTH="41" HEIGHT="21" WC="0.96" CONTENT="den"/><SP WIDTH="14" VPOS="594" HPOS="551"/>
							<String ID="string_93" HPOS="565" VPOS="593" WIDTH="33" HEIGHT="21" WC="0.96" CONTENT="till"/><SP WIDTH="15" VPOS="593" HPOS="598"/>
							<String ID="string_94" HPOS="613" VPOS="594" WIDTH="193" HEIGHT="21" WC="0.95" CONTENT="sammankomsten"/><SP WIDTH="15" VPOS="594" HPOS="806"/>
							<String ID="string_95" HPOS="821" VPOS="593" WIDTH="113" HEIGHT="22" WC="0.96" CONTENT="bestämda"/>
						</TextLine>
						<TextLine ID="line_13" HPOS="185" VPOS="627" WIDTH="749" HEIGHT="29">
							<String ID="string_96" HPOS="185" VPOS="629" WIDTH="50" HEIGHT="27" WC="0.96" CONTENT="dag;"/><SP WIDTH="17" VPOS="629" HPOS="235"/>
							<String ID="string_97" HPOS="252" VPOS="628" WIDTH="39" HEIGHT="22" WC="0.96" CONTENT="och"/><SP WIDTH="15" VPOS="628" HPOS="291"/>
							<String ID="string_98" HPOS="306" VPOS="628" WIDTH="55" HEIGHT="21" WC="0.96" CONTENT="skall"/><SP WIDTH="14" VPOS="628" HPOS="361"/>
							<String ID="string_99" HPOS="375" VPOS="629" WIDTH="7" HEIGHT="20" WC="0.96" CONTENT="i"/><SP WIDTH="15" VPOS="629" HPOS="382"/>
							<String ID="string_100" HPOS="397" VPOS="628" WIDTH="141" HEIGHT="27" WC="0.96" CONTENT="kungörelsen"/><SP WIDTH="15" VPOS="628" HPOS="538"/>
							<String ID="string_101" HPOS="553" VPOS="628" WIDTH="68" HEIGHT="22" WC="0.96" CONTENT="tillika"/><SP WIDTH="15" VPOS="628" HPOS="621"/>
							<String ID="string_102" HPOS="636" VPOS="630" WIDTH="98" HEIGHT="24" WC="0.96" CONTENT="utsättas,"/><SP WIDTH="13" VPOS="630" HPOS="734"/>
							<String ID="string_103" HPOS="747" VPOS="630" WIDTH="32" HEIGHT="19" WC="0.96" CONTENT="att"/><SP WIDTH="11" VPOS="630" HPOS="779"/>
							<String ID="string_104" HPOS="790" VPOS="627" WIDTH="144" HEIGHT="23" WC="0.96" CONTENT="frånvarande"/>
						</TextLine>
						<TextLine ID="line_14" HPOS="183" VPOS="661" WIDTH="598" HEIGHT="29">
							<String ID="string_105" HPOS="183" VPOS="663" WIDTH="133" HEIGHT="27" WC="0.95" CONTENT="borgenärer"/><SP WIDTH="14" VPOS="663" HPOS="316"/>
							<String ID="string_106" HPOS="330" VPOS="661" WIDTH="22" HEIGHT="23" WC="0.93" CONTENT="få"/><SP WIDTH="15" VPOS="661" HPOS="352"/>
							<String ID="string_107" HPOS="367" VPOS="663" WIDTH="60" HEIGHT="27" WC="0.92" CONTENT="nöjas"/><SP WIDTH="15" VPOS="663" HPOS="427"/>
							<String ID="string_108" HPOS="442" VPOS="663" WIDTH="48" HEIGHT="21" WC="0.96" CONTENT="med"/><SP WIDTH="16" VPOS="663" HPOS="490"/>
							<String ID="string_109" HPOS="506" VPOS="663" WIDTH="26" HEIGHT="21" WC="0.92" CONTENT="de"/><SP WIDTH="14" VPOS="663" HPOS="532"/>
							<String ID="string_110" HPOS="546" VPOS="663" WIDTH="145" HEIGHT="21" WC="0.92" CONTENT="närvarandes"/><SP WIDTH="13" VPOS="663" HPOS="691"/>
							<String ID="string_111" HPOS="704" VPOS="662" WIDTH="77" HEIGHT="22" WC="0.96" CONTENT="beslut."/>
						</TextLine>
					</TextBlock>
					<TextBlock ID="block_4" HPOS="184" VPOS="696" WIDTH="750" HEIGHT="57">
						<TextLine ID="line_15" HPOS="251" VPOS="696" WIDTH="683" HEIGHT="29">
							<String ID="string_112" HPOS="251" VPOS="698" WIDTH="102" HEIGHT="20" WC="0.96" CONTENT="Kommer"/><SP WIDTH="10" VPOS="698" HPOS="353"/>
							<String ID="string_113" HPOS="363" VPOS="697" WIDTH="47" HEIGHT="21" WC="0.96" CONTENT="icke"/><SP WIDTH="9" VPOS="697" HPOS="410"/>
							<String ID="string_114" HPOS="419" VPOS="696" WIDTH="71" HEIGHT="28" WC="0.92" CONTENT="någon"/><SP WIDTH="11" VPOS="696" HPOS="490"/>
							<String ID="string_115" HPOS="501" VPOS="697" WIDTH="106" HEIGHT="27" WC="0.54" CONTENT="borgenrär"/><SP WIDTH="10" VPOS="697" HPOS="607"/>
							<String ID="string_116" HPOS="617" VPOS="697" WIDTH="116" HEIGHT="27" WC="0.93" CONTENT="tillstädes;"/><SP WIDTH="11" VPOS="697" HPOS="733"/>
							<String ID="string_117" HPOS="744" VPOS="704" WIDTH="53" HEIGHT="21" WC="0.96" CONTENT="egen"/><SP WIDTH="11" VPOS="704" HPOS="797"/>
							<String ID="string_118" HPOS="808" VPOS="697" WIDTH="54" HEIGHT="28" WC="0.93" CONTENT="gode"/><SP WIDTH="11" VPOS="697" HPOS="862"/>
							<String ID="string_119" HPOS="873" VPOS="698" WIDTH="61" HEIGHT="20" WC="0.91" CONTENT="män-"/>
						</TextLine>
						<TextLine ID="line_16" HPOS="184" VPOS="731" WIDTH="194" HEIGHT="22">
							<String ID="string_120" HPOS="184" VPOS="738" WIDTH="43" HEIGHT="15" WC="0.96" CONTENT="nen"/><SP WIDTH="15" VPOS="738" HPOS="227"/>
							<String ID="string_121" HPOS="242" VPOS="733" WIDTH="32" HEIGHT="19" WC="0.96" CONTENT="att"/><SP WIDTH="14" VPOS="733" HPOS="274"/>
							<String ID="string_122" HPOS="288" VPOS="731" WIDTH="90" HEIGHT="22" WC="0.96" CONTENT="besluta."/>
						</TextLine>
					</TextBlock>
					<TextBlock ID="block_5" HPOS="527" VPOS="760" WIDTH="62" HEIGHT="28">
						<TextLine ID="line_17" HPOS="527" VPOS="760" WIDTH="62" HEIGHT="28">
							<String ID="string_123" HPOS="527" VPOS="760" WIDTH="11" HEIGHT="28" WC="0.86" CONTENT="8"/><SP WIDTH="17" VPOS="760" HPOS="538"/>
							<String ID="string_124" HPOS="555" VPOS="762" WIDTH="34" HEIGHT="20" WC="0.90" CONTENT="61."/>
						</TextLine>
					</TextBlock>
					<TextBlock ID="block_6" HPOS="183" VPOS="803" WIDTH="751" HEIGHT="236">
						<TextLine ID="line_18" HPOS="252" VPOS="803" WIDTH="682" HEIGHT="28">
							<String ID="string_125" HPOS="252" VPOS="804" WIDTH="52" HEIGHT="20" WC="0.95" CONTENT="Visa"/><SP WIDTH="18" VPOS="804" HPOS="304"/>
							<String ID="string_126" HPOS="322" VPOS="803" WIDTH="54" HEIGHT="28" WC="0.96" CONTENT="gode"/><SP WIDTH="15" VPOS="803" HPOS="376"/>
							<String ID="string_127" HPOS="391" VPOS="804" WIDTH="50" HEIGHT="20" WC="0.96" CONTENT="män"/><SP WIDTH="14" VPOS="804" HPOS="441"/>
							<String ID="string_128" HPOS="455" VPOS="803" WIDTH="97" HEIGHT="28" WC="0.96" CONTENT="motvilja"/><SP WIDTH="14" VPOS="803" HPOS="552"/>
							<String ID="string_129" HPOS="566" VPOS="804" WIDTH="51" HEIGHT="21" WC="0.96" CONTENT="eller"/><SP WIDTH="14" VPOS="804" HPOS="617"/>
							<String ID="string_130" HPOS="631" VPOS="803" WIDTH="154" HEIGHT="27" WC="0.96" CONTENT="försummelse,"/><SP WIDTH="16" VPOS="803" HPOS="785"/>
							<String ID="string_131" HPOS="801" VPOS="804" WIDTH="51" HEIGHT="21" WC="0.96" CONTENT="eller"/><SP WIDTH="14" VPOS="804" HPOS="852"/>
							<String ID="string_132" HPOS="866" VPOS="805" WIDTH="68" HEIGHT="26" WC="0.96" CONTENT="vägra"/>
						</TextLine>
						<TextLine ID="line_19" HPOS="185" VPOS="838" WIDTH="747" HEIGHT="28">
							<String ID="string_133" HPOS="185" VPOS="838" WIDTH="26" HEIGHT="21" WC="0.96" CONTENT="de"/><SP WIDTH="19" VPOS="838" HPOS="211"/>
							<String ID="string_134" HPOS="230" VPOS="840" WIDTH="32" HEIGHT="19" WC="0.96" CONTENT="att"/><SP WIDTH="18" VPOS="840" HPOS="262"/>
							<String ID="string_135" HPOS="280" VPOS="838" WIDTH="97" HEIGHT="21" WC="0.96" CONTENT="meddela"/><SP WIDTH="18" VPOS="838" HPOS="377"/>
							<String ID="string_136" HPOS="395" VPOS="838" WIDTH="153" HEIGHT="28" WC="0.96" CONTENT="upplysningar"/><SP WIDTH="16" VPOS="838" HPOS="548"/>
							<String ID="string_137" HPOS="564" VPOS="845" WIDTH="33" HEIGHT="14" WC="0.96" CONTENT="om"/><SP WIDTH="15" VPOS="845" HPOS="597"/>
							<String ID="string_138" HPOS="612" VPOS="838" WIDTH="50" HEIGHT="21" WC="0.96" CONTENT="boet"/><SP WIDTH="15" VPOS="838" HPOS="662"/>
							<String ID="string_139" HPOS="677" VPOS="838" WIDTH="40" HEIGHT="21" WC="0.96" CONTENT="och"/><SP WIDTH="16" VPOS="838" HPOS="717"/>
							<String ID="string_140" HPOS="733" VPOS="838" WIDTH="48" HEIGHT="22" WC="0.96" CONTENT="dess"/><SP WIDTH="14" VPOS="838" HPOS="781"/>
							<String ID="string_141" HPOS="795" VPOS="838" WIDTH="137" HEIGHT="27" WC="0.95" CONTENT="förvaltning,"/>
						</TextLine>
						<TextLine ID="line_20" HPOS="185" VPOS="871" WIDTH="749" HEIGHT="29">
							<String ID="string_142" HPOS="185" VPOS="871" WIDTH="28" HEIGHT="22" WC="0.95" CONTENT="då"/><SP WIDTH="20" VPOS="871" HPOS="213"/>
							<String ID="string_143" HPOS="233" VPOS="871" WIDTH="71" HEIGHT="29" WC="0.96" CONTENT="någon"/><SP WIDTH="22" VPOS="871" HPOS="304"/>
							<String ID="string_144" HPOS="326" VPOS="873" WIDTH="24" HEIGHT="21" WC="0.93" CONTENT="af"/><SP WIDTH="20" VPOS="873" HPOS="350"/>
							<String ID="string_145" HPOS="370" VPOS="873" WIDTH="156" HEIGHT="26" WC="0.91" CONTENT="borgenärerne"/><SP WIDTH="20" VPOS="873" HPOS="526"/>
							<String ID="string_146" HPOS="546" VPOS="873" WIDTH="35" HEIGHT="20" WC="0.96" CONTENT="det"/><SP WIDTH="18" VPOS="873" HPOS="581"/>
							<String ID="string_147" HPOS="599" VPOS="873" WIDTH="70" HEIGHT="26" WC="0.93" CONTENT="äskar,"/><SP WIDTH="20" VPOS="873" HPOS="669"/>
							<String ID="string_148" HPOS="689" VPOS="880" WIDTH="37" HEIGHT="20" WC="0.92" CONTENT="ege"/><SP WIDTH="18" VPOS="880" HPOS="726"/>
							<String ID="string_149" HPOS="744" VPOS="873" WIDTH="78" HEIGHT="21" WC="0.90" CONTENT="Rätten"/><SP WIDTH="18" VPOS="873" HPOS="822"/>
							<String ID="string_150" HPOS="840" VPOS="872" WIDTH="94" HEIGHT="21" WC="0.90" CONTENT="tillhålla"/>
						</TextLine>
						<TextLine ID="line_21" HPOS="184" VPOS="907" WIDTH="748" HEIGHT="28">
							<String ID="string_151" HPOS="184" VPOS="907" WIDTH="55" HEIGHT="28" WC="0.95" CONTENT="gode"/><SP WIDTH="17" VPOS="907" HPOS="239"/>
							<String ID="string_152" HPOS="256" VPOS="909" WIDTH="100" HEIGHT="24" WC="0.96" CONTENT="männen,"/><SP WIDTH="18" VPOS="909" HPOS="356"/>
							<String ID="string_153" HPOS="374" VPOS="909" WIDTH="38" HEIGHT="23" WC="0.96" CONTENT="att,"/><SP WIDTH="19" VPOS="909" HPOS="412"/>
							<String ID="string_154" HPOS="431" VPOS="907" WIDTH="57" HEIGHT="21" WC="0.95" CONTENT="inom"/><SP WIDTH="18" VPOS="907" HPOS="488"/>
							<String ID="string_155" HPOS="506" VPOS="909" WIDTH="67" HEIGHT="20" WC="0.95" CONTENT="utsatt"/><SP WIDTH="17" VPOS="909" HPOS="573"/>
							<String ID="string_156" HPOS="590" VPOS="907" WIDTH="38" HEIGHT="26" WC="0.95" CONTENT="tid,"/><SP WIDTH="20" VPOS="907" HPOS="628"/>
							<String ID="string_157" HPOS="648" VPOS="908" WIDTH="32" HEIGHT="20" WC="0.96" CONTENT="sin"/><SP WIDTH="18" VPOS="908" HPOS="680"/>
							<String ID="string_158" HPOS="698" VPOS="907" WIDTH="119" HEIGHT="28" WC="0.96" CONTENT="skyldighet"/><SP WIDTH="15" VPOS="907" HPOS="817"/>
							<String ID="string_159" HPOS="832" VPOS="907" WIDTH="100" HEIGHT="28" WC="0.96" CONTENT="fullgöra."/>
						</TextLine>
						<TextLine ID="line_22" HPOS="183" VPOS="941" WIDTH="750" HEIGHT="28">
							<String ID="string_160" HPOS="183" VPOS="941" WIDTH="56" HEIGHT="22" WC="0.96" CONTENT="Låta"/><SP WIDTH="18" VPOS="941" HPOS="239"/>
							<String ID="string_161" HPOS="257" VPOS="942" WIDTH="26" HEIGHT="21" WC="0.96" CONTENT="de"/><SP WIDTH="18" VPOS="942" HPOS="283"/>
							<String ID="string_162" HPOS="301" VPOS="941" WIDTH="18" HEIGHT="28" WC="0.96" CONTENT="ej"/><SP WIDTH="21" VPOS="941" HPOS="319"/>
							<String ID="string_163" HPOS="340" VPOS="942" WIDTH="32" HEIGHT="27" WC="0.96" CONTENT="sig"/><SP WIDTH="19" VPOS="942" HPOS="372"/>
							<String ID="string_164" HPOS="391" VPOS="941" WIDTH="62" HEIGHT="21" WC="0.96" CONTENT="deraf"/><SP WIDTH="16" VPOS="941" HPOS="453"/>
							<String ID="string_165" HPOS="469" VPOS="943" WIDTH="63" HEIGHT="24" WC="0.93" CONTENT="rätta,"/><SP WIDTH="20" VPOS="943" HPOS="532"/>
							<String ID="string_166" HPOS="552" VPOS="941" WIDTH="61" HEIGHT="28" WC="0.92" CONTENT="skilje"/><SP WIDTH="14" VPOS="941" HPOS="613"/>
							<String ID="string_167" HPOS="627" VPOS="942" WIDTH="77" HEIGHT="21" WC="0.96" CONTENT="Rätten"/><SP WIDTH="16" VPOS="942" HPOS="704"/>
							<String ID="string_168" HPOS="720" VPOS="942" WIDTH="47" HEIGHT="21" WC="0.97" CONTENT="dem"/><SP WIDTH="15" VPOS="942" HPOS="767"/>
							<String ID="string_169" HPOS="782" VPOS="941" WIDTH="48" HEIGHT="22" WC="0.93" CONTENT="från"/><SP WIDTH="15" VPOS="941" HPOS="830"/>
							<String ID="string_170" HPOS="845" VPOS="941" WIDTH="88" HEIGHT="22" WC="0.92" CONTENT="förvalt-"/>
						</TextLine>
						<TextLine ID="line_23" HPOS="184" VPOS="975" WIDTH="747" HEIGHT="29">
							<String ID="string_171" HPOS="184" VPOS="977" WIDTH="85" HEIGHT="26" WC="0.95" CONTENT="ningen,"/><SP WIDTH="19" VPOS="977" HPOS="269"/>
							<String ID="string_172" HPOS="288" VPOS="977" WIDTH="39" HEIGHT="20" WC="0.96" CONTENT="och"/><SP WIDTH="19" VPOS="977" HPOS="327"/>
							<String ID="string_173" HPOS="346" VPOS="976" WIDTH="64" HEIGHT="21" WC="0.96" CONTENT="varde"/><SP WIDTH="15" VPOS="976" HPOS="410"/>
							<String ID="string_174" HPOS="425" VPOS="976" WIDTH="66" HEIGHT="21" WC="0.96" CONTENT="andre"/><SP WIDTH="15" VPOS="976" HPOS="491"/>
							<String ID="string_175" HPOS="506" VPOS="977" WIDTH="55" HEIGHT="27" WC="0.96" CONTENT="gode"/><SP WIDTH="14" VPOS="977" HPOS="561"/>
							<String ID="string_176" HPOS="575" VPOS="978" WIDTH="50" HEIGHT="19" WC="0.96" CONTENT="män"/><SP WIDTH="14" VPOS="978" HPOS="625"/>
							<String ID="string_177" HPOS="639" VPOS="976" WIDTH="88" HEIGHT="22" WC="0.96" CONTENT="tillsatte"/><SP WIDTH="15" VPOS="976" HPOS="727"/>
							<String ID="string_178" HPOS="742" VPOS="975" WIDTH="29" HEIGHT="29" WC="0.97" CONTENT="pä"/><SP WIDTH="14" VPOS="975" HPOS="771"/>
							<String ID="string_179" HPOS="785" VPOS="978" WIDTH="43" HEIGHT="20" WC="0.96" CONTENT="sätt"/><SP WIDTH="14" VPOS="978" HPOS="828"/>
							<String ID="string_180" HPOS="842" VPOS="977" WIDTH="8" HEIGHT="20" WC="0.96" CONTENT="i"/><SP WIDTH="14" VPOS="977" HPOS="850"/>
							<String ID="string_181" HPOS="864" VPOS="977" WIDTH="24" HEIGHT="27" WC="0.89" CONTENT="88"/><SP WIDTH="17" VPOS="977" HPOS="888"/>
							<String ID="string_182" HPOS="905" VPOS="978" WIDTH="26" HEIGHT="20" WC="0.96" CONTENT="51"/>
						</TextLine>
						<TextLine ID="line_24" HPOS="185" VPOS="1011" WIDTH="205" HEIGHT="28">
							<String ID="string_183" HPOS="185" VPOS="1011" WIDTH="40" HEIGHT="21" WC="0.96" CONTENT="och"/><SP WIDTH="16" VPOS="1011" HPOS="225"/>
							<String ID="string_184" HPOS="241" VPOS="1013" WIDTH="26" HEIGHT="19" WC="0.93" CONTENT="52"/><SP WIDTH="16" VPOS="1013" HPOS="267"/>
							<String ID="string_185" HPOS="283" VPOS="1011" WIDTH="62" HEIGHT="28" WC="0.90" CONTENT="sagdt"/><SP WIDTH="15" VPOS="1011" HPOS="345"/>
							<String ID="string_186" HPOS="360" VPOS="1012" WIDTH="30" HEIGHT="20" WC="0.96" CONTENT="är."/>
						</TextLine>
					</TextBlock>
					<TextBlock ID="block_7" HPOS="528" VPOS="1041" WIDTH="60" HEIGHT="27">
						<TextLine ID="line_25" HPOS="528" VPOS="1041" WIDTH="60" HEIGHT="27">
							<String ID="string_187" HPOS="528" VPOS="1041" WIDTH="11" HEIGHT="27" WC="0.73" CONTENT="s"/><SP WIDTH="17" VPOS="1041" HPOS="539"/>
							<String ID="string_188" HPOS="556" VPOS="1041" WIDTH="32" HEIGHT="20" WC="0.95" CONTENT="62."/>
						</TextLine>
					</TextBlock>
					<TextBlock ID="block_8" HPOS="183" VPOS="1082" WIDTH="749" HEIGHT="158">
						<TextLine ID="line_26" HPOS="253" VPOS="1082" WIDTH="679" HEIGHT="28">
							<String ID="string_189" HPOS="253" VPOS="1082" WIDTH="70" HEIGHT="22" WC="0.93" CONTENT="Sedan"/><SP WIDTH="14" VPOS="1082" HPOS="323"/>
							<String ID="string_190" HPOS="337" VPOS="1082" WIDTH="157" HEIGHT="28" WC="0.92" CONTENT="borgenärerne"/><SP WIDTH="15" VPOS="1082" HPOS="494"/>
							<String ID="string_191" HPOS="509" VPOS="1082" WIDTH="13" HEIGHT="22" WC="0.90" CONTENT="ä"/><SP WIDTH="14" VPOS="1082" HPOS="522"/>
							<String ID="string_192" HPOS="536" VPOS="1082" WIDTH="185" HEIGHT="28" WC="0.92" CONTENT="inställelsedagen"/><SP WIDTH="10" VPOS="1082" HPOS="721"/>
							<String ID="string_193" HPOS="731" VPOS="1082" WIDTH="91" HEIGHT="22" WC="0.96" CONTENT="bevakat"/><SP WIDTH="11" VPOS="1082" HPOS="822"/>
							<String ID="string_194" HPOS="833" VPOS="1082" WIDTH="45" HEIGHT="22" WC="0.93" CONTENT="sine"/><SP WIDTH="11" VPOS="1082" HPOS="878"/>
							<String ID="string_195" HPOS="889" VPOS="1083" WIDTH="43" HEIGHT="21" WC="0.92" CONTENT="for-"/>
						</TextLine>
						<TextLine ID="line_27" HPOS="184" VPOS="1116" WIDTH="748" HEIGHT="28">
							<String ID="string_196" HPOS="184" VPOS="1116" WIDTH="94" HEIGHT="28" WC="0.90" CONTENT="dringar,"/><SP WIDTH="19" VPOS="1116" HPOS="278"/>
							<String ID="string_197" HPOS="297" VPOS="1116" WIDTH="70" HEIGHT="28" WC="0.92" CONTENT="väljen"/><SP WIDTH="19" VPOS="1116" HPOS="367"/>
							<String ID="string_198" HPOS="386" VPOS="1116" WIDTH="31" HEIGHT="26" WC="0.93" CONTENT="de,"/><SP WIDTH="19" VPOS="1116" HPOS="417"/>
							<String ID="string_199" HPOS="436" VPOS="1119" WIDTH="59" HEIGHT="19" WC="0.92" CONTENT="utom"/><SP WIDTH="18" VPOS="1119" HPOS="495"/>
							<String ID="string_200" HPOS="513" VPOS="1118" WIDTH="84" HEIGHT="24" WC="0.92" CONTENT="Rätten,"/><SP WIDTH="20" VPOS="1118" HPOS="597"/>
							<String ID="string_201" HPOS="617" VPOS="1118" WIDTH="122" HEIGHT="26" WC="0.93" CONTENT="sysslomän,"/><SP WIDTH="16" VPOS="1118" HPOS="739"/>
							<String ID="string_202" HPOS="755" VPOS="1116" WIDTH="24" HEIGHT="22" WC="0.93" CONTENT="sä"/><SP WIDTH="14" VPOS="1116" HPOS="779"/>
							<String ID="string_203" HPOS="793" VPOS="1116" WIDTH="78" HEIGHT="28" WC="0.92" CONTENT="mänga"/><SP WIDTH="15" VPOS="1116" HPOS="871"/>
							<String ID="string_204" HPOS="886" VPOS="1124" WIDTH="46" HEIGHT="14" WC="0.96" CONTENT="som"/>
						</TextLine>
						<TextLine ID="line_28" HPOS="185" VPOS="1150" WIDTH="747" HEIGHT="28">
							<String ID="string_205" HPOS="185" VPOS="1150" WIDTH="53" HEIGHT="22" WC="0.93" CONTENT="efter"/><SP WIDTH="15" VPOS="1150" HPOS="238"/>
							<String ID="string_206" HPOS="253" VPOS="1151" WIDTH="60" HEIGHT="21" WC="0.96" CONTENT="boets"/><SP WIDTH="15" VPOS="1151" HPOS="313"/>
							<String ID="string_207" HPOS="328" VPOS="1150" WIDTH="146" HEIGHT="22" WC="0.93" CONTENT="beskaffenhet"/><SP WIDTH="14" VPOS="1150" HPOS="474"/>
							<String ID="string_208" HPOS="488" VPOS="1150" WIDTH="78" HEIGHT="28" WC="0.92" CONTENT="nödige"/><SP WIDTH="14" VPOS="1150" HPOS="566"/>
							<String ID="string_209" HPOS="580" VPOS="1150" WIDTH="75" HEIGHT="26" WC="0.96" CONTENT="finnas,"/><SP WIDTH="16" VPOS="1150" HPOS="655"/>
							<String ID="string_210" HPOS="671" VPOS="1152" WIDTH="40" HEIGHT="20" WC="0.93" CONTENT="och"/><SP WIDTH="16" VPOS="1152" HPOS="711"/>
							<String ID="string_211" HPOS="727" VPOS="1150" WIDTH="69" HEIGHT="28" WC="0.92" CONTENT="gifven"/><SP WIDTH="11" VPOS="1150" HPOS="796"/>
							<String ID="string_212" HPOS="807" VPOS="1151" WIDTH="36" HEIGHT="21" WC="0.93" CONTENT="det"/><SP WIDTH="11" VPOS="1151" HPOS="843"/>
							<String ID="string_213" HPOS="854" VPOS="1151" WIDTH="78" HEIGHT="21" WC="0.96" CONTENT="Rätten"/>
						</TextLine>
						<TextLine ID="line_29" HPOS="183" VPOS="1184" WIDTH="749" HEIGHT="29">
							<String ID="string_214" HPOS="183" VPOS="1185" WIDTH="111" HEIGHT="21" WC="0.88" CONTENT="tillkänna."/><SP WIDTH="33" VPOS="1185" HPOS="294"/>
							<String ID="string_215" HPOS="327" VPOS="1184" WIDTH="98" HEIGHT="22" WC="0.77" CONTENT="Derefter"/><SP WIDTH="17" VPOS="1184" HPOS="425"/>
							<String ID="string_216" HPOS="442" VPOS="1185" WIDTH="87" HEIGHT="21" WC="0.92" CONTENT="utfärde"/><SP WIDTH="18" VPOS="1185" HPOS="529"/>
							<String ID="string_217" HPOS="547" VPOS="1185" WIDTH="78" HEIGHT="21" WC="0.94" CONTENT="Rätten"/><SP WIDTH="17" VPOS="1185" HPOS="625"/>
							<String ID="string_218" HPOS="642" VPOS="1185" WIDTH="143" HEIGHT="21" WC="0.96" CONTENT="förordnande"/><SP WIDTH="18" VPOS="1185" HPOS="785"/>
							<String ID="string_219" HPOS="803" VPOS="1185" WIDTH="34" HEIGHT="21" WC="0.93" CONTENT="för"/><SP WIDTH="18" VPOS="1185" HPOS="837"/>
							<String ID="string_220" HPOS="855" VPOS="1186" WIDTH="77" HEIGHT="27" WC="0.93" CONTENT="sysslo-"/>
						</TextLine>
						<TextLine ID="line_30" HPOS="184" VPOS="1220" WIDTH="98" HEIGHT="20">
							<String ID="string_221" HPOS="184" VPOS="1220" WIDTH="98" HEIGHT="20" WC="0.92" CONTENT="männen."/>
						</TextLine>
					</TextBlock>
					<TextBlock ID="block_9" HPOS="527" VPOS="1250" WIDTH="60" HEIGHT="26">
						<TextLine ID="line_31" HPOS="527" VPOS="1250" WIDTH="60" HEIGHT="26">
							<String ID="string_222" HPOS="527" VPOS="1250" WIDTH="11" HEIGHT="26" WC="0.87" CONTENT="8"/><SP WIDTH="16" VPOS="1250" HPOS="538"/>
							<String ID="string_223" HPOS="554" VPOS="1250" WIDTH="33" HEIGHT="20" WC="0.85" CONTENT="63."/>
						</TextLine>
					</TextBlock>
					<TextBlock ID="block_10" HPOS="183" VPOS="1288" WIDTH="750" HEIGHT="99">
						<TextLine ID="line_32" HPOS="251" VPOS="1288" WIDTH="681" HEIGHT="30">
							<String ID="string_224" HPOS="251" VPOS="1290" WIDTH="26" HEIGHT="27" WC="0.96" CONTENT="Ej"/><SP WIDTH="15" VPOS="1290" HPOS="277"/>
							<String ID="string_225" HPOS="292" VPOS="1288" WIDTH="36" HEIGHT="22" WC="0.93" CONTENT="mä"/><SP WIDTH="14" VPOS="1288" HPOS="328"/>
							<String ID="string_226" HPOS="342" VPOS="1289" WIDTH="112" HEIGHT="29" WC="0.92" CONTENT="borgenär,"/><SP WIDTH="16" VPOS="1289" HPOS="454"/>
							<String ID="string_227" HPOS="470" VPOS="1298" WIDTH="46" HEIGHT="14" WC="0.96" CONTENT="som"/><SP WIDTH="14" VPOS="1298" HPOS="516"/>
							<String ID="string_228" HPOS="530" VPOS="1291" WIDTH="32" HEIGHT="21" WC="0.96" CONTENT="till"/><SP WIDTH="16" VPOS="1291" HPOS="562"/>
							<String ID="string_229" HPOS="578" VPOS="1291" WIDTH="41" HEIGHT="27" WC="0.97" CONTENT="god"/><SP WIDTH="10" VPOS="1291" HPOS="619"/>
							<String ID="string_230" HPOS="629" VPOS="1298" WIDTH="50" HEIGHT="14" WC="0.96" CONTENT="man"/><SP WIDTH="12" VPOS="1298" HPOS="679"/>
							<String ID="string_231" HPOS="691" VPOS="1291" WIDTH="51" HEIGHT="21" WC="0.93" CONTENT="eller"/><SP WIDTH="12" VPOS="1291" HPOS="742"/>
							<String ID="string_232" HPOS="754" VPOS="1291" WIDTH="118" HEIGHT="27" WC="0.93" CONTENT="syssloman"/><SP WIDTH="10" VPOS="1291" HPOS="872"/>
							<String ID="string_233" HPOS="882" VPOS="1291" WIDTH="50" HEIGHT="21" WC="0.96" CONTENT="vald"/>
						</TextLine>
						<TextLine ID="line_33" HPOS="183" VPOS="1323" WIDTH="750" HEIGHT="30">
							<String ID="string_234" HPOS="183" VPOS="1324" WIDTH="31" HEIGHT="26" WC="0.95" CONTENT="är,"/><SP WIDTH="20" VPOS="1324" HPOS="214"/>
							<String ID="string_235" HPOS="234" VPOS="1323" WIDTH="69" HEIGHT="22" WC="0.93" CONTENT="denna"/><SP WIDTH="17" VPOS="1323" HPOS="303"/>
							<String ID="string_236" HPOS="320" VPOS="1324" WIDTH="120" HEIGHT="28" WC="0.92" CONTENT="befattning"/><SP WIDTH="18" VPOS="1324" HPOS="440"/>
							<String ID="string_237" HPOS="458" VPOS="1325" WIDTH="32" HEIGHT="27" WC="0.93" CONTENT="sig"/><SP WIDTH="14" VPOS="1325" HPOS="490"/>
							<String ID="string_238" HPOS="504" VPOS="1324" WIDTH="147" HEIGHT="28" WC="0.92" CONTENT="undandraga,"/><SP WIDTH="15" VPOS="1324" HPOS="651"/>
							<String ID="string_239" HPOS="666" VPOS="1327" WIDTH="52" HEIGHT="19" WC="0.97" CONTENT="utan"/><SP WIDTH="14" VPOS="1327" HPOS="718"/>
							<String ID="string_240" HPOS="732" VPOS="1325" WIDTH="43" HEIGHT="22" WC="0.92" CONTENT="han"/><SP WIDTH="15" VPOS="1325" HPOS="775"/>
							<String ID="string_241" HPOS="790" VPOS="1325" WIDTH="57" HEIGHT="22" WC="0.92" CONTENT="visar"/><SP WIDTH="15" VPOS="1325" HPOS="847"/>
							<String ID="string_242" HPOS="862" VPOS="1326" WIDTH="71" HEIGHT="27" WC="0.93" CONTENT="giltigt"/>
						</TextLine>
						<TextLine ID="line_34" HPOS="183" VPOS="1358" WIDTH="713" HEIGHT="29">
							<String ID="string_243" HPOS="183" VPOS="1358" WIDTH="46" HEIGHT="22" WC="0.90" CONTENT="skäl"/><SP WIDTH="16" VPOS="1358" HPOS="229"/>
							<String ID="string_244" HPOS="245" VPOS="1358" WIDTH="70" HEIGHT="22" WC="0.82" CONTENT="dertill"/><SP WIDTH="16" VPOS="1358" HPOS="315"/>
							<String ID="string_245" HPOS="331" VPOS="1358" WIDTH="51" HEIGHT="22" WC="0.93" CONTENT="eller"/><SP WIDTH="15" VPOS="1358" HPOS="382"/>
							<String ID="string_246" HPOS="397" VPOS="1359" WIDTH="84" HEIGHT="27" WC="0.92" CONTENT="afsäger"/><SP WIDTH="15" VPOS="1359" HPOS="481"/>
							<String ID="string_247" HPOS="496" VPOS="1360" WIDTH="32" HEIGHT="27" WC="0.93" CONTENT="sig"/><SP WIDTH="16" VPOS="1360" HPOS="528"/>
							<String ID="string_248" HPOS="544" VPOS="1359" WIDTH="131" HEIGHT="28" WC="0.96" CONTENT="delaktighet"/><SP WIDTH="13" VPOS="1359" HPOS="675"/>
							<String ID="string_249" HPOS="688" VPOS="1360" WIDTH="8" HEIGHT="20" WC="0.93" CONTENT="i"/><SP WIDTH="14" VPOS="1360" HPOS="696"/>
							<String ID="string_250" HPOS="710" VPOS="1360" WIDTH="186" HEIGHT="22" WC="0.92" CONTENT="konkursmassan."/>
						</TextLine>
					</TextBlock>
				</ComposedBlock>
				<ComposedBlock ID="cblock_2" HPOS="526" VPOS="1406" WIDTH="61" HEIGHT="26">
					<TextBlock ID="block_11" HPOS="526" VPOS="1406" WIDTH="61" HEIGHT="26">
						<TextLine ID="line_35" HPOS="526" VPOS="1406" WIDTH="61" HEIGHT="26">
							<String ID="string_251" HPOS="526" VPOS="1406" WIDTH="12" HEIGHT="26" WC="0.81" CONTENT="8"/><SP WIDTH="16" VPOS="1406" HPOS="538"/>
							<String ID="string_252" HPOS="554" VPOS="1406" WIDTH="33" HEIGHT="20" WC="0.88" CONTENT="64."/>
						</TextLine>
					</TextBlock>
				</ComposedBlock>
				<ComposedBlock ID="cblock_3" HPOS="184" VPOS="1447" WIDTH="748" HEIGHT="66">
					<TextBlock ID="block_12" HPOS="184" VPOS="1447" WIDTH="748" HEIGHT="66">
						<TextLine ID="line_36" HPOS="251" VPOS="1447" WIDTH="681" HEIGHT="31">
							<String ID="string_253" HPOS="251" VPOS="1447" WIDTH="161" HEIGHT="28" WC="0.91" CONTENT="Borgenärerne"/><SP WIDTH="18" VPOS="1447" HPOS="412"/>
							<String ID="string_254" HPOS="430" VPOS="1455" WIDTH="38" HEIGHT="20" WC="0.92" CONTENT="ege"/><SP WIDTH="18" VPOS="1455" HPOS="468"/>
							<String ID="string_255" HPOS="486" VPOS="1455" WIDTH="14" HEIGHT="13" WC="0.81" CONTENT="ä"/><SP WIDTH="17" VPOS="1455" HPOS="500"/>
							<String ID="string_256" HPOS="517" VPOS="1448" WIDTH="186" HEIGHT="28" WC="0.91" CONTENT="inställelsedagen"/><SP WIDTH="19" VPOS="1448" HPOS="703"/>
							<String ID="string_257" HPOS="722" VPOS="1448" WIDTH="51" HEIGHT="22" WC="0.95" CONTENT="eller"/><SP WIDTH="15" VPOS="1448" HPOS="773"/>
							<String ID="string_258" HPOS="788" VPOS="1449" WIDTH="71" HEIGHT="27" WC="0.93" CONTENT="sedan,"/><SP WIDTH="16" VPOS="1449" HPOS="859"/>
							<String ID="string_259" HPOS="875" VPOS="1450" WIDTH="57" HEIGHT="28" WC="0.95" CONTENT="gifva"/>
						</TextLine>
						<TextLine ID="line_37" HPOS="184" VPOS="1482" WIDTH="748" HEIGHT="31">
							<String ID="string_260" HPOS="184" VPOS="1482" WIDTH="158" HEIGHT="28" WC="0.92" CONTENT="sysslomännen"/><SP WIDTH="22" VPOS="1482" HPOS="342"/>
							<String ID="string_261" HPOS="364" VPOS="1482" WIDTH="115" HEIGHT="27" WC="0.88" CONTENT="föreskrift,"/><SP WIDTH="23" VPOS="1482" HPOS="479"/>
							<String ID="string_262" HPOS="502" VPOS="1483" WIDTH="107" HEIGHT="22" WC="0.91" CONTENT="hvarefter"/><SP WIDTH="22" VPOS="1483" HPOS="609"/>
							<String ID="string_263" HPOS="631" VPOS="1484" WIDTH="26" HEIGHT="21" WC="0.93" CONTENT="de"/><SP WIDTH="18" VPOS="1484" HPOS="657"/>
							<String ID="string_264" HPOS="675" VPOS="1484" WIDTH="32" HEIGHT="21" WC="0.92" CONTENT="uti"/><SP WIDTH="18" VPOS="1484" HPOS="707"/>
							<String ID="string_265" HPOS="725" VPOS="1484" WIDTH="157" HEIGHT="29" WC="0.96" CONTENT="förvaltningen"/><SP WIDTH="18" VPOS="1484" HPOS="882"/>
							<String ID="string_266" HPOS="900" VPOS="1486" WIDTH="32" HEIGHT="27" WC="0.96" CONTENT="sig"/>
						</TextLine>
					</TextBlock>
				</ComposedBlock>
			</PrintSpace>
		</Page>
	</Layout>
</alto>
