1003 1725
204 157 44 17 1334
404 154 71 24 Nädiga
485 156 138 22 Propositionen
635 155 33 17 N:o
682 154 28 17 26.

565 216 14 22 8
593 218 20 28 $.

306 262 140 21 Försummar
460 260 229 29 inteckningssökande
705 264 33 17 att
753 267 33 14 om
800 260 34 21 sin
853 258 77 23 ansök-

247 297 54 28 ning
323 296 130 22 underrätta
475 295 127 27 svaranden,
621 296 68 28 enligt
711 295 56 21 hvad
789 295 65 29 ofvan
872 295 58 21 stad-

249 331 54 29 gadt
319 333 33 24 är,
368 331 38 21 och
420 331 60 20 visar
496 331 19 28 ej
531 331 51 27 laga
595 330 84 29 förfall
694 330 86 21 sednast
795 330 13 20 å
824 329 40 21 den
880 329 49 28 dag,

249 373 44 14 som
311 366 59 21 varit
387 366 41 28 för
447 365 118 21 svaromåls
589 364 124 29 afgifvande
736 364 106 25 bestämd;
864 363 66 21 varde

250 399 147 28 ansökningen
408 400 43 29 för
465 399 40 22 den
520 399 85 28 gången
620 399 104 28 afslagen,
739 401 54 18 utan
808 398 25 21 så
848 399 34 26 är,
898 401 33 17 att

248 435 102 28 yttrande
365 434 100 29 deröfver
481 433 68 22 likväl
565 433 24 29 af
602 433 120 22 svaranden
737 433 106 29 aflemnas.

373 477 13 16 7

375 494 4 7 '
512 493 14 22 9
542 494 39 21 och
595 493 27 22 10
638 494 32 28 $$.

515 537 153 23 Oförändrade.

563 598 57 30 1$.

308 642 75 22 Nekar
399 643 121 21 svaranden
535 644 36 20 till
585 642 132 29 riktigheten
730 643 25 29 af
764 644 40 20 den
820 644 111 28 handling,

252 678 84 28 hvarpå
354 677 255 29 inteckningsansökning
627 678 103 27 grundas,
750 678 51 21 eller
824 679 42 27 gör
889 678 43 21 han

251 716 56 18 emot
321 712 117 21 sökandens
458 712 95 28 anspråk
569 715 67 17 annat
650 712 79 20 sådant
744 713 43 29 jäf,
802 716 33 17 att
850 712 82 21 Rätten

245 748 66 28 förty
323 747 74 27 finner
412 746 64 22 saken
492 747 85 28 tvistig;
593 747 71 21 anvise
680 746 80 22 Rätten
776 746 108 22 sökanden
900 750 32 18 att

251 789 76 22 genom
343 783 50 27 laga
406 782 118 29 rättegång
539 781 74 29 styrka
629 781 126 28 anspråkets
770 782 111 29 riktighet,
894 783 38 20 och

252 817 84 25 beslute,
352 817 50 28 ifall
420 817 108 20 sökanden
547 817 76 20 ställer
639 816 80 28 borgen
731 817 42 28 för
789 817 90 21 kostnad
894 817 38 21 och

251 851 74 26 skada,
338 855 32 16 att
381 851 46 20 med
437 851 227 28 inteckningsfrågans
676 851 119 28 afgörande
808 851 55 22 skall
876 852 56 26 bero,

251 886 25 21 så
295 887 63 26 länge
377 885 107 22 sökanden
503 886 99 28 derefter,
618 886 13 20 å
650 886 72 21 landet
740 887 38 20 vid
797 886 74 29 hvarje
888 887 46 27 lag-

252 921 54 20 tima
321 921 47 27 ting
384 920 38 21 och
436 921 9 20 i
461 921 74 20 staden
550 921 66 20 minst
631 927 25 14 en
670 921 59 27 gång
745 921 73 28 hvarje
830 921 57 28 halft
899 922 33 25 år,

251 955 61 20 visar
328 958 32 17 att
379 954 67 21 sådan
465 955 117 28 rättegång
601 955 27 20 är
647 955 37 20 vid
703 955 92 21 domstol
814 955 118 28 anhängig.

256 988 85 22 Varder
359 989 118 20 sökandens
497 988 94 29 anspråk
609 995 75 21 genom
703 989 51 28 laga
773 988 61 30 kraft
852 989 80 28 egande

252 1024 93 20 domslut
362 1023 112 28 godkändt
492 1023 38 22 och
547 1023 218 28 inteckningsfrågan
783 1024 93 27 derefter
896 1024 37 21 hos

252 1057 82 22 Rätten
349 1057 53 28 ånyo
419 1057 94 26 anmäld,
529 1059 10 19 i
553 1058 48 20 stad
616 1058 58 20 inom
683 1057 56 29 fyra
753 1058 104 21 månader
870 1058 38 21 och
919 1059 14 20 å

253 1092 73 21 landet
345 1093 39 20 sist
401 1092 36 21 vid
455 1092 36 21 det
510 1093 91 28 lagtima
620 1092 52 28 ting,
689 1099 45 14 som
753 1093 53 28 efter
818 1093 56 28 fyra
889 1093 45 20 må-

252 1127 79 20 naders
348 1126 93 29 förlopp
457 1127 63 28 först
538 1127 102 28 infaller;
659 1133 36 21 ege
713 1126 82 21 Rätten
812 1127 40 20 den
871 1127 62 21 sökta

252 1160 150 28 inteckningen
411 1161 127 28 fastställa;
553 1168 46 14 men
614 1161 60 28 eljest
688 1162 67 20 varde
771 1161 118 22 sökandens
901 1162 33 20 be-

252 1197 73 27 gäran
340 1195 103 29 afslagen.

563 1240 27 22 12
604 1242 20 27 $.

505 1282 141 22 Oförändrad.

563 1342 27 22 13
604 1343 20 28 $.

310 1385 51 22 Har
373 1386 183 29 fastighetsegare
572 1386 98 29 uppbörd
689 1387 52 22 eller
753 1387 142 30 förvaltning
910 1389 26 29 af

254 1421 94 22 kronans
367 1422 51 21 eller
438 1422 81 20 allmän
537 1422 135 29 inrättnings
694 1423 78 26 medel;
794 1423 28 22 dä
844 1424 42 26 mä,
902 1424 32 29 pä

254 1456 121 29 ansökning
394 1456 25 29 af
435 1457 40 20 den
493 1456 131 29 myndighet,
644 1464 43 14 som
709 1465 50 21 eger
778 1459 74 28 tillsyn
874 1460 60 28 öfver

254 1492 69 21 sådan
340 1491 165 28 uppbdördsman,
524 1491 124 29 inteckning
666 1492 10 20 i
690 1492 137 28 fastigheten
845 1493 89 30 beviljas
