1020 1717
324 152 85 16 Finlands
421 151 84 17 Ständers
517 152 66 16 Beslut.
762 150 41 16 1761

80 214 72 27 dighet
171 215 32 20 att
220 214 82 21 brottet
319 213 103 22 föröfvats
440 215 44 20 mot
502 213 165 28 landtdagsman
689 212 70 22 såsom
781 219 48 21 syn-

79 248 95 27 nerligen
193 247 137 22 försvårande
349 248 86 21 ansedd.
468 248 44 27 Lag
531 254 82 14 samma
632 247 55 26 gälle
705 247 7 20 i
731 247 98 21 afseende

80 282 13 21 å
107 281 100 22 ståndens
223 282 40 20 och
278 281 119 22 utskottens
411 282 132 21 sekreterare
558 281 40 21 och
612 281 115 27 betjening.

423 342 12 27 8
452 343 32 19 10.

148 384 156 27 Ridderskapet
322 384 40 21 och
380 384 68 21 Adeln
467 383 91 22 infinner
576 383 33 28 sig
626 383 33 21 till
677 383 104 28 landtdag
795 390 36 14 en-

80 419 40 28 ligt
137 418 247 27 Riddarhusordningen,
402 418 84 21 hvilken
505 418 39 21 bör
559 425 52 14 vara
629 417 91 22 affattad
739 418 7 21 i
765 417 66 28 enlig-

81 453 37 22 het
132 453 49 21 med
196 453 164 27 grundlagarne.

427 507 11 27 8
455 509 32 19 11.

149 549 161 22 Presteståndet
319 551 87 26 utgöres
418 550 30 21 af:
463 549 162 28 Erkebiskopen
640 550 40 21 och
694 549 139 28 Biskoparne,

82 584 71 21 hvilka
174 585 87 21 inställa
282 585 32 27 sig
335 583 30 29 på
385 585 104 27 Kejsaren
512 585 39 21 och
574 584 142 22 Storfurstens
738 584 94 26 kallelse,

83 621 55 19 samt
156 619 65 22 minst
238 619 95 27 följande
348 619 59 21 antal
421 619 133 27 fullmäktige
568 619 34 21 för
617 619 74 27 hvarje
705 618 52 26 stift,
772 619 62 21 valde

84 652 23 22 af
121 652 76 22 stiftets
216 653 48 21 med
283 653 107 21 ordinarie
410 653 81 21 embete
506 652 52 22 eller
572 653 66 27 tjenst
652 652 98 22 försedde
765 655 69 25 prest-

83 688 56 25 män,
155 688 106 27 nemligen
276 688 34 21 för
325 681 46 27 Åbo
387 688 46 20 stift
449 689 32 25 12,
500 688 34 21 för
548 686 72 29 Borgå
639 687 45 21 stift
700 689 26 19 10
746 688 40 20 och
800 687 35 22 för

84 721 85 28 Kuopio
185 722 45 20 stift
246 723 19 19 6.

151 756 81 21 Lärare
247 756 40 21 och
302 756 107 22 ordinarie
423 756 128 28 tjenstemän
562 756 35 21 vid
608 755 83 21 landets
706 756 130 21 Universitet

85 790 59 22 skola
158 792 48 19 utse
221 798 26 14 en
265 790 166 28 landtdagsman
445 791 7 20 i
467 789 166 27 Presteståndet,
653 790 53 21 dock
724 790 48 21 med
791 791 44 20 rät-

84 825 68 27 tighet
166 826 38 24 att,
220 832 35 14 om
270 824 25 22 de
310 825 36 21 det
361 824 96 26 åstunda,
473 825 63 21 ställa
550 823 35 23 två
604 824 139 28 fullmäktige.
772 824 63 21 Lika-

85 859 58 21 ledes
161 858 60 22 skola
240 859 97 27 samtlige
356 859 107 21 ordinarie
481 859 71 21 lärare
570 858 36 22 vid
627 859 209 21 elementarlärover-

85 893 48 26 ken,
147 892 58 28 välja
219 893 165 27 landtdagsmän
402 893 7 21 i
424 892 165 26 Presteståndet,
605 900 26 14 en
646 893 34 21 för
694 893 75 27 hvarje
784 893 52 25 stift,

87 934 47 14 men
149 928 78 25 kunna,
243 935 34 14 om
293 928 25 21 de
333 927 24 22 så
372 928 72 25 önska,
459 930 47 19 utse
521 927 37 22 två
572 927 139 27 fullmäktige.

155 962 40 21 Om
210 964 43 19 sätt
269 962 39 22 och
324 962 90 28 ordning
428 962 34 21 för
477 962 61 21 valen
556 962 58 21 inom
630 962 25 21 de
671 962 105 22 särskilda
791 962 46 21 stif-

87 998 36 20 ten
137 995 36 22 må
188 996 26 21 de
229 996 99 28 väljande
342 997 32 27 sig
390 996 90 22 emellan
495 996 188 22 öfverenskomma.

433 1057 12 26 s
462 1058 32 19 12.

156 1097 181 29 Borgareståndet
351 1099 86 27 utgöres
452 1099 24 20 af
492 1098 133 28 fullmäktige
643 1098 34 21 för
694 1098 83 22 landets
796 1100 44 19 stä-

90 1133 38 21 der
146 1132 99 21 sålunda:
270 1135 32 19 att
323 1133 33 21 för
377 1133 74 27 hvarje
470 1133 47 22 stad
535 1133 66 28 väljes
621 1141 25 13 en
668 1133 171 28 landtdagsman,

89 1173 49 15 men
151 1166 86 29 uppgår
251 1167 151 28 folkmängden
417 1167 53 21 efter
485 1167 186 28 mantalslängden
689 1167 33 22 till
741 1170 99 19 sextusen

89 1207 102 21 personer
206 1201 67 27 väljas
288 1200 36 23 två
338 1202 41 20 och
398 1202 120 21 derutöfver
534 1209 25 14 en
574 1202 33 21 för
622 1202 73 27 hvarje
710 1201 49 22 fullt
773 1203 31 20 tal
819 1202 24 21 af

91 1236 62 25 6,000
171 1243 112 19 personer;
303 1235 53 22 dock
375 1235 35 22 må
429 1236 47 21 stad
495 1236 49 21 med
562 1236 82 21 mindre
662 1237 28 20 än
706 1237 61 24 1,500
782 1235 58 22 invå-

90 1276 52 15 nare
157 1270 100 27 antingen
273 1270 33 21 för
320 1270 33 27 sig
368 1270 63 21 ställa
446 1270 90 21 särskild
551 1270 120 27 fullmäktig
687 1270 50 21 eller
749 1270 39 21 ock
799 1270 43 21 för-

92 1311 40 14 ena
146 1304 33 27 sig
197 1312 34 13 om
249 1311 121 20 gemensam
388 1304 164 28 landtdagsman
570 1305 48 21 med
634 1312 70 14 annan
719 1305 54 26 stad,
789 1305 53 21 hvil-

91 1338 47 25 ken,
155 1339 66 26 enligt
235 1339 56 20 hvad
305 1339 39 20 här
360 1340 24 19 är
399 1339 69 26 sagdt,
483 1339 42 20 kan
540 1339 33 20 till
587 1339 130 26 landtdagen
728 1339 68 20 sända
807 1347 36 12 en-

93 1371 48 22 dast
156 1379 25 13 en
197 1372 124 27 deputerad.

160 1406 125 28 Berättigad
307 1408 33 20 att
360 1406 7 21 i
385 1406 55 22 valet
460 1406 85 28 deltaga
563 1407 47 21 äro:
633 1406 98 28 borgare,
755 1406 88 28 skepps-

94 1441 81 27 redare,
191 1441 161 27 fabriksidkare,
367 1441 75 22 idkare
457 1441 23 22 af
492 1441 67 28 yrken
574 1440 29 29 på
617 1441 70 28 grund
702 1441 24 22 af
738 1441 107 22 särskilda
