998 1720
207 156 44 18 1276
410 154 73 23 Nådiga
493 156 139 20 Propositionen
643 155 36 17 N:o
691 155 29 16 25.

561 218 13 28 $
589 215 39 23 29.

310 261 123 29 Borgenär,
449 266 46 16 som
509 262 20 28 ej
540 261 14 21 å
564 260 190 29 inställelsedägen
765 259 52 23 eller
823 260 68 29 förut
902 261 35 21 sin

251 296 96 27 fordran
362 296 37 21 hos
414 295 82 22 Rätten
510 296 116 28 uppgifvit,
639 296 32 28 pä
686 296 45 20 sätt
742 295 10 21 i
762 295 12 28 $
785 294 29 22 24
826 296 28 20 är
864 294 71 29 sagdt,

254 330 62 30 hafve
332 330 102 30 förlorat
457 330 30 22 all
505 331 48 20 rätt
568 331 36 20 till
619 329 110 29 betalning
744 335 27 16 ur
788 329 149 22 konkursmas-

254 372 46 20 san,
321 368 60 18 utom
399 366 9 20 i
425 364 25 22 de
460 365 53 29 fall,
530 370 44 16 som
588 366 10 20 i
612 364 27 29 $$
654 362 38 29 30,
708 364 32 27 31,
756 361 38 30 32,
810 363 31 22 33
856 364 39 21 och
909 362 28 22 48

253 400 98 21 nämnas.
379 395 35 25 Är
437 400 118 28 borgenärs
571 399 99 29 fordran
691 399 124 29 uppgifven,
833 406 48 14 men
896 398 41 22 har

254 434 44 21 han
317 434 172 28 borgenärseden
506 434 46 21 icke
570 434 72 29 aflagt,
662 434 58 25 eller,
737 441 33 14 om
786 434 42 21 han
843 435 35 20 sin
886 433 52 30 for-

255 469 58 21 dran
335 469 104 28 becdigat,
463 469 68 21 likväl
544 468 123 22 underlätit
682 472 33 17 att
730 469 57 20 bevis
802 469 81 26 derom,
899 468 38 22 der

254 503 79 21 sädant
342 503 100 29 fordras,
459 504 36 21 till
510 503 80 21 Rätten
604 503 92 28 ingifva,
711 504 60 20 inom
786 503 40 21 den
841 503 39 26 tid,
893 509 45 15 som

254 537 95 28 stadgad
371 539 27 19 är
421 539 51 19 eller
495 537 76 21 honom
582 537 107 29 förelagd
708 537 80 29 blifvit,
804 538 52 20 eller
870 538 68 28 gitter

255 572 43 21 han
313 572 20 28 ej
348 572 51 21 eden
414 572 40 28 gä;
468 578 52 15 vare
536 573 36 27 lag
587 579 88 13 samma.

313 606 50 21 Kan
382 607 90 28 edgäng,
482 607 42 29 för
540 607 69 28 laglig
625 606 70 27 orsak,
712 606 108 29 borgenär
836 606 20 30 ej
872 606 67 21 ombe-

256 644 51 24 tros,
323 642 59 28 mjute
397 641 53 21 dock
467 648 80 14 samma
558 642 54 26 rätt,
625 648 45 14 som
681 641 53 21 hade
746 642 44 20 han
801 641 52 21 eden
865 641 73 29 aflagt.

564 713 12 28 s
596 714 32 20 30.

527 747 143 22 Oförändrad.

566 811 13 27 $
594 809 34 21 31.

317 852 85 22 Varder
423 853 70 21 under
515 852 121 21 konkursen
656 854 88 28 yppadt,
768 857 33 18 att
823 853 116 30 borgenär,

256 894 45 15 som
321 887 40 21 har
375 887 127 28 inteckning
516 889 10 20 i
534 887 51 29 fast
600 888 108 27 egendom,
724 888 19 29 ej
758 888 90 22 erhållit
862 889 79 21 under-

255 923 91 20 rättelse
365 929 34 13 om
417 922 41 21 den
472 921 118 30 utfärdade
606 922 112 29 ofentliga
732 924 138 27 stämningen
885 923 55 29 efter

256 957 12 28 $
286 955 41 27 20;
346 957 42 20 låte
404 956 29 21 dä
449 956 80 21 Rätten
544 957 76 20 honom
636 957 36 21 till
680 957 85 28 förhör
780 959 10 19 i
804 958 72 29 öfrige
892 957 49 22 bor-

256 992 131 28 genärernes
406 991 52 20 eller
477 991 64 21 deras
558 991 127 28 sysslomäns
700 993 97 19 närvaro
814 991 76 27 kallas,
907 996 34 17 att

256 1025 35 21 sin
312 1026 48 20 rätt
378 1025 111 28 uppgifva,
509 1024 75 30 styrka
603 1024 38 22 och
660 1025 85 28 edligen
754 1026 71 28 fästa.
854 1026 49 22 Får
921 1027 20 29 ej

256 1060 109 28 borgenär
388 1060 69 20 sådan
479 1058 93 28 kallelse,
596 1060 68 28 hafve,
682 1063 54 18 utan
757 1060 78 22 kinder
850 1061 26 29 af
889 1060 52 22 kon-

256 1093 86 27 kursen,
364 1094 51 27 laga
436 1095 48 19 rätt
502 1094 10 20 i
530 1094 40 21 den
579 1094 43 28 för
638 1094 52 21 hans
699 1094 101 28 fordran
813 1094 128 23 intecknade

256 1128 134 28 egendomen.

567 1173 13 28 $
595 1172 38 22 32.

313 1216 124 28 Borgenär,
459 1217 41 20 den
522 1216 38 21 der
583 1216 41 21 har
647 1216 135 29 lösegendom
800 1218 70 20 säsom
883 1221 59 25 pant

256 1251 53 21 eller
331 1251 60 28 eljest
413 1250 69 20 under
497 1251 106 27 panträtt
617 1251 10 19 i
642 1250 98 26 handom,
760 1252 62 27 hafve
838 1252 20 27 ej
866 1252 75 28 förlo-

255 1288 38 17 rat
312 1285 34 20 sin
365 1285 47 19 rätt
431 1285 36 19 till
481 1283 41 22 den
537 1284 107 28 egendom,
655 1285 65 28 förty
736 1288 33 17 att
784 1285 40 20 den
834 1286 106 28 fordran,

250 1319 42 28 för
316 1318 85 21 hvilken
424 1318 43 20 han
481 1319 106 27 panträtt
604 1318 49 21 deri
671 1325 56 22 eger,
744 1319 20 28 ej
779 1318 73 30 blifvit
867 1320 25 22 sä
908 1320 33 22 be-

255 1353 78 26 vakad,
354 1360 44 14 som
416 1354 9 19 i
444 1353 11 27 $
473 1351 29 22 24
517 1354 61 27 sägs;
592 1361 52 13 vare
659 1353 53 22 dock
728 1354 20 29 ej
763 1354 126 30 berättigad
905 1356 36 21 till

256 1389 137 28 godtgörelse
407 1395 28 14 ur
451 1388 40 20 den
502 1391 116 25 pantsatta
634 1389 127 28 egendomen
770 1389 62 29 förr,
850 1391 28 20 än
890 1390 50 28 han,

257 1430 34 14 om
313 1422 79 22 sädant
415 1423 25 28 af
460 1422 25 21 de
505 1422 71 21 andra
594 1423 159 28 borgenärerne
770 1424 51 21 eller
836 1425 105 28 gäldenä-

255 1465 40 14 ren
318 1457 70 27 äskas,
404 1457 142 29 fordringen.
563 1458 24 21 sä
610 1457 95 30 bestyrkt
720 1459 39 21 och
774 1459 105 29 beedigat,
895 1468 46 14 som

250 1492 42 29 för
308 1494 51 26 laga
374 1492 121 28 bevakning
509 1492 105 29 stadgadt
629 1494 33 20 är.
