<?xml version="1.0" encoding="UTF-8"?>
<alto xmlns="http://www.loc.gov/standards/alto/ns-v3#" xmlns:xlink="http://www.w3.org/1999/xlink" xmlns:xsi="http://www.w3.org/2001/XMLSchema-instance" xsi:schemaLocation="http://www.loc.gov/standards/alto/ns-v3# http://www.loc.gov/alto/v3/alto-3-0.xsd">
	<Description>
		<MeasurementUnit>pixel</MeasurementUnit>
		<sourceImageInformation>
			<fileName>/tmp/tess_s813a41t_input.PNG</fileName>
		</sourceImageInformation>
		<OCRProcessing ID="OCR_0">
			<ocrProcessingStep>
				<processingSoftware>
					<softwareName>tesseract 5.3.4</softwareName>
				</processingSoftware>
			</ocrProcessingStep>
		</OCRProcessing>
	</Description>
	<Layout>
		<Page WIDTH="1017" HEIGHT="1723" PHYSICAL_IMG_NR="0" ID="page_0">
			<PrintSpace HPOS="0" VPOS="0" WIDTH="1017" HEIGHT="1723">
				<ComposedBlock ID="cblock_0" HPOS="219" VPOS="157" WIDTH="504" HEIGHT="22">
					<TextBlock ID="block_0" HPOS="219" VPOS="157" WIDTH="504" HEIGHT="22">
						<TextLine ID="line_0" HPOS="219" VPOS="157" WIDTH="504" HEIGHT="22">
							<String ID="string_0" HPOS="219" VPOS="158" WIDTH="43" HEIGHT="16" WC="0.96" CONTENT="1596"/><SP WIDTH="154" VPOS="158" HPOS="262"/>
							<String ID="string_1" HPOS="416" VPOS="157" WIDTH="72" HEIGHT="22" WC="0.91" CONTENT="Nådiga"/><SP WIDTH="12" VPOS="157" HPOS="488"/>
							<String ID="string_2" HPOS="500" VPOS="158" WIDTH="136" HEIGHT="21" WC="0.96" CONTENT="Propositionen"/><SP WIDTH="13" VPOS="158" HPOS="636"/>
							<String ID="string_3" HPOS="649" VPOS="157" WIDTH="34" HEIGHT="16" WC="0.95" CONTENT="N:o"/><SP WIDTH="13" VPOS="157" HPOS="683"/>
							<String ID="string_4" HPOS="696" VPOS="157" WIDTH="27" HEIGHT="16" WC="0.96" CONTENT="31."/>
						</TextLine>
					</TextBlock>
				</ComposedBlock>
				<ComposedBlock ID="cblock_1" HPOS="194" VPOS="219" WIDTH="764" HEIGHT="1302">
					<TextBlock ID="block_1" HPOS="194" VPOS="219" WIDTH="757" HEIGHT="546">
						<TextLine ID="line_1" HPOS="194" VPOS="219" WIDTH="754" HEIGHT="30">
							<String ID="string_5" HPOS="194" VPOS="221" WIDTH="165" HEIGHT="28" WC="0.90" CONTENT="ringssumman,"/><SP WIDTH="16" VPOS="221" HPOS="359"/>
							<String ID="string_6" HPOS="375" VPOS="228" WIDTH="28" HEIGHT="21" WC="0.96" CONTENT="ny"/><SP WIDTH="15" VPOS="228" HPOS="403"/>
							<String ID="string_7" HPOS="418" VPOS="221" WIDTH="87" HEIGHT="21" WC="0.96" CONTENT="auktion"/><SP WIDTH="14" VPOS="221" HPOS="505"/>
							<String ID="string_8" HPOS="519" VPOS="221" WIDTH="67" HEIGHT="21" WC="0.96" CONTENT="borde"/><SP WIDTH="18" VPOS="221" HPOS="586"/>
							<String ID="string_9" HPOS="604" VPOS="220" WIDTH="109" HEIGHT="26" WC="0.96" CONTENT="förrättas,"/><SP WIDTH="16" VPOS="220" HPOS="713"/>
							<String ID="string_10" HPOS="729" VPOS="219" WIDTH="74" HEIGHT="22" WC="0.94" CONTENT="såvida"/><SP WIDTH="14" VPOS="219" HPOS="803"/>
							<String ID="string_11" HPOS="817" VPOS="220" WIDTH="7" HEIGHT="20" WC="0.94" CONTENT="i"/><SP WIDTH="16" VPOS="220" HPOS="824"/>
							<String ID="string_12" HPOS="840" VPOS="220" WIDTH="41" HEIGHT="21" WC="0.93" CONTENT="den"/><SP WIDTH="14" VPOS="220" HPOS="881"/>
							<String ID="string_13" HPOS="895" VPOS="220" WIDTH="53" HEIGHT="21" WC="0.92" CONTENT="hän-"/>
						</TextLine>
						<TextLine ID="line_2" HPOS="195" VPOS="254" WIDTH="754" HEIGHT="29">
							<String ID="string_14" HPOS="195" VPOS="255" WIDTH="57" HEIGHT="22" WC="0.96" CONTENT="delse"/><SP WIDTH="19" VPOS="255" HPOS="252"/>
							<String ID="string_15" HPOS="271" VPOS="258" WIDTH="32" HEIGHT="18" WC="0.96" CONTENT="att"/><SP WIDTH="18" VPOS="258" HPOS="303"/>
							<String ID="string_16" HPOS="321" VPOS="255" WIDTH="114" HEIGHT="28" WC="0.96" CONTENT="värdering"/><SP WIDTH="18" VPOS="255" HPOS="435"/>
							<String ID="string_17" HPOS="453" VPOS="255" WIDTH="19" HEIGHT="27" WC="0.96" CONTENT="ej"/><SP WIDTH="19" VPOS="255" HPOS="472"/>
							<String ID="string_18" HPOS="491" VPOS="256" WIDTH="57" HEIGHT="20" WC="0.96" CONTENT="skett"/><SP WIDTH="18" VPOS="256" HPOS="548"/>
							<String ID="string_19" HPOS="566" VPOS="255" WIDTH="41" HEIGHT="21" WC="0.96" CONTENT="och"/><SP WIDTH="22" VPOS="255" HPOS="607"/>
							<String ID="string_20" HPOS="629" VPOS="254" WIDTH="40" HEIGHT="22" WC="0.96" CONTENT="den"/><SP WIDTH="22" VPOS="254" HPOS="669"/>
							<String ID="string_21" HPOS="691" VPOS="254" WIDTH="41" HEIGHT="22" WC="0.96" CONTENT="här"/><SP WIDTH="21" VPOS="254" HPOS="732"/>
							<String ID="string_22" HPOS="753" VPOS="256" WIDTH="80" HEIGHT="19" WC="0.95" CONTENT="utsatte"/><SP WIDTH="19" VPOS="256" HPOS="833"/>
							<String ID="string_23" HPOS="852" VPOS="254" WIDTH="97" HEIGHT="28" WC="0.95" CONTENT="grunden"/>
						</TextLine>
						<TextLine ID="line_3" HPOS="194" VPOS="289" WIDTH="755" HEIGHT="28">
							<String ID="string_24" HPOS="194" VPOS="290" WIDTH="35" HEIGHT="21" WC="0.91" CONTENT="för"/><SP WIDTH="21" VPOS="290" HPOS="229"/>
							<String ID="string_25" HPOS="250" VPOS="290" WIDTH="129" HEIGHT="27" WC="0.89" CONTENT="pröfningen"/><SP WIDTH="22" VPOS="290" HPOS="379"/>
							<String ID="string_26" HPOS="401" VPOS="290" WIDTH="23" HEIGHT="20" WC="0.93" CONTENT="af"/><SP WIDTH="21" VPOS="290" HPOS="424"/>
							<String ID="string_27" HPOS="445" VPOS="290" WIDTH="104" HEIGHT="21" WC="0.91" CONTENT="anbudets"/><SP WIDTH="22" VPOS="290" HPOS="549"/>
							<String ID="string_28" HPOS="571" VPOS="289" WIDTH="132" HEIGHT="27" WC="0.91" CONTENT="antaglighet"/><SP WIDTH="22" VPOS="289" HPOS="703"/>
							<String ID="string_29" HPOS="725" VPOS="289" WIDTH="67" HEIGHT="21" WC="0.96" CONTENT="skulle"/><SP WIDTH="22" VPOS="289" HPOS="792"/>
							<String ID="string_30" HPOS="814" VPOS="289" WIDTH="84" HEIGHT="26" WC="0.96" CONTENT="saknas,"/><SP WIDTH="23" VPOS="289" HPOS="898"/>
							<String ID="string_31" HPOS="921" VPOS="295" WIDTH="28" HEIGHT="21" WC="0.96" CONTENT="ny"/>
						</TextLine>
						<TextLine ID="line_4" HPOS="196" VPOS="323" WIDTH="753" HEIGHT="28">
							<String ID="string_32" HPOS="196" VPOS="324" WIDTH="87" HEIGHT="21" WC="0.96" CONTENT="auktion"/><SP WIDTH="18" VPOS="324" HPOS="283"/>
							<String ID="string_33" HPOS="301" VPOS="324" WIDTH="84" HEIGHT="21" WC="0.95" CONTENT="komme"/><SP WIDTH="19" VPOS="324" HPOS="385"/>
							<String ID="string_34" HPOS="404" VPOS="326" WIDTH="31" HEIGHT="19" WC="0.93" CONTENT="att"/><SP WIDTH="19" VPOS="326" HPOS="435"/>
							<String ID="string_35" HPOS="454" VPOS="324" WIDTH="117" HEIGHT="27" WC="0.90" CONTENT="medgifvas"/><SP WIDTH="19" VPOS="324" HPOS="571"/>
							<String ID="string_36" HPOS="590" VPOS="324" WIDTH="75" HEIGHT="20" WC="0.95" CONTENT="endast"/><SP WIDTH="14" VPOS="324" HPOS="665"/>
							<String ID="string_37" HPOS="679" VPOS="323" WIDTH="7" HEIGHT="21" WC="0.95" CONTENT="i"/><SP WIDTH="16" VPOS="323" HPOS="686"/>
							<String ID="string_38" HPOS="702" VPOS="323" WIDTH="35" HEIGHT="21" WC="0.96" CONTENT="det"/><SP WIDTH="15" VPOS="323" HPOS="737"/>
							<String ID="string_39" HPOS="752" VPOS="323" WIDTH="38" HEIGHT="21" WC="0.93" CONTENT="fall"/><SP WIDTH="18" VPOS="323" HPOS="790"/>
							<String ID="string_40" HPOS="808" VPOS="324" WIDTH="141" HEIGHT="26" WC="0.92" CONTENT="utmätnings-"/>
						</TextLine>
						<TextLine ID="line_5" HPOS="195" VPOS="356" WIDTH="754" HEIGHT="29">
							<String ID="string_41" HPOS="195" VPOS="358" WIDTH="110" HEIGHT="21" WC="0.95" CONTENT="sökanden"/><SP WIDTH="15" VPOS="358" HPOS="305"/>
							<String ID="string_42" HPOS="320" VPOS="359" WIDTH="41" HEIGHT="20" WC="0.91" CONTENT="och"/><SP WIDTH="14" VPOS="359" HPOS="361"/>
							<String ID="string_43" HPOS="375" VPOS="358" WIDTH="182" HEIGHT="21" WC="0.91" CONTENT="tillstädeskomne"/><SP WIDTH="18" VPOS="358" HPOS="557"/>
							<String ID="string_44" HPOS="575" VPOS="357" WIDTH="223" HEIGHT="28" WC="0.92" CONTENT="inteckningshafvare"/><SP WIDTH="18" VPOS="357" HPOS="798"/>
							<String ID="string_45" HPOS="816" VPOS="356" WIDTH="78" HEIGHT="23" WC="0.93" CONTENT="sådant"/><SP WIDTH="16" VPOS="356" HPOS="894"/>
							<String ID="string_46" HPOS="910" VPOS="356" WIDTH="39" HEIGHT="28" WC="0.91" CONTENT="på-"/>
						</TextLine>
						<TextLine ID="line_6" HPOS="195" VPOS="391" WIDTH="754" HEIGHT="29">
							<String ID="string_47" HPOS="195" VPOS="392" WIDTH="87" HEIGHT="28" WC="0.96" CONTENT="yrkade."/><SP WIDTH="29" VPOS="392" HPOS="282"/>
							<String ID="string_48" HPOS="311" VPOS="392" WIDTH="140" HEIGHT="22" WC="0.96" CONTENT="Beträffande"/><SP WIDTH="18" VPOS="392" HPOS="451"/>
							<String ID="string_49" HPOS="469" VPOS="391" WIDTH="47" HEIGHT="23" WC="0.96" CONTENT="åter"/><SP WIDTH="19" VPOS="391" HPOS="516"/>
							<String ID="string_50" HPOS="535" VPOS="392" WIDTH="136" HEIGHT="22" WC="0.96" CONTENT="föreskriften"/><SP WIDTH="18" VPOS="392" HPOS="671"/>
							<String ID="string_51" HPOS="689" VPOS="392" WIDTH="8" HEIGHT="21" WC="0.96" CONTENT="i"/><SP WIDTH="16" VPOS="392" HPOS="697"/>
							<String ID="string_52" HPOS="713" VPOS="393" WIDTH="25" HEIGHT="19" WC="0.92" CONTENT="13"/><SP WIDTH="20" VPOS="393" HPOS="738"/>
							<String ID="string_53" HPOS="758" VPOS="393" WIDTH="12" HEIGHT="26" WC="0.88" CONTENT="$"/><SP WIDTH="16" VPOS="393" HPOS="770"/>
							<String ID="string_54" HPOS="786" VPOS="391" WIDTH="73" HEIGHT="22" WC="0.96" CONTENT="derom"/><SP WIDTH="15" VPOS="391" HPOS="859"/>
							<String ID="string_55" HPOS="874" VPOS="394" WIDTH="32" HEIGHT="19" WC="0.96" CONTENT="att"/><SP WIDTH="14" VPOS="394" HPOS="906"/>
							<String ID="string_56" HPOS="920" VPOS="399" WIDTH="29" HEIGHT="20" WC="0.96" CONTENT="ny"/>
						</TextLine>
						<TextLine ID="line_7" HPOS="196" VPOS="426" WIDTH="754" HEIGHT="27">
							<String ID="string_57" HPOS="196" VPOS="427" WIDTH="89" HEIGHT="21" WC="0.95" CONTENT="auktion"/><SP WIDTH="19" VPOS="427" HPOS="285"/>
							<String ID="string_58" HPOS="304" VPOS="427" WIDTH="67" HEIGHT="21" WC="0.95" CONTENT="borde"/><SP WIDTH="18" VPOS="427" HPOS="371"/>
							<String ID="string_59" HPOS="389" VPOS="427" WIDTH="102" HEIGHT="22" WC="0.96" CONTENT="förrättas"/><SP WIDTH="17" VPOS="427" HPOS="491"/>
							<String ID="string_60" HPOS="508" VPOS="434" WIDTH="33" HEIGHT="14" WC="0.96" CONTENT="om"/><SP WIDTH="16" VPOS="434" HPOS="541"/>
							<String ID="string_61" HPOS="557" VPOS="426" WIDTH="94" HEIGHT="21" WC="0.96" CONTENT="anbudet"/><SP WIDTH="14" VPOS="426" HPOS="651"/>
							<String ID="string_62" HPOS="665" VPOS="426" WIDTH="7" HEIGHT="21" WC="0.93" CONTENT="i"/><SP WIDTH="14" VPOS="426" HPOS="672"/>
							<String ID="string_63" HPOS="686" VPOS="426" WIDTH="134" HEIGHT="27" WC="0.92" CONTENT="betydligare"/><SP WIDTH="14" VPOS="426" HPOS="820"/>
							<String ID="string_64" HPOS="834" VPOS="433" WIDTH="50" HEIGHT="14" WC="0.96" CONTENT="mon"/><SP WIDTH="15" VPOS="433" HPOS="884"/>
							<String ID="string_65" HPOS="899" VPOS="433" WIDTH="51" HEIGHT="14" WC="0.94" CONTENT="vore"/>
						</TextLine>
						<TextLine ID="line_8" HPOS="196" VPOS="461" WIDTH="754" HEIGHT="28">
							<String ID="string_66" HPOS="196" VPOS="461" WIDTH="84" HEIGHT="22" WC="0.96" CONTENT="mindre"/><SP WIDTH="15" VPOS="461" HPOS="280"/>
							<String ID="string_67" HPOS="295" VPOS="463" WIDTH="28" HEIGHT="19" WC="0.93" CONTENT="än"/><SP WIDTH="14" VPOS="463" HPOS="323"/>
							<String ID="string_68" HPOS="337" VPOS="461" WIDTH="230" HEIGHT="28" WC="0.92" CONTENT="värderingssumman,"/><SP WIDTH="16" VPOS="461" HPOS="567"/>
							<String ID="string_69" HPOS="583" VPOS="468" WIDTH="61" HEIGHT="20" WC="0.96" CONTENT="synes"/><SP WIDTH="16" VPOS="468" HPOS="644"/>
							<String ID="string_70" HPOS="660" VPOS="467" WIDTH="25" HEIGHT="15" WC="0.96" CONTENT="en"/><SP WIDTH="14" VPOS="467" HPOS="685"/>
							<String ID="string_71" HPOS="699" VPOS="462" WIDTH="101" HEIGHT="19" WC="0.96" CONTENT="närmare"/><SP WIDTH="15" VPOS="462" HPOS="800"/>
							<String ID="string_72" HPOS="815" VPOS="461" WIDTH="135" HEIGHT="27" WC="0.95" CONTENT="bestämning"/>
						</TextLine>
						<TextLine ID="line_9" HPOS="196" VPOS="495" WIDTH="754" HEIGHT="28">
							<String ID="string_73" HPOS="196" VPOS="503" WIDTH="35" HEIGHT="14" WC="0.95" CONTENT="om"/><SP WIDTH="19" VPOS="503" HPOS="231"/>
							<String ID="string_74" HPOS="250" VPOS="495" WIDTH="36" HEIGHT="22" WC="0.95" CONTENT="det"/><SP WIDTH="17" VPOS="495" HPOS="286"/>
							<String ID="string_75" HPOS="303" VPOS="495" WIDTH="140" HEIGHT="26" WC="0.93" CONTENT="förhållande,"/><SP WIDTH="20" VPOS="495" HPOS="443"/>
							<String ID="string_76" HPOS="463" VPOS="496" WIDTH="60" HEIGHT="21" WC="0.92" CONTENT="hvari"/><SP WIDTH="19" VPOS="496" HPOS="523"/>
							<String ID="string_77" HPOS="542" VPOS="495" WIDTH="94" HEIGHT="22" WC="0.96" CONTENT="anbudet"/><SP WIDTH="18" VPOS="495" HPOS="636"/>
							<String ID="string_78" HPOS="654" VPOS="495" WIDTH="39" HEIGHT="22" WC="0.96" CONTENT="bör"/><SP WIDTH="19" VPOS="495" HPOS="693"/>
							<String ID="string_79" HPOS="712" VPOS="495" WIDTH="34" HEIGHT="22" WC="0.96" CONTENT="stå"/><SP WIDTH="18" VPOS="495" HPOS="746"/>
							<String ID="string_80" HPOS="764" VPOS="495" WIDTH="33" HEIGHT="21" WC="0.93" CONTENT="till"/><SP WIDTH="19" VPOS="495" HPOS="797"/>
							<String ID="string_81" HPOS="816" VPOS="495" WIDTH="134" HEIGHT="28" WC="0.91" CONTENT="värderings-"/>
						</TextLine>
						<TextLine ID="line_10" HPOS="196" VPOS="530" WIDTH="754" HEIGHT="27">
							<String ID="string_82" HPOS="196" VPOS="537" WIDTH="104" HEIGHT="19" WC="0.95" CONTENT="summan,"/><SP WIDTH="15" VPOS="537" HPOS="300"/>
							<String ID="string_83" HPOS="315" VPOS="537" WIDTH="52" HEIGHT="14" WC="0.95" CONTENT="vara"/><SP WIDTH="18" VPOS="537" HPOS="367"/>
							<String ID="string_84" HPOS="385" VPOS="530" WIDTH="34" HEIGHT="21" WC="0.95" CONTENT="till"/><SP WIDTH="18" VPOS="530" HPOS="419"/>
							<String ID="string_85" HPOS="437" VPOS="530" WIDTH="86" HEIGHT="27" WC="0.96" CONTENT="ledning"/><SP WIDTH="18" VPOS="530" HPOS="523"/>
							<String ID="string_86" HPOS="541" VPOS="530" WIDTH="34" HEIGHT="21" WC="0.93" CONTENT="för"/><SP WIDTH="18" VPOS="530" HPOS="575"/>
							<String ID="string_87" HPOS="593" VPOS="531" WIDTH="233" HEIGHT="26" WC="0.89" CONTENT="förrättningsmannen"/><SP WIDTH="18" VPOS="531" HPOS="826"/>
							<String ID="string_88" HPOS="844" VPOS="530" WIDTH="106" HEIGHT="21" WC="0.93" CONTENT="erforder-"/>
						</TextLine>
						<TextLine ID="line_11" HPOS="195" VPOS="565" WIDTH="755" HEIGHT="28">
							<String ID="string_89" HPOS="195" VPOS="565" WIDTH="40" HEIGHT="28" WC="0.96" CONTENT="lig;"/><SP WIDTH="16" VPOS="565" HPOS="235"/>
							<String ID="string_90" HPOS="251" VPOS="565" WIDTH="41" HEIGHT="22" WC="0.96" CONTENT="och"/><SP WIDTH="15" VPOS="565" HPOS="292"/>
							<String ID="string_91" HPOS="307" VPOS="565" WIDTH="40" HEIGHT="21" WC="0.96" CONTENT="har"/><SP WIDTH="14" VPOS="565" HPOS="347"/>
							<String ID="string_92" HPOS="361" VPOS="565" WIDTH="105" HEIGHT="22" WC="0.95" CONTENT="utskottet"/><SP WIDTH="15" VPOS="565" HPOS="466"/>
							<String ID="string_93" HPOS="481" VPOS="567" WIDTH="69" HEIGHT="19" WC="0.96" CONTENT="ansett"/><SP WIDTH="15" VPOS="567" HPOS="550"/>
							<String ID="string_94" HPOS="565" VPOS="565" WIDTH="32" HEIGHT="27" WC="0.96" CONTENT="sig"/><SP WIDTH="14" VPOS="565" HPOS="597"/>
							<String ID="string_95" HPOS="611" VPOS="565" WIDTH="55" HEIGHT="21" WC="0.96" CONTENT="böra"/><SP WIDTH="13" VPOS="565" HPOS="666"/>
							<String ID="string_96" HPOS="679" VPOS="565" WIDTH="8" HEIGHT="21" WC="0.96" CONTENT="i"/><SP WIDTH="16" VPOS="565" HPOS="687"/>
							<String ID="string_97" HPOS="703" VPOS="565" WIDTH="58" HEIGHT="21" WC="0.96" CONTENT="detta"/><SP WIDTH="19" VPOS="565" HPOS="761"/>
							<String ID="string_98" HPOS="780" VPOS="565" WIDTH="100" HEIGHT="21" WC="0.92" CONTENT="afseende"/><SP WIDTH="15" VPOS="565" HPOS="880"/>
							<String ID="string_99" HPOS="895" VPOS="565" WIDTH="55" HEIGHT="21" WC="0.91" CONTENT="före-"/>
						</TextLine>
						<TextLine ID="line_12" HPOS="196" VPOS="599" WIDTH="753" HEIGHT="28">
							<String ID="string_100" HPOS="196" VPOS="599" WIDTH="38" HEIGHT="26" WC="0.95" CONTENT="slå,"/><SP WIDTH="20" VPOS="599" HPOS="234"/>
							<String ID="string_101" HPOS="254" VPOS="601" WIDTH="32" HEIGHT="20" WC="0.96" CONTENT="att"/><SP WIDTH="19" VPOS="601" HPOS="286"/>
							<String ID="string_102" HPOS="305" VPOS="599" WIDTH="78" HEIGHT="26" WC="0.94" CONTENT="anbud,"/><SP WIDTH="19" VPOS="599" HPOS="383"/>
							<String ID="string_103" HPOS="402" VPOS="607" WIDTH="45" HEIGHT="14" WC="0.96" CONTENT="som"/><SP WIDTH="18" VPOS="607" HPOS="447"/>
							<String ID="string_104" HPOS="465" VPOS="601" WIDTH="120" HEIGHT="20" WC="0.93" CONTENT="motsvarar"/><SP WIDTH="18" VPOS="601" HPOS="585"/>
							<String ID="string_105" HPOS="603" VPOS="599" WIDTH="94" HEIGHT="28" WC="0.91" CONTENT="3/4:delar"/><SP WIDTH="22" VPOS="599" HPOS="697"/>
							<String ID="string_106" HPOS="719" VPOS="600" WIDTH="24" HEIGHT="21" WC="0.96" CONTENT="af"/><SP WIDTH="20" VPOS="600" HPOS="743"/>
							<String ID="string_107" HPOS="763" VPOS="599" WIDTH="147" HEIGHT="28" WC="0.96" CONTENT="värderingen,"/><SP WIDTH="21" VPOS="599" HPOS="910"/>
							<String ID="string_108" HPOS="931" VPOS="599" WIDTH="18" HEIGHT="28" WC="0.94" CONTENT="ej"/>
						</TextLine>
						<TextLine ID="line_13" HPOS="196" VPOS="633" WIDTH="755" HEIGHT="28">
							<String ID="string_109" HPOS="196" VPOS="633" WIDTH="56" HEIGHT="28" WC="0.96" CONTENT="finge"/><SP WIDTH="15" VPOS="633" HPOS="252"/>
							<String ID="string_110" HPOS="267" VPOS="633" WIDTH="30" HEIGHT="28" WC="0.93" CONTENT="på"/><SP WIDTH="14" VPOS="633" HPOS="297"/>
							<String ID="string_111" HPOS="311" VPOS="633" WIDTH="202" HEIGHT="28" WC="0.91" CONTENT="fastighetsegarens"/><SP WIDTH="15" VPOS="633" HPOS="513"/>
							<String ID="string_112" HPOS="528" VPOS="633" WIDTH="95" HEIGHT="28" WC="0.96" CONTENT="yrkande"/><SP WIDTH="15" VPOS="633" HPOS="623"/>
							<String ID="string_113" HPOS="638" VPOS="633" WIDTH="106" HEIGHT="22" WC="0.96" CONTENT="förkastas"/><SP WIDTH="16" VPOS="633" HPOS="744"/>
							<String ID="string_114" HPOS="760" VPOS="634" WIDTH="40" HEIGHT="21" WC="0.96" CONTENT="och"/><SP WIDTH="18" VPOS="634" HPOS="800"/>
							<String ID="string_115" HPOS="818" VPOS="634" WIDTH="7" HEIGHT="21" WC="0.91" CONTENT="i"/><SP WIDTH="19" VPOS="634" HPOS="825"/>
							<String ID="string_116" HPOS="844" VPOS="641" WIDTH="107" HEIGHT="14" WC="0.91" CONTENT="samman-"/>
						</TextLine>
						<TextLine ID="line_14" HPOS="198" VPOS="667" WIDTH="752" HEIGHT="29">
							<String ID="string_117" HPOS="198" VPOS="669" WIDTH="57" HEIGHT="27" WC="0.96" CONTENT="hang"/><SP WIDTH="16" VPOS="669" HPOS="255"/>
							<String ID="string_118" HPOS="271" VPOS="668" WIDTH="86" HEIGHT="21" WC="0.96" CONTENT="dermed"/><SP WIDTH="16" VPOS="668" HPOS="357"/>
							<String ID="string_119" HPOS="373" VPOS="668" WIDTH="17" HEIGHT="28" WC="0.96" CONTENT="ej"/><SP WIDTH="16" VPOS="668" HPOS="390"/>
							<String ID="string_120" HPOS="406" VPOS="668" WIDTH="53" HEIGHT="21" WC="0.95" CONTENT="flera"/><SP WIDTH="16" VPOS="668" HPOS="459"/>
							<String ID="string_121" HPOS="475" VPOS="670" WIDTH="27" HEIGHT="19" WC="0.96" CONTENT="än"/><SP WIDTH="18" VPOS="670" HPOS="502"/>
							<String ID="string_122" HPOS="520" VPOS="669" WIDTH="63" HEIGHT="27" WC="0.96" CONTENT="högst"/><SP WIDTH="17" VPOS="669" HPOS="583"/>
							<String ID="string_123" HPOS="600" VPOS="667" WIDTH="37" HEIGHT="22" WC="0.96" CONTENT="två"/><SP WIDTH="18" VPOS="667" HPOS="637"/>
							<String ID="string_124" HPOS="655" VPOS="675" WIDTH="41" HEIGHT="21" WC="0.96" CONTENT="nya"/><SP WIDTH="19" VPOS="675" HPOS="696"/>
							<String ID="string_125" HPOS="715" VPOS="669" WIDTH="111" HEIGHT="20" WC="0.96" CONTENT="auktioner"/><SP WIDTH="15" VPOS="669" HPOS="826"/>
							<String ID="string_126" HPOS="841" VPOS="668" WIDTH="109" HEIGHT="22" WC="0.96" CONTENT="förrättas."/>
						</TextLine>
						<TextLine ID="line_15" HPOS="198" VPOS="703" WIDTH="753" HEIGHT="27">
							<String ID="string_127" HPOS="198" VPOS="703" WIDTH="11" HEIGHT="20" WC="0.95" CONTENT="I"/><SP WIDTH="19" VPOS="703" HPOS="209"/>
							<String ID="string_128" HPOS="228" VPOS="703" WIDTH="93" HEIGHT="27" WC="0.95" CONTENT="enlighet"/><SP WIDTH="18" VPOS="703" HPOS="321"/>
							<String ID="string_129" HPOS="339" VPOS="703" WIDTH="88" HEIGHT="21" WC="0.96" CONTENT="härmed"/><SP WIDTH="19" VPOS="703" HPOS="427"/>
							<String ID="string_130" HPOS="446" VPOS="703" WIDTH="67" HEIGHT="21" WC="0.96" CONTENT="skulle"/><SP WIDTH="20" VPOS="703" HPOS="513"/>
							<String ID="string_131" HPOS="533" VPOS="704" WIDTH="11" HEIGHT="19" WC="0.96" CONTENT="5"/><SP WIDTH="20" VPOS="704" HPOS="544"/>
							<String ID="string_132" HPOS="564" VPOS="703" WIDTH="41" HEIGHT="21" WC="0.96" CONTENT="och"/><SP WIDTH="20" VPOS="703" HPOS="605"/>
							<String ID="string_133" HPOS="625" VPOS="704" WIDTH="25" HEIGHT="19" WC="0.93" CONTENT="13"/><SP WIDTH="19" VPOS="704" HPOS="650"/>
							<String ID="string_134" HPOS="669" VPOS="703" WIDTH="24" HEIGHT="27" WC="0.87" CONTENT="8&amp;"/><SP WIDTH="19" VPOS="703" HPOS="693"/>
							<String ID="string_135" HPOS="712" VPOS="703" WIDTH="54" HEIGHT="21" WC="0.96" CONTENT="böra"/><SP WIDTH="22" VPOS="703" HPOS="766"/>
							<String ID="string_136" HPOS="788" VPOS="703" WIDTH="79" HEIGHT="21" WC="0.96" CONTENT="ändras"/><SP WIDTH="18" VPOS="703" HPOS="867"/>
							<String ID="string_137" HPOS="885" VPOS="703" WIDTH="41" HEIGHT="21" WC="0.96" CONTENT="och"/><SP WIDTH="18" VPOS="703" HPOS="926"/>
							<String ID="string_138" HPOS="944" VPOS="703" WIDTH="7" HEIGHT="20" WC="0.96" CONTENT="i"/>
						</TextLine>
						<TextLine ID="line_16" HPOS="200" VPOS="737" WIDTH="572" HEIGHT="28">
							<String ID="string_139" HPOS="200" VPOS="739" WIDTH="12" HEIGHT="19" WC="0.88" CONTENT="6"/><SP WIDTH="16" VPOS="739" HPOS="212"/>
							<String ID="string_140" HPOS="228" VPOS="737" WIDTH="11" HEIGHT="28" WC="0.88" CONTENT="$"/><SP WIDTH="15" VPOS="737" HPOS="239"/>
							<String ID="string_141" HPOS="254" VPOS="737" WIDTH="101" HEIGHT="28" WC="0.96" CONTENT="tilläggas"/><SP WIDTH="16" VPOS="737" HPOS="355"/>
							<String ID="string_142" HPOS="371" VPOS="737" WIDTH="65" HEIGHT="22" WC="0.92" CONTENT="orden"/><SP WIDTH="15" VPOS="737" HPOS="436"/>
							<String ID="string_143" HPOS="451" VPOS="737" WIDTH="50" HEIGHT="26" WC="0.91" CONTENT=",der"/><SP WIDTH="13" VPOS="737" HPOS="501"/>
							<String ID="string_144" HPOS="514" VPOS="737" WIDTH="113" HEIGHT="28" WC="0.93" CONTENT="värdering"/><SP WIDTH="15" VPOS="737" HPOS="627"/>
							<String ID="string_145" HPOS="642" VPOS="737" WIDTH="130" HEIGHT="28" WC="0.83" CONTENT="försiggått&quot;."/>
						</TextLine>
					</TextBlock>
					<TextBlock ID="block_2" HPOS="200" VPOS="771" WIDTH="756" HEIGHT="407">
						<TextLine ID="line_17" HPOS="268" VPOS="771" WIDTH="684" HEIGHT="28">
							<String ID="string_146" HPOS="268" VPOS="771" WIDTH="11" HEIGHT="21" WC="0.96" CONTENT="I"/><SP WIDTH="16" VPOS="771" HPOS="279"/>
							<String ID="string_147" HPOS="295" VPOS="774" WIDTH="25" HEIGHT="19" WC="0.96" CONTENT="17"/><SP WIDTH="17" VPOS="774" HPOS="320"/>
							<String ID="string_148" HPOS="337" VPOS="772" WIDTH="10" HEIGHT="27" WC="0.83" CONTENT="8"/><SP WIDTH="20" VPOS="772" HPOS="347"/>
							<String ID="string_149" HPOS="367" VPOS="771" WIDTH="134" HEIGHT="22" WC="0.92" CONTENT="föreskrifves"/><SP WIDTH="19" VPOS="771" HPOS="501"/>
							<String ID="string_150" HPOS="520" VPOS="773" WIDTH="32" HEIGHT="20" WC="0.96" CONTENT="att"/><SP WIDTH="18" VPOS="773" HPOS="552"/>
							<String ID="string_151" HPOS="570" VPOS="771" WIDTH="95" HEIGHT="28" WC="0.96" CONTENT="köparen"/><SP WIDTH="18" VPOS="771" HPOS="665"/>
							<String ID="string_152" HPOS="683" VPOS="771" WIDTH="55" HEIGHT="22" WC="0.96" CONTENT="skall"/><SP WIDTH="14" VPOS="771" HPOS="738"/>
							<String ID="string_153" HPOS="752" VPOS="772" WIDTH="58" HEIGHT="21" WC="0.95" CONTENT="inom"/><SP WIDTH="15" VPOS="772" HPOS="810"/>
							<String ID="string_154" HPOS="825" VPOS="772" WIDTH="73" HEIGHT="21" WC="0.93" CONTENT="trettio"/><SP WIDTH="17" VPOS="772" HPOS="898"/>
							<String ID="string_155" HPOS="915" VPOS="771" WIDTH="37" HEIGHT="22" WC="0.92" CONTENT="da-"/>
						</TextLine>
						<TextLine ID="line_18" HPOS="200" VPOS="806" WIDTH="752" HEIGHT="28">
							<String ID="string_156" HPOS="200" VPOS="813" WIDTH="39" HEIGHT="20" WC="0.96" CONTENT="gar"/><SP WIDTH="18" VPOS="813" HPOS="239"/>
							<String ID="string_157" HPOS="257" VPOS="806" WIDTH="54" HEIGHT="22" WC="0.96" CONTENT="efter"/><SP WIDTH="18" VPOS="806" HPOS="311"/>
							<String ID="string_158" HPOS="329" VPOS="806" WIDTH="115" HEIGHT="21" WC="0.96" CONTENT="auktionen"/><SP WIDTH="14" VPOS="806" HPOS="444"/>
							<String ID="string_159" HPOS="458" VPOS="806" WIDTH="33" HEIGHT="21" WC="0.95" CONTENT="till"/><SP WIDTH="19" VPOS="806" HPOS="491"/>
							<String ID="string_160" HPOS="510" VPOS="806" WIDTH="52" HEIGHT="21" WC="0.95" CONTENT="fullo"/><SP WIDTH="23" VPOS="806" HPOS="562"/>
							<String ID="string_161" HPOS="585" VPOS="806" WIDTH="87" HEIGHT="28" WC="0.95" CONTENT="erlägga"/><SP WIDTH="21" VPOS="806" HPOS="672"/>
							<String ID="string_162" HPOS="693" VPOS="806" WIDTH="175" HEIGHT="28" WC="0.93" CONTENT="köpeskillingen,"/><SP WIDTH="22" VPOS="806" HPOS="868"/>
							<String ID="string_163" HPOS="890" VPOS="807" WIDTH="62" HEIGHT="21" WC="0.91" CONTENT="hvar-"/>
						</TextLine>
						<TextLine ID="line_19" HPOS="200" VPOS="841" WIDTH="753" HEIGHT="29">
							<String ID="string_164" HPOS="200" VPOS="841" WIDTH="54" HEIGHT="22" WC="0.93" CONTENT="efter"/><SP WIDTH="19" VPOS="841" HPOS="254"/>
							<String ID="string_165" HPOS="273" VPOS="841" WIDTH="96" HEIGHT="22" WC="0.92" CONTENT="salubref"/><SP WIDTH="16" VPOS="841" HPOS="369"/>
							<String ID="string_166" HPOS="385" VPOS="841" WIDTH="40" HEIGHT="21" WC="0.96" CONTENT="bör"/><SP WIDTH="18" VPOS="841" HPOS="425"/>
							<String ID="string_167" HPOS="443" VPOS="841" WIDTH="33" HEIGHT="21" WC="0.96" CONTENT="till"/><SP WIDTH="17" VPOS="841" HPOS="476"/>
							<String ID="string_168" HPOS="493" VPOS="841" WIDTH="79" HEIGHT="22" WC="0.96" CONTENT="honom"/><SP WIDTH="17" VPOS="841" HPOS="572"/>
							<String ID="string_169" HPOS="589" VPOS="841" WIDTH="104" HEIGHT="26" WC="0.95" CONTENT="utfärdas,"/><SP WIDTH="20" VPOS="841" HPOS="693"/>
							<String ID="string_170" HPOS="713" VPOS="841" WIDTH="40" HEIGHT="22" WC="0.96" CONTENT="och"/><SP WIDTH="17" VPOS="841" HPOS="753"/>
							<String ID="string_171" HPOS="770" VPOS="841" WIDTH="8" HEIGHT="21" WC="0.96" CONTENT="i"/><SP WIDTH="17" VPOS="841" HPOS="778"/>
							<String ID="string_172" HPOS="795" VPOS="842" WIDTH="25" HEIGHT="20" WC="0.93" CONTENT="18"/><SP WIDTH="16" VPOS="842" HPOS="820"/>
							<String ID="string_173" HPOS="836" VPOS="842" WIDTH="11" HEIGHT="28" WC="0.86" CONTENT="$"/><SP WIDTH="16" VPOS="842" HPOS="847"/>
							<String ID="string_174" HPOS="863" VPOS="843" WIDTH="33" HEIGHT="20" WC="0.93" CONTENT="att"/><SP WIDTH="13" VPOS="843" HPOS="896"/>
							<String ID="string_175" HPOS="909" VPOS="841" WIDTH="44" HEIGHT="21" WC="0.92" CONTENT="för-"/>
						</TextLine>
						<TextLine ID="line_20" HPOS="200" VPOS="874" WIDTH="754" HEIGHT="30">
							<String ID="string_176" HPOS="200" VPOS="876" WIDTH="199" HEIGHT="28" WC="0.92" CONTENT="rättningsmannen"/><SP WIDTH="19" VPOS="876" HPOS="399"/>
							<String ID="string_177" HPOS="418" VPOS="874" WIDTH="81" HEIGHT="29" WC="0.91" CONTENT="äligger"/><SP WIDTH="18" VPOS="874" HPOS="499"/>
							<String ID="string_178" HPOS="517" VPOS="878" WIDTH="38" HEIGHT="23" WC="0.96" CONTENT="att,"/><SP WIDTH="20" VPOS="878" HPOS="555"/>
							<String ID="string_179" HPOS="575" VPOS="878" WIDTH="72" HEIGHT="19" WC="0.93" CONTENT="senast"/><SP WIDTH="18" VPOS="878" HPOS="647"/>
							<String ID="string_180" HPOS="665" VPOS="875" WIDTH="80" HEIGHT="28" WC="0.92" CONTENT="fjorton"/><SP WIDTH="18" VPOS="875" HPOS="745"/>
							<String ID="string_181" HPOS="763" VPOS="876" WIDTH="67" HEIGHT="27" WC="0.96" CONTENT="dagar"/><SP WIDTH="19" VPOS="876" HPOS="830"/>
							<String ID="string_182" HPOS="849" VPOS="876" WIDTH="54" HEIGHT="21" WC="0.96" CONTENT="efter"/><SP WIDTH="15" VPOS="876" HPOS="903"/>
							<String ID="string_183" HPOS="918" VPOS="876" WIDTH="36" HEIGHT="21" WC="0.96" CONTENT="det"/>
						</TextLine>
						<TextLine ID="line_21" HPOS="201" VPOS="910" WIDTH="753" HEIGHT="28">
							<String ID="string_184" HPOS="201" VPOS="910" WIDTH="212" HEIGHT="28" WC="0.92" CONTENT="auktionsskillingen"/><SP WIDTH="22" VPOS="910" HPOS="413"/>
							<String ID="string_185" HPOS="435" VPOS="910" WIDTH="90" HEIGHT="21" WC="0.90" CONTENT="förfallit"/><SP WIDTH="20" VPOS="910" HPOS="525"/>
							<String ID="string_186" HPOS="545" VPOS="910" WIDTH="34" HEIGHT="21" WC="0.95" CONTENT="till"/><SP WIDTH="21" VPOS="910" HPOS="579"/>
							<String ID="string_187" HPOS="600" VPOS="910" WIDTH="116" HEIGHT="28" WC="0.96" CONTENT="betalning,"/><SP WIDTH="22" VPOS="910" HPOS="716"/>
							<String ID="string_188" HPOS="738" VPOS="910" WIDTH="33" HEIGHT="21" WC="0.96" CONTENT="till"/><SP WIDTH="22" VPOS="910" HPOS="771"/>
							<String ID="string_189" HPOS="793" VPOS="910" WIDTH="161" HEIGHT="22" WC="0.96" CONTENT="vederbörande"/>
						</TextLine>
						<TextLine ID="line_22" HPOS="200" VPOS="944" WIDTH="754" HEIGHT="29">
							<String ID="string_190" HPOS="200" VPOS="945" WIDTH="84" HEIGHT="28" WC="0.87" CONTENT="utgifva"/><SP WIDTH="21" VPOS="945" HPOS="284"/>
							<String ID="string_191" HPOS="305" VPOS="944" WIDTH="56" HEIGHT="22" WC="0.96" CONTENT="hvad"/><SP WIDTH="22" VPOS="944" HPOS="361"/>
							<String ID="string_192" HPOS="383" VPOS="944" WIDTH="48" HEIGHT="21" WC="0.92" CONTENT="dem"/><SP WIDTH="22" VPOS="944" HPOS="431"/>
							<String ID="string_193" HPOS="453" VPOS="944" WIDTH="62" HEIGHT="22" WC="0.96" CONTENT="deraf"/><SP WIDTH="20" VPOS="944" HPOS="515"/>
							<String ID="string_194" HPOS="535" VPOS="944" WIDTH="134" HEIGHT="22" WC="0.95" CONTENT="tillkommer."/><SP WIDTH="30" VPOS="944" HPOS="669"/>
							<String ID="string_195" HPOS="699" VPOS="944" WIDTH="97" HEIGHT="22" WC="0.95" CONTENT="Emedan"/><SP WIDTH="22" VPOS="944" HPOS="796"/>
							<String ID="string_196" HPOS="818" VPOS="944" WIDTH="62" HEIGHT="22" WC="0.93" CONTENT="dessa"/><SP WIDTH="18" VPOS="944" HPOS="880"/>
							<String ID="string_197" HPOS="898" VPOS="945" WIDTH="56" HEIGHT="21" WC="0.93" CONTENT="före-"/>
						</TextLine>
						<TextLine ID="line_23" HPOS="202" VPOS="978" WIDTH="752" HEIGHT="29">
							<String ID="string_198" HPOS="202" VPOS="979" WIDTH="87" HEIGHT="21" WC="0.96" CONTENT="skrifter"/><SP WIDTH="14" VPOS="979" HPOS="289"/>
							<String ID="string_199" HPOS="303" VPOS="979" WIDTH="54" HEIGHT="21" WC="0.96" CONTENT="böra"/><SP WIDTH="14" VPOS="979" HPOS="357"/>
							<String ID="string_200" HPOS="371" VPOS="979" WIDTH="110" HEIGHT="28" WC="0.96" CONTENT="fullgöras,"/><SP WIDTH="15" VPOS="979" HPOS="481"/>
							<String ID="string_201" HPOS="496" VPOS="981" WIDTH="51" HEIGHT="19" WC="0.93" CONTENT="utan"/><SP WIDTH="20" VPOS="981" HPOS="547"/>
							<String ID="string_202" HPOS="567" VPOS="979" WIDTH="99" HEIGHT="21" WC="0.93" CONTENT="afseende"/><SP WIDTH="19" VPOS="979" HPOS="666"/>
							<String ID="string_203" HPOS="685" VPOS="978" WIDTH="50" HEIGHT="22" WC="0.92" CONTENT="derä"/><SP WIDTH="18" VPOS="978" HPOS="735"/>
							<String ID="string_204" HPOS="753" VPOS="986" WIDTH="35" HEIGHT="14" WC="0.96" CONTENT="om"/><SP WIDTH="16" VPOS="986" HPOS="788"/>
							<String ID="string_205" HPOS="804" VPOS="979" WIDTH="76" HEIGHT="21" WC="0.94" CONTENT="besvär"/><SP WIDTH="14" VPOS="979" HPOS="880"/>
							<String ID="string_206" HPOS="894" VPOS="980" WIDTH="60" HEIGHT="20" WC="0.96" CONTENT="öfver"/>
						</TextLine>
						<TextLine ID="line_24" HPOS="203" VPOS="1013" WIDTH="751" HEIGHT="28">
							<String ID="string_207" HPOS="203" VPOS="1013" WIDTH="255" HEIGHT="28" WC="0.92" CONTENT="auktionsförrättningen"/><SP WIDTH="11" VPOS="1013" HPOS="458"/>
							<String ID="string_208" HPOS="469" VPOS="1014" WIDTH="168" HEIGHT="21" WC="0.92" CONTENT="mellankommit"/><SP WIDTH="11" VPOS="1014" HPOS="637"/>
							<String ID="string_209" HPOS="648" VPOS="1013" WIDTH="51" HEIGHT="21" WC="0.93" CONTENT="eller"/><SP WIDTH="12" VPOS="1013" HPOS="699"/>
							<String ID="string_210" HPOS="711" VPOS="1014" WIDTH="26" HEIGHT="27" WC="0.92" CONTENT="ej,"/><SP WIDTH="11" VPOS="1014" HPOS="737"/>
							<String ID="string_211" HPOS="748" VPOS="1020" WIDTH="62" HEIGHT="21" WC="0.93" CONTENT="synes"/><SP WIDTH="16" VPOS="1020" HPOS="810"/>
							<String ID="string_212" HPOS="826" VPOS="1013" WIDTH="63" HEIGHT="22" WC="0.90" CONTENT="deraf"/><SP WIDTH="13" VPOS="1013" HPOS="889"/>
							<String ID="string_213" HPOS="902" VPOS="1013" WIDTH="52" HEIGHT="27" WC="0.92" CONTENT="följa"/>
						</TextLine>
						<TextLine ID="line_25" HPOS="202" VPOS="1048" WIDTH="752" HEIGHT="28">
							<String ID="string_214" HPOS="202" VPOS="1051" WIDTH="33" HEIGHT="19" WC="0.93" CONTENT="att"/><SP WIDTH="17" VPOS="1051" HPOS="235"/>
							<String ID="string_215" HPOS="252" VPOS="1048" WIDTH="96" HEIGHT="28" WC="0.96" CONTENT="köparen"/><SP WIDTH="18" VPOS="1048" HPOS="348"/>
							<String ID="string_216" HPOS="366" VPOS="1048" WIDTH="39" HEIGHT="21" WC="0.96" CONTENT="bör"/><SP WIDTH="18" VPOS="1048" HPOS="405"/>
							<String ID="string_217" HPOS="423" VPOS="1055" WIDTH="52" HEIGHT="14" WC="0.93" CONTENT="vara"/><SP WIDTH="18" VPOS="1055" HPOS="475"/>
							<String ID="string_218" HPOS="493" VPOS="1048" WIDTH="121" HEIGHT="28" WC="0.96" CONTENT="berättigad"/><SP WIDTH="18" VPOS="1048" HPOS="614"/>
							<String ID="string_219" HPOS="632" VPOS="1050" WIDTH="37" HEIGHT="23" WC="0.96" CONTENT="att,"/><SP WIDTH="21" VPOS="1050" HPOS="669"/>
							<String ID="string_220" HPOS="690" VPOS="1048" WIDTH="37" HEIGHT="21" WC="0.96" CONTENT="der"/><SP WIDTH="22" VPOS="1048" HPOS="727"/>
							<String ID="string_221" HPOS="749" VPOS="1049" WIDTH="66" HEIGHT="20" WC="0.93" CONTENT="annat"/><SP WIDTH="17" VPOS="1049" HPOS="815"/>
							<String ID="string_222" HPOS="832" VPOS="1048" WIDTH="70" HEIGHT="21" WC="0.96" CONTENT="vilkor"/><SP WIDTH="18" VPOS="1048" HPOS="902"/>
							<String ID="string_223" HPOS="920" VPOS="1048" WIDTH="34" HEIGHT="21" WC="0.96" CONTENT="vid"/>
						</TextLine>
						<TextLine ID="line_26" HPOS="202" VPOS="1082" WIDTH="753" HEIGHT="28">
							<String ID="string_224" HPOS="202" VPOS="1083" WIDTH="154" HEIGHT="27" WC="0.96" CONTENT="försäljningen"/><SP WIDTH="11" VPOS="1083" HPOS="356"/>
							<String ID="string_225" HPOS="367" VPOS="1082" WIDTH="18" HEIGHT="28" WC="0.96" CONTENT="ej"/><SP WIDTH="14" VPOS="1082" HPOS="385"/>
							<String ID="string_226" HPOS="399" VPOS="1085" WIDTH="35" HEIGHT="25" WC="0.96" CONTENT="egt"/><SP WIDTH="11" VPOS="1085" HPOS="434"/>
							<String ID="string_227" HPOS="445" VPOS="1090" WIDTH="54" HEIGHT="18" WC="0.93" CONTENT="rum,"/><SP WIDTH="12" VPOS="1090" HPOS="499"/>
							<String ID="string_228" HPOS="511" VPOS="1084" WIDTH="75" HEIGHT="26" WC="0.96" CONTENT="genast"/><SP WIDTH="15" VPOS="1084" HPOS="586"/>
							<String ID="string_229" HPOS="601" VPOS="1082" WIDTH="54" HEIGHT="22" WC="0.93" CONTENT="efter"/><SP WIDTH="14" VPOS="1082" HPOS="655"/>
							<String ID="string_230" HPOS="669" VPOS="1082" WIDTH="141" HEIGHT="22" WC="0.92" CONTENT="salubrefvets"/><SP WIDTH="14" VPOS="1082" HPOS="810"/>
							<String ID="string_231" HPOS="824" VPOS="1082" WIDTH="131" HEIGHT="22" WC="0.96" CONTENT="utfärdande"/>
						</TextLine>
						<TextLine ID="line_27" HPOS="203" VPOS="1116" WIDTH="753" HEIGHT="28">
							<String ID="string_232" HPOS="203" VPOS="1117" WIDTH="97" HEIGHT="21" WC="0.96" CONTENT="tillträda"/><SP WIDTH="17" VPOS="1117" HPOS="300"/>
							<String ID="string_233" HPOS="317" VPOS="1116" WIDTH="135" HEIGHT="28" WC="0.93" CONTENT="fastigheten,"/><SP WIDTH="19" VPOS="1116" HPOS="452"/>
							<String ID="string_234" HPOS="471" VPOS="1117" WIDTH="88" HEIGHT="20" WC="0.90" CONTENT="hvarom"/><SP WIDTH="18" VPOS="1117" HPOS="559"/>
							<String ID="string_235" HPOS="577" VPOS="1117" WIDTH="118" HEIGHT="27" WC="0.96" CONTENT="stadgande"/><SP WIDTH="19" VPOS="1117" HPOS="695"/>
							<String ID="string_236" HPOS="714" VPOS="1116" WIDTH="64" HEIGHT="22" WC="0.95" CONTENT="alltså"/><SP WIDTH="18" VPOS="1116" HPOS="778"/>
							<String ID="string_237" HPOS="796" VPOS="1116" WIDTH="73" HEIGHT="26" WC="0.95" CONTENT="borde,"/><SP WIDTH="20" VPOS="1116" HPOS="869"/>
							<String ID="string_238" HPOS="889" VPOS="1117" WIDTH="67" HEIGHT="27" WC="0.95" CONTENT="enligt"/>
						</TextLine>
						<TextLine ID="line_28" HPOS="202" VPOS="1151" WIDTH="388" HEIGHT="27">
							<String ID="string_239" HPOS="202" VPOS="1152" WIDTH="115" HEIGHT="20" WC="0.96" CONTENT="utskottets"/><SP WIDTH="15" VPOS="1152" HPOS="317"/>
							<String ID="string_240" HPOS="332" VPOS="1151" WIDTH="70" HEIGHT="26" WC="0.95" CONTENT="tanke,"/><SP WIDTH="16" VPOS="1151" HPOS="402"/>
							<String ID="string_241" HPOS="418" VPOS="1151" WIDTH="7" HEIGHT="20" WC="0.96" CONTENT="i"/><SP WIDTH="17" VPOS="1151" HPOS="425"/>
							<String ID="string_242" HPOS="442" VPOS="1152" WIDTH="25" HEIGHT="19" WC="0.92" CONTENT="17"/><SP WIDTH="16" VPOS="1152" HPOS="467"/>
							<String ID="string_243" HPOS="483" VPOS="1152" WIDTH="11" HEIGHT="26" WC="0.90" CONTENT="$"/><SP WIDTH="15" VPOS="1152" HPOS="494"/>
							<String ID="string_244" HPOS="509" VPOS="1151" WIDTH="81" HEIGHT="27" WC="0.91" CONTENT="inflyta."/>
						</TextLine>
					</TextBlock>
					<TextBlock ID="block_3" HPOS="203" VPOS="1185" WIDTH="752" HEIGHT="95">
						<TextLine ID="line_29" HPOS="271" VPOS="1185" WIDTH="684" HEIGHT="27">
							<String ID="string_245" HPOS="271" VPOS="1186" WIDTH="43" HEIGHT="20" WC="0.96" CONTENT="För"/><SP WIDTH="19" VPOS="1186" HPOS="314"/>
							<String ID="string_246" HPOS="333" VPOS="1185" WIDTH="64" HEIGHT="27" WC="0.96" CONTENT="öfrigt"/><SP WIDTH="14" VPOS="1185" HPOS="397"/>
							<String ID="string_247" HPOS="411" VPOS="1185" WIDTH="62" HEIGHT="21" WC="0.96" CONTENT="torde"/><SP WIDTH="14" VPOS="1185" HPOS="473"/>
							<String ID="string_248" HPOS="487" VPOS="1185" WIDTH="7" HEIGHT="20" WC="0.96" CONTENT="i"/><SP WIDTH="15" VPOS="1185" HPOS="494"/>
							<String ID="string_249" HPOS="509" VPOS="1186" WIDTH="24" HEIGHT="26" WC="0.92" CONTENT="$$"/><SP WIDTH="18" VPOS="1186" HPOS="533"/>
							<String ID="string_250" HPOS="551" VPOS="1187" WIDTH="18" HEIGHT="23" WC="0.96" CONTENT="1,"/><SP WIDTH="17" VPOS="1187" HPOS="569"/>
							<String ID="string_251" HPOS="586" VPOS="1186" WIDTH="19" HEIGHT="24" WC="0.95" CONTENT="3,"/><SP WIDTH="16" VPOS="1186" HPOS="605"/>
							<String ID="string_252" HPOS="621" VPOS="1186" WIDTH="19" HEIGHT="25" WC="0.96" CONTENT="4,"/><SP WIDTH="17" VPOS="1186" HPOS="640"/>
							<String ID="string_253" HPOS="657" VPOS="1186" WIDTH="19" HEIGHT="25" WC="0.96" CONTENT="5,"/><SP WIDTH="17" VPOS="1186" HPOS="676"/>
							<String ID="string_254" HPOS="693" VPOS="1186" WIDTH="19" HEIGHT="24" WC="0.96" CONTENT="6,"/><SP WIDTH="18" VPOS="1186" HPOS="712"/>
							<String ID="string_255" HPOS="730" VPOS="1186" WIDTH="32" HEIGHT="25" WC="0.96" CONTENT="16,"/><SP WIDTH="18" VPOS="1186" HPOS="762"/>
							<String ID="string_256" HPOS="780" VPOS="1186" WIDTH="25" HEIGHT="20" WC="0.96" CONTENT="18"/><SP WIDTH="16" VPOS="1186" HPOS="805"/>
							<String ID="string_257" HPOS="821" VPOS="1185" WIDTH="41" HEIGHT="21" WC="0.96" CONTENT="och"/><SP WIDTH="17" VPOS="1185" HPOS="862"/>
							<String ID="string_258" HPOS="879" VPOS="1186" WIDTH="25" HEIGHT="20" WC="0.92" CONTENT="19"/><SP WIDTH="17" VPOS="1186" HPOS="904"/>
							<String ID="string_259" HPOS="921" VPOS="1192" WIDTH="34" HEIGHT="14" WC="0.92" CONTENT="or-"/>
						</TextLine>
						<TextLine ID="line_30" HPOS="204" VPOS="1219" WIDTH="751" HEIGHT="27">
							<String ID="string_260" HPOS="204" VPOS="1219" WIDTH="35" HEIGHT="21" WC="0.93" CONTENT="det"/><SP WIDTH="20" VPOS="1219" HPOS="239"/>
							<String ID="string_261" HPOS="259" VPOS="1219" WIDTH="130" HEIGHT="27" WC="0.86" CONTENT=",Guvernör&quot;"/><SP WIDTH="18" VPOS="1219" HPOS="389"/>
							<String ID="string_262" HPOS="407" VPOS="1219" WIDTH="54" HEIGHT="21" WC="0.90" CONTENT="böra"/><SP WIDTH="18" VPOS="1219" HPOS="461"/>
							<String ID="string_263" HPOS="479" VPOS="1219" WIDTH="86" HEIGHT="27" WC="0.92" CONTENT="utbytas"/><SP WIDTH="19" VPOS="1219" HPOS="565"/>
							<String ID="string_264" HPOS="584" VPOS="1220" WIDTH="44" HEIGHT="20" WC="0.96" CONTENT="mot"/><SP WIDTH="18" VPOS="1220" HPOS="628"/>
							<String ID="string_265" HPOS="646" VPOS="1219" WIDTH="108" HEIGHT="27" WC="0.93" CONTENT="uttrycket"/><SP WIDTH="19" VPOS="1219" HPOS="754"/>
							<String ID="string_266" HPOS="773" VPOS="1219" WIDTH="124" HEIGHT="27" WC="0.89" CONTENT=",Kejsarens"/><SP WIDTH="22" VPOS="1219" HPOS="897"/>
							<String ID="string_267" HPOS="919" VPOS="1219" WIDTH="36" HEIGHT="21" WC="0.89" CONTENT="be-"/>
						</TextLine>
						<TextLine ID="line_31" HPOS="203" VPOS="1253" WIDTH="224" HEIGHT="27">
							<String ID="string_268" HPOS="203" VPOS="1253" WIDTH="224" HEIGHT="27" WC="0.80" CONTENT="fallningshafvande*."/>
						</TextLine>
					</TextBlock>
					<TextBlock ID="block_4" HPOS="204" VPOS="1286" WIDTH="753" HEIGHT="132">
						<TextLine ID="line_32" HPOS="274" VPOS="1286" WIDTH="682" HEIGHT="28">
							<String ID="string_269" HPOS="274" VPOS="1286" WIDTH="103" HEIGHT="27" WC="0.91" CONTENT="Slutligen"/><SP WIDTH="18" VPOS="1286" HPOS="377"/>
							<String ID="string_270" HPOS="395" VPOS="1286" WIDTH="58" HEIGHT="21" WC="0.92" CONTENT="lärer"/><SP WIDTH="19" VPOS="1286" HPOS="453"/>
							<String ID="string_271" HPOS="472" VPOS="1286" WIDTH="74" HEIGHT="27" WC="0.93" CONTENT="dagen,"/><SP WIDTH="20" VPOS="1286" HPOS="546"/>
							<String ID="string_272" HPOS="566" VPOS="1286" WIDTH="48" HEIGHT="21" WC="0.93" CONTENT="frän"/><SP WIDTH="18" VPOS="1286" HPOS="614"/>
							<String ID="string_273" HPOS="632" VPOS="1286" WIDTH="84" HEIGHT="21" WC="0.93" CONTENT="hvilken"/><SP WIDTH="23" VPOS="1286" HPOS="716"/>
							<String ID="string_274" HPOS="739" VPOS="1287" WIDTH="69" HEIGHT="21" WC="0.93" CONTENT="denna"/><SP WIDTH="22" VPOS="1287" HPOS="808"/>
							<String ID="string_275" HPOS="830" VPOS="1286" WIDTH="126" HEIGHT="28" WC="0.92" CONTENT="författning"/>
						</TextLine>
						<TextLine ID="line_33" HPOS="204" VPOS="1320" WIDTH="752" HEIGHT="28">
							<String ID="string_276" HPOS="204" VPOS="1320" WIDTH="68" HEIGHT="22" WC="0.93" CONTENT="borde"/><SP WIDTH="17" VPOS="1320" HPOS="272"/>
							<String ID="string_277" HPOS="289" VPOS="1320" WIDTH="66" HEIGHT="22" WC="0.96" CONTENT="blifva"/><SP WIDTH="19" VPOS="1320" HPOS="355"/>
							<String ID="string_278" HPOS="374" VPOS="1320" WIDTH="105" HEIGHT="28" WC="0.93" CONTENT="gällande,"/><SP WIDTH="19" VPOS="1320" HPOS="479"/>
							<String ID="string_279" HPOS="498" VPOS="1320" WIDTH="53" HEIGHT="22" WC="0.96" CONTENT="böra"/><SP WIDTH="18" VPOS="1320" HPOS="551"/>
							<String ID="string_280" HPOS="569" VPOS="1320" WIDTH="34" HEIGHT="21" WC="0.96" CONTENT="till"/><SP WIDTH="17" VPOS="1320" HPOS="603"/>
							<String ID="string_281" HPOS="620" VPOS="1320" WIDTH="60" HEIGHT="22" WC="0.93" CONTENT="Hans"/><SP WIDTH="22" VPOS="1320" HPOS="680"/>
							<String ID="string_282" HPOS="702" VPOS="1320" WIDTH="120" HEIGHT="28" WC="0.96" CONTENT="Kejserliga"/><SP WIDTH="22" VPOS="1320" HPOS="822"/>
							<String ID="string_283" HPOS="844" VPOS="1320" WIDTH="112" HEIGHT="28" WC="0.96" CONTENT="Majestäts"/>
						</TextLine>
						<TextLine ID="line_34" HPOS="204" VPOS="1354" WIDTH="753" HEIGHT="27">
							<String ID="string_284" HPOS="204" VPOS="1355" WIDTH="161" HEIGHT="22" WC="0.92" CONTENT="bestämmande"/><SP WIDTH="22" VPOS="1355" HPOS="365"/>
							<String ID="string_285" HPOS="387" VPOS="1354" WIDTH="145" HEIGHT="27" WC="0.90" CONTENT="öfverlemnas,"/><SP WIDTH="24" VPOS="1354" HPOS="532"/>
							<String ID="string_286" HPOS="556" VPOS="1354" WIDTH="71" HEIGHT="22" WC="0.95" CONTENT="såsom"/><SP WIDTH="21" VPOS="1354" HPOS="627"/>
							<String ID="string_287" HPOS="648" VPOS="1354" WIDTH="106" HEIGHT="23" WC="0.95" CONTENT="beroende"/><SP WIDTH="19" VPOS="1354" HPOS="754"/>
							<String ID="string_288" HPOS="773" VPOS="1356" WIDTH="23" HEIGHT="20" WC="0.96" CONTENT="af"/><SP WIDTH="17" VPOS="1356" HPOS="796"/>
							<String ID="string_289" HPOS="813" VPOS="1356" WIDTH="41" HEIGHT="21" WC="0.96" CONTENT="den"/><SP WIDTH="18" VPOS="1356" HPOS="854"/>
							<String ID="string_290" HPOS="872" VPOS="1355" WIDTH="38" HEIGHT="26" WC="0.96" CONTENT="tid,"/><SP WIDTH="20" VPOS="1355" HPOS="910"/>
							<String ID="string_291" HPOS="930" VPOS="1354" WIDTH="27" HEIGHT="23" WC="0.95" CONTENT="dä"/>
						</TextLine>
						<TextLine ID="line_35" HPOS="204" VPOS="1389" WIDTH="752" HEIGHT="29">
							<String ID="string_292" HPOS="204" VPOS="1390" WIDTH="155" HEIGHT="28" WC="0.96" CONTENT="författningen"/><SP WIDTH="18" VPOS="1390" HPOS="359"/>
							<String ID="string_293" HPOS="377" VPOS="1390" WIDTH="42" HEIGHT="21" WC="0.93" CONTENT="kan"/><SP WIDTH="18" VPOS="1390" HPOS="419"/>
							<String ID="string_294" HPOS="437" VPOS="1389" WIDTH="66" HEIGHT="22" WC="0.95" CONTENT="blifva"/><SP WIDTH="14" VPOS="1389" HPOS="503"/>
							<String ID="string_295" HPOS="517" VPOS="1390" WIDTH="7" HEIGHT="20" WC="0.93" CONTENT="i"/><SP WIDTH="15" VPOS="1390" HPOS="524"/>
							<String ID="string_296" HPOS="539" VPOS="1389" WIDTH="67" HEIGHT="22" WC="0.96" CONTENT="nåder"/><SP WIDTH="15" VPOS="1389" HPOS="606"/>
							<String ID="string_297" HPOS="621" VPOS="1389" WIDTH="107" HEIGHT="23" WC="0.96" CONTENT="fastställd"/><SP WIDTH="15" VPOS="1389" HPOS="728"/>
							<String ID="string_298" HPOS="743" VPOS="1390" WIDTH="40" HEIGHT="21" WC="0.93" CONTENT="och"/><SP WIDTH="15" VPOS="1390" HPOS="783"/>
							<String ID="string_299" HPOS="798" VPOS="1390" WIDTH="158" HEIGHT="28" WC="0.92" CONTENT="promulgerad."/>
						</TextLine>
					</TextBlock>
					<TextBlock ID="block_5" HPOS="205" VPOS="1423" WIDTH="753" HEIGHT="98">
						<TextLine ID="line_36" HPOS="273" VPOS="1423" WIDTH="684" HEIGHT="30">
							<String ID="string_300" HPOS="273" VPOS="1424" WIDTH="46" HEIGHT="22" WC="0.92" CONTENT="Hos"/><SP WIDTH="17" VPOS="1424" HPOS="319"/>
							<String ID="string_301" HPOS="336" VPOS="1424" WIDTH="83" HEIGHT="22" WC="0.92" CONTENT="landets"/><SP WIDTH="20" VPOS="1424" HPOS="419"/>
							<String ID="string_302" HPOS="439" VPOS="1424" WIDTH="92" HEIGHT="22" WC="0.93" CONTENT="Ständer"/><SP WIDTH="18" VPOS="1424" HPOS="531"/>
							<String ID="string_303" HPOS="549" VPOS="1423" WIDTH="34" HEIGHT="23" WC="0.92" CONTENT="fär"/><SP WIDTH="16" VPOS="1423" HPOS="583"/>
							<String ID="string_304" HPOS="599" VPOS="1424" WIDTH="110" HEIGHT="27" WC="0.92" CONTENT="utskottet,"/><SP WIDTH="16" VPOS="1424" HPOS="709"/>
							<String ID="string_305" HPOS="725" VPOS="1424" WIDTH="29" HEIGHT="29" WC="0.96" CONTENT="pä"/><SP WIDTH="16" VPOS="1424" HPOS="754"/>
							<String ID="string_306" HPOS="770" VPOS="1425" WIDTH="25" HEIGHT="22" WC="0.96" CONTENT="de"/><SP WIDTH="15" VPOS="1425" HPOS="795"/>
							<String ID="string_307" HPOS="810" VPOS="1425" WIDTH="47" HEIGHT="22" WC="0.96" CONTENT="skäl"/><SP WIDTH="14" VPOS="1425" HPOS="857"/>
							<String ID="string_308" HPOS="871" VPOS="1426" WIDTH="41" HEIGHT="20" WC="0.93" CONTENT="här"/><SP WIDTH="14" VPOS="1426" HPOS="912"/>
							<String ID="string_309" HPOS="926" VPOS="1425" WIDTH="31" HEIGHT="21" WC="0.93" CONTENT="of-"/>
						</TextLine>
						<TextLine ID="line_37" HPOS="205" VPOS="1458" WIDTH="752" HEIGHT="30">
							<String ID="string_310" HPOS="205" VPOS="1466" WIDTH="41" HEIGHT="15" WC="0.92" CONTENT="van"/><SP WIDTH="15" VPOS="1466" HPOS="246"/>
							<String ID="string_311" HPOS="261" VPOS="1458" WIDTH="70" HEIGHT="23" WC="0.90" CONTENT="blifvit"/><SP WIDTH="14" VPOS="1458" HPOS="331"/>
							<String ID="string_312" HPOS="345" VPOS="1459" WIDTH="96" HEIGHT="26" WC="0.92" CONTENT="anförde,"/><SP WIDTH="11" VPOS="1459" HPOS="441"/>
							<String ID="string_313" HPOS="452" VPOS="1459" WIDTH="109" HEIGHT="22" WC="0.93" CONTENT="vördsamt"/><SP WIDTH="10" VPOS="1459" HPOS="561"/>
							<String ID="string_314" HPOS="571" VPOS="1459" WIDTH="107" HEIGHT="28" WC="0.92" CONTENT="tillstyrka"/><SP WIDTH="11" VPOS="1459" HPOS="678"/>
							<String ID="string_315" HPOS="689" VPOS="1460" WIDTH="121" HEIGHT="28" WC="0.96" CONTENT="antagande"/><SP WIDTH="15" VPOS="1460" HPOS="810"/>
							<String ID="string_316" HPOS="825" VPOS="1460" WIDTH="25" HEIGHT="22" WC="0.97" CONTENT="af"/><SP WIDTH="12" VPOS="1460" HPOS="850"/>
							<String ID="string_317" HPOS="862" VPOS="1468" WIDTH="29" HEIGHT="13" WC="0.93" CONTENT="nu"/><SP WIDTH="15" VPOS="1468" HPOS="891"/>
							<String ID="string_318" HPOS="906" VPOS="1459" WIDTH="51" HEIGHT="23" WC="0.91" CONTENT="ifrä-"/>
						</TextLine>
						<TextLine ID="line_38" HPOS="205" VPOS="1493" WIDTH="753" HEIGHT="28">
							<String ID="string_319" HPOS="205" VPOS="1494" WIDTH="121" HEIGHT="27" WC="0.92" CONTENT="gavarande"/><SP WIDTH="14" VPOS="1494" HPOS="326"/>
							<String ID="string_320" HPOS="340" VPOS="1493" WIDTH="228" HEIGHT="28" WC="0.92" CONTENT="författningsförslag,"/><SP WIDTH="16" VPOS="1493" HPOS="568"/>
							<String ID="string_321" HPOS="584" VPOS="1493" WIDTH="48" HEIGHT="22" WC="0.96" CONTENT="med"/><SP WIDTH="20" VPOS="1493" HPOS="632"/>
							<String ID="string_322" HPOS="652" VPOS="1494" WIDTH="26" HEIGHT="22" WC="0.96" CONTENT="de"/><SP WIDTH="19" VPOS="1494" HPOS="678"/>
							<String ID="string_323" HPOS="697" VPOS="1494" WIDTH="23" HEIGHT="22" WC="0.93" CONTENT="af"/><SP WIDTH="16" VPOS="1494" HPOS="720"/>
							<String ID="string_324" HPOS="736" VPOS="1494" WIDTH="104" HEIGHT="22" WC="0.92" CONTENT="utskottet"/><SP WIDTH="15" VPOS="1494" HPOS="840"/>
							<String ID="string_325" HPOS="855" VPOS="1495" WIDTH="45" HEIGHT="21" WC="0.93" CONTENT="deri"/><SP WIDTH="14" VPOS="1495" HPOS="900"/>
							<String ID="string_326" HPOS="914" VPOS="1495" WIDTH="44" HEIGHT="21" WC="0.92" CONTENT="för-"/>
						</TextLine>
					</TextBlock>
				</ComposedBlock>
				<GraphicalElement ID="cblock_2" HPOS="1011" VPOS="1142" WIDTH="6" HEIGHT="340"></GraphicalElement >
			</PrintSpace>
		</Page>
	</Layout>
</alto>
