<?xml version="1.0" encoding="UTF-8"?>
<alto xmlns="http://www.loc.gov/standards/alto/ns-v3#" xmlns:xlink="http://www.w3.org/1999/xlink" xmlns:xsi="http://www.w3.org/2001/XMLSchema-instance" xsi:schemaLocation="http://www.loc.gov/standards/alto/ns-v3# http://www.loc.gov/alto/v3/alto-3-0.xsd">
	<Description>
		<MeasurementUnit>pixel</MeasurementUnit>
		<sourceImageInformation>
			<fileName>/tmp/tess_b8f3sq3z_input.PNG</fileName>
		</sourceImageInformation>
		<OCRProcessing ID="OCR_0">
			<ocrProcessingStep>
				<processingSoftware>
					<softwareName>tesseract 5.3.4</softwareName>
				</processingSoftware>
			</ocrProcessingStep>
		</OCRProcessing>
	</Description>
	<Layout>
		<Page WIDTH="995" HEIGHT="1720" PHYSICAL_IMG_NR="0" ID="page_0">
			<PrintSpace HPOS="0" VPOS="0" WIDTH="995" HEIGHT="1720">
				<ComposedBlock ID="cblock_0" HPOS="294" VPOS="145" WIDTH="504" HEIGHT="25">
					<TextBlock ID="block_0" HPOS="294" VPOS="145" WIDTH="504" HEIGHT="25">
						<TextLine ID="line_0" HPOS="294" VPOS="145" WIDTH="504" HEIGHT="25">
							<String ID="string_0" HPOS="294" VPOS="145" WIDTH="71" HEIGHT="23" WC="0.92" CONTENT="Nädiga"/><SP WIDTH="11" VPOS="145" HPOS="365"/>
							<String ID="string_1" HPOS="376" VPOS="147" WIDTH="137" HEIGHT="23" WC="0.88" CONTENT="Propositionen"/><SP WIDTH="13" VPOS="147" HPOS="513"/>
							<String ID="string_2" HPOS="526" VPOS="147" WIDTH="34" HEIGHT="17" WC="0.87" CONTENT="N:o"/><SP WIDTH="13" VPOS="147" HPOS="560"/>
							<String ID="string_3" HPOS="573" VPOS="148" WIDTH="27" HEIGHT="17" WC="0.84" CONTENT="25."/><SP WIDTH="155" VPOS="148" HPOS="600"/>
							<String ID="string_4" HPOS="755" VPOS="147" WIDTH="43" HEIGHT="18" WC="0.96" CONTENT="1279"/>
						</TextLine>
					</TextBlock>
				</ComposedBlock>
				<ComposedBlock ID="cblock_1" HPOS="137" VPOS="210" WIDTH="687" HEIGHT="439">
					<TextBlock ID="block_1" HPOS="137" VPOS="210" WIDTH="687" HEIGHT="439">
						<TextLine ID="line_1" HPOS="142" VPOS="210" WIDTH="680" HEIGHT="28">
							<String ID="string_5" HPOS="142" VPOS="211" WIDTH="100" HEIGHT="27" WC="0.91" CONTENT="valtning"/><SP WIDTH="21" VPOS="211" HPOS="242"/>
							<String ID="string_6" HPOS="263" VPOS="212" WIDTH="77" HEIGHT="24" WC="0.91" CONTENT="rörer;"/><SP WIDTH="22" VPOS="212" HPOS="340"/>
							<String ID="string_7" HPOS="362" VPOS="210" WIDTH="71" HEIGHT="22" WC="0.89" CONTENT="kallen"/><SP WIDTH="19" VPOS="210" HPOS="433"/>
							<String ID="string_8" HPOS="452" VPOS="211" WIDTH="47" HEIGHT="21" WC="0.96" CONTENT="dem"/><SP WIDTH="18" VPOS="211" HPOS="499"/>
							<String ID="string_9" HPOS="517" VPOS="212" WIDTH="36" HEIGHT="20" WC="0.93" CONTENT="till"/><SP WIDTH="17" VPOS="212" HPOS="553"/>
							<String ID="string_10" HPOS="570" VPOS="210" WIDTH="194" HEIGHT="22" WC="0.92" CONTENT="sammankomst"/><SP WIDTH="-12" VPOS="210" HPOS="764"/>
							<String ID="string_11" HPOS="752" VPOS="206" WIDTH="12" HEIGHT="36" WC="0.89" CONTENT="å"/><SP WIDTH="14" VPOS="206" HPOS="764"/>
							<String ID="string_12" HPOS="778" VPOS="211" WIDTH="44" HEIGHT="21" WC="0.96" CONTENT="viss"/>
						</TextLine>
						<TextLine ID="line_2" HPOS="143" VPOS="244" WIDTH="680" HEIGHT="30">
							<String ID="string_13" HPOS="143" VPOS="245" WIDTH="33" HEIGHT="21" WC="0.91" CONTENT="tid"/><SP WIDTH="23" VPOS="245" HPOS="176"/>
							<String ID="string_14" HPOS="199" VPOS="245" WIDTH="38" HEIGHT="21" WC="0.95" CONTENT="och"/><SP WIDTH="21" VPOS="245" HPOS="237"/>
							<String ID="string_15" HPOS="258" VPOS="248" WIDTH="56" HEIGHT="26" WC="0.93" CONTENT="ort;"/><SP WIDTH="8" VPOS="248" HPOS="314"/>
							<String ID="string_16" HPOS="322" VPOS="252" WIDTH="76" HEIGHT="21" WC="0.93" CONTENT="genom"/><SP WIDTH="22" VPOS="252" HPOS="398"/>
							<String ID="string_17" HPOS="420" VPOS="244" WIDTH="132" HEIGHT="29" WC="0.94" CONTENT="kungörelse,"/><SP WIDTH="19" VPOS="244" HPOS="552"/>
							<String ID="string_18" HPOS="571" VPOS="246" WIDTH="68" HEIGHT="20" WC="0.87" CONTENT="som.i"/><SP WIDTH="15" VPOS="246" HPOS="639"/>
							<String ID="string_19" HPOS="654" VPOS="246" WIDTH="112" HEIGHT="20" WC="0.93" CONTENT="allmänna"/><SP WIDTH="14" VPOS="246" HPOS="766"/>
							<String ID="string_20" HPOS="780" VPOS="245" WIDTH="43" HEIGHT="21" WC="0.93" CONTENT="tid-"/>
						</TextLine>
						<TextLine ID="line_3" HPOS="142" VPOS="274" WIDTH="681" HEIGHT="33">
							<String ID="string_21" HPOS="142" VPOS="280" WIDTH="107" HEIGHT="27" WC="0.87" CONTENT="ningarne"/><SP WIDTH="20" VPOS="280" HPOS="249"/>
							<String ID="string_22" HPOS="269" VPOS="279" WIDTH="41" HEIGHT="21" WC="0.95" CONTENT="och"/><SP WIDTH="13" VPOS="279" HPOS="310"/>
							<String ID="string_23" HPOS="323" VPOS="286" WIDTH="73" HEIGHT="14" WC="0.93" CONTENT="annan"/><SP WIDTH="14" VPOS="286" HPOS="396"/>
							<String ID="string_24" HPOS="410" VPOS="280" WIDTH="14" HEIGHT="20" WC="0.75" CONTENT="&amp;"/><SP WIDTH="15" VPOS="280" HPOS="424"/>
							<String ID="string_25" HPOS="439" VPOS="283" WIDTH="61" HEIGHT="20" WC="0.93" CONTENT="orten"/><SP WIDTH="14" VPOS="283" HPOS="500"/>
							<String ID="string_26" HPOS="514" VPOS="279" WIDTH="149" HEIGHT="22" WC="0.89" CONTENT="utkommande"/><SP WIDTH="17" VPOS="279" HPOS="663"/>
							<String ID="string_27" HPOS="680" VPOS="274" WIDTH="86" HEIGHT="32" WC="0.96" CONTENT="tidning"/><SP WIDTH="16" VPOS="274" HPOS="766"/>
							<String ID="string_28" HPOS="782" VPOS="279" WIDTH="41" HEIGHT="21" WC="0.96" CONTENT="bör"/>
						</TextLine>
						<TextLine ID="line_4" HPOS="144" VPOS="313" WIDTH="678" HEIGHT="29">
							<String ID="string_29" HPOS="144" VPOS="314" WIDTH="85" HEIGHT="27" WC="0.95" CONTENT="införas"/><SP WIDTH="16" VPOS="314" HPOS="229"/>
							<String ID="string_30" HPOS="245" VPOS="316" WIDTH="34" HEIGHT="19" WC="0.93" CONTENT="tre"/><SP WIDTH="14" VPOS="316" HPOS="279"/>
							<String ID="string_31" HPOS="293" VPOS="314" WIDTH="89" HEIGHT="28" WC="0.92" CONTENT="gänger,"/><SP WIDTH="10" VPOS="314" HPOS="382"/>
							<String ID="string_32" HPOS="392" VPOS="314" WIDTH="79" HEIGHT="27" WC="0.93" CONTENT="första"/><SP WIDTH="12" VPOS="314" HPOS="471"/>
							<String ID="string_33" HPOS="483" VPOS="314" WIDTH="86" HEIGHT="28" WC="0.91" CONTENT="gängen"/><SP WIDTH="10" VPOS="314" HPOS="569"/>
							<String ID="string_34" HPOS="579" VPOS="315" WIDTH="66" HEIGHT="19" WC="0.93" CONTENT="minst"/><SP WIDTH="6" VPOS="315" HPOS="645"/>
							<String ID="string_35" HPOS="651" VPOS="314" WIDTH="89" HEIGHT="28" WC="0.88" CONTENT="fjorton"/><SP WIDTH="11" VPOS="314" HPOS="740"/>
							<String ID="string_36" HPOS="751" VPOS="313" WIDTH="71" HEIGHT="28" WC="0.96" CONTENT="dagar"/>
						</TextLine>
						<TextLine ID="line_5" HPOS="137" VPOS="343" WIDTH="687" HEIGHT="33">
							<String ID="string_37" HPOS="137" VPOS="348" WIDTH="53" HEIGHT="28" WC="0.94" CONTENT="före"/><SP WIDTH="16" VPOS="348" HPOS="190"/>
							<String ID="string_38" HPOS="206" VPOS="348" WIDTH="40" HEIGHT="20" WC="0.96" CONTENT="den"/><SP WIDTH="17" VPOS="348" HPOS="246"/>
							<String ID="string_39" HPOS="263" VPOS="348" WIDTH="35" HEIGHT="20" WC="0.93" CONTENT="till"/><SP WIDTH="15" VPOS="348" HPOS="298"/>
							<String ID="string_40" HPOS="313" VPOS="347" WIDTH="190" HEIGHT="22" WC="0.92" CONTENT="sammankomsten"/><SP WIDTH="16" VPOS="347" HPOS="503"/>
							<String ID="string_41" HPOS="519" VPOS="348" WIDTH="110" HEIGHT="21" WC="0.92" CONTENT="bestämda"/><SP WIDTH="15" VPOS="348" HPOS="629"/>
							<String ID="string_42" HPOS="644" VPOS="343" WIDTH="53" HEIGHT="33" WC="0.93" CONTENT="dag;"/><SP WIDTH="17" VPOS="343" HPOS="697"/>
							<String ID="string_43" HPOS="714" VPOS="347" WIDTH="38" HEIGHT="23" WC="0.95" CONTENT="och"/><SP WIDTH="16" VPOS="347" HPOS="752"/>
							<String ID="string_44" HPOS="768" VPOS="347" WIDTH="56" HEIGHT="21" WC="0.95" CONTENT="skall"/>
						</TextLine>
						<TextLine ID="line_6" HPOS="141" VPOS="382" WIDTH="683" HEIGHT="29">
							<String ID="string_45" HPOS="141" VPOS="382" WIDTH="11" HEIGHT="20" WC="0.91" CONTENT="i"/><SP WIDTH="18" VPOS="382" HPOS="152"/>
							<String ID="string_46" HPOS="170" VPOS="382" WIDTH="142" HEIGHT="28" WC="0.96" CONTENT="kungörelsen"/><SP WIDTH="17" VPOS="382" HPOS="312"/>
							<String ID="string_47" HPOS="329" VPOS="382" WIDTH="73" HEIGHT="21" WC="0.96" CONTENT="tillika"/><SP WIDTH="14" VPOS="382" HPOS="402"/>
							<String ID="string_48" HPOS="416" VPOS="384" WIDTH="93" HEIGHT="19" WC="0.96" CONTENT="utsättas"/><SP WIDTH="16" VPOS="384" HPOS="509"/>
							<String ID="string_49" HPOS="525" VPOS="383" WIDTH="24" HEIGHT="20" WC="0.93" CONTENT="de"/><SP WIDTH="15" VPOS="383" HPOS="549"/>
							<String ID="string_50" HPOS="564" VPOS="382" WIDTH="93" HEIGHT="21" WC="0.93" CONTENT="ärender"/><SP WIDTH="16" VPOS="382" HPOS="657"/>
							<String ID="string_51" HPOS="673" VPOS="382" WIDTH="24" HEIGHT="29" WC="0.93" CONTENT="af"/><SP WIDTH="13" VPOS="382" HPOS="697"/>
							<String ID="string_52" HPOS="710" VPOS="382" WIDTH="53" HEIGHT="28" WC="0.95" CONTENT="vigt,"/><SP WIDTH="16" VPOS="382" HPOS="763"/>
							<String ID="string_53" HPOS="779" VPOS="388" WIDTH="45" HEIGHT="14" WC="0.96" CONTENT="som"/>
						</TextLine>
						<TextLine ID="line_7" HPOS="143" VPOS="416" WIDTH="681" HEIGHT="29">
							<String ID="string_54" HPOS="143" VPOS="416" WIDTH="76" HEIGHT="22" WC="0.92" CONTENT="dervid"/><SP WIDTH="23" VPOS="416" HPOS="219"/>
							<String ID="string_55" HPOS="242" VPOS="416" WIDTH="83" HEIGHT="21" WC="0.96" CONTENT="komma"/><SP WIDTH="23" VPOS="416" HPOS="325"/>
							<String ID="string_56" HPOS="348" VPOS="421" WIDTH="33" HEIGHT="16" WC="0.93" CONTENT="att"/><SP WIDTH="18" VPOS="421" HPOS="381"/>
							<String ID="string_57" HPOS="399" VPOS="417" WIDTH="141" HEIGHT="28" WC="0.94" CONTENT="handläggas,"/><SP WIDTH="20" VPOS="417" HPOS="540"/>
							<String ID="string_58" HPOS="560" VPOS="418" WIDTH="109" HEIGHT="27" WC="0.95" CONTENT="äfvensom"/><SP WIDTH="18" VPOS="418" HPOS="669"/>
							<String ID="string_59" HPOS="687" VPOS="420" WIDTH="33" HEIGHT="17" WC="0.93" CONTENT="att"/><SP WIDTH="8" VPOS="420" HPOS="720"/>
							<String ID="string_60" HPOS="728" VPOS="417" WIDTH="96" HEIGHT="28" WC="0.92" CONTENT="fränva-"/>
						</TextLine>
						<TextLine ID="line_8" HPOS="143" VPOS="451" WIDTH="680" HEIGHT="30">
							<String ID="string_61" HPOS="143" VPOS="451" WIDTH="67" HEIGHT="21" WC="0.95" CONTENT="rande"/><SP WIDTH="17" VPOS="451" HPOS="210"/>
							<String ID="string_62" HPOS="227" VPOS="451" WIDTH="132" HEIGHT="30" WC="0.96" CONTENT="borgenärer"/><SP WIDTH="10" VPOS="451" HPOS="359"/>
							<String ID="string_63" HPOS="369" VPOS="452" WIDTH="29" HEIGHT="28" WC="0.93" CONTENT="få"/><SP WIDTH="15" VPOS="452" HPOS="398"/>
							<String ID="string_64" HPOS="413" VPOS="452" WIDTH="62" HEIGHT="29" WC="0.92" CONTENT="nöjas"/><SP WIDTH="15" VPOS="452" HPOS="475"/>
							<String ID="string_65" HPOS="490" VPOS="453" WIDTH="47" HEIGHT="24" WC="0.96" CONTENT="med"/><SP WIDTH="15" VPOS="453" HPOS="537"/>
							<String ID="string_66" HPOS="552" VPOS="452" WIDTH="24" HEIGHT="21" WC="0.93" CONTENT="de"/><SP WIDTH="11" VPOS="452" HPOS="576"/>
							<String ID="string_67" HPOS="587" VPOS="451" WIDTH="149" HEIGHT="22" WC="0.92" CONTENT="närvarandes"/><SP WIDTH="13" VPOS="451" HPOS="736"/>
							<String ID="string_68" HPOS="749" VPOS="451" WIDTH="74" HEIGHT="21" WC="0.95" CONTENT="beslut."/>
						</TextLine>
						<TextLine ID="line_9" HPOS="201" VPOS="485" WIDTH="623" HEIGHT="30">
							<String ID="string_69" HPOS="201" VPOS="485" WIDTH="101" HEIGHT="28" WC="0.82" CONTENT="Kommer"/><SP WIDTH="14" VPOS="485" HPOS="302"/>
							<String ID="string_70" HPOS="316" VPOS="486" WIDTH="46" HEIGHT="22" WC="0.82" CONTENT="icke"/><SP WIDTH="12" VPOS="486" HPOS="362"/>
							<String ID="string_71" HPOS="374" VPOS="487" WIDTH="72" HEIGHT="28" WC="0.91" CONTENT="någon"/><SP WIDTH="12" VPOS="487" HPOS="446"/>
							<String ID="string_72" HPOS="458" VPOS="486" WIDTH="107" HEIGHT="29" WC="0.92" CONTENT="borgenär"/><SP WIDTH="143" VPOS="486" HPOS="565"/>
							<String ID="string_73" HPOS="708" VPOS="492" WIDTH="51" HEIGHT="22" WC="0.96" CONTENT="egen"/><SP WIDTH="11" VPOS="492" HPOS="759"/>
							<String ID="string_74" HPOS="770" VPOS="485" WIDTH="54" HEIGHT="29" WC="0.95" CONTENT="gode"/>
						</TextLine>
						<TextLine ID="line_10" HPOS="144" VPOS="521" WIDTH="243" HEIGHT="21">
							<String ID="string_75" HPOS="144" VPOS="521" WIDTH="92" HEIGHT="20" WC="0.92" CONTENT="männen"/><SP WIDTH="16" VPOS="521" HPOS="236"/>
							<String ID="string_76" HPOS="252" VPOS="524" WIDTH="32" HEIGHT="18" WC="0.95" CONTENT="att"/><SP WIDTH="16" VPOS="524" HPOS="284"/>
							<String ID="string_77" HPOS="300" VPOS="521" WIDTH="87" HEIGHT="28" WC="0.95" CONTENT="besluta."/>
						</TextLine>
						<TextLine ID="line_11" HPOS="284" VPOS="578" WIDTH="263" HEIGHT="33">
							<String ID="string_78" HPOS="284" VPOS="578" WIDTH="2" HEIGHT="6" WC="0.74" CONTENT="|"/><SP WIDTH="131" VPOS="578" HPOS="286"/>
							<String ID="string_79" HPOS="417" VPOS="585" WIDTH="24" HEIGHT="26" WC="0.54" CONTENT="$$."/><SP WIDTH="16" VPOS="585" HPOS="441"/>
							<String ID="string_80" HPOS="457" VPOS="585" WIDTH="90" HEIGHT="20" WC="0.79" CONTENT="61—84."/>
						</TextLine>
						<TextLine ID="line_12" HPOS="407" VPOS="621" WIDTH="154" HEIGHT="28">
							<String ID="string_81" HPOS="407" VPOS="621" WIDTH="154" HEIGHT="28" WC="0.91" CONTENT="Oförändrade."/>
						</TextLine>
					</TextBlock>
				</ComposedBlock>
				<ComposedBlock ID="cblock_2" HPOS="420" VPOS="725" WIDTH="129" HEIGHT="22">
					<TextBlock ID="block_2" HPOS="420" VPOS="725" WIDTH="129" HEIGHT="22">
						<TextLine ID="line_13" HPOS="420" VPOS="725" WIDTH="129" HEIGHT="22">
							<String ID="string_82" HPOS="420" VPOS="725" WIDTH="79" HEIGHT="22" WC="0.95" CONTENT="Kap."/><SP WIDTH="19" VPOS="725" HPOS="499"/>
							<String ID="string_83" HPOS="518" VPOS="726" WIDTH="31" HEIGHT="16" WC="0.94" CONTENT="6."/>
						</TextLine>
					</TextBlock>
				</ComposedBlock>
				<ComposedBlock ID="cblock_3" HPOS="146" VPOS="774" WIDTH="680" HEIGHT="77">
					<TextBlock ID="block_3" HPOS="146" VPOS="774" WIDTH="680" HEIGHT="77">
						<TextLine ID="line_14" HPOS="146" VPOS="774" WIDTH="680" HEIGHT="35">
							<String ID="string_84" HPOS="146" VPOS="781" WIDTH="31" HEIGHT="21" WC="0.90" CONTENT="Om"/><SP WIDTH="18" VPOS="781" HPOS="177"/>
							<String ID="string_85" HPOS="195" VPOS="780" WIDTH="96" HEIGHT="29" WC="0.90" CONTENT="gäldenärs"/><SP WIDTH="18" VPOS="780" HPOS="291"/>
							<String ID="string_86" HPOS="309" VPOS="774" WIDTH="207" HEIGHT="33" WC="0.89" CONTENT="betalningsskyldighet"/><SP WIDTH="18" VPOS="774" HPOS="516"/>
							<String ID="string_87" HPOS="534" VPOS="779" WIDTH="47" HEIGHT="22" WC="0.96" CONTENT="efter"/><SP WIDTH="13" VPOS="779" HPOS="581"/>
							<String ID="string_88" HPOS="594" VPOS="779" WIDTH="105" HEIGHT="22" WC="0.96" CONTENT="konkursen"/><SP WIDTH="13" VPOS="779" HPOS="699"/>
							<String ID="string_89" HPOS="712" VPOS="780" WIDTH="33" HEIGHT="21" WC="0.96" CONTENT="och"/><SP WIDTH="15" VPOS="780" HPOS="745"/>
							<String ID="string_90" HPOS="760" VPOS="786" WIDTH="66" HEIGHT="16" WC="0.96" CONTENT="ansvar"/>
						</TextLine>
						<TextLine ID="line_15" HPOS="275" VPOS="816" WIDTH="420" HEIGHT="35">
							<String ID="string_91" HPOS="275" VPOS="817" WIDTH="29" HEIGHT="22" WC="0.96" CONTENT="för"/><SP WIDTH="13" VPOS="817" HPOS="304"/>
							<String ID="string_92" HPOS="317" VPOS="817" WIDTH="103" HEIGHT="28" WC="0.92" CONTENT="bedrägeri,"/><SP WIDTH="13" VPOS="817" HPOS="420"/>
							<String ID="string_93" HPOS="433" VPOS="817" WIDTH="74" HEIGHT="34" WC="0.92" CONTENT="tredska"/><SP WIDTH="14" VPOS="817" HPOS="507"/>
							<String ID="string_94" HPOS="521" VPOS="817" WIDTH="45" HEIGHT="22" WC="0.96" CONTENT="eller"/><SP WIDTH="13" VPOS="817" HPOS="566"/>
							<String ID="string_95" HPOS="579" VPOS="816" WIDTH="116" HEIGHT="23" WC="0.81" CONTENT="vårdslöshet."/>
						</TextLine>
					</TextBlock>
				</ComposedBlock>
				<ComposedBlock ID="cblock_4" HPOS="456" VPOS="878" WIDTH="61" HEIGHT="27">
					<TextBlock ID="block_4" HPOS="456" VPOS="878" WIDTH="61" HEIGHT="27">
						<TextLine ID="line_16" HPOS="456" VPOS="878" WIDTH="61" HEIGHT="27">
							<String ID="string_96" HPOS="456" VPOS="878" WIDTH="11" HEIGHT="27" WC="0.87" CONTENT="8"/><SP WIDTH="16" VPOS="878" HPOS="467"/>
							<String ID="string_97" HPOS="483" VPOS="878" WIDTH="34" HEIGHT="20" WC="0.95" CONTENT="85."/>
						</TextLine>
					</TextBlock>
				</ComposedBlock>
				<ComposedBlock ID="cblock_5" HPOS="129" VPOS="920" WIDTH="703" HEIGHT="552">
					<TextBlock ID="block_5" HPOS="129" VPOS="920" WIDTH="703" HEIGHT="552">
						<TextLine ID="line_17" HPOS="203" VPOS="920" WIDTH="624" HEIGHT="29">
							<String ID="string_98" HPOS="203" VPOS="921" WIDTH="77" HEIGHT="21" WC="0.95" CONTENT="Första"/><SP WIDTH="21" VPOS="921" HPOS="280"/>
							<String ID="string_99" HPOS="301" VPOS="920" WIDTH="82" HEIGHT="28" WC="0.41" CONTENT="&quot;stycket"/><SP WIDTH="17" VPOS="920" HPOS="383"/>
							<String ID="string_100" HPOS="400" VPOS="920" WIDTH="145" HEIGHT="26" WC="0.92" CONTENT="oförändradt,"/><SP WIDTH="19" VPOS="920" HPOS="545"/>
							<String ID="string_101" HPOS="564" VPOS="920" WIDTH="111" HEIGHT="29" WC="0.96" CONTENT="hvaremot"/><SP WIDTH="14" VPOS="920" HPOS="675"/>
							<String ID="string_102" HPOS="689" VPOS="920" WIDTH="69" HEIGHT="22" WC="0.93" CONTENT="andra"/><SP WIDTH="14" VPOS="920" HPOS="758"/>
							<String ID="string_103" HPOS="772" VPOS="922" WIDTH="55" HEIGHT="26" WC="0.92" CONTENT="styc-"/>
						</TextLine>
						<TextLine ID="line_18" HPOS="147" VPOS="953" WIDTH="354" HEIGHT="29">
							<String ID="string_104" HPOS="147" VPOS="956" WIDTH="37" HEIGHT="21" WC="0.96" CONTENT="ket"/><SP WIDTH="14" VPOS="956" HPOS="184"/>
							<String ID="string_105" HPOS="198" VPOS="954" WIDTH="92" HEIGHT="23" WC="0.96" CONTENT="erhåller"/><SP WIDTH="14" VPOS="954" HPOS="290"/>
							<String ID="string_106" HPOS="304" VPOS="953" WIDTH="94" HEIGHT="29" WC="0.96" CONTENT="följande"/><SP WIDTH="14" VPOS="953" HPOS="398"/>
							<String ID="string_107" HPOS="412" VPOS="954" WIDTH="89" HEIGHT="28" WC="0.96" CONTENT="lydelse:"/>
						</TextLine>
						<TextLine ID="line_19" HPOS="205" VPOS="997" WIDTH="623" HEIGHT="29">
							<String ID="string_108" HPOS="205" VPOS="998" WIDTH="46" HEIGHT="22" WC="0.96" CONTENT="För"/><SP WIDTH="16" VPOS="998" HPOS="251"/>
							<String ID="string_109" HPOS="267" VPOS="998" WIDTH="68" HEIGHT="26" WC="0.96" CONTENT="skuld,"/><SP WIDTH="16" VPOS="998" HPOS="335"/>
							<String ID="string_110" HPOS="351" VPOS="1005" WIDTH="45" HEIGHT="14" WC="0.96" CONTENT="som"/><SP WIDTH="14" VPOS="1005" HPOS="396"/>
							<String ID="string_111" HPOS="410" VPOS="998" WIDTH="67" HEIGHT="20" WC="0.93" CONTENT="innan"/><SP WIDTH="16" VPOS="998" HPOS="477"/>
							<String ID="string_112" HPOS="493" VPOS="997" WIDTH="131" HEIGHT="22" WC="0.92" CONTENT="konkursens"/><SP WIDTH="16" VPOS="997" HPOS="624"/>
							<String ID="string_113" HPOS="640" VPOS="998" WIDTH="78" HEIGHT="28" WC="0.93" CONTENT="början"/><SP WIDTH="16" VPOS="998" HPOS="718"/>
							<String ID="string_114" HPOS="734" VPOS="998" WIDTH="94" HEIGHT="21" WC="0.91" CONTENT="tillkom-"/>
						</TextLine>
						<TextLine ID="line_20" HPOS="148" VPOS="1032" WIDTH="681" HEIGHT="29">
							<String ID="string_115" HPOS="148" VPOS="1035" WIDTH="46" HEIGHT="25" WC="0.96" CONTENT="mit,"/><SP WIDTH="17" VPOS="1035" HPOS="194"/>
							<String ID="string_116" HPOS="211" VPOS="1040" WIDTH="50" HEIGHT="14" WC="0.92" CONTENT="vare"/><SP WIDTH="19" VPOS="1040" HPOS="261"/>
							<String ID="string_117" HPOS="280" VPOS="1032" WIDTH="107" HEIGHT="29" WC="0.91" CONTENT="gäldenär"/><SP WIDTH="16" VPOS="1032" HPOS="387"/>
							<String ID="string_118" HPOS="403" VPOS="1032" WIDTH="19" HEIGHT="28" WC="0.93" CONTENT="ej"/><SP WIDTH="15" VPOS="1032" HPOS="422"/>
							<String ID="string_119" HPOS="437" VPOS="1032" WIDTH="124" HEIGHT="33" WC="0.90" CONTENT="bysättning"/><SP WIDTH="14" VPOS="1032" HPOS="561"/>
							<String ID="string_120" HPOS="575" VPOS="1032" WIDTH="147" HEIGHT="22" WC="0.96" CONTENT="underkastad"/><SP WIDTH="14" VPOS="1032" HPOS="722"/>
							<String ID="string_121" HPOS="736" VPOS="1033" WIDTH="10" HEIGHT="20" WC="0.95" CONTENT="i"/><SP WIDTH="15" VPOS="1033" HPOS="746"/>
							<String ID="string_122" HPOS="761" VPOS="1036" WIDTH="68" HEIGHT="17" WC="0.96" CONTENT="annat"/>
						</TextLine>
						<TextLine ID="line_21" HPOS="129" VPOS="1050" WIDTH="700" HEIGHT="52">
							<String ID="string_123" HPOS="129" VPOS="1050" WIDTH="74" HEIGHT="52" WC="0.25" CONTENT="&quot;fall."/><SP WIDTH="9" VPOS="1050" HPOS="203"/>
							<String ID="string_124" HPOS="212" VPOS="1069" WIDTH="29" HEIGHT="19" WC="0.96" CONTENT="än"/><SP WIDTH="16" VPOS="1069" HPOS="241"/>
							<String ID="string_125" HPOS="257" VPOS="1075" WIDTH="33" HEIGHT="13" WC="0.96" CONTENT="om"/><SP WIDTH="15" VPOS="1075" HPOS="290"/>
							<String ID="string_126" HPOS="305" VPOS="1065" WIDTH="49" HEIGHT="23" WC="0.96" CONTENT="skäl"/><SP WIDTH="14" VPOS="1065" HPOS="354"/>
							<String ID="string_127" HPOS="368" VPOS="1068" WIDTH="57" HEIGHT="20" WC="0.96" CONTENT="visas"/><SP WIDTH="17" VPOS="1068" HPOS="425"/>
							<String ID="string_128" HPOS="442" VPOS="1062" WIDTH="35" HEIGHT="26" WC="0.95" CONTENT="till"/><SP WIDTH="14" VPOS="1062" HPOS="477"/>
							<String ID="string_129" HPOS="491" VPOS="1068" WIDTH="122" HEIGHT="27" WC="0.96" CONTENT="antagande"/><SP WIDTH="16" VPOS="1068" HPOS="613"/>
							<String ID="string_130" HPOS="629" VPOS="1067" WIDTH="65" HEIGHT="29" WC="0.96" CONTENT="deraf"/><SP WIDTH="14" VPOS="1067" HPOS="694"/>
							<String ID="string_131" HPOS="708" VPOS="1070" WIDTH="32" HEIGHT="17" WC="0.93" CONTENT="att"/><SP WIDTH="14" VPOS="1070" HPOS="740"/>
							<String ID="string_132" HPOS="754" VPOS="1067" WIDTH="75" HEIGHT="27" WC="0.91" CONTENT="gälde-"/>
						</TextLine>
						<TextLine ID="line_22" HPOS="148" VPOS="1100" WIDTH="682" HEIGHT="31">
							<String ID="string_133" HPOS="148" VPOS="1104" WIDTH="69" HEIGHT="20" WC="0.90" CONTENT="nären"/><SP WIDTH="22" VPOS="1104" HPOS="217"/>
							<String ID="string_134" HPOS="239" VPOS="1102" WIDTH="54" HEIGHT="29" WC="0.94" CONTENT="efter"/><SP WIDTH="23" VPOS="1102" HPOS="293"/>
							<String ID="string_135" HPOS="316" VPOS="1100" WIDTH="120" HEIGHT="22" WC="0.96" CONTENT="konkursen"/><SP WIDTH="17" VPOS="1100" HPOS="436"/>
							<String ID="string_136" HPOS="453" VPOS="1100" WIDTH="92" HEIGHT="22" WC="0.95" CONTENT="innehar"/><SP WIDTH="18" VPOS="1100" HPOS="545"/>
							<String ID="string_137" HPOS="563" VPOS="1108" WIDTH="47" HEIGHT="14" WC="0.93" CONTENT="men"/><SP WIDTH="15" VPOS="1108" HPOS="610"/>
							<String ID="string_138" HPOS="625" VPOS="1101" WIDTH="143" HEIGHT="28" WC="0.91" CONTENT="undandöljer"/><SP WIDTH="16" VPOS="1101" HPOS="768"/>
							<String ID="string_139" HPOS="784" VPOS="1102" WIDTH="46" HEIGHT="20" WC="0.91" CONTENT="till-"/>
						</TextLine>
						<TextLine ID="line_23" HPOS="149" VPOS="1134" WIDTH="680" HEIGHT="32">
							<String ID="string_140" HPOS="149" VPOS="1138" WIDTH="58" HEIGHT="28" WC="0.95" CONTENT="gång"/><SP WIDTH="16" VPOS="1138" HPOS="207"/>
							<String ID="string_141" HPOS="223" VPOS="1134" WIDTH="47" HEIGHT="24" WC="0.95" CONTENT="och"/><SP WIDTH="21" VPOS="1134" HPOS="270"/>
							<String ID="string_142" HPOS="291" VPOS="1135" WIDTH="43" HEIGHT="21" WC="0.96" CONTENT="han"/><SP WIDTH="18" VPOS="1135" HPOS="334"/>
							<String ID="string_143" HPOS="352" VPOS="1136" WIDTH="9" HEIGHT="20" WC="0.94" CONTENT="i"/><SP WIDTH="19" VPOS="1136" HPOS="361"/>
							<String ID="string_144" HPOS="380" VPOS="1139" WIDTH="21" HEIGHT="25" WC="0.96" CONTENT="ty"/><SP WIDTH="16" VPOS="1139" HPOS="401"/>
							<String ID="string_145" HPOS="417" VPOS="1136" WIDTH="46" HEIGHT="29" WC="0.93" CONTENT="fall"/><SP WIDTH="19" VPOS="1136" HPOS="463"/>
							<String ID="string_146" HPOS="482" VPOS="1137" WIDTH="19" HEIGHT="27" WC="0.93" CONTENT="ej"/><SP WIDTH="18" VPOS="1137" HPOS="501"/>
							<String ID="string_147" HPOS="519" VPOS="1137" WIDTH="67" HEIGHT="27" WC="0.96" CONTENT="gitter"/><SP WIDTH="18" VPOS="1137" HPOS="586"/>
							<String ID="string_148" HPOS="604" VPOS="1136" WIDTH="37" HEIGHT="20" WC="0.95" CONTENT="vid"/><SP WIDTH="18" VPOS="1136" HPOS="641"/>
							<String ID="string_149" HPOS="659" VPOS="1136" WIDTH="92" HEIGHT="20" WC="0.93" CONTENT="domstol"/><SP WIDTH="16" VPOS="1136" HPOS="751"/>
							<String ID="string_150" HPOS="767" VPOS="1136" WIDTH="13" HEIGHT="21" WC="0.93" CONTENT="å"/><SP WIDTH="16" VPOS="1136" HPOS="780"/>
							<String ID="string_151" HPOS="796" VPOS="1136" WIDTH="33" HEIGHT="20" WC="0.96" CONTENT="tid"/>
						</TextLine>
						<TextLine ID="line_24" HPOS="150" VPOS="1170" WIDTH="680" HEIGHT="29">
							<String ID="string_152" HPOS="150" VPOS="1180" WIDTH="45" HEIGHT="13" WC="0.90" CONTENT="som"/><SP WIDTH="22" VPOS="1180" HPOS="195"/>
							<String ID="string_153" HPOS="217" VPOS="1171" WIDTH="76" HEIGHT="21" WC="0.90" CONTENT="dertill"/><SP WIDTH="22" VPOS="1171" HPOS="293"/>
							<String ID="string_154" HPOS="315" VPOS="1170" WIDTH="130" HEIGHT="26" WC="0.96" CONTENT="bestämmes,"/><SP WIDTH="19" VPOS="1170" HPOS="445"/>
							<String ID="string_155" HPOS="464" VPOS="1171" WIDTH="47" HEIGHT="21" WC="0.96" CONTENT="med"/><SP WIDTH="16" VPOS="1171" HPOS="511"/>
							<String ID="string_156" HPOS="527" VPOS="1171" WIDTH="26" HEIGHT="21" WC="0.96" CONTENT="ed"/><SP WIDTH="14" VPOS="1171" HPOS="553"/>
							<String ID="string_157" HPOS="567" VPOS="1170" WIDTH="74" HEIGHT="29" WC="0.96" CONTENT="styrka"/><SP WIDTH="15" VPOS="1170" HPOS="641"/>
							<String ID="string_158" HPOS="656" VPOS="1174" WIDTH="33" HEIGHT="17" WC="0.96" CONTENT="att"/><SP WIDTH="15" VPOS="1174" HPOS="689"/>
							<String ID="string_159" HPOS="704" VPOS="1170" WIDTH="42" HEIGHT="21" WC="0.96" CONTENT="han"/><SP WIDTH="16" VPOS="1170" HPOS="746"/>
							<String ID="string_160" HPOS="762" VPOS="1171" WIDTH="18" HEIGHT="28" WC="0.92" CONTENT="ej"/><SP WIDTH="16" VPOS="1171" HPOS="780"/>
							<String ID="string_161" HPOS="796" VPOS="1170" WIDTH="34" HEIGHT="21" WC="0.92" CONTENT="så-"/>
						</TextLine>
						<TextLine ID="line_25" HPOS="150" VPOS="1204" WIDTH="680" HEIGHT="29">
							<String ID="string_162" HPOS="150" VPOS="1207" WIDTH="44" HEIGHT="20" WC="0.96" CONTENT="dan"/><SP WIDTH="22" VPOS="1207" HPOS="194"/>
							<String ID="string_163" HPOS="216" VPOS="1205" WIDTH="94" HEIGHT="28" WC="0.91" CONTENT="tillgång"/><SP WIDTH="24" VPOS="1205" HPOS="310"/>
							<String ID="string_164" HPOS="334" VPOS="1211" WIDTH="56" HEIGHT="21" WC="0.91" CONTENT="eger."/><SP WIDTH="29" VPOS="1211" HPOS="390"/>
							<String ID="string_165" HPOS="419" VPOS="1204" WIDTH="51" HEIGHT="21" WC="0.96" CONTENT="Har"/><SP WIDTH="22" VPOS="1204" HPOS="470"/>
							<String ID="string_166" HPOS="492" VPOS="1205" WIDTH="19" HEIGHT="28" WC="0.93" CONTENT="ej"/><SP WIDTH="19" VPOS="1205" HPOS="511"/>
							<String ID="string_167" HPOS="530" VPOS="1205" WIDTH="113" HEIGHT="27" WC="0.88" CONTENT="gäldenär,"/><SP WIDTH="19" VPOS="1205" HPOS="643"/>
							<String ID="string_168" HPOS="662" VPOS="1211" WIDTH="75" HEIGHT="22" WC="0.90" CONTENT="genom"/><SP WIDTH="16" VPOS="1211" HPOS="737"/>
							<String ID="string_169" HPOS="753" VPOS="1205" WIDTH="77" HEIGHT="20" WC="0.90" CONTENT="bedrä-"/>
						</TextLine>
						<TextLine ID="line_26" HPOS="150" VPOS="1235" WIDTH="680" HEIGHT="43">
							<String ID="string_170" HPOS="150" VPOS="1241" WIDTH="54" HEIGHT="31" WC="0.89" CONTENT="geri,"/><SP WIDTH="9" VPOS="1241" HPOS="204"/>
							<String ID="string_171" HPOS="213" VPOS="1235" WIDTH="127" HEIGHT="43" WC="0.89" CONTENT="oredlighet,"/><SP WIDTH="10" VPOS="1235" HPOS="340"/>
							<String ID="string_172" HPOS="350" VPOS="1238" WIDTH="87" HEIGHT="21" WC="0.89" CONTENT="tredska"/><SP WIDTH="11" VPOS="1238" HPOS="437"/>
							<String ID="string_173" HPOS="448" VPOS="1239" WIDTH="51" HEIGHT="22" WC="0.96" CONTENT="eller"/><SP WIDTH="12" VPOS="1239" HPOS="499"/>
							<String ID="string_174" HPOS="511" VPOS="1239" WIDTH="135" HEIGHT="21" WC="0.96" CONTENT="vårdslöshet"/><SP WIDTH="11" VPOS="1239" HPOS="646"/>
							<String ID="string_175" HPOS="657" VPOS="1242" WIDTH="54" HEIGHT="18" WC="0.96" CONTENT="emot"/><SP WIDTH="13" VPOS="1242" HPOS="711"/>
							<String ID="string_176" HPOS="724" VPOS="1239" WIDTH="44" HEIGHT="20" WC="0.93" CONTENT="sine"/><SP WIDTH="13" VPOS="1239" HPOS="768"/>
							<String ID="string_177" HPOS="781" VPOS="1239" WIDTH="49" HEIGHT="20" WC="0.88" CONTENT="bor-"/>
						</TextLine>
						<TextLine ID="line_27" HPOS="150" VPOS="1273" WIDTH="681" HEIGHT="29">
							<String ID="string_178" HPOS="150" VPOS="1275" WIDTH="93" HEIGHT="27" WC="0.92" CONTENT="genärer"/><SP WIDTH="23" VPOS="1275" HPOS="243"/>
							<String ID="string_179" HPOS="266" VPOS="1274" WIDTH="33" HEIGHT="26" WC="0.93" CONTENT="sig"/><SP WIDTH="13" VPOS="1274" HPOS="299"/>
							<String ID="string_180" HPOS="312" VPOS="1273" WIDTH="118" HEIGHT="28" WC="0.92" CONTENT="förbrutit,"/><SP WIDTH="15" VPOS="1273" HPOS="430"/>
							<String ID="string_181" HPOS="445" VPOS="1273" WIDTH="58" HEIGHT="27" WC="0.92" CONTENT="njute"/><SP WIDTH="16" VPOS="1273" HPOS="503"/>
							<String ID="string_182" HPOS="519" VPOS="1273" WIDTH="105" HEIGHT="21" WC="0.96" CONTENT="dessutom"/><SP WIDTH="15" VPOS="1273" HPOS="624"/>
							<String ID="string_183" HPOS="639" VPOS="1273" WIDTH="41" HEIGHT="20" WC="0.96" CONTENT="den"/><SP WIDTH="8" VPOS="1273" HPOS="680"/>
							<String ID="string_184" HPOS="688" VPOS="1273" WIDTH="94" HEIGHT="27" WC="0.96" CONTENT="förmån"/><SP WIDTH="16" VPOS="1273" HPOS="782"/>
							<String ID="string_185" HPOS="798" VPOS="1276" WIDTH="33" HEIGHT="17" WC="0.96" CONTENT="att"/>
						</TextLine>
						<TextLine ID="line_28" HPOS="151" VPOS="1306" WIDTH="680" HEIGHT="31">
							<String ID="string_186" HPOS="151" VPOS="1308" WIDTH="26" HEIGHT="29" WC="0.93" CONTENT="af"/><SP WIDTH="17" VPOS="1308" HPOS="177"/>
							<String ID="string_187" HPOS="194" VPOS="1308" WIDTH="53" HEIGHT="20" WC="0.93" CONTENT="hans"/><SP WIDTH="19" VPOS="1308" HPOS="247"/>
							<String ID="string_188" HPOS="266" VPOS="1308" WIDTH="122" HEIGHT="26" WC="0.95" CONTENT="tillgångar"/><SP WIDTH="18" VPOS="1308" HPOS="388"/>
							<String ID="string_189" HPOS="406" VPOS="1308" WIDTH="9" HEIGHT="19" WC="0.95" CONTENT="i"/><SP WIDTH="9" VPOS="1308" HPOS="415"/>
							<String ID="string_190" HPOS="424" VPOS="1307" WIDTH="129" HEIGHT="28" WC="0.95" CONTENT="framtiden,"/><SP WIDTH="10" VPOS="1307" HPOS="553"/>
							<String ID="string_191" HPOS="563" VPOS="1308" WIDTH="41" HEIGHT="27" WC="0.96" CONTENT="för"/><SP WIDTH="16" VPOS="1308" HPOS="604"/>
							<String ID="string_192" HPOS="620" VPOS="1306" WIDTH="68" HEIGHT="26" WC="0.95" CONTENT="skuld,"/><SP WIDTH="16" VPOS="1306" HPOS="688"/>
							<String ID="string_193" HPOS="704" VPOS="1314" WIDTH="44" HEIGHT="13" WC="0.95" CONTENT="som"/><SP WIDTH="14" VPOS="1314" HPOS="748"/>
							<String ID="string_194" HPOS="762" VPOS="1308" WIDTH="69" HEIGHT="19" WC="0.95" CONTENT="innan"/>
						</TextLine>
						<TextLine ID="line_29" HPOS="152" VPOS="1341" WIDTH="679" HEIGHT="27">
							<String ID="string_195" HPOS="152" VPOS="1342" WIDTH="121" HEIGHT="20" WC="0.96" CONTENT="konkursen"/><SP WIDTH="14" VPOS="1342" HPOS="273"/>
							<String ID="string_196" HPOS="287" VPOS="1341" WIDTH="131" HEIGHT="26" WC="0.93" CONTENT="tillkommit,"/><SP WIDTH="16" VPOS="1341" HPOS="418"/>
							<String ID="string_197" HPOS="434" VPOS="1341" WIDTH="19" HEIGHT="27" WC="0.96" CONTENT="ej"/><SP WIDTH="14" VPOS="1341" HPOS="453"/>
							<String ID="string_198" HPOS="467" VPOS="1342" WIDTH="36" HEIGHT="19" WC="0.95" CONTENT="må"/><SP WIDTH="15" VPOS="1342" HPOS="503"/>
							<String ID="string_199" HPOS="518" VPOS="1342" WIDTH="9" HEIGHT="19" WC="0.94" CONTENT="i"/><SP WIDTH="11" VPOS="1342" HPOS="527"/>
							<String ID="string_200" HPOS="538" VPOS="1342" WIDTH="46" HEIGHT="19" WC="0.94" CONTENT="mät"/><SP WIDTH="11" VPOS="1342" HPOS="584"/>
							<String ID="string_201" HPOS="595" VPOS="1344" WIDTH="62" HEIGHT="24" WC="0.96" CONTENT="tagas"/><SP WIDTH="13" VPOS="1344" HPOS="657"/>
							<String ID="string_202" HPOS="670" VPOS="1341" WIDTH="56" HEIGHT="20" WC="0.96" CONTENT="hvad"/><SP WIDTH="12" VPOS="1341" HPOS="726"/>
							<String ID="string_203" HPOS="738" VPOS="1342" WIDTH="35" HEIGHT="19" WC="0.93" CONTENT="till"/><SP WIDTH="10" VPOS="1342" HPOS="773"/>
							<String ID="string_204" HPOS="783" VPOS="1342" WIDTH="48" HEIGHT="26" WC="0.91" CONTENT="gäl-"/>
						</TextLine>
						<TextLine ID="line_30" HPOS="152" VPOS="1374" WIDTH="680" HEIGHT="30">
							<String ID="string_205" HPOS="152" VPOS="1376" WIDTH="105" HEIGHT="21" WC="0.92" CONTENT="denärens"/><SP WIDTH="16" VPOS="1376" HPOS="257"/>
							<String ID="string_206" HPOS="273" VPOS="1378" WIDTH="52" HEIGHT="24" WC="0.96" CONTENT="eget,"/><SP WIDTH="14" VPOS="1378" HPOS="325"/>
							<String ID="string_207" HPOS="339" VPOS="1375" WIDTH="55" HEIGHT="29" WC="0.93" CONTENT="hans"/><SP WIDTH="11" VPOS="1375" HPOS="394"/>
							<String ID="string_208" HPOS="405" VPOS="1374" WIDTH="73" HEIGHT="21" WC="0.93" CONTENT="makas"/><SP WIDTH="13" VPOS="1374" HPOS="478"/>
							<String ID="string_209" HPOS="491" VPOS="1375" WIDTH="38" HEIGHT="20" WC="0.93" CONTENT="och"/><SP WIDTH="10" VPOS="1375" HPOS="529"/>
							<String ID="string_210" HPOS="539" VPOS="1375" WIDTH="147" HEIGHT="27" WC="0.92" CONTENT="minderärige"/><SP WIDTH="13" VPOS="1375" HPOS="686"/>
							<String ID="string_211" HPOS="699" VPOS="1375" WIDTH="66" HEIGHT="20" WC="0.93" CONTENT="barns"/><SP WIDTH="11" VPOS="1375" HPOS="765"/>
							<String ID="string_212" HPOS="776" VPOS="1375" WIDTH="56" HEIGHT="28" WC="0.91" CONTENT="tarf-"/>
						</TextLine>
						<TextLine ID="line_31" HPOS="154" VPOS="1408" WIDTH="677" HEIGHT="30">
							<String ID="string_213" HPOS="154" VPOS="1411" WIDTH="45" HEIGHT="27" WC="0.95" CONTENT="liga"/><SP WIDTH="21" VPOS="1411" HPOS="199"/>
							<String ID="string_214" HPOS="220" VPOS="1409" WIDTH="116" HEIGHT="22" WC="0.93" CONTENT="underhåll"/><SP WIDTH="21" VPOS="1409" HPOS="336"/>
							<String ID="string_215" HPOS="357" VPOS="1410" WIDTH="78" HEIGHT="28" WC="0.89" CONTENT="nödigt"/><SP WIDTH="22" VPOS="1410" HPOS="435"/>
							<String ID="string_216" HPOS="457" VPOS="1410" WIDTH="33" HEIGHT="25" WC="0.96" CONTENT="är,"/><SP WIDTH="20" VPOS="1410" HPOS="490"/>
							<String ID="string_217" HPOS="510" VPOS="1408" WIDTH="39" HEIGHT="22" WC="0.96" CONTENT="och"/><SP WIDTH="14" VPOS="1408" HPOS="549"/>
							<String ID="string_218" HPOS="563" VPOS="1416" WIDTH="50" HEIGHT="14" WC="0.96" CONTENT="vare"/><SP WIDTH="16" VPOS="1416" HPOS="613"/>
							<String ID="string_219" HPOS="629" VPOS="1410" WIDTH="20" HEIGHT="27" WC="0.96" CONTENT="ej"/><SP WIDTH="15" VPOS="1410" HPOS="649"/>
							<String ID="string_220" HPOS="664" VPOS="1409" WIDTH="66" HEIGHT="21" WC="0.96" CONTENT="heller"/><SP WIDTH="16" VPOS="1409" HPOS="730"/>
							<String ID="string_221" HPOS="746" VPOS="1408" WIDTH="85" HEIGHT="29" WC="0.95" CONTENT="skyldig"/>
						</TextLine>
						<TextLine ID="line_32" HPOS="154" VPOS="1443" WIDTH="445" HEIGHT="29">
							<String ID="string_222" HPOS="154" VPOS="1448" WIDTH="33" HEIGHT="18" WC="0.96" CONTENT="att"/><SP WIDTH="14" VPOS="1448" HPOS="187"/>
							<String ID="string_223" HPOS="201" VPOS="1445" WIDTH="69" HEIGHT="21" WC="0.96" CONTENT="sådan"/><SP WIDTH="15" VPOS="1445" HPOS="270"/>
							<String ID="string_224" HPOS="285" VPOS="1444" WIDTH="62" HEIGHT="21" WC="0.96" CONTENT="skuld"/><SP WIDTH="13" VPOS="1444" HPOS="347"/>
							<String ID="string_225" HPOS="360" VPOS="1444" WIDTH="48" HEIGHT="21" WC="0.95" CONTENT="med"/><SP WIDTH="15" VPOS="1444" HPOS="408"/>
							<String ID="string_226" HPOS="423" VPOS="1443" WIDTH="71" HEIGHT="21" WC="0.93" CONTENT="arbete"/><SP WIDTH="16" VPOS="1443" HPOS="494"/>
							<String ID="string_227" HPOS="510" VPOS="1444" WIDTH="89" HEIGHT="28" WC="0.90" CONTENT="aftjena-"/>
						</TextLine>
					</TextBlock>
				</ComposedBlock>
				<ComposedBlock ID="cblock_6" HPOS="243" VPOS="1486" WIDTH="333" HEIGHT="30">
					<TextBlock ID="block_6" HPOS="243" VPOS="1486" WIDTH="333" HEIGHT="30">
						<TextLine ID="line_33" HPOS="243" VPOS="1486" WIDTH="333" HEIGHT="30">
							<String ID="string_228" HPOS="243" VPOS="1488" WIDTH="77" HEIGHT="28" WC="0.95" CONTENT="Tredje"/><SP WIDTH="15" VPOS="1488" HPOS="320"/>
							<String ID="string_229" HPOS="335" VPOS="1488" WIDTH="82" HEIGHT="27" WC="0.93" CONTENT="stycket"/><SP WIDTH="14" VPOS="1488" HPOS="417"/>
							<String ID="string_230" HPOS="431" VPOS="1486" WIDTH="145" HEIGHT="23" WC="0.92" CONTENT="oförändradt."/>
						</TextLine>
					</TextBlock>
				</ComposedBlock>
				<GraphicalElement ID="cblock_7" HPOS="988" VPOS="1418" WIDTH="7" HEIGHT="302"></GraphicalElement >
			</PrintSpace>
		</Page>
	</Layout>
</alto>
