1014 1725
207 145 43 16 1630
410 141 72 23 Nådiga
494 142 138 22 Propositionen
643 141 34 17 N:o
690 141 28 16 33.

184 207 48 21 med
254 206 26 21 år
302 207 55 20 1870
379 205 60 22 skole
460 212 52 15 vara
533 204 49 22 från
600 203 119 29 utgörande
735 203 24 22 af
770 201 165 29 ifrågavarande

185 241 81 21 skatter
281 240 45 22 helt
341 240 40 21 och
396 238 66 23 hållet
476 239 103 21 befriade.

376 294 74 27 Enligt
467 294 60 21 Hans
542 293 119 27 Kejserliga
674 292 112 27 Majestäts
800 290 85 28 Nådiga
899 290 36 22 be-

322 328 96 28 fallning,
434 328 69 28 gifven
517 328 7 20 i
540 327 31 22 S:t
586 327 135 27 Petersburg,
739 327 41 21 den
792 328 11 19 7
816 326 47 28 (19)
875 325 62 28 April

324 364 60 20 1867.

467 418 65 24 Alex.
550 417 107 24 Armfelt.

658 485 20 19 A.
691 484 27 19 W.
731 484 136 20 Wallensköld.

382 622 150 20 Sammansatta
546 621 105 20 Ekonomi-
667 622 52 19 samt
735 621 64 20 Stats-
814 621 37 20 och
865 621 75 21 Bevill-

324 657 179 25 nings-utskottets
520 656 131 21 betänkande
669 657 37 19 N:o
721 656 18 24 6,
755 656 10 19 i
779 655 117 29 anledning
915 655 26 28 af

324 689 63 22 Hans
399 689 124 30 Kejserliga
534 689 114 29 Majestäts
659 690 84 28 nädiga
746 690 147 28 proposition,
902 697 37 13 an-

325 725 80 28 gående
424 731 154 21 masugnarnes
594 725 38 20 och
647 723 211 30 stängjernsverkens
874 723 65 30 befri-

326 759 53 21 ande
396 759 58 28 frän
476 759 132 28 erläggande
632 759 24 28 af
677 759 122 28 tiondejern
821 759 38 20 och
881 759 59 21 ham-

326 793 115 22 marskatt.

258 857 148 22 Förenämnde
424 855 79 30 nädiga
520 856 134 28 proposition
671 856 40 22 har
727 856 23 22 af
763 856 98 28 samtlige
877 855 62 23 Stän-

191 891 46 27 den,
256 892 8 20 i
283 892 99 21 afseende
402 890 13 22 &
432 891 131 27 behandling
584 891 131 21 remitterats
733 891 33 21 till
781 891 159 21 Sammansatta

190 926 114 21 Ekonomi-
326 927 56 20 samt
404 926 67 20 Stats-
490 926 40 21 och
548 925 239 28 Bevillningsutskottet,
803 932 45 14 som
861 924 80 28 jemväl

190 959 42 22 fått
250 960 32 27 sig
301 960 96 21 tillsändt
417 959 25 21 de
457 960 7 20 i
480 960 60 21 detta
558 959 79 21 ärende
654 960 39 21 hos
712 960 121 27 Kejserliga
848 959 93 22 Senaten

191 994 111 22 tillkomne
323 994 129 27 handlingar
471 994 67 27 jemte
557 996 30 19 ett
606 994 41 20 den
667 995 23 19 11
711 994 40 21 och
769 995 25 19 18
810 994 131 21 sistförlidne

191 1028 58 21 Mars
264 1028 58 21 fördt
336 1028 108 27 protokoll
459 1028 58 21 öfver
533 1028 40 21 den
588 1028 35 21 vid
638 1028 171 27 propositionens
823 1028 118 27 beredning

193 1062 109 21 derstädes
317 1061 115 22 förefallna
447 1062 138 27 omröstning.

259 1165 161 27 Eganderätten
439 1165 33 21 till
490 1165 136 21 malmstreck
644 1165 40 21 har
698 1164 49 22 från
761 1165 60 22 äldre
836 1165 56 21 tider
907 1167 33 20 ut-

192 1199 58 27 gjort
268 1201 30 20 ett
315 1199 93 22 kronans
427 1200 78 26 regale,
524 1199 80 22 hvilket
619 1199 80 27 jemväl
713 1198 96 29 framgår
822 1207 27 13 ur
863 1199 78 28 Kongl.

193 1233 123 28 Ordningen
338 1233 34 21 för
394 1233 114 28 bergsmän
526 1234 8 21 i
553 1233 126 28 bergslagen
698 1233 23 22 af
738 1234 41 21 den
795 1235 11 18 6
822 1233 45 22 Juli
886 1235 55 19 1649

194 1267 40 20 och
254 1267 106 26 åtskillige
382 1268 68 19 andra
472 1268 7 19 i
498 1269 71 18 ämnet
591 1268 100 19 utkomne
712 1267 159 27 författningar.
904 1267 38 20 Uti

193 1300 76 27 Kongl.
292 1300 99 21 Plakatet
414 1300 40 21 den
474 1301 25 19 27
520 1301 90 26 Augusti
630 1301 53 20 1723
699 1300 170 21 tillförsäkrades
881 1300 60 27 jord-

193 1340 64 21 egare
280 1334 54 20 dock
353 1335 44 19 rätt
414 1334 33 20 till
465 1334 163 21 malmstrecken
643 1334 48 21 med
705 1333 68 22 sådan
788 1334 154 28 inskränkning

195 1369 31 20 att
248 1368 47 25 den,
314 1374 45 14 som
374 1367 13 22 å
402 1375 82 14 annans
502 1369 61 20 mark
580 1369 117 26 upptäckte
716 1369 39 21 och
773 1369 48 21 ville
840 1369 103 21 bearbeta

195 1401 77 28 dylika,
295 1401 67 22 skulle
384 1402 118 21 tillkomma
521 1410 24 13 en
564 1403 103 27 fjerdedel
689 1403 45 21 deri
757 1403 39 22 och
812 1403 130 28 jordegaren

194 1435 171 28 trefjerdedelar;
382 1436 39 21 och
436 1435 133 23 förklarades
584 1436 68 22 tillika
667 1439 31 19 att
709 1437 94 22 kronans
814 1438 73 27 regala
898 1439 45 20 rätt

195 1470 92 22 derefter
302 1469 18 28 ej
336 1469 67 22 borde
418 1469 134 23 annorlunda
567 1470 79 23 förstås
661 1472 27 20 än
703 1473 38 26 att,
757 1479 34 14 om
807 1472 26 21 de
847 1473 96 21 närmast
