981 1720
261 147 72 22 Nådiga
343 148 139 22 Propositionen
494 148 36 17 N:o
543 149 28 16 27.
726 149 43 17 1367

38 211 44 27 liga
96 210 58 22 sidor
169 211 128 22 verstetalen
312 211 91 22 emellan
418 211 174 28 gästgifverierne
606 211 61 23 skola
680 211 49 22 med
744 213 47 27 tyd-

36 245 45 28 liga
95 245 72 21 siffror
186 245 122 28 anbringas.
338 245 154 28 Gränsstolpar
509 246 91 22 emellan
617 247 38 21 län
672 247 41 22 och
731 247 61 22 sock-

37 286 41 14 nar
92 279 60 26 böra,
168 279 38 21 der
221 279 80 22 sådane
316 279 19 28 ej
354 280 67 21 redan
439 280 76 26 finnas,
533 280 58 22 invid
609 282 68 26 vägen
694 281 98 27 uppstäl-

38 313 32 22 las
86 313 41 22 och
142 313 48 22 med
205 314 65 27 nödig
284 313 92 28 påskrift
394 314 75 21 förses.
498 315 44 20 Der
560 314 103 29 landsväg
681 315 60 21 delar
759 315 33 28 sig

38 347 23 22 åt
79 347 37 22 två
134 347 52 22 eller
203 347 52 22 flere
273 347 50 27 håll,
343 348 51 21 eller
408 350 41 26 väg
467 351 62 26 tager
547 349 24 21 af
587 349 33 22 till
634 349 55 27 stad,
705 349 86 28 köping,

37 390 72 14 annan
124 383 84 25 socken,
224 383 73 27 kyrka,
313 382 62 27 bruk,
390 383 71 21 fabrik
480 384 51 21 eller
547 383 104 28 sjöhamn,
666 384 61 21 skola
742 384 50 21 stol-

37 424 41 20 par
85 418 114 26 upprättas
207 417 49 21 med
264 417 115 27 vägvisare,
392 417 127 27 angifvande
531 420 61 18 orten
603 418 32 21 dit
645 419 68 26 vägen
723 418 69 27 leder;

36 450 70 22 likaså
127 450 55 22 skall
202 450 36 22 vid
260 450 74 28 hvarje
356 451 123 27 gästgifveri
501 459 27 14 en
542 452 83 27 'stolpe,
644 459 46 14 som
711 452 82 22 utvisar

38 485 156 28 gästgifveriets
215 492 72 19 namn,
310 486 120 26 uppsättas.
467 485 167 29 Ifrågavarande
655 486 139 28 vägmätning

38 520 40 21 och
96 519 161 28 vägstolparnes
276 519 135 27 uppförande
429 520 68 22 första
516 520 89 28 gången,
624 520 55 22 skall
697 520 14 22 å
725 520 69 22 Stats-

38 554 84 22 verkets
140 554 120 21 bekostnad
277 554 136 27 verkställas;
432 562 49 14 men
499 554 136 22 underhållet
652 554 25 22 af
695 554 49 22 dem
762 556 32 20 äf-

38 596 86 14 vensom.
142 589 24 21 af
182 589 68 21 redan
267 588 109 28 uppförda
395 588 81 22 sådana
493 589 124 28 vägstolpar
634 589 41 22 bör
693 590 101 22 bekostas

40 623 24 22 af
80 623 101 22 häradets
200 623 64 21 andel
281 623 8 21 i
307 623 91 22 sakören
417 623 24 22 så
458 623 61 29 långt
537 624 42 21 den
600 624 76 21 räcker
699 625 40 21 och
759 625 36 21 det

38 658 112 21 bristande
171 657 116 28 tillskjutas
310 657 24 22 af
354 658 25 21 de
398 658 248 28 vägbyggnadsskyldige
667 659 59 21 inom
744 660 50 27 väg-

41 693 113 20 distriktet.
177 692 72 21 Rifver
264 691 71 28 någon
349 692 72 26 neder,
437 693 120 20 förderfvar
572 693 51 20 eller
637 693 80 21 skadar
732 693 62 22 dessa

40 727 89 27 stolpar,
144 726 67 27 plikte
226 733 46 14 som
286 726 8 21 i
308 726 242 28 Missgerningsbalkens
566 728 25 19 21
604 727 49 27 kap.
670 728 12 20 9
698 728 12 27 &
725 729 69 26 säges.

387 781 12 27 8
416 782 32 20 12.

109 823 44 22 Vill
172 822 71 29 nägon
262 823 61 28 flytta
341 823 103 28 landsväg
463 823 51 22 eller
528 823 70 28 byväg
613 823 48 22 frän
676 824 48 21 dess
737 825 59 21 rätta

40 859 49 27 läge
104 858 52 22 eller
167 858 49 21 leda
228 858 48 21 dike
287 864 76 21 genom
376 859 73 26 vägen,
460 857 36 22 mä
509 858 144 26 Guvernören,
664 856 30 30 pä
704 858 92 22 skeende

42 892 130 28 ansökning,
191 892 54 21 efter
264 892 208 27 omständigheterne
489 891 98 22 tillstånd
606 892 71 22 dertill
691 892 104 27 meddela,

44 927 40 21 och
99 934 51 15 vare
165 927 7 21 i
188 926 132 22 sistnämnda
335 926 38 21 fall
389 926 40 22 den
443 933 46 15 som
505 926 47 22 dike
567 926 91 28 gräfver,
670 926 84 29 skyldig
764 928 33 20 att

42 960 60 23 hällä
116 961 39 22 bro
171 961 104 21 deröfver.
304 960 83 28 Flyttar
402 960 71 28 nägon
487 960 126 22 annorledes
627 960 104 28 landsväg
745 961 52 22 eller

43 995 85 28 gräfver
149 996 84 27 igenom
248 996 74 27 vägen,
345 995 50 21 böte
417 994 76 29 fyratio
516 995 67 22 mark.
613 990 31 26 Är
663 995 36 21 det
721 995 75 29 byväg,

42 1030 51 22 böte
111 1030 63 28 tjugu
191 1030 62 21 mark
271 1030 40 21 och
329 1029 63 28 lägge
410 1030 7 20 i
436 1029 67 29 begge
521 1029 66 22 fallen
604 1031 68 27 vägen
695 1030 38 21 der
756 1030 41 22 den

45 1064 59 22 förut
118 1064 62 22 varit.
719 1059 2 5 |

391 1098 11 29 S
419 1100 33 20 13.

112 1139 86 21 Allmän
215 1139 111 28 vinterväg
344 1138 59 22 öfver
421 1139 64 28 sjöar,
501 1140 68 28 ängar
588 1140 40 22 och
646 1140 50 22 kala
713 1147 84 15 mossar

44 1174 55 22 skall
114 1174 73 28 hvarje
205 1174 28 28 by
248 1174 34 21 för
300 1174 47 21 sina
365 1181 51 20 egor
430 1174 93 26 utstaka,
538 1174 81 22 hvilket
632 1173 13 23 å
660 1174 31 28 sjö
707 1175 40 21 bör
762 1175 37 21 ske

44 1208 38 22 der
100 1208 45 21 isen
164 1210 25 19 är
206 1208 100 22 starkast.
337 1203 63 26 Öfver
418 1210 60 20 stora
496 1208 58 28 sjöar
573 1210 51 26 göre
646 1209 36 21 det
702 1209 96 21 kommu-

44 1250 72 18 nerne,
132 1250 46 14 som
197 1243 97 27 omkring
314 1242 47 22 dem
379 1242 68 28 ligga;
466 1250 48 14 men
533 1243 38 21 der
586 1244 109 27 vinterväg
713 1243 47 22 icke
774 1244 25 20 är

46 1277 24 21 af
82 1276 90 22 allmänt
191 1284 56 20 gagn
263 1277 40 21 och
318 1277 76 20 endast
412 1277 34 21 för
459 1278 56 21 vissa
534 1278 89 27 byalags
641 1278 159 27 begvämlighet

46 1311 115 26 erfordras,
177 1311 54 21 skall
245 1312 68 26 vägen
328 1310 163 23 vidmakthällas
507 1311 24 22 af
545 1311 53 26 dem,
615 1319 45 13 som
675 1311 125 21 densamma

45 1345 76 27 nyttja.
155 1345 100 21 Börande
277 1345 119 26 vinterväg,
419 1344 24 22 sä
465 1345 45 21 ofta
533 1346 35 20 det
590 1345 106 26 behöfves,
720 1345 79 21 ändras

46 1381 56 19 samt
120 1379 26 21 de
165 1378 76 22 ställen
261 1378 110 21 utmärkas
387 1378 38 21 der
439 1380 59 20 stora
513 1379 66 21 vakar
594 1379 40 21 och
653 1378 64 22 räkor
731 1378 70 21 finnas

47 1413 40 22 och
102 1414 68 27 vägen
184 1412 59 22 ledas
259 1412 38 22 der
311 1412 56 22 förbi
383 1412 52 22 eller
453 1412 39 22 bro
507 1412 74 29 läggas
597 1413 64 26 öfver,
677 1413 35 22 vid
726 1412 39 22 bot
778 1412 26 24 af

48 1456 37 14 sex
100 1448 72 26 mark;
187 1447 119 27 hvaröfver,
321 1447 109 22 äfvensom
448 1449 33 20 att
499 1446 78 23 sådant
590 1448 8 21 i
612 1448 73 22 rättan
699 1447 32 22 tid
746 1447 55 27 sker,

48 1483 162 29 kronobetjente
228 1482 63 23 hafve
308 1490 113 20 noggrann
438 1482 82 28 tillsyn;
539 1483 40 21 och
597 1483 54 21 böra
669 1483 32 21 till
719 1482 82 22 utstak-

710 1524 21 16 86
