1023 1714
338 143 84 17 Finlands
433 141 84 19 Ständers
530 143 68 17 Beslut.
776 143 42 16 1779

93 204 67 21 rande
175 204 128 27 handlingar
318 205 107 26 uppläsas,
441 204 23 22 så
479 205 65 22 framt
558 205 71 28 någon
643 205 94 22 ledamot
751 205 25 22 af
784 204 58 23 stån-

94 237 36 22 det
144 237 77 22 sådant
235 238 70 21 äskar.
335 239 25 27 Ej
376 239 36 22 må
425 238 66 29 något
505 239 49 26 mål,
571 239 45 22 deri
631 239 159 28 öfverläggning
805 241 37 26 ägt

93 279 54 19 rum,
166 273 33 20 till
218 272 81 27 slutligt
318 273 116 27 afgörande
455 273 107 28 företagas
584 273 45 21 förr
651 274 27 21 än
701 272 90 27 ståndet,
812 272 30 28 på

92 306 217 21 Landtmarskalkens
324 307 51 21 eller
392 307 133 21 talmannens
543 307 133 26 hemställan,
691 307 106 21 förklarat
811 307 31 20 öf-

93 340 138 27 verläggning
249 340 80 27 slutad;
348 341 95 22 börande
460 341 93 21 derefter
570 342 140 27 proposition,
729 341 48 21 med
798 341 44 21 led-

93 374 51 27 ning
166 374 23 21 af
209 374 192 29 öfverläggningen,
420 375 136 22 framställas.
585 376 49 21 Kan
655 375 92 22 utskotts
769 375 74 21 betän-

93 408 70 21 kande
177 408 7 21 i
200 408 47 22 dess
262 409 72 21 helhet
349 409 51 22 eller
415 417 71 14 annan
504 409 62 28 fråga
580 410 66 21 blifva
660 409 89 22 föremål
763 409 34 22 för
810 409 33 21 bi-

93 442 38 21 fall
146 442 51 22 eller
212 443 75 28 afslag,
302 443 39 21 bör
356 443 216 22 Landtmarskalkens
587 444 51 21 eller
653 444 133 22 talmannens
800 443 43 22 för-

93 478 34 20 sta
141 478 132 26 proposition
287 477 51 28 lyda
352 477 29 28 på
395 478 66 21 bifall.
492 479 83 21 Varder
594 478 40 21 den
652 479 49 21 med
719 478 34 27 nej
768 478 74 21 besva-

94 511 46 26 rad,
155 511 56 22 skall
229 512 41 21 den
288 512 94 27 följande
400 513 159 27 propositionen
577 514 68 19 rättas
663 513 54 21 efter
734 512 56 21 hvad
804 519 40 14 un-

95 545 37 22 der
151 545 186 29 öfverläggningen
355 547 8 20 i
381 547 87 21 ärendet
486 547 69 22 blifvit
573 547 98 21 anmärkt
689 547 52 21 eller
755 546 87 28 yttradt.

94 579 119 22 Innefattar
227 581 89 21 ärendet
334 581 51 22 flere
399 581 65 26 delar,
480 589 45 14 som
541 581 18 28 ej
575 581 116 28 lämpligen
705 581 72 21 kunna
791 581 7 20 i
814 582 30 20 ett

95 614 154 28 sammanhang
267 615 93 27 afgöras,
378 615 40 21 bör
436 616 92 21 särskild
545 615 134 28 proposition
694 614 13 22 å
721 614 74 29 hvarje
810 614 34 22 del

94 648 130 22 framställas
239 649 7 21 i
261 649 41 21 den
317 649 90 28 ordning
422 656 46 15 som
482 658 30 13 nu
527 652 24 19 är
566 649 59 27 sagd.

438 704 12 28 8
466 705 33 20 59.

163 740 142 27 Proposition,
324 748 45 14 som
388 740 24 22 af
427 740 178 22 Landtmarskalk
623 740 51 22 eller
692 740 80 22 talman
790 741 7 20 i
812 740 32 22 af-

95 774 76 22 seende
190 773 13 22 å
221 774 69 22 beslut
308 774 133 26 framställes,
460 775 40 21 bör
519 776 60 20 alltid
597 774 24 22 så
640 775 87 21 affattas
750 777 31 19 att
803 775 41 21 den

95 809 43 21 kan
156 808 48 22 med
223 809 75 21 endast
314 809 24 27 ja
353 810 52 21 eller
419 809 33 27 nej
468 809 107 21 besvaras.
604 809 127 27 Erinringar
745 809 35 21 vid
794 816 50 20 pro-

95 843 130 27 positionens
239 843 146 28 uppställning
403 842 36 22 mä
453 844 33 20 väl
505 845 70 26 göras,
591 851 48 14 men
656 843 63 28 ingen
734 851 28 19 ny
776 843 68 21 öfver-

95 877 101 27 läggning
211 878 7 19 i
233 877 74 27 sjelfva
325 878 65 21 saken
408 876 23 22 fä
449 884 39 20 ega
506 885 53 13 rum.
590 877 69 22 Sedan
678 877 166 27 propositionen,

96 910 66 22 sädan
178 910 41 22 den
233 911 24 21 af
269 910 86 22 ständet
373 911 110 28 godkänts,
498 912 69 20 blifvit
581 911 120 22 framställd
717 912 39 20 och
770 911 74 21 besva-

95 945 50 26 rad,
167 945 173 27 tillkännagifver
362 946 204 20 Landtmarskalken
591 946 52 20 eller
663 945 123 21 talmannen
812 944 32 21 sin

95 979 138 27 uppfattning
255 980 24 20 af
299 979 36 22 det
355 980 97 21 lemnade
470 982 75 19 svaret.
576 980 67 21 Göres
662 979 95 21 deremot
775 978 19 28 ej
812 979 33 21 in-

96 1014 113 27 vändning,
229 1013 54 21 skall
302 1014 73 21 dervid
392 1014 51 21 bero
462 1014 40 21 och
520 1014 92 21 beslutet
630 1014 87 21 affattas
736 1013 54 21 efter
808 1013 38 21 det

97 1055 49 14 svar
163 1048 204 21 Landtmarskalken
386 1048 51 22 eller
455 1048 123 21 talmannen
592 1048 105 21 förklarat
711 1054 52 14 vara
778 1047 67 21 öfver-

96 1082 102 28 vägande.
227 1082 103 21 Ledamot
349 1082 24 21 af
388 1082 90 27 ständet,
498 1090 44 14 som
561 1082 47 22 icke
626 1082 123 28 godkänner
766 1081 79 21 Landt-

97 1116 146 22 marskalkens
261 1116 52 21 eller
330 1116 133 22 talmannens
482 1117 137 27 uppfattning
637 1116 24 22 af
677 1116 94 22 ständets
790 1123 54 19 svar,

98 1157 38 21 ege
151 1152 44 19 rätt
209 1152 32 20 att
255 1151 81 27 begära
351 1151 137 28 omröstning,
504 1151 84 21 hvilken
603 1151 18 27 ej
637 1150 35 22 mä
686 1152 83 26 vägras.

442 1208 11 28 8
469 1210 33 19 60.

166 1244 34 21 Dä
215 1244 130 28 omröstning
361 1244 54 22 skall
430 1245 36 21 ske
476 1245 40 21 bör
527 1244 241 28 voteringsproposition
780 1244 66 28 jemte

98 1278 67 27 tydlig
187 1278 210 28 kontraproposition
419 1279 117 27 skriftligen
558 1280 113 26 uppsättas
693 1279 40 21 och
752 1278 94 28 justeras

98 1314 55 19 samt
172 1314 159 26 omröstningen
349 1314 131 21 omedelbart
500 1314 91 21 derefter
609 1313 134 26 verkställas;
763 1320 47 14 men
826 1313 18 27 ej

98 1345 36 21 må
147 1347 132 26 proposition
294 1348 63 25 göras
372 1353 35 14 om
421 1347 96 26 votering
531 1346 55 21 skall
601 1353 40 20 ega
654 1353 48 14 rum
717 1347 40 20 och
771 1347 18 26 ej
802 1346 44 21 hel-

98 1379 32 22 ler
145 1380 131 27 omröstning
292 1380 73 22 derom
379 1379 86 22 tillåtas.

442 1433 11 27 8
470 1433 33 20 61.

168 1468 137 29 Omröstning
323 1469 54 22 skall
395 1469 60 22 alltid
474 1469 36 22 ske
527 1469 49 22 med
594 1469 77 26 sedlar,
692 1469 68 22 hvarå
780 1469 68 23 finnes
