978 1720
222 165 43 15 1416
414 163 71 23 Nådiga
499 164 136 20 Propositionen
647 164 35 16 N:o
695 164 28 16 27.

575 226 12 28 $
602 225 36 21 25.

323 263 104 26 Resande,
450 270 45 14 som
517 263 109 28 begagnar
642 262 127 29 skjutshäst,
784 269 25 14 en
824 262 52 22 eller
887 262 62 29 flere,

267 304 50 14 vare
333 298 125 28 berättigad
474 300 33 18 att
521 297 87 21 dermed
617 297 143 29 framfärdas
773 296 47 22 med
832 303 25 14 en
868 296 81 29 hastig-

267 332 35 20 het
317 332 26 28 af
355 339 26 13 en
395 336 60 16 verst
466 332 33 28 på
513 332 34 28 sju
561 332 101 25 minuter,
678 332 41 20 den
735 331 39 26 tid,
786 338 45 14 som
837 331 42 29 för
891 331 58 21 häst-

267 366 80 28 ombyte
371 366 114 28 erfordras
507 366 49 21 deri
570 366 45 21 icke
630 366 135 28 inbegripen.
797 365 42 22 -Vid
854 366 95 28 menföre

265 400 96 21 minskas
383 401 70 20 denna
475 400 108 29 hastighet
605 401 54 28 efter
681 401 112 27 väglagets
809 400 140 29 beskajfenhet

267 435 30 26 sä,
317 438 33 17 att
365 434 120 29 skjutshäst
499 435 20 28 ej
533 434 85 29 utöfver
635 435 56 20 hvad
707 434 83 29 skäligt
804 435 28 21 är
848 436 101 19 ansträn-

266 476 36 21 ges
312 469 42 28 för
369 469 41 21 den
424 469 101 21 resandes
534 469 181 29 framskafande.

322 503 81 29 Bryter
418 503 89 21 resande
523 503 105 26 häremot,
639 503 72 28 plikte
721 503 58 28 frän
795 504 30 20 tio
842 504 36 21 till
883 504 64 28 fyra-

267 538 31 20 tio
320 537 70 21 mark.
423 537 131 28 Uppehäller
577 537 120 30 skjutskarl
711 537 90 21 resande
816 538 14 21 &
845 539 43 27 väg
904 538 45 21 län-

266 578 39 21 gre
328 572 33 20 tid
385 573 28 19 än
431 573 9 19 i
449 572 135 29 föregäende
598 579 62 14 mom.
677 573 27 20 är
719 572 71 29 sagdt,
805 579 51 14 vare
869 572 80 29 jemväl

269 606 35 21 till
319 606 113 21 enahanda
447 613 81 14 ansvar
537 607 117 28 förfallen.

573 650 13 27 $
601 648 38 22 26.

324 685 53 22 Lika
391 685 93 28 lydande
498 686 49 21 med
562 687 11 26 $
589 687 27 19 27
631 686 7 20 i
653 686 169 26 propositionen.

577 729 12 27 $
604 726 39 23 27.

324 763 76 30 Hafva
422 765 46 21 alla
488 765 83 26 hästar,
589 765 48 21 med
652 765 75 22 hvilka
741 765 68 29 skjuts
818 765 58 30 frän
890 766 59 28 gäst-

266 799 82 29 gifveri
367 800 31 27 pä
421 800 73 21 landet
516 801 91 27 utgöras
627 800 46 27 bör,
689 807 20 14 o.
725 807 16 14 s.
756 807 19 15 v.
792 800 66 28 enligt
872 801 12 27 $
901 801 26 20 28
943 800 6 21 i

266 833 167 28 propositionen.

542 863 26 27 $$
583 861 94 22 28—34.

324 899 30 21 Af
365 899 45 21 lika
424 899 80 28 lydelse
518 900 49 21 med
581 900 25 28 $$
622 900 84 20 29—35
721 900 8 20 i
743 900 166 27 propositionen.

575 946 12 28 $
605 944 35 22 35.

323 982 75 26 Böter,
415 990 44 14 som
474 984 68 28 enligt
558 983 70 21 denna
636 982 141 30 författning
792 982 117 27 ädömmas,
920 984 29 28 gå

268 1016 35 21 till
325 1016 109 29 treskiftes
457 1017 38 21 och
511 1017 133 29 förvandlas
666 1018 38 21 vid
723 1017 111 22 bristande
854 1018 95 29 tillgång

269 1050 34 21 till
311 1050 102 29 fängelse
428 1052 37 20 vid
480 1055 73 18 vatten
569 1052 38 21 och
622 1052 63 26 bröd,
701 1053 68 28 enligt
783 1053 83 21 allmän
882 1053 42 29 lag.

577 1098 13 28 $
605 1097 37 22 36.

324 1134 76 21 Denna
419 1134 125 28 förordning
558 1135 74 21 träder
645 1136 9 20 i
667 1136 135 21 verksamhet
816 1134 49 23 från
880 1136 41 21 den
938 1138 9 18 1

267 1168 90 21 Januari
374 1169 40 19 186
430 1185 5 4 .

288 1228 151 33 Förordning
460 1229 123 33 angående
600 1231 89 32 vägars
708 1231 44 26 och
769 1231 86 26 broars
872 1230 57 34 byg-

464 1271 78 31 gande
560 1272 44 24 och
621 1271 136 27 underhåll.

326 1318 53 22 Som
401 1320 167 30 lagstiftningen
590 1322 111 28 angående
719 1323 81 28 vägars
818 1322 39 22 och
872 1322 77 22 broars

269 1353 110 29 byggande
398 1354 39 20 och
451 1355 116 21 underhåll
581 1356 9 20 i
606 1356 72 21 landet
687 1357 89 28 funnits
790 1358 10 20 i
814 1358 58 20 vissa
887 1357 62 21 delar

265 1388 92 28 påkalla
380 1389 123 29 ändringar
526 1390 39 21 och
587 1391 86 29 tillägg,
696 1395 56 17 samt
767 1392 42 28 för
828 1395 34 17 att
872 1392 33 28 på
920 1396 29 16 ett

269 1423 63 21 ställe
348 1424 153 28 sammanfatta
516 1424 25 22 de
556 1426 93 27 spridda
664 1426 141 29 stadganden,
821 1434 45 14 som
876 1426 73 22 derom

269 1465 29 13 nu
319 1459 40 19 äro
377 1459 110 27 gällande,
501 1460 80 21 varder
596 1460 91 22 härmed
695 1461 138 27 förordnadt
848 1465 38 23 att,
902 1462 47 20 med

267 1492 152 28 upphäfvande
441 1493 26 29 af
483 1493 56 22 hvad
553 1496 33 19 uti
600 1494 13 21 4
628 1495 38 21 och
681 1494 29 22 25
726 1495 96 29 kapitlen
837 1495 112 29 Byggnin-
