978 1717
187 152 44 16 1410
384 148 72 24 Nådiga
467 149 139 22 Propositionen
618 148 34 17 N:o
665 148 28 16 27.

288 213 64 27 Stad,
374 219 45 15 som
441 213 27 20 är
490 210 255 31 skjutsningsskyldighet
759 210 153 26 underkastad,

231 249 67 28 utgör
314 250 30 19 ett
359 247 105 29 skjutslag
474 247 42 28 för
532 247 41 28 sig.

549 310 13 28 $
578 309 20 22 6.

288 355 21 27 (1
330 354 72 29 mom.)
436 353 42 22 Vid
495 353 46 22 alla
559 354 69 27 vägar
647 360 19 14 o.
686 359 16 15 s.
720 360 19 14 v.
755 351 66 29 enligt
835 359 78 20 propo-

231 389 98 22 sitionen.

288 423 22 28 (2
333 423 73 28 mom.)
435 422 65 29 Efter
522 422 122 21 inhemtadt
664 422 102 29 yttrande
782 421 25 29 af
821 421 93 21 kommu-

231 459 131 20 nalstämma
381 457 38 21 och
433 457 37 22 vid
486 456 164 22 Häradsrätten
658 456 164 29 försiggängen
835 456 79 21 under-

231 493 93 28 sökning
347 492 112 21 bestämme
484 489 146 28 Guvernören,
649 491 47 21 med
712 491 96 28 afseende
824 491 13 21 ä
853 490 61 28 trafi-

232 527 49 21 kens
305 527 97 28 liflighet,
422 526 35 21 det
472 527 62 20 antal
549 526 82 25 hästar,
648 526 102 21 hvarmed
765 525 149 34 skjutsningen

231 562 38 21 vid
292 561 74 29 hvarje
389 561 132 28 gästyifveri
540 561 12 20 &
572 561 72 20 landet
666 560 56 21 skall
739 559 175 29 upprätthållas;

233 596 38 21 och
287 596 39 21 bör
342 595 37 22 vid
394 595 25 21 de
434 595 162 29 gästyifverier,
612 595 39 20 der
667 595 120 28 betydligen
803 595 59 20 olika
877 602 37 13 an-

232 631 32 20 tal
286 630 76 21 hästar
385 630 68 20 under
472 629 60 21 olika
551 629 95 21 ärstider
660 629 74 28 utgär,
749 629 67 28 nödig
832 629 82 28 hänsyn

233 664 36 22 till
283 664 61 21 dessa
353 663 159 29 förhällanden
528 663 62 28 äfven
606 666 68 26 tagas.

292 697 42 22 Vid
345 698 137 28 gästgifveri,
494 698 38 20 der
545 697 194 29 skjutshällningen
750 697 87 21 medelst
845 700 69 18 entre-

230 732 85 30 prenad
331 732 133 28 ombesörjes,
480 732 57 21 skall
548 732 81 28 jemväl
642 732 105 28 urskiljas
764 732 55 21 huru
833 732 81 28 mänga

233 768 76 20 hästar
333 767 24 28 af
377 766 36 22 det
429 766 140 29 föreskrifna
592 767 83 21 antalet
694 766 54 21 böra
762 768 59 20 inom
835 767 79 29 dygnet

232 802 63 22 säväl
315 804 76 26 genast
412 802 37 20 vid
465 801 131 29 päfordran,
615 809 44 13 som
677 802 59 20 inom
750 802 58 20 vissa
823 802 91 29 tidsför-

233 838 50 27 lopp
299 837 54 28 efter
368 836 73 21 derom
456 836 97 22 erhällen
566 837 116 27 tillsägelse
695 840 55 17 emot
761 836 92 28 stadgad
866 837 48 28 lega

227 872 74 27 finnas
324 874 33 18 att
379 871 75 27 tillgå;
477 878 47 13 men
547 871 34 21 till
604 871 70 21 andra
696 872 163 28 gästyifverier,
875 871 39 21 der

233 906 148 29 skjutsningen
396 906 20 28 ej
432 905 41 21 kan
487 906 135 28 gästgifvare
638 912 71 14 ensam
720 906 117 28 päläggas,
853 906 61 21 skola

232 940 151 21 reservhästar
400 940 58 28 från
476 940 132 28 närbelägne
625 940 125 28 lägenheter
765 941 44 25 och,
826 941 39 20 der
880 941 33 21 sä-

232 975 59 21 dana
305 976 20 28 ej
331 974 73 28 finnas
416 976 51 20 eller
480 974 96 29 behofvet
587 975 60 28 eljest
661 975 95 29 fordrar,
765 976 82 27 jemväl
859 976 55 20 häll-

233 1010 76 20 hästar
322 1010 58 28 frän
399 1008 36 22 det
450 1010 74 28 öfriga
540 1008 126 30 skjutslaget
682 1010 35 20 till
732 1010 105 21 bestämät
853 1010 61 20 antal

229 1044 40 27 för
284 1043 158 29 skjutsningens
456 1044 194 28 upprätthållande
666 1044 78 21 anslås.

550 1107 12 29 $
580 1105 19 23 7.

289 1151 21 28 (1
327 1151 72 28 mom.)
423 1150 35 21 På
474 1149 150 23 Guvernörens
631 1151 154 29 förordnande
797 1151 57 22 skall
865 1151 49 22 kro-

232 1185 107 29 nofogden
350 1188 10 18 i
372 1185 93 21 häradet
476 1186 58 25 eller,
548 1186 37 21 der
594 1185 126 29 skjutslaget
728 1186 105 29 omfattar
841 1187 72 20 större

232 1220 95 27 omräde,
346 1221 40 20 den
405 1220 131 29 kronofogde
551 1221 58 20 inom
624 1219 134 29 skjutslaget,
774 1227 43 14 som
833 1219 81 22 Guver-

230 1255 69 19 nören
314 1254 76 20 dertill
403 1258 66 21 utser,
486 1255 13 20 å
515 1255 101 26 lämpligt
631 1255 62 19 ställe
710 1255 95 20 anställa
817 1254 96 27 auktion,

225 1287 43 29 för
279 1287 159 28 skjutsningens
451 1287 37 20 och
500 1287 270 28 gästgifverihållningens
781 1287 132 28 utbjudande

227 1321 32 29 pä
275 1321 149 28 entreprenad,
444 1321 68 21 under
521 1321 140 28 förpligtelse
678 1325 32 17 att
725 1321 96 22 bestrida
836 1321 77 29 skjuts-

231 1356 80 27 ningen
333 1355 46 22 med
402 1355 78 28 nödigt
502 1357 60 20 antal
585 1356 89 29 dugliga
690 1357 82 26 hästar,
788 1356 71 22 äkdon
876 1357 38 21 och

231 1389 134 29 körredskap
381 1394 55 17 samt
447 1391 104 28 pälitlige
567 1391 141 26 körsvenner;
724 1392 38 20 och
778 1392 38 21 bör
832 1392 26 29 af
869 1399 45 21 spe-

232 1425 75 22 kulant
323 1425 42 29 för
389 1426 127 28 ätagandets
537 1426 103 28 behöriga
653 1427 144 28 fullgörande
813 1427 100 28 antaglig

231 1460 80 29 borgen
331 1461 83 21 ställas.
448 1460 40 22 Vid
508 1461 114 21 auktionen
638 1461 56 21 skall
708 1461 159 29 skjutsningens
883 1462 31 29 öf-

231 1494 132 28 vertagande
379 1495 64 29 först
464 1495 100 29 utbjudas
587 1495 105 21 särskildt
706 1496 42 28 för
766 1496 75 28 hvarje
856 1497 59 27 gäst-
