1017 1720
300 146 72 25 Nådiga
383 148 136 22 Propositionen
532 148 34 18 N:o
577 148 29 17 30.
760 147 44 17 1563

416 212 13 28 $
447 210 38 23 26.

144 253 55 27 Den,
215 261 45 14 som
273 255 30 27 på
319 256 45 19 sätt
378 256 9 20 i
402 255 12 27 $
429 254 32 21 22
476 256 68 27 säges,
559 254 48 22 med
622 254 110 30 skriftligt
747 254 80 22 andra-

74 288 70 28 gande
160 289 37 20 till
208 288 215 29 pröfningskomiten
437 289 119 26 inkommit,
572 289 93 21 meddele
677 288 93 22 komiten
782 289 45 21 alla

75 322 25 22 de
123 324 157 28 upplysningar
299 322 77 22 honom
395 323 33 21 stä
448 324 35 26 till
498 323 52 22 buds
566 324 94 20 rörande
676 323 53 21 hans
743 322 84 22 inkom-

76 360 54 18 sters
146 356 99 30 verkliga
260 357 83 28 belopp.
369 352 85 26 Önskar
470 357 44 21 han
528 359 10 19 i
552 357 79 21 sädant
646 357 97 29 afseende
759 357 68 29 blifva

70 392 142 28 personligen
235 392 62 25 hörd,
316 399 51 13 vare
386 392 77 21 dertill
478 392 133 28 berättigad.
640 391 100 22 Sälunda
749 392 78 28 frivil-

76 426 42 28 ligt
139 426 111 21 meddelad
272 426 88 28 uppgift
377 426 36 21 mä
431 426 46 20 icke
491 429 53 18 utan
560 426 156 21 besvärandens
731 425 96 29 uttryck-

76 461 47 27 liga
144 459 105 29 samtycke
264 461 10 20 i
289 459 102 22 komitöns
406 460 114 28 protokoll
538 461 88 27 intagas
644 461 53 20 eller
716 460 25 29 af
753 461 74 27 någon

76 494 104 21 komitens
203 495 93 20 ledamot
313 497 60 18 utom
387 494 93 21 komitön
495 495 98 25 omtalas,
610 495 38 20 och
663 495 56 21 skall
734 495 47 25 den,
797 501 30 14 se-

76 529 44 20 dan
128 529 87 27 frågan
230 536 34 13 om
279 536 80 13 samma
375 528 236 29 bevillningsskyldiges
627 529 66 28 afgift
705 529 74 28 blifvit
795 529 32 29 af-

74 563 73 28 gjord,
165 566 76 25 genast
261 564 36 20 till
314 562 77 22 honom
407 563 125 21 återställas
548 564 52 20 eller
616 562 116 30 bevisligen
741 563 86 27 förstö-

74 604 38 14 ras
128 598 25 27 af
166 597 47 26 den,
229 604 45 14 som
289 597 123 21 densamma
426 598 119 27 emottagit.
578 596 58 22 Utan
651 597 77 21 hinder
745 597 25 29 af
782 600 45 18 ute-

76 631 71 29 Vlifna
166 632 53 20 eller
234 632 158 28 ofullständiga
406 632 113 28 uppgifter
534 631 57 22 skall
606 631 52 21 dock
669 631 158 29 pröfningsko-

74 666 67 21 mitän
151 666 86 28 päföra
251 666 41 21 den
303 665 219 29 inkomstbevillning,
534 674 45 13 som
590 666 98 29 skäligen
700 673 59 15 anses
772 666 55 22 böra

74 700 27 28 af
114 700 216 29 bevillningsskyldig
345 701 97 28 utgöras.

416 774 12 27 $
447 771 38 23 27.

142 815 229 31 Pröfningskomitöns
388 816 89 28 fattade
500 816 68 22 beslut
586 816 61 22 skola
664 817 10 20 i
688 816 47 22 dess
749 819 78 26 proto-

74 852 46 21 koll
134 851 115 21 antecknas
265 850 38 21 och
318 851 25 20 de
359 850 227 29 bevillningsafgifter,
603 858 44 13 som
661 852 10 19 i
679 850 62 29 följd
756 852 26 27 af
791 849 36 22 ko-

73 887 78 20 mitens
174 885 67 22 beslut
263 885 125 21 tillkommit
407 886 53 20 eller
479 885 73 28 blifvit
564 885 129 28 fastställde
709 886 36 20 till
760 889 67 17 annat

74 921 76 28 belopp
169 922 29 19 än
215 921 36 21 det
270 919 223 30 bevillningskomiten
507 919 87 30 päfört,
614 920 59 21 skola
692 923 107 26 upptagas
818 921 9 20 i

74 955 259 29 Gevillningslängderna,
348 955 48 21 med
411 955 130 28 hänvisning
556 955 10 20 i
581 955 96 21 särskild
691 954 88 21 kolumn
791 955 36 21 till

74 991 25 21 de
118 991 25 27 $$
162 991 10 20 i
187 990 133 28 protokollet
339 997 43 13 som
400 990 112 21 innehålla
532 989 94 21 besluten
644 990 83 21 härom.
761 989 66 22 Verk-

74 1024 141 29 ställigheten
237 1024 70 28 häraf
327 1022 130 22 tillkommer
476 1024 46 26 den,
542 1031 45 14 som
599 1024 67 28 förer
681 1023 146 29 protokollet;

75 1060 39 20 och
133 1059 40 21 bör
189 1058 148 29 ordföranden
351 1057 56 21 vaka
423 1058 60 28 öfver.
499 1061 32 17 att
548 1058 78 21 sådant
641 1058 120 28 ordentligt
771 1058 56 28 full-

73 1095 64 27 göres
156 1096 55 18 samt
229 1092 235 28 bevillningslängdens
481 1093 217 28 öfverensstämmelse
713 1092 48 20 med
772 1099 54 21 pro-

75 1128 89 21 tokollet
178 1128 89 20 medelst
281 1127 63 21 såväl
359 1127 158 28 ordförandens
532 1134 45 14 som
583 1126 243 30 protokollsförandens

74 1162 161 28 underskrifter
251 1160 116 30 bestyrkas.

145 1196 40 21 Uti
195 1195 210 29 pröfningskomités
422 1196 66 20 beslut
504 1195 42 21 kan
562 1195 96 29 ändring
673 1195 46 21 icke
735 1195 68 21 sökas.

416 1268 12 27 $
447 1264 37 24 28.

143 1310 33 21 De
195 1309 92 22 sålunda
305 1309 102 29 slutligen
420 1310 132 29 fastställda
568 1309 258 29 bevillningslängderna,

72 1346 64 28 jemte
153 1345 74 28 öfriga
242 1345 76 20 dertill
333 1345 96 20 hörande
446 1345 139 27 handlingar,
602 1344 54 20 böra
668 1344 24 27 af
699 1343 129 28 pröfnings-

76 1379 103 20 komiténs
195 1379 134 28 ordförande
338 1379 54 28 före
406 1379 110 28 utgången
532 1378 25 29 af
570 1377 115 22 December
699 1377 81 21 månad
795 1377 33 28 af-

75 1413 86 26 sändas,
177 1413 14 21 å
207 1413 72 21 landet
298 1413 36 21 till
352 1411 216 30 Häradsskrifvaren
587 1412 39 21 och
640 1412 10 21 i
664 1411 49 22 stad
733 1412 36 21 till
788 1411 41 22 den

76 1449 133 30 tjensteman,
231 1455 44 14 som
297 1447 130 22 verkställer
450 1447 122 29 debitering
591 1447 25 29 af
633 1446 142 27 kronomedel,
785 1446 43 29 för

78 1487 32 19 att
129 1483 25 29 af
171 1482 76 22 honom
265 1482 38 22 vid
319 1482 103 30 afgiftens
438 1482 122 29 debitering
577 1482 107 28 begagnas
699 1485 56 17 samt
769 1482 60 20 näst-
