1031 1717
192 147 42 16 1792
412 145 86 17 Finlands
511 144 85 18 Ständers
608 140 66 21 Beslut.

512 208 12 27 8
540 208 33 20 38.

234 250 61 21 Efter
314 250 36 21 det
368 249 131 22 Ständernas
514 250 34 21 vid
567 249 130 28 landtdagen
718 250 139 20 1863—1864
875 249 42 22 till-

166 286 56 20 satte
240 284 142 22 Statsutskott
400 285 102 26 granskat
520 284 139 21 statsverkets
677 283 130 28 förvaltning
826 284 39 21 och
883 286 35 19 rä-

165 319 120 26 kenskaper
299 318 35 21 för
349 318 25 21 de
386 317 30 27 är,
428 325 45 14 som
489 319 53 21 efter
558 317 100 22 Finlands
674 318 68 21 första
756 318 103 28 landtdag
874 318 43 21 för-

165 352 57 22 flutit
236 352 48 22 frän
300 353 40 21 och
355 352 48 21 med
420 354 53 19 1810
488 352 34 21 till
536 353 41 21 och
592 352 48 21 med
657 353 54 20 1860
727 354 55 19 samt
794 352 80 27 jemväl
885 352 33 21 till

164 385 56 23 Vårt
234 387 146 26 Statsutskott,
396 387 7 21 i
418 387 94 27 enlighet
526 387 48 21 med
590 386 127 27 stadgandet
731 387 8 20 i
754 387 11 27 $
782 387 26 20 50
824 387 24 20 af
863 388 53 20 1772

164 420 35 22 års
215 421 179 28 Regeringsform,
410 421 149 22 öfverlemnats
577 421 135 27 redogörelse
730 421 34 21 för
779 421 138 22 statsverkets

164 456 129 27 förvaltning
316 456 40 21 och
379 456 47 21 dess
448 455 144 28 räkenskaper
611 455 33 21 för
662 455 59 21 tiden
740 454 48 22 frän
806 456 40 21 och
868 456 49 21 med

165 491 53 20 1861
238 490 33 20 till
294 490 40 21 och
352 490 48 21 med
421 491 60 25 1863,
504 490 40 21 har
562 488 54 22 Värt
638 489 99 22 bemälda
759 490 81 21 utskott
861 491 56 26 tagit

163 531 112 20 noggrann
293 524 119 21 kännedom
432 531 35 14 om
488 525 41 20 och
551 523 103 28 granskat
674 524 92 21 berörde
787 524 130 28 förvaltning

164 559 40 21 och
222 559 146 26 räkenskaper
385 560 56 20 samt
460 559 98 21 deröfver
575 558 33 21 till
627 559 39 20 Oss
690 558 83 27 afgifvit
790 558 126 29 fullständig

162 593 142 28 redogörelse,
320 593 85 21 hvilken
419 593 101 21 särskildt
535 593 69 21 blifvit
618 592 32 22 till
664 593 63 28 tryck
742 593 122 21 befordrad.

231 627 41 21 Till
286 629 116 26 yttermera
416 627 56 22 visso
488 630 32 18 att
530 628 28 20 Vi
568 627 25 21 så
606 627 99 27 belefvat,
720 627 88 21 beslutit
824 629 39 19 och
878 628 36 21 be-

162 661 66 28 viljat,
244 662 63 21 hafve
316 661 34 27 Vi,
366 661 98 28 samtlige
479 662 205 21 Storfurstendömet
698 662 102 21 Finlands
815 662 99 26 Ständer,

162 696 59 21 detta
239 696 152 21 underskrifvit
410 696 40 21 och
467 696 106 28 beseglat;
592 696 80 22 hvilket
693 696 79 22 skedde
790 696 7 21 i
815 696 99 28 Helsing-

162 730 50 26 fors,
232 730 41 22 den
291 730 184 22 trettiondeförsta
494 731 68 27 dagen
577 730 7 21 i
600 730 42 28 Maj
658 730 86 26 månad,
760 730 24 22 år
800 731 54 21 efter
869 730 45 22 Vår

160 764 110 22 Frälsares
286 765 52 21 Jesu
353 765 79 21 Christi
446 765 60 27 börd,
521 766 91 21 Ettusen
630 764 131 23 åttahundra
779 766 40 21 och
833 764 29 29 på
878 765 36 22 det

162 799 110 21 sextionde
287 799 82 28 sjunde.
