978 1720
268 142 71 23 Nådiga
351 144 136 21 Propositionen
499 145 34 16 N:o
546 145 28 17 28.
728 145 45 17 1459

47 204 97 23 städerne
160 206 37 21 äro
213 205 105 28 gällande,
334 207 58 21 utom
408 206 56 22 hvad
479 206 67 28 angår
560 207 126 27 försäljning
701 207 24 21 af
737 207 59 22 viner

46 239 39 21 och
99 239 74 22 starka
188 239 95 29 drycker,
299 240 101 21 hvarmed
416 241 26 20 de
456 240 58 22 förre
529 241 18 28 ej
564 239 36 22 må
614 240 32 28 sig
660 240 88 22 befatta.

397 309 11 26 s
424 309 19 20 8.

112 350 164 23 Fabriksidkare
299 351 40 21 och
361 351 156 22 handtverkare
536 358 38 21 ege
592 351 7 21 i
618 351 32 22 sin
668 351 128 27 handtering

43 385 99 28 begagna
161 385 26 22 de
204 385 118 28 redskaper
341 385 39 22 och
398 386 117 21 arbetssätt
532 386 44 21 han
594 385 149 28 förmånligast
757 385 38 21 fin-

43 427 46 19 ner,
106 420 41 21 och
162 419 33 22 för
210 419 121 22 afsättande
346 419 24 21 af
383 420 46 21 sina
447 420 162 26 tillverkningar
624 420 7 20 i
646 420 41 21 den
702 421 41 25 ort,
759 419 37 21 der

43 454 44 22 han
101 456 94 25 antagen
209 455 31 25 är,
256 452 58 23 hålla
329 454 71 27 öppna
415 454 220 28 försäljningsställen.

112 496 44 22 Vill
170 496 138 28 yrkesidkare
327 496 109 28 samtidigt
453 496 98 22 bedrifva
565 496 99 22 särskilta
678 496 73 28 yrken,
767 496 29 22 el-

44 530 31 22 ler
94 530 87 28 öfvergå
199 530 48 22 från
267 533 30 19 ett
309 530 54 28 yrke
381 530 34 22 till
430 532 30 20 ett
475 533 71 23 annat,
561 538 51 14 vare
626 531 79 21 honom
719 530 77 22 sådant

43 566 47 21 icke
104 566 99 26 förment,
219 565 71 22 derest
304 566 43 20 han
361 565 79 28 fullgör
456 565 26 21 de
496 565 74 26 vilkor,
586 572 46 14 som
645 565 34 21 för
691 565 105 21 hvardera

43 600 130 22 föreskrifna
192 601 43 20 äro.
265 600 111 22 Likaledes
395 599 35 21 må
448 599 162 26 handtverkare,
628 599 103 27 antingen
749 599 49 28 sjelf

45 634 51 22 eller
117 641 77 21 genom
215 634 153 28 yrkeskunnigt
389 634 91 26 biträde,
503 634 72 21 utföra
596 634 43 21 alla
660 633 82 22 sådana
763 633 33 21 till

44 671 67 19 annat
132 669 119 21 handtverk
274 668 95 22 hörande
391 668 98 26 arbeten,
511 675 46 15 som
579 667 108 23 erfordras
709 668 35 21 för
765 669 32 21 att

44 704 54 28 göra
112 704 54 21 hans
183 703 160 28 tillverkningar
357 702 138 28 fullständiga
510 702 41 22 och
565 702 145 22 användbara.

395 772 14 28 8
425 773 19 19 9.

112 814 32 22 På
158 814 57 22 hvad
229 814 69 22 vilkor
312 814 128 26 handlande,
456 814 155 22 fabriksidkare
627 814 39 22 och
682 814 114 22 handtver-

45 850 52 21 kare
116 848 36 22 må
170 852 59 18 utom
248 849 41 20 den
307 850 40 24 ort,
365 848 33 21 till
420 848 63 22 hvars
505 848 128 28 betjenande
656 849 25 20 de
704 850 92 26 antagne

45 883 75 26 blifvit,
136 883 47 21 sina
197 890 64 14 varor
275 882 34 22 till
327 882 47 22 salu
391 881 59 23 hålla
469 883 40 21 och
527 883 38 20 sitt
579 883 51 28 yrke
644 882 80 27 utöfva,
739 882 57 22 stad-

46 925 38 21 gas
99 918 7 21 i
121 919 12 27 $
150 919 33 19 20.

389 969 11 28 g
418 970 33 20 10.

112 1012 63 22 Enka
194 1013 52 21 efter
265 1011 121 22 handlande
405 1012 51 21 eller
474 1011 156 23 handtverkare
647 1011 36 22 mä
698 1012 100 22 fortsätta

45 1047 41 22 den
100 1047 87 26 rörelse,
202 1047 87 21 hvartill
303 1053 91 14 mannen
409 1046 7 21 i
431 1047 93 21 lifstiden
536 1047 56 21 varit
602 1047 128 27 berättigad.
753 1045 45 22 Gär

44 1082 44 21 hon
105 1081 8 20 i
132 1083 66 19 annat
217 1081 51 27 gifte
287 1081 40 20 och
345 1080 37 21 vill
400 1079 132 23 fortfarande
551 1080 96 21 bedrifva
665 1081 68 27 yrket,
749 1080 48 21 full-

45 1117 51 26 göre
112 1114 28 22 dä
154 1115 94 21 vilkoren
263 1115 34 20 för
311 1114 130 27 rättigheten
456 1117 32 18 att
503 1115 117 21 detsamma
634 1114 79 22 utöfva.

114 1157 72 22 Andre
204 1157 199 27 sterbhusdelegare
418 1157 53 21 efter
486 1156 67 22 sädan
569 1157 77 21 afliden
660 1157 138 28 yrkesidkare

46 1199 38 21 ege
103 1191 81 28 jemväl
205 1192 100 21 fortsätta
327 1191 94 21 rörelsen
440 1193 31 19 ett
489 1190 24 22 är
533 1191 53 21 efter
605 1191 119 22 dödsfallet.
753 1191 45 21 Der

45 1226 106 22 särskilda
172 1225 181 28 omständigheter
374 1224 77 23 sädant
473 1225 117 26 föranleda,
609 1225 42 22 kan
675 1225 70 22 denna
766 1225 32 22 tid

45 1261 24 22 af
89 1260 160 22 vederbörande
271 1259 129 29 myndighet,
419 1259 29 28 pä
471 1259 106 27 anmälan,
596 1260 54 21 efter
671 1260 68 21 behof
753 1259 45 22 för-

46 1295 81 27 längas.

114 1336 170 22 Fabriksrörelse
303 1335 34 22 mä
355 1336 55 21 enka
425 1336 40 22 och
481 1336 109 27 arfvingar
605 1336 53 22 efter
674 1336 78 22 afliden
766 1336 31 21 id-

45 1371 52 21 kare
112 1371 100 20 fortsätta
226 1370 49 21 bäst
290 1370 26 21 de
331 1370 59 26 gitta.
420 1365 31 25 Är
465 1369 96 27 arfvinge
575 1370 8 20 i
598 1370 62 26 detta,
671 1370 39 20 fall
725 1377 73 20 omyn-

47 1405 41 28 dig,
105 1404 51 22 eller
170 1404 77 22 varder
261 1403 129 27 handlande,
405 1403 156 21 fabriksidkare
577 1403 50 22 eller
641 1404 157 21 handtverkare

47 1439 63 22 ställd
132 1439 68 22 under
222 1438 187 29 förmynderskap,
433 1445 38 21 ege
491 1438 151 28 förmyndaren
664 1438 134 22 fortfarande

47 1474 68 22 drifva
129 1474 63 29 yrket
205 1473 34 23 för
255 1473 40 22 den
312 1473 123 29 omyndiges
449 1472 98 29 räkning.
