978 1717
30 30 39 58 A

263 144 72 23 Nädiga
347 145 138 21 Propositionen
498 144 34 17 N:o
546 145 28 15 28.
728 144 43 15 1477

44 208 94 22 nämnda
152 208 76 28 näring
243 208 128 25 allmännast
389 206 69 29 utgår,
474 207 115 21 förutsätta
605 214 27 16 en
651 206 24 22 sä
690 206 36 28 låg
740 206 54 22 bild-

44 242 124 28 ningsgrad,
184 250 44 13 som
247 242 118 28 lyckligtvis
383 242 56 21 blott
456 242 8 21 i
481 241 159 28 undantagsfall
658 242 39 20 hos
712 241 82 22 landets

44 277 124 27 befolkning
186 276 115 28 påträffas;
321 277 39 20 och
379 276 28 21 dä
423 276 34 21 det
472 276 18 28 ej
506 276 67 21 heller
588 277 24 20 är
628 277 31 19 att
674 275 75 22 befara
764 276 32 20 att

43 311 178 27 läskunnigheten
235 311 8 21 i
257 310 73 23 landet
344 310 54 22 skall
414 310 79 28 aftaga,
509 310 40 21 har
567 310 104 21 utskottet
688 311 54 19 trott
761 309 35 21 det

45 345 113 22 anmärkta
176 344 133 28 stadgandet,
329 343 70 23 såsom
417 344 33 21 till
468 345 40 21 och
529 344 49 22 med
599 344 141 21 nedsättande
761 343 34 22 för

44 379 104 22 handelns
171 379 79 26 idkare,
269 379 72 22 kunna
362 379 107 21 umbäras.
499 379 42 21 Det
558 379 7 21 i
583 385 81 15 samma
681 386 64 15 mom.
764 378 30 23 in-

43 416 68 25 tagna
125 414 69 21 vilkor
212 420 34 14 om
265 413 171 27 skrifkunnighet
450 414 61 21 torde
527 414 95 21 deremot
636 413 53 21 böra
704 414 91 21 utsträc-

44 448 39 21 kas
102 448 33 21 till
153 447 97 28 förmäga
269 449 32 19 att
318 447 7 21 i
344 447 62 22 skrift
427 447 98 28 begagna
547 446 156 27 modersmälet,
725 445 71 23 säsom

42 482 80 28 jemväl
136 481 93 28 behöflig
244 482 34 21 för
293 481 137 28 möjligheten
445 483 32 20 att
491 482 72 21 kunna
577 481 48 22 föra
639 481 138 22 handelsbok.

114 516 30 21 Af
157 516 175 21 ofvananmärkta
351 516 63 21 orsak
430 516 40 21 har
484 515 162 22 bestämmelsen
661 523 35 14 om
710 515 86 21 läskun-

45 550 74 28 nighet
133 551 39 20 hos
188 550 53 25 dem,
258 557 45 14 som
318 550 51 28 vilja
383 550 50 21 idka
447 550 118 21 handtverk
580 549 7 21 i
602 549 54 26 stad,
673 549 51 22 eller
739 550 57 20 inom

45 592 27 15 en
86 585 48 21 half
147 585 37 20 mil
199 583 100 26 derifrän,
312 584 79 27 jemväl
406 583 48 22 från
470 585 12 20 2
497 591 63 14 mom.
576 584 24 21 af
612 584 11 27 &
640 585 11 20 3
667 584 114 22 uteslutits.

113 618 35 22 Då
167 619 34 21 det
220 618 122 23 flerestädes
361 618 100 22 inträffar
476 621 31 19 att
525 618 58 22 stads
600 617 86 22 område
701 619 95 20 sträcker

46 654 32 28 sig
94 661 26 14 en
136 653 47 22 half
195 653 36 21 mil
247 652 48 22 frän
311 653 46 21 dess
376 653 62 22 linier
456 653 40 22 och
515 653 126 26 derutöfver,
658 660 61 21 synes
735 653 40 22 den
789 653 8 22 i

46 689 11 27 8
77 690 14 19 4
113 688 128 21 föreskritna
262 687 121 30 skyldighet
404 687 33 21 för
459 687 47 26 den,
529 695 45 13 som
595 687 29 27 pä
646 687 73 21 landet
739 687 58 22 inom

46 723 65 28 sagde
130 721 85 22 afständ
234 721 48 22 frän
299 721 48 22 stad
366 721 35 21 vill
421 721 68 22 drifva
506 721 79 22 handel
605 721 52 22 eller
679 721 119 22 handtverk

46 757 49 22 med
113 757 64 27 legda
195 756 104 26 arbetare,
319 758 32 19 att
369 755 113 23 innehafva
500 756 94 28 burskap
612 756 8 20 i
638 763 83 14 samma
741 755 56 27 stad,

46 791 54 22 böra
118 791 121 21 utsträckas
257 790 62 21 äfven
338 790 32 21 till
388 790 73 21 idkare
476 790 25 21 af
516 789 78 22 handel
609 790 51 21 eller
675 797 71 14 annan
761 791 36 21 nä-

47 825 48 28 ring
110 824 29 28 pä
154 825 85 20 stadens
254 824 49 22 hela
319 823 142 28 ego-omräde.

116 859 38 21 Uti
173 859 11 27 $
203 860 18 25 5,
241 859 60 20 hvari
319 858 118 27 stadgande
454 858 141 22 förekommer
614 857 110 28 angående
742 858 56 28 sjelf-

48 893 130 28 försörjning
200 893 7 21 i
229 893 55 26 stad,
301 899 64 16 anser
384 893 103 21 utskottet
508 892 55 22 böra
584 892 107 21 bestämdt
712 893 86 25 uttalas,

49 930 32 20 att
98 928 75 27 hvarje
192 927 37 22 der
243 926 186 22 mantalsskrifven
444 926 118 28 välfrejdad
580 933 78 20 person
673 928 24 19 är
712 927 86 21 berätti-

49 962 42 29 gad
109 964 33 20 att
160 961 67 22 under
242 962 55 21 vissa
312 961 67 21 vilkor
394 960 70 22 såsom
479 961 177 28 sjelfförsörjning
671 961 50 22 idka
735 961 65 28 slöjd-

49 997 52 22 eller
116 996 124 26 handtverk,
257 995 184 28 månglerirörelse
459 990 52 27 eller
529 994 67 24 sådan
615 995 82 22 mindre
715 996 83 25 handel,

49 1039 45 14 som
113 1031 7 20 i
139 1030 65 28 sagde
226 1031 11 27 $
260 1030 140 25 omförmäles,
423 1031 52 20 utan
498 1029 119 31 skyldighet
638 1031 33 20 att
693 1029 107 22 förvärfva

49 1065 106 27 burskap;
170 1064 33 22 till
216 1064 51 27 följe
285 1063 78 23 hvaraf
379 1064 128 27 stadgandet
525 1063 69 24 blifvit
611 1064 7 20 i
636 1064 92 21 nämnde
746 1065 54 29 syfte

50 1099 134 23 omändradt.

118 1134 47 20 Den
184 1133 6 20 i
208 1133 11 28 &
240 1134 11 19 6
270 1132 128 28 föreslagna,
416 1133 33 21 till
467 1133 82 21 kronan
567 1132 104 28 ingående
687 1132 68 29 ärliga
770 1133 30 21 af-

51 1168 45 28 gift,
113 1175 45 14 som
174 1167 65 28 enligt
253 1166 79 29 nädiga
346 1167 161 28 Förordningen
523 1167 40 21 den
576 1168 24 19 19
616 1167 118 21 December
747 1168 53 20 1859

51 1203 24 21 af
90 1201 183 22 landthandlande
294 1201 102 28 erlägges,
419 1202 40 21 har
480 1201 108 26 utskottet,
611 1202 6 20 i
640 1201 161 22 öfverensstäm-

51 1237 65 21 melse
135 1236 48 21 med
201 1235 40 22 den
257 1235 61 28 äsigt,
335 1243 25 14 en
375 1236 24 20 af
411 1235 120 28 Kejserliga
545 1235 103 22 Senatens
662 1235 118 22 ledamöter
794 1236 8 21 i

52 1273 72 19 ämnet
138 1270 84 26 uttalat,
238 1270 70 21 funnit
326 1277 51 14 vara
395 1270 109 27 olemplig,
521 1269 69 22 säsom
608 1270 119 27 utgörande
746 1271 56 20 skatt

52 1304 29 29 pä
103 1304 75 28 sjelfva
199 1304 95 21 rörelsen
313 1304 40 21 och
371 1304 18 27 ej
409 1303 29 28 pä
456 1304 119 22 inkomsten
593 1304 66 21 deraf.
689 1304 30 21 Af
735 1304 67 22 sädan

53 1340 114 25 anledning
186 1339 61 20 torde
265 1338 70 21 denna
353 1338 62 25 skatt,
431 1346 46 13 som
495 1338 121 21 tillkommit
633 1340 53 19 utan
702 1338 100 22 Ständer-

53 1380 38 15 nas
108 1372 133 25 medverkan,
257 1372 18 26 ej
291 1371 53 21 böra
359 1371 72 21 vidare
445 1370 118 22 bibehällas
579 1373 54 19 samt
647 1372 7 20 i
670 1372 11 27 $
697 1374 106 26 upptagas

54 1409 32 20 att
105 1407 123 21 densamma
247 1405 113 22 framdeles
381 1406 96 20 kommer
499 1407 32 19 att
552 1406 104 28 upphöra.
691 1406 40 21 Till
752 1406 51 28 följe

55 1442 62 21 deraf
132 1441 41 21 har
191 1440 167 28 ordställningen
375 1440 8 20 i
400 1440 90 21 sednare
508 1447 63 14 mom.
586 1440 22 21 af
625 1440 9 29 8
650 1441 12 20 6
679 1440 62 22 äfven
755 1440 49 22 blif-

53 1477 30 21 vit
98 1475 90 23 ändrad.
