992 1728
267 146 72 24 Nådiga
350 148 137 22 Propositionen
497 148 35 18 N:o
546 149 26 17 25.
735 150 43 18 1285

50 228 37 23 IV.
112 228 92 29 Förslag
219 228 35 23 till
268 228 131 30 förordning
413 236 33 16 om
460 230 149 29 preskription
623 230 8 22 i
645 230 156 30 fordringsmäl

296 266 40 22 och
351 273 33 16 om
399 266 152 30 ärsstämning.

118 320 42 21 Vid
171 320 158 28 granskningen
342 320 24 22 af
375 320 26 22 de
412 321 105 21 särskilda
527 322 188 27 bestämningarne
726 322 6 21 i
742 322 59 22 detta

49 354 87 28 förslag,
152 353 149 23 innehållande
310 354 40 22 den
358 355 81 27 vigtiga
446 355 40 21 och
493 355 49 22 med
553 355 179 28 ärsstämningens
744 357 58 21 rätta

49 388 101 22 ändamål
164 388 230 23 öfverensstämmande
409 389 157 29 förändringen,
580 392 31 19 att
622 390 178 29 fordringsegare,

48 423 72 22 hvilka
137 423 113 22 underläta
269 426 32 19 att
318 423 29 28 pä
365 424 185 28 inställelsedagen
568 425 82 21 bevaka
668 426 47 21 sina
730 425 72 22 kända

48 457 129 29 fordringar,
195 459 47 20 icke
261 457 27 29 gä
306 459 33 21 sin
357 460 44 20 rätt
417 460 39 21 och
471 459 59 22 talan
545 461 57 20 emot
616 459 185 28 sterbhusdelega-

48 499 51 14 rene
114 492 117 28 förlustige,
247 493 8 20 i
273 492 53 28 följd
340 493 78 21 hvaraf
431 493 61 22 desse
507 501 75 20 genom
597 493 113 28 proklama
724 493 19 28 ej
756 494 44 21 hel-

47 527 33 22 ler
94 527 73 21 kunna
177 527 64 22 vinna
251 527 99 22 befrielse
361 527 48 21 frän
421 528 136 27 betalningen
568 527 24 22 af
602 535 76 19 annan,
691 529 28 20 än
730 528 70 22 okänd

48 562 56 28 gäld,
128 569 45 14 som
195 562 46 21 icke
263 561 70 22 blifvit
351 563 92 26 anmäld,
461 563 64 21 hafva
544 563 47 21 skäl
605 563 33 20 till
653 563 95 28 följande
763 570 38 15 an-

48 597 139 27 märkningar
201 596 141 22 förekommit.

116 631 11 22 I
149 632 52 21 sista
223 632 114 27 meningen
355 631 24 22 af
395 631 68 22 första
477 632 82 28 stycket
574 632 24 21 af
612 634 9 19 1
639 633 11 27 $
666 632 86 28 stadgas
768 634 33 20 att

48 666 119 28 bevakning
189 666 40 22 bör
251 667 86 27 förnyas
355 667 58 21 inom
431 667 63 21 hvart
510 667 73 22 tionde
598 666 25 22 år
638 666 48 22 från
702 667 41 22 den
758 667 42 28 dag

48 701 53 22 sista
118 701 147 27 bevakningen
283 701 85 22 skedde.
399 700 78 23 Såvida
492 701 70 22 denna
576 701 224 28 bevakningsskyldig-

48 736 37 21 het
107 736 67 21 borde
195 735 156 28 ifrågakomma
369 736 62 21 äfven
445 736 8 21 i
469 736 35 22 det
522 736 44 26 fall,
582 738 32 19 att
628 736 89 21 fordran
732 736 69 21 blifvit

48 777 77 21 genom
148 770 92 21 domslut
258 770 33 21 till
309 770 110 28 :betalning
438 771 113 26 fastställd,
570 771 26 20 är
614 771 116 27 uttrycklig
744 770 56 22 före-

48 805 63 21 skrift
129 805 73 21 derom
221 805 24 21 af
261 805 121 21 Ständerna
399 805 82 28 tillagd,
500 805 138 28 hvarigenom
653 805 38 22 allt
705 805 95 22 missför-

47 839 64 22 stånd
126 840 130 21 härutinnan
271 839 162 28 undanrödjats.

117 875 10 21 I
143 875 38 27 28
197 876 88 20 nämnes
304 876 37 25 att,
359 882 34 14 om
408 874 134 29 afbetalning
556 875 70 21 blifvit
640 875 64 27 gjord
719 875 24 21 af
756 875 44 28 gäl-

49 909 93 22 denären
158 909 51 22 eller
225 917 34 14 om
273 910 44 21 han
331 916 79 14 annars
425 909 75 22 erkänt
514 909 100 22 fordrans
629 909 91 26 tillvaro,
733 909 67 22 skulle

49 944 35 21 det
96 944 58 27 gälla
164 951 46 14 som
221 944 126 27 bevakning.
370 943 67 22 Ordet
452 946 100 25 ,annars*
567 951 62 20 synes
642 944 41 21 här
697 951 53 14 vara
764 943 36 22 be-

48 978 96 28 gagnadt
161 979 7 21 i
187 986 82 14 samma
290 979 86 27 mening
397 986 46 14 som
465 978 162 27 ,annorlunda,*
642 979 41 21 och
697 979 41 21 har
753 978 47 22 der-

49 1013 46 22 före
110 1013 69 22 blifvit
194 1015 57 20 emot
265 1013 131 21 sistnämnde
411 1013 39 21 ord
465 1013 77 27 utbytt.

116 1046 34 22 Dä
172 1047 51 21 flere
243 1047 126 28 gäldenärer
387 1047 68 21 iklädt
470 1048 32 27 sig
516 1048 136 27 ansvarighet
667 1055 27 14 en
708 1047 35 21 för
758 1047 43 22 alla

50 1082 40 21 och
112 1082 43 21 alla
176 1082 33 20 för
229 1089 25 14 en
273 1082 33 20 för
325 1082 56 27 gäld,
397 1082 40 20 och
452 1082 107 28 borgenär
573 1081 130 22 försummar
717 1083 33 20 att
764 1082 36 21 be-

48 1116 56 22 vaka
125 1116 33 21 sin
179 1115 90 22 fordran
291 1116 38 21 hos
348 1115 70 28 någon
437 1116 25 21 af
477 1116 55 26 dem,
548 1116 86 27 stadgas
649 1116 9 20 i
673 1118 11 19 3
700 1116 12 28 &
727 1118 33 19 att
775 1116 26 21 de

49 1151 68 27 öfrige
139 1150 49 22 icke
204 1152 38 20 äro
262 1150 96 28 skyldige
373 1152 32 20 att
419 1150 73 23 betala
507 1150 78 22 dennes
600 1150 64 22 andel
679 1150 24 22 af
716 1150 84 28 gälden.

48 1186 50 20 Men
121 1185 67 21 ehuru
210 1185 134 27 borgenären
363 1184 90 22 sålunda
471 1185 92 21 förlorat
577 1185 33 21 sin
625 1185 60 21 talan
699 1186 46 20 mot
760 1184 41 22 den

50 1221 21 20 at
94 1220 159 27 gäldenärerne,
276 1220 39 20 hos
334 1219 84 21 hvilken
436 1220 43 20 han
493 1218 117 22 underlåtit
625 1221 32 19 att
671 1219 83 21 bevaka
769 1219 33 21 sin

49 1254 95 26 fordran,
167 1254 42 20 kan
228 1261 26 13 en
274 1253 57 28 dylik
349 1254 144 27 borgenärens
510 1253 148 21 försummelse
676 1253 64 21 likväl
754 1253 48 21 icke

50 1288 83 22 minska
148 1288 40 21 den
203 1290 44 19 rätt
262 1288 154 27 gäldenärerne
430 1288 100 21 inbördes
545 1287 65 22 hafva
624 1288 33 20 till
672 1287 128 26 hvarandra,

49 1324 7 20 i
75 1323 100 21 afseende
190 1322 13 22 å
217 1322 56 22 hvad
292 1330 26 14 en
333 1322 52 21 eller
400 1330 71 14 annan
487 1322 23 22 af
523 1322 48 21 dem
585 1322 93 21 utbetalt
693 1322 51 21 eller
759 1322 43 21 kan

49 1358 85 19 komma
150 1359 31 18 att
195 1357 73 19 betala
281 1356 84 20 utöfver
381 1357 31 19 sin
428 1364 53 19 egen
496 1356 68 20 andel.
587 1356 11 20 I
613 1356 115 26 anledning
738 1355 66 21 häraf

49 1396 62 21 synes
128 1390 18 27 ej
162 1389 91 21 allenast
268 1389 137 21 föreskriften
421 1389 79 25 derom,
516 1390 32 19 att
563 1389 103 26 gäldenär
681 1389 53 26 egde
744 1389 58 20 inom

49 1425 69 20 utsatt
131 1424 43 21 viss
189 1424 31 20 tid
235 1423 82 21 bevaka
332 1423 33 21 sin
379 1423 60 21 talan
454 1423 39 21 hos
504 1422 204 28 medgäldenärerne
720 1421 28 22 då
759 1422 43 22 for-

50 1458 54 22 dran
119 1458 39 22 hos
173 1458 78 21 honom
265 1457 70 21 blifvit
349 1457 95 27 utdömd,
460 1457 53 21 böra
528 1456 121 22 utsträckas
663 1457 34 21 till
708 1456 36 22 det
755 1456 45 27 fall,

48 1492 30 23 då
99 1493 44 21 han
164 1492 69 22 blifvit
250 1492 34 22 för
302 1492 124 28 fordringen
440 1492 91 28 lagsökt,
547 1491 52 22 eller
614 1491 40 22 den
669 1492 40 21 hos
723 1492 79 25 honom
