1014 1714
313 128 72 23 Nådiga
396 129 137 21 Propositionen
545 130 34 17 N:o
591 131 28 17 34.
774 129 44 17 1679

91 192 65 25 orter,
171 192 40 20 har
225 190 164 29 ifrågavarande
403 192 77 22 besvär
495 192 33 22 för
539 192 26 22 de
580 192 72 22 städer
667 193 40 21 och
721 192 120 28 lägenhets-

89 226 145 26 innehafvare,
249 233 46 14 som
314 226 62 21 deraf
392 227 95 27 ständigt
505 227 52 21 eller
571 227 69 21 oftare
658 227 100 25 drabbas,
774 226 67 22 öfver-

91 259 47 28 gått
152 260 33 20 till
200 266 32 19 en,
247 260 118 21 merendels
377 260 80 27 jemväl
471 260 49 22 med
535 261 132 27 betydligare
681 261 161 27 penningeupp-

91 293 78 28 offring
184 293 90 21 förenad
288 296 72 25 tunga.

159 332 67 26 Äfven
248 336 147 28 skyldigheten
417 338 32 20 att
470 337 33 21 till
524 337 168 21 framskaffande
713 337 24 21 af
752 339 90 25 trupper

92 371 40 21 och
151 370 61 22 deras
231 371 162 27 tillhörigheter,
412 372 98 26 proviant
529 372 39 21 och
588 371 68 21 andra
677 371 165 21 förnödenheter

91 405 65 21 ställa
178 405 135 28 erforderligt
334 406 59 20 antal
415 408 176 25 transportforor,
613 406 85 21 hvilken
723 406 119 28 skyldighet

92 439 102 22 likaledes
216 440 24 21 af
260 439 59 22 ålder
338 439 81 29 åligger
435 440 204 28 jordlägenheterna
656 439 29 29 på
703 440 78 26 landet,
802 440 40 22 och

91 474 89 22 hvarom
196 474 25 22 de
236 476 98 20 närmare
349 474 159 22 föreskrifterne
523 474 119 29 igenfinnas
660 474 184 29 hufvudsakligast

91 509 8 21 i
114 508 164 29 Tågordningen
296 509 24 21 af
336 509 40 22 den
393 511 25 19 15
439 509 124 28 September
579 511 61 24 1791,
656 511 63 26 utgör
736 510 34 21 för
782 509 60 28 jord-

92 543 108 22 brukaren
218 551 27 13 en
263 543 74 26 börda,
353 545 52 19 enär
424 544 40 21 den
482 543 123 28 uppoffring
623 544 25 21 af
659 544 32 21 tid
706 544 41 21 och
762 544 80 21 arbets-

92 577 64 26 kraft,
176 585 46 14 som
242 577 121 28 derigenom
382 577 109 28 fråntages
509 579 53 20 hans
580 579 86 26 näring,
686 579 67 26 jemte
775 578 68 28 öfrige

93 611 63 22 deraf
172 611 133 28 härflytande
322 611 107 27 förluster,
446 613 75 21 endast
539 613 32 20 till
589 612 71 28 någon
676 613 33 21 del
724 613 42 20 kan
781 619 62 15 anses

93 653 52 15 vara
161 648 66 19 ersatt
241 647 48 20 med
304 647 41 20 den
359 647 123 21 nuvarande
497 647 195 27 skjutspenningen.

162 688 33 22 Då
213 689 73 21 härtill
303 689 96 21 kommer
414 691 32 19 att
460 689 58 22 såväl
533 690 166 27 inqvarterings-
714 697 46 14 som
776 692 67 19 trans-

93 723 328 28 portskjutsningsskyldigheten
439 724 46 21 icke
503 724 90 21 allenast
612 724 83 21 drabba
714 724 74 21 endast
806 723 38 22 nå-

94 765 40 20 gra
147 758 57 21 vissa
218 758 189 26 samhällsklasser,
423 760 52 19 utan
487 758 79 28 jemväl
578 758 66 22 bland
656 759 62 20 dessa
728 765 26 14 en
765 758 79 28 mängd

93 792 177 28 fastighetsegare
288 793 40 20 'och
347 793 68 20 andra
433 799 101 20 personer
553 794 37 19 äro
609 791 48 22 från
675 793 65 27 sagde
758 793 87 21 besvärs

93 826 121 27 utgörande
231 827 143 26 undantagne,
391 826 100 21 framstår
506 827 57 21 klart
581 829 32 18 att
629 834 25 14 en
669 827 80 21 reform
764 827 24 20 af
800 827 45 27 lag-

94 860 124 28 stiftningen
240 861 8 20 i
269 861 128 20 hithörande
423 862 77 20 ämnen
522 862 25 20 är
568 861 24 21 af
611 861 101 21 behofvet
733 861 112 28 högeligen

94 893 108 29 påkallad.

163 937 68 21 Innan
252 938 104 21 utskottet
376 936 63 28 ingår
460 938 6 20 i
489 939 98 20 närmare
605 938 156 27 öfvervägande
780 938 24 21 af
820 938 26 21 de

95 971 101 28 åtgärder
214 972 6 21 i
240 972 86 21 anfördt
344 972 61 27 syfte,
424 972 33 20 till
475 972 71 21 hvilka
565 972 131 21 Ständernas
718 972 129 21 medverkan

94 1014 30 14 nu
143 1006 82 26 anlitas,
244 1005 34 22 får
296 1006 109 25 utskottet,
424 1006 33 20 för
475 1006 165 21 underlättande
658 1006 24 21 af
701 1005 87 29 frågans
810 1006 36 21 be-

95 1040 113 28 handling,
226 1041 40 20 här
284 1040 97 21 meddela
400 1047 26 14 en
445 1040 188 28 sammanfattning
648 1041 24 21 af
686 1040 25 22 de
726 1041 7 21 i
748 1040 99 28 gällande

96 1074 136 28 grundlagar,
248 1074 122 28 privilegier
385 1076 56 20 samt
456 1075 104 21 särskilda
571 1074 139 28 öfverhetliga
722 1074 72 28 påbud
807 1075 40 21 och

95 1109 151 27 förordningar
261 1109 174 21 förekommande
449 1109 138 28 stadganden,
600 1110 138 26 hvarigenom
749 1109 99 22 befrielse

96 1144 33 20 till
144 1145 69 20 större
232 1144 51 20 eller
302 1144 82 20 mindre
400 1144 34 20 del
449 1143 48 21 från
512 1144 128 27 deltagande
654 1144 32 20 uti
700 1142 148 29 ifrågakomne

96 1178 77 21 besvär
191 1178 69 21 blifvit
277 1178 56 21 vissa
351 1178 176 27 fastighetsegare
546 1178 40 21 och
604 1178 184 21 samhällsklasser
806 1177 42 22 till-

97 1212 131 22 försäkrade.

166 1255 73 21 Frihet
253 1254 48 22 från
316 1255 146 28 inqvartering
477 1255 52 21 eller
543 1255 93 27 lindring
652 1254 45 22 deri
712 1254 93 28 åtnjuta:

439 1318 6 21 i
461 1318 46 21 stad:

101 1370 41 27 1:0)
158 1369 156 27 Ridderskapet
325 1369 39 21 och
376 1369 69 20 Adeln
456 1370 55 20 samt
521 1369 167 26 Presterskapet,
700 1369 151 25 universitets-,

143 1403 113 28 gymnasii-
276 1403 39 21 och
334 1403 117 21 skollärare
466 1402 66 28 jemte
551 1402 62 21 deras
632 1403 66 21 enkor
717 1403 40 21 och
779 1409 72 22 omyn-

144 1439 48 28 dige
206 1438 61 27 barn,
284 1437 28 22 då
326 1438 63 21 dessa
403 1437 18 28 ej
438 1436 70 29 någon
523 1437 108 28 borgerlig
642 1437 76 28 näring
729 1437 57 27 idka,
797 1438 56 21 samt
