1003 1720
229 163 49 31 1240
432 167 72 23 Nådiga
514 168 137 21 Propositionen
662 167 35 17 N:o
710 168 27 16 25.

204 236 71 22 egare,
293 230 35 29 för
345 232 38 20 att:
390 230 74 22 kunna
477 237 52 15 vara
543 230 65 22 säkra
621 230 35 22 för
670 230 85 21 okända
767 230 131 28 fordringar,
913 232 40 26 att,

204 264 49 22 med
267 264 114 28 anledning
396 265 24 21 af
432 266 14 20 4
461 265 11 28 &
489 266 26 20 10
530 265 49 27 kap.
594 260 25 26 Ä.
631 264 33 27 B.,
676 264 39 22 hos
727 264 42 22 den
781 264 96 26 domstol,
891 265 63 21 hvar-

204 299 69 21 under
295 300 50 22 boet
367 300 61 27 lyder
446 299 40 21 och
500 300 8 20 i
524 300 39 20 den
579 299 91 28 ordning
685 307 46 14 som
745 300 34 20 för
794 298 104 23 afträdes-
914 300 40 22 och

203 332 131 23 urarfvamä!l
344 341 50 14 vore
405 333 107 28 stadgadt,
524 334 88 21 utverka
623 333 96 27 offentlig
731 334 106 27 stämning
845 333 33 22 till
886 334 68 21 sterb-

203 367 73 22 husets
299 368 98 27 samtlige
418 368 132 27 borgenärer
567 370 33 19 att
617 366 29 29 pä
661 368 41 21 viss
718 368 48 27 dag,
782 367 53 22 efter
850 370 48 19 natt
913 368 40 21 och

204 400 25 23 år
243 401 49 22 från
307 402 139 27 stämningen,
462 402 35 21 vid
512 402 76 21 förlust
603 402 24 21 af
640 402 29 21 all
683 403 45 20 rätt
743 402 41 21 och
798 402 73 21 vidare
885 402 67 26 talan,

203 436 46 21 sine
263 436 122 27 fordringar
399 437 38 20 hos
452 436 77 21 Rätten
544 435 91 23 anmäla.
662 436 47 21 Den
724 436 113 27 borgenär,
853 443 46 14 som
913 443 40 14 un-

204 470 69 22 derlät
294 472 33 20 att
345 469 13 22 &
376 471 41 21 den
439 470 90 22 sälunda
547 470 115 22 beramade
677 470 69 28 dagen
762 470 85 21 anmäla
861 471 33 20 sin
909 470 43 21 for-

203 504 60 27 dran,
286 505 101 28 antingen
408 505 41 21 den
470 505 55 21 varit
544 504 24 23 af
584 505 225 27 sterbhusdelegarene
827 505 58 21 känd
899 505 52 22 eller

202 539 53 27 icke,
270 539 108 22 förlorade
392 538 91 22 sålunda
497 539 32 21 sin
540 541 44 20 rätt
595 541 32 19 att
638 539 114 21 framdeles
762 538 47 24 utfä
820 539 131 25 densamma.

202 573 34 22 En
257 573 67 22 sådan
345 574 103 27 rättighet
468 574 34 21 till
524 572 142 29 ärsstämning
685 573 52 22 eller
754 572 149 29 ärsproklama
917 576 33 20 ut-

202 608 105 22 sträcktes
328 615 76 21 genom
422 608 77 28 Kongl.
515 608 153 27 förordningen
683 608 41 22 den
739 610 27 19 28
781 608 50 22 Juni
848 610 54 20 1798
918 608 33 22 till

201 642 72 28 bolag,
295 650 46 14 som
363 642 108 28 upplösas,
494 643 40 21 och
552 642 121 22 sedermera
688 650 76 20 genom
779 642 75 29 Kongl.
870 642 80 23 förkla-

201 677 76 27 ringen
299 676 41 22 den
360 678 25 20 16
403 676 45 22 Juli
464 678 52 20 1807
533 677 61 22 äfven
609 676 33 22 till
658 677 26 21 de
698 677 44 27 fall,
759 676 28 22 dä
800 677 88 28 myndig
902 684 49 21 per-

201 718 39 19 son
251 710 76 22 varder
339 711 67 23 under
417 711 135 28 förmyndare
564 713 47 20 satt.
634 711 38 21 Uti
684 711 153 22 ofvananförda
848 712 101 28 stadgan-

202 745 41 22 den
257 744 118 22 innehäller
390 745 41 21 den
445 744 79 29 nädiga
537 745 160 28 propositionen
709 746 41 21 den
760 746 80 28 vigtiga
851 746 40 22 och
902 746 49 22 med

201 778 180 30 Srsstämningens
399 781 58 20 rätta
472 779 100 22 ändamål
586 779 229 23 öfverensstämmande
829 780 121 22 förändrin-

201 821 48 21 gen,
268 816 32 20 att
318 814 177 28 fordringsegare,
514 814 71 22 hvilka
602 813 113 23 underläta
733 816 33 20 att
783 814 30 28 pä
825 815 127 22 inställelse

202 849 69 28 dagen
293 848 81 23 bevaka
396 850 47 20 sina
464 849 72 21 kända
553 848 128 29 fordringar,
700 849 46 21 icke
761 848 28 29 gä
803 850 33 21 sin
851 851 44 20 rätt
910 850 40 21 och

201 883 60 22 talan
276 885 57 20 emot
347 883 226 28 sterbhusdelegarene
587 883 117 28 förlustige,
720 884 8 20 i
738 883 54 28 följd
801 884 79 22 hvaraf
890 884 61 24 desse

202 924 76 21 genom
299 917 112 28 proklama
428 917 47 21 icke
493 917 67 21 heller
574 917 73 22 kunna
660 917 64 22 vinna
738 917 99 22 befrielse
851 917 48 23 från
914 918 36 21 be-

201 951 111 28 talningen
327 951 24 22 af
363 959 77 18 annan,
456 952 27 21 än
498 951 70 21 okänd
583 951 56 28 gäld,
655 958 46 14 som
715 951 47 22 icke
776 951 69 22 blifvit
857 952 92 22 anmäld.

270 985 42 22 Vid
335 985 156 28 granskningen
513 985 24 22 af
558 985 25 21 de
605 985 106 22 särskilda
732 985 134 29 lagrummen
887 987 64 22 hafva

201 1019 47 23 skäl
262 1019 33 22 till
310 1019 94 27 följande
419 1019 167 28 anmärkningar
600 1018 142 22 förekommit.

269 1053 11 21 I
302 1054 52 21 sista
375 1054 113 27 meningen
506 1053 24 21 af
546 1053 67 22 första
628 1054 82 28 stycket
725 1054 24 21 af
763 1055 10 19 1
790 1054 12 28 &
817 1054 87 28 stadgas
919 1056 33 21 att

200 1088 120 28 bevakning
341 1088 40 21 bör
403 1088 85 28 förnyas
506 1088 58 21 inom
582 1088 62 21 hvart
662 1088 72 21 tionde
749 1087 25 22 är
789 1088 48 24 från
853 1088 41 22 den
909 1089 43 30 dag

201 1122 53 22 sista
271 1122 146 27 bevakningen
435 1122 84 21 skedde.
550 1121 77 22 Sävida
642 1122 70 21 denna
726 1122 225 29 bevakningsskyldig-

201 1156 37 22 het
259 1156 68 22 borde
348 1155 154 29 ifrägakomma
520 1156 61 22 äfven
595 1156 8 20 i
618 1156 36 22 det
672 1156 44 26 fall,
732 1158 32 20 att
778 1157 89 22 fordran
882 1157 69 22 blifvit

201 1197 77 21 genom
300 1190 92 22 domslut
410 1190 33 21 till
457 1190 109 28 betalning
581 1190 113 26 fastställd,
710 1191 41 22 har
765 1192 115 27 uttrycklig
895 1191 55 23 före-

201 1224 63 22 skrift
282 1224 74 22 derom
369 1224 70 21 blifvit
453 1224 23 21 af
488 1224 104 21 utskottet
606 1224 121 28 föreslagen
742 1227 32 19 att
788 1226 40 20 här
843 1226 107 28 tilläggas,

200 1259 138 26 hvarigenom
353 1258 39 20 allt
405 1257 148 21 missförstånd
564 1258 129 21 härutinnan
705 1258 69 22 blefve
785 1260 165 27 undanrödjadt.

269 1291 11 21 I
296 1293 11 19 2
323 1292 12 26 8
350 1292 87 20 nämnes
456 1292 37 24 att,
510 1298 34 13 om
559 1290 133 28 afbetalning
707 1291 69 22 blifvit
791 1292 63 27 gjord
869 1292 24 22 af
906 1293 45 27 gäl-

201 1324 94 23 denären
310 1325 51 22 eller
376 1332 34 14 om
424 1325 44 21 han
483 1331 77 15 annars
576 1324 75 23 erkänt
665 1325 99 22 fordrans
780 1325 91 28 tillvaro,
883 1326 68 23 skulle

201 1359 36 25 det
255 1359 58 29 gälla
327 1367 45 14 som
386 1359 126 28 bevakning.
542 1359 66 22 Ordet
623 1366 79 15 annars
717 1367 61 21 synes
793 1360 40 22 här
847 1368 53 15 vara
914 1361 36 22 be-

201 1395 95 27 gagnadt
310 1395 7 20 i
332 1401 82 15 samma
428 1394 84 27 mening
527 1401 46 14 som
588 1394 161 27 ,annorlunda,*
766 1395 39 22 och
820 1396 61 21 torde
897 1396 54 23 böra

200 1431 57 20 emot
272 1429 130 22 sistnämnde
417 1428 39 22 ord
470 1428 93 28 utbytas.

201 1465 2 2 |
268 1462 33 22 Då
324 1463 51 21 flere
393 1463 127 28 gäldenärer
537 1462 68 23 iklädt
619 1464 34 27 sig
667 1464 136 28 ansvarighet
817 1471 26 15 en
858 1465 35 21 för
907 1465 44 22 alla

200 1498 41 22 och
262 1498 43 21 alla
327 1497 34 21 för
379 1504 26 14 en
423 1497 33 21 för
475 1497 57 27 gäld,
548 1497 40 22 och
602 1497 107 29 borgenär
724 1498 129 23 försummar
868 1500 37 22 att.
915 1499 36 22 be-
