1017 1717
218 152 42 18 1688
420 150 71 24 Nådiga
502 151 138 21 Propositionen
651 150 36 18 N:o
699 151 28 16 34.

262 214 114 28 sänghalm
391 214 42 26 för
455 213 25 21 de
503 216 96 25 trupper,
624 212 73 22 hvilka
718 213 69 21 under
800 212 75 28 freds-
890 213 52 21 eller

261 248 103 28 krigstid,
381 248 34 27 på
438 248 77 27 längre
537 248 52 20 eller
609 246 87 21 kortare
716 246 39 26 tid,
775 248 40 28 äro
834 248 10 20 i
859 246 84 22 landets

261 282 74 21 städer
358 281 39 21 och
419 281 107 29 köpingar
539 280 113 30 förlagde.
681 280 48 22 För
745 281 78 21 sådant
839 281 104 21 ändamål

260 322 40 22 ega
318 315 160 22 vederbörande
497 315 223 28 kommunalstyrelser
739 316 87 27 årligen
844 316 36 20 till
899 313 44 23 Gu-

261 350 106 21 vernören
381 350 10 20 i
407 350 58 21 länet
480 350 89 28 aflemna
585 349 116 28 behörigen
716 349 82 29 styrkte
804 349 138 29 förtecknin-

259 392 43 21 gar
321 385 60 28 öfver
399 384 26 21 de
443 384 92 29 utgifter
554 384 26 29 af
596 384 81 28 anförd
693 383 142 30 beskaffenhet
850 384 93 21 kommu-

259 426 69 15 nerna
345 418 50 30 fätt
416 418 127 27 vidkännas,
566 418 109 29 hvarefter
697 418 61 22 dessa
773 418 170 29 förteckningar

259 453 104 22 insändas
381 454 36 21 till
436 452 93 22 Senaten
538 453 42 28 för
596 452 103 27 Finland,
715 461 46 13 som
776 453 56 22 läter
847 453 97 22 uträkna

261 488 56 21 huru
337 491 48 18 stor
407 491 80 24 anpart
505 488 26 28 af
548 487 47 22 hela
617 487 117 22 kostnaden
757 487 85 29 belöper
862 489 33 27 sig
910 488 33 28 pä

262 522 74 29 hvarje
351 522 49 21 stad
415 522 39 21 och
469 521 87 29 köping.

575 576 12 28 $
603 575 20 21 8.

319 619 160 21 Kommunerna
493 619 32 28 på
545 619 73 22 landet
636 618 55 21 böra
706 619 88 28 jemväl,
814 619 75 29 hvarje
905 621 38 20 län

261 653 67 23 skildt
338 654 43 29 för
399 654 41 27 sig,
459 654 75 21 anvisa
553 653 146 29 erforderliga
717 653 68 22 medel
803 654 35 21 till
856 653 86 30 anskaf-

254 688 71 30 fande
342 689 24 20 in
383 691 80 18 natura
482 688 52 21 eller
553 688 123 21 ersättande
695 689 26 28 af
737 687 25 22 de
781 689 10 20 i
804 689 138 28 nästföregå-

261 722 50 23 ende
319 723 13 28 $
341 722 142 29 omförmälde
493 723 331 28 inqvarteringsförnödenheter
830 723 43 29 för
882 727 60 24 trup-

259 764 48 22 per,
323 764 44 14 som
381 757 68 21 under
458 757 100 28 fredstid
573 757 39 20 äro
628 758 9 19 i
652 756 117 23 socknarne
784 758 59 20 inom
858 758 60 21 länet
928 758 14 21 &

261 791 154 29 ständgvarter
432 791 103 28 förlagde
558 791 54 21 eller
633 791 129 30 tillfälligen
780 792 162 28 ingvarterade,

261 826 37 21 till
319 825 36 22 det
376 825 81 28 belopp,
480 832 44 14 som
542 825 162 22 kommunernas
722 826 220 29 ingvarteringsskyl-

261 860 50 29 dige
322 859 105 22 invånare
438 859 85 29 åligger
534 859 91 29 utgifva.
649 859 15 21 I
673 860 79 21 sådant
763 860 98 29 afseende
870 868 71 15 o.s.v.

262 893 67 29 enligt
343 893 12 28 $
369 895 13 20 9
397 893 8 21 i
419 893 167 28 propositionen.

573 962 12 28 $
606 959 21 23 9

318 1004 47 23 För
386 1005 41 21 den
449 1005 39 26 tid,
510 1005 29 21 då
559 1005 35 21 till
599 1000 65 47 Följe
683 1005 25 29 af
725 979 216 60 krigsförhållanden

264 1043 89 25 trupper
373 1039 34 22 till
426 1039 71 21 större
515 1039 61 21 antal
594 1039 39 20 äro
652 1040 10 20 i
680 1039 73 22 landet
772 1040 100 27 samlade,
887 1048 54 21 upp-

263 1074 40 21 hör
317 1073 98 29 friheten
423 1074 58 27 från
495 1073 311 29 ingvarteringsskyldigheten
814 1075 44 28 för
873 1076 45 20 alla
932 1077 9 19 i

261 1109 27 26 $$
306 1107 17 20 2
340 1107 39 21 och
396 1107 16 20 3
429 1107 140 28 uppräknade
586 1107 141 28 fastigheter,
748 1111 60 18 utom
829 1109 111 21 allmänna

263 1142 58 21 läro-
340 1141 38 21 och
393 1141 314 28 välgörenhetsinrättningars
722 1145 56 18 samt
792 1142 95 22 kronans
902 1143 39 21 och

261 1175 133 22 kommuners
410 1175 45 27 hus,
471 1175 99 22 ständer-
584 1175 39 21 och
637 1175 119 22 riddarhus
768 1180 55 17 samt
834 1176 106 22 enskildes

261 1210 37 21 till
313 1209 97 28 tingshus
424 1204 102 33 upplåtne
541 1209 94 28 gårdar;
647 1210 38 21 och
696 1209 61 22 skola
768 1211 173 28 ingvarterings-

260 1243 141 21 kostnaderne
407 1243 42 28 för
461 1243 150 28 landsbygden,
623 1243 66 21 sedan
701 1243 178 23 sockneombuden
891 1245 49 28 blif-

260 1277 33 21 vit
313 1276 62 29 inför
397 1276 158 22 vederbörande
579 1274 139 24 Guvernörer
740 1277 61 29 öfver
819 1280 66 20 sättet
897 1279 43 29 för

260 1310 138 30 anskafande
417 1311 26 28 af
457 1311 46 26 ved,
523 1310 41 29 ljus
583 1311 39 22 ock
640 1311 114 29 sänghalm
766 1313 42 28 för
823 1316 117 26 trupperne

259 1345 74 27 hörde,
353 1345 26 28 af
395 1343 94 24 Senaten
511 1345 68 29 enligt
601 1345 41 22 den
659 1347 10 20 i
686 1347 15 27 $
717 1346 13 22 4
748 1347 105 29 stadgade
866 1348 73 28 grund

254 1379 101 31 fördelas
369 1380 33 28 pä
421 1380 25 22 de
464 1380 259 30 ingvarteringsskyldige
742 1382 9 21 i
770 1382 82 22 landets
875 1387 64 17 samt-

260 1415 43 28 lige
326 1414 192 27 landskommuner,
539 1415 48 21 med
607 1415 112 30 undantag
742 1417 81 21 endast
839 1418 26 29 af
881 1418 59 22 sock-

258 1456 69 15 narne
341 1449 10 21 i
366 1445 157 33 Lappmarken,
540 1448 85 23 hvilken
640 1450 34 22 del
689 1451 25 29 af
727 1451 73 22 landet
815 1454 27 20 är
857 1453 82 22 såväl
927 1441 15 43 i

252 1483 101 29 Jredstid
371 1490 45 15 som
433 1484 68 21 under
516 1483 51 30 krig
575 1484 59 29 frän
649 1485 90 23 berörde
753 1487 68 28 utgift
829 1488 109 28 fritagen.
