981 1725
206 149 44 18 1366
405 147 72 23 Nådiga
487 148 137 22 Propositionen
635 147 34 17 N:o
683 148 28 16 27.

182 213 25 22 af
225 212 143 28 Magistraten
386 212 51 22 eller
457 211 168 29 Stadsstyrelsen
638 210 70 22 blifvit
723 209 72 23 dertill
809 208 125 27 förordnad,

182 247 60 22 makt
261 249 32 20 att
307 246 46 22 låta
367 246 42 22 den
423 246 130 28 bristfälliga
567 246 69 27 vägen
650 246 45 20 mot
709 244 49 28 lega
773 244 107 22 förbättra
895 243 41 22 och

182 282 120 22 kostnaden
323 281 75 23 härför
419 281 40 21 hos
481 280 42 21 den
544 279 250 29 vägbyggnadsskyldige
813 280 75 26 genast
902 279 34 20 ut-

182 318 58 26 taga.
271 316 102 22 Kommer
387 316 18 27 ej
423 315 40 21 den
477 314 30 29 på
521 316 68 20 utsatt
605 314 40 22 och
659 314 108 28 kungjord
781 313 38 27 tid,
835 320 46 14 som
895 314 41 27 väg

184 358 53 21 syna
251 350 62 27 skall,
327 350 68 28 plikte
409 350 42 21 tolf
463 350 68 21 mark.

253 386 138 22 Guvernören
407 384 81 29 åligger
502 384 55 22 vaka
572 368 103 47 Jerötver,
691 385 32 20 att.
737 384 27 21 de
774 383 164 28 vägbyggnads-

184 420 97 30 skyldige
299 420 47 22 icke
361 419 58 22 öfver
434 419 78 21 höfvan
527 419 112 27 betungas,
655 418 40 22 och
710 418 40 22 bör
766 417 34 22 för
815 417 66 28 öfrigt
896 418 42 21 till-

186 463 33 15 ses
238 458 33 19 att
288 455 88 28 lagning
391 454 25 22 af
427 454 72 26 broar,
516 453 71 22 dertill
601 453 75 29 längre
690 452 32 22 tid
737 452 116 26 erfordras,
869 451 70 23 sävidt

184 490 85 28 möjligt
283 491 31 25 är,
331 496 34 15 om
379 489 84 22 vintern
477 488 130 22 verkställes.

529 551 12 29 8
558 552 32 21 10.

254 597 42 22 Till
309 596 102 28 byggnad
425 595 41 22 och
480 594 114 22 underhäll
609 595 24 21 af
645 594 104 29 landsväg
763 593 36 22 mä
814 594 60 27 sand,
888 602 52 21 grus

187 632 41 22 och
246 632 47 21 lera
308 630 13 22 å
333 631 54 28 skog
403 631 40 21 och
458 629 86 22 utmark
559 631 68 26 tagas,
643 629 38 22 der
696 628 78 22 sådant
788 630 98 21 närmast
900 629 39 22 fin-

186 674 44 19 nes,
253 665 77 23 endast
351 667 32 20 att
402 665 35 21 det
455 665 48 21 sker
517 665 8 20 i
541 664 40 21 den
599 664 92 27 ordning
705 665 33 20 att
753 663 63 22 sand-
832 664 52 21 eller
897 664 42 22 ler-

187 708 80 21 gropar
289 700 19 28 ej
331 699 28 29 pä
382 699 52 22 flere
455 699 77 22 ställen
547 700 83 27 öppnas
645 698 24 22 sä
684 699 63 27 länge
763 706 26 14 en
803 699 68 21 redan
885 706 55 21 upp-

186 738 66 25 tagen
269 735 83 22 lemnar
365 735 66 27 nödig
445 733 91 28 tillgång
551 733 28 28 pä
594 733 36 22 det
644 733 108 28 behöfliga
766 733 174 29 fyllningsämnet

188 771 40 22 och
243 770 48 21 icke
305 771 26 20 är
346 768 24 23 sä
384 771 55 19 nära
453 770 67 26 vägen
535 769 91 27 belägen
642 769 32 20 att
689 768 87 28 olyckor
792 768 63 22 deraf
867 769 73 21 kunna

187 805 138 28 uppkomma.
349 799 84 26 Önskar
449 803 95 22 deremot
558 803 136 28 vägbyggare
709 803 35 21 för
759 803 65 28 sagde
840 802 101 22 ändamäl

188 840 73 21 hemta
282 839 61 26 sand,
363 845 50 21 grus
432 838 51 21 eller
497 837 47 22 lera
558 837 49 22 frän
622 845 82 13 annans
719 838 75 28 inegor
810 838 40 21 och
864 838 76 27 hagar,

187 874 41 21 bör
242 874 132 27 jordegaren
389 872 97 22 deröfver
500 872 59 22 förut
573 872 64 21 höras
653 872 46 26 och,
714 872 8 20 i
737 872 101 22 händelse
854 872 24 21 af
890 873 50 26 väg-

187 915 40 15 ran
246 907 13 21 &
278 908 55 21 hans
354 907 53 26 sida,
427 906 88 22 ärendet
533 906 126 28 hänskjutas
674 906 33 21 till
721 906 161 22 vederbörande
896 906 44 21 Hä-

187 942 106 22 radsrätts
315 942 106 27 pröfning.
452 941 77 22 Finnes
551 940 73 22 dervid
646 942 33 20 att
697 940 65 28 sagde
780 942 82 26 vägran
877 948 63 20 grun-

188 977 48 21 dats
254 976 29 28 pä
302 976 70 28 giltigt
393 975 52 26 skäl,
469 983 48 14 men
532 976 69 20 tillika
615 976 33 20 att
662 975 79 27 nödiga
756 975 185 28 väglagningsäm-

188 1018 42 14 nen
251 1011 47 21 icke
320 1010 67 22 heller
409 1011 38 20 äro
466 1009 13 22 &
497 1010 52 27 skog
572 1010 40 20 och
634 1010 87 20 utmark
739 1011 33 19 att
786 1008 62 29 tillgå
862 1008 28 28 pä
906 1009 36 22 det

188 1045 103 28 lämpliga
313 1044 86 22 afständ
421 1044 51 22 eller
491 1044 24 22 af
531 1044 41 22 den
590 1043 148 22 beskaffenhet
753 1046 33 19 att
800 1044 26 21 de
841 1043 101 28 begväm-

188 1080 58 28 ligen
267 1080 73 20 kunna
361 1079 24 21 af
405 1079 156 28 väglottsegare
583 1078 115 28 begagnas,
719 1086 49 20 eger
783 1078 159 22 Häradsrätten

187 1114 30 28 pä
239 1114 80 21 dennes
341 1113 101 28 begäran,
461 1114 53 20 efter
528 1114 7 20 i
550 1113 170 22 vederbörandes
734 1114 92 20 närvaro
841 1112 101 29 föregän-

189 1156 41 21 gen
244 1148 165 27 undersökning,
425 1148 120 21 bestämma
559 1148 85 21 hvarest
659 1148 40 22 och
714 1147 30 28 pä
758 1148 55 21 hvad
829 1149 43 20 sätt
887 1147 13 23 ä
910 1148 32 21 in-

189 1191 52 20 egor
256 1183 40 22 och
310 1183 9 20 i
333 1183 68 27 hagar
415 1183 53 21 slike
480 1184 77 20 ämnen
567 1182 110 28 tjenligast
688 1183 40 21 och
740 1182 34 21 till
784 1183 79 20 minsta
874 1183 68 22 skada

189 1218 35 22 för
239 1217 131 28 jordegaren
389 1216 41 27 mä,
447 1219 56 20 emot
517 1218 68 20 utsatt
600 1217 69 28 skälig
684 1217 119 27 ersättning
818 1216 23 22 ät
856 1218 86 25 honom,

190 1252 24 21 af
226 1252 172 27 väglottsegaren
413 1251 112 22 afhemtas.
549 1245 18 27 Ä
581 1251 202 28 kronoallmänning
797 1250 42 28 mä,
852 1252 38 21 der
901 1252 41 21 till-

190 1284 57 29 gäng
265 1284 74 26 finnes,
359 1285 53 20 efter
426 1285 101 27 utsyning
542 1284 24 21 af
578 1285 160 21 vederbörande
753 1285 190 27 forsttjensteman,

190 1319 60 22 virke
271 1318 34 21 till
326 1318 113 29 byggande
457 1319 40 20 och
511 1318 114 22 underhäll
640 1319 24 21 af
676 1319 66 21 broar
757 1321 53 19 utan
825 1320 119 27 ersättning

189 1353 100 23 erhällas.

539 1383 11 28 8
567 1385 32 20 11.

259 1426 50 22 Alla
322 1426 136 29 landsvägar,
473 1427 88 21 hvarest
576 1427 148 28 gästgifverier
738 1426 76 28 finnas,
830 1427 60 27 böra,
906 1427 38 22 der

191 1460 78 24 sådant
290 1461 47 22 icke
358 1462 67 21 redan
447 1461 62 27 skett,
532 1463 115 27 uppmätas
661 1461 8 22 i
683 1462 102 22 versteta]
800 1464 56 20 samt
870 1463 74 28 hvarje

191 1498 58 20 verst
267 1497 111 21 utmärkas
396 1496 49 23 med
461 1503 26 14 en
501 1497 76 28 stolpe,
593 1495 13 23 &
620 1497 64 21 hvars
698 1495 38 23 tvä
750 1496 49 22 frän
813 1498 68 27 vägen
896 1504 48 21 syn-
