1014 1728
292 161 71 25 Nådiga
374 163 137 22 Propositionen
523 163 34 18 N:o
571 165 27 16 31.
753 164 41 17 1607

71 228 73 27 nighet
159 227 138 22 öfverlemnat
312 229 32 20 att
358 228 7 20 i
381 228 58 21 detta
455 227 98 22 afseende
567 228 120 21 bestämma
696 228 65 26 tiden,
773 227 48 22 från

71 262 84 21 hvilken
169 261 164 28 författningens
349 262 98 27 gällande
462 262 57 21 kraft
533 261 102 28 vidtager.

70 321 31 22 Il.
126 321 32 22 Vid
172 321 89 27 förslaget
277 321 29 21 till
320 321 105 27 förordning
444 320 93 28 angående
555 322 55 20 sättet
628 321 33 22 och
679 321 99 27 ordningen
791 321 30 22 för

99 356 109 28 försäljning
223 355 22 21 af
257 355 37 21 fast
309 355 84 28 egendom
408 354 11 22 å
434 355 66 27 landet,
515 362 36 14 som
566 354 29 22 för
610 355 42 28 gäld
666 358 52 24 tages
733 355 6 21 i
753 356 42 20 mät.

138 398 38 21 Uti
192 400 10 19 1
221 399 11 27 $
247 398 87 27 stadgas
353 400 38 24 att,
407 397 28 22 då
449 398 118 27 ansökning
582 400 61 25 göres
659 406 34 14 om
708 398 111 27 fastighets

71 433 144 27 imättagande
234 433 40 21 och
292 432 126 29 försäljning
436 433 33 21 för
488 433 68 26 skuld,
575 432 129 28 gäldenären
723 433 97 22 deröfver

70 468 40 21 bör
125 468 74 26 höras;
218 474 49 15 men
287 466 27 22 då
331 467 46 22 icke
393 467 67 22 sällan
475 467 81 22 händer
571 469 33 19 att
618 467 113 22 intecknad
746 467 73 28 fastig-

71 503 37 21 het
125 502 88 22 kommit
231 502 8 21 i
253 508 82 15 annans
351 502 57 21 hand
423 503 28 20 än
466 501 146 28 gäldenärens,
628 503 52 20 utan
695 504 32 19 att
741 509 79 20 egaren

71 536 45 23 står
130 537 8 21 i
152 537 108 27 personlig
275 537 136 26 ansvarighet
425 536 34 21 för
477 537 95 25 skulden,
587 536 61 21 torde
667 537 61 21 äfven
746 537 73 28 fastig-

71 572 127 27 hetsegaren
213 572 52 21 böra
280 572 7 20 i
303 571 64 22 saken
385 571 64 22 höras
468 571 39 21 och
522 571 81 21 lemnas
618 571 83 22 tillfälle
717 573 31 20 att
762 573 59 26 yttra

71 607 32 27 sig
119 613 35 14 om
169 606 41 21 den
225 608 34 19 ort
275 606 37 21 der
327 606 88 21 auktion
430 606 122 27 lämpligast
566 605 35 22 må
619 605 108 22 förrättas.
757 606 10 21 I
782 613 37 14 an-

71 641 86 28 ledning
175 640 64 22 häraf
255 641 40 21 har
310 642 30 19 ett
357 642 94 19 moment
465 640 8 21 i
487 640 92 22 nämnde
594 640 53 28 syfte
662 640 69 22 blifvit
746 640 74 29 fogadt

71 675 34 21 till
120 677 10 19 1
154 677 6 26 &
179 675 40 21 och
230 676 7 20 i
249 677 12 19 2
273 676 11 27 8
300 675 61 21 ordet
376 675 122 27 ,gäldenär"
513 675 72 28 utbytt
599 677 44 19 mot
657 675 107 28 uttrycket
779 675 40 27 ,fa-

71 710 185 28 stighetsegaren".

140 745 74 27 Enligt
229 746 12 20 5
257 745 11 27 $
284 744 54 22 skall
353 744 107 22 sökanden
476 744 7 21 i
497 744 74 28 hvarje
585 744 107 26 händelse,
705 743 27 23 då
747 744 73 28 fastig-

71 780 37 22 het
125 779 34 23 för
178 779 49 28 gäld
246 779 103 29 försäljes,
369 779 127 22 föranstalta
514 786 34 14 om
563 786 38 21 syn
617 780 39 20 och
671 779 113 28 värdering
799 779 24 21 af

72 815 129 21 densamma.
234 813 34 22 Då
291 814 68 21 denna
381 821 38 20 syn
441 814 40 21 och
503 813 113 28 värdering
637 813 184 28 hufvudsakligast

69 849 60 31 afser
144 851 31 19 att
190 848 80 22 bereda
285 848 135 27 spekulanter
434 848 85 21 tillfälle
533 850 32 19 att
579 848 64 21 vinna
657 848 119 21 kännedom
786 855 35 14 om

71 882 134 28 fastigheten,
226 890 61 20 synes
306 890 25 14 en
351 882 56 28 dylik
425 890 44 20 syn,
484 882 7 21 i
511 882 25 22 de
554 882 38 21 fall
607 881 28 22 då
649 882 115 22 auktionen
778 883 43 21 för-

71 919 73 19 rättas
155 916 13 22 å
183 916 74 28 sjelfva
271 916 128 28 fastigheten
415 916 50 22 eller
481 916 12 22 &
509 916 40 22 den
565 919 39 24 ort,
621 917 36 21 der
672 917 40 21 den
728 919 24 20 är
763 917 57 22 belä-

72 959 41 21 gen
128 964 27 4 —
170 951 81 22 hvilket
265 950 134 22 förhållande
413 952 61 20 torde
488 951 85 21 komma
588 953 31 20 att
633 952 88 21 inträffa
735 952 49 21 med
795 952 26 21 de

72 986 61 22 flesta
152 986 82 21 mindre
251 986 123 28 lägenheter
389 998 27 4 —
431 986 47 22 icke
495 993 52 15 vara
565 986 24 22 af
601 986 98 22 behofvet
713 986 107 28 påkallad,

72 1023 52 20 enär
139 1020 164 28 spekulanterne
313 1022 38 19 äro
355 1015 10 38 i
381 1020 84 21 tillfälle
480 1022 31 19 att
525 1019 29 29 på
569 1023 34 19 ort
618 1022 39 20 och
672 1022 61 21 ställe
748 1022 73 27 sjelfve

71 1058 52 25 taga
137 1055 118 22 kännedom
269 1062 34 15 om
315 1055 137 28 lägenhetens
462 1054 153 23 beskaffenhet.
637 1055 30 21 På
679 1055 69 28 grund
759 1055 64 22 häraf

72 1090 40 21 och
129 1089 30 28 på
174 1089 35 22 det
225 1089 26 21 de
265 1089 49 21 med
333 1089 70 28 dylika
422 1095 61 21 syner
501 1089 101 22 förenade
621 1089 66 28 dryga
705 1090 116 22 kostnader

72 1123 35 22 må
122 1125 72 20 kunna
208 1124 110 25 undvikas,
333 1123 64 21 hafva
413 1123 120 22 Ständerna
547 1126 70 19 ansett
631 1126 32 19 att
677 1131 39 21 syn
731 1124 89 21 ovilkor-

71 1158 58 27 ligen
147 1158 55 21 skall
216 1157 68 22 hållas
304 1157 74 21 endast
392 1157 7 21 i
415 1157 34 21 det
464 1157 37 22 fall
516 1159 32 20 att
563 1158 114 21 auktionen
691 1158 102 22 förrättas
809 1158 12 22 &

72 1192 159 25 landskansliet,
250 1199 48 14 men
317 1193 32 19 att
367 1191 35 21 det
421 1191 60 27 eljest
499 1191 68 22 skulle
584 1191 29 28 på
631 1191 190 29 fastighetsegaren

72 1225 23 22 få
113 1227 113 20 ankomma
244 1227 38 24 att,
299 1225 37 21 der
350 1225 43 21 han
412 1224 76 22 sådant
506 1225 99 27 önskade,
621 1225 50 28 sjelf
687 1227 73 20 derom
778 1226 43 21 för-

72 1261 99 24 anstalta,
183 1262 52 19 utan
250 1261 32 19 att
297 1259 153 28 försäljningen
465 1259 121 28 derigenom
601 1260 66 21 skulle
682 1260 22 22 få
718 1259 103 29 uppehål-

72 1295 39 22 las.
140 1293 72 28 Något
229 1294 76 21 hinder
323 1294 7 21 i
349 1301 25 14 en
393 1293 66 22 sådan
481 1295 118 26 anordning
621 1295 63 21 hafva
702 1294 120 22 Ständerna

73 1329 18 28 ej
107 1329 67 21 heller
189 1328 70 21 funnit
273 1328 51 26 deri,
341 1330 31 19 att
390 1328 8 21 i
414 1330 24 19 13
459 1329 11 27 &
489 1329 86 27 stadgas
593 1330 38 25 att,
651 1336 33 14 om
703 1329 94 22 anbudet
814 1330 7 21 i

71 1363 134 27 betydligare
219 1369 50 14 mon
283 1369 50 14 vore
347 1362 82 20 mindre
444 1363 27 19 än
486 1362 226 26 värderingssumman,
728 1370 28 20 ny
771 1363 50 21 auk-

73 1397 45 21 tion
131 1395 68 22 borde
217 1395 108 25 förrättas,
341 1394 73 22 såvida
428 1395 7 21 i
451 1395 40 21 den
505 1395 102 21 händelse
625 1397 32 19 att
673 1395 114 29 värdering
802 1396 18 27 ej

73 1430 56 22 skett
147 1430 40 22 och
210 1429 40 22 den
272 1430 40 20 här
333 1430 82 20 utsatta
433 1428 96 29 grunden
547 1429 33 21 för
598 1430 127 28 pröfningen
744 1430 25 21 af
785 1437 37 15 an-

72 1464 77 22 budets
171 1464 131 28 antaglighet
324 1464 67 21 skulle
412 1464 87 25 saknas,
521 1471 28 20 ny
571 1464 86 22 auktion
682 1464 83 22 komme
791 1466 32 20 att

72 1499 117 28 medgifvas
209 1499 74 21 endast
305 1499 7 20 i
334 1498 37 21 fall
389 1498 239 28 utmätningssökanden
650 1499 39 21 och
707 1499 115 22 tillstädes-

720 1541 29 15 101
