1020 1723
299 133 74 23 Nådiga
384 134 139 22 Propositionen
535 135 35 17 N:o
582 136 28 16 31.
764 136 42 16 1597

79 195 80 22 ordade
174 196 127 28 ändringar;
318 198 40 21 och
376 197 84 23 komme
475 198 70 22 denna
559 198 128 28 författning
701 200 33 20 att
749 196 82 24 erhålla

78 230 96 28 följande
188 230 90 28 lydelse:

159 302 150 32 Förordning
327 302 124 33 angående
469 303 74 27 sättet
561 304 43 26 och
622 304 135 32 ordningen
774 304 39 26 för

193 342 145 34 försäljning
355 344 28 25 af
397 343 48 26 fast
463 344 114 32 egendom
595 342 14 27 å
627 343 89 33 landet,
733 350 50 20 som

340 384 38 25 för
396 383 59 33 gäld
471 384 69 32 tages
557 384 10 26 i
583 384 55 26 mät.

203 439 139 28 Inledningen
357 440 137 22 oförändrad.

469 501 12 28 $
496 501 17 21 1

204 543 37 22 Då
261 543 37 22 hos
317 543 117 29 Kejsarens
453 543 237 31 befallningshafvande
710 544 120 30 ansökning

146 585 20 15 o.
182 585 16 14 8.
213 585 19 14 v.
248 578 45 21 lika
310 578 48 21 med
376 578 167 28 propositionen,
562 581 56 20 samt
636 579 48 22 med
702 579 75 28 tillägg
796 579 33 22 sä-

146 620 47 14 som
208 614 30 20 ett
252 619 75 15 senare
342 615 102 19 moment:

203 642 35 25 Är
247 647 135 29 fastigheten
398 647 95 22 kommen
507 649 10 20 i
532 655 82 14 annans
634 648 63 27 hand,
714 649 28 20 än
756 649 74 27 gälde-

146 683 86 24 närens,
251 681 57 22 skall
326 681 38 22 ock
377 682 201 29 fastighetsegaren
596 683 9 20 i
623 682 65 21 saken
708 683 65 21 höras
792 683 39 20 och

147 715 46 22 lika
207 716 48 21 med
271 716 108 21 sökanden
394 723 40 22 ega
449 720 33 18 att
495 720 61 25 yttra
575 718 34 28 sig
624 724 34 14 om
670 717 161 29 försäljnings-

147 751 80 21 stället.

464 792 13 27 $
492 790 21 21 2.

203 831 76 30 Hafva
294 831 109 22 sökanden
418 832 39 21 och
465 832 201 29 fastighetsegaren
677 833 9 20 i
694 832 91 29 förslag
797 839 34 14 om

140 866 214 29 försäljningsställe
371 867 33 27 sig
414 866 102 28 förenat;
531 866 65 21 varde
608 866 115 22 auktionen
734 867 39 21 der
779 866 52 30 för-

146 901 84 21 rättad.
260 900 105 21 Föreslår
380 900 109 22 sökanden
504 904 30 18 ett
545 901 223 28 försäljningsställe,
783 908 48 14 men

140 934 200 30 fastighetsegaren
351 938 77 22 annat;
443 936 68 28 gifves
520 935 211 29 fastighetsegarens
739 936 91 28 förslag

141 970 118 28 företräde
275 976 19 14 o.
310 976 16 14 s.
341 977 18 13 v.
374 969 45 21 lika
434 970 47 21 med
496 970 166 27 propositionen.

419 1029 26 28 $$
460 1028 15 22 3
491 1030 38 21 och
544 1029 19 22 4.

203 1070 11 21 I
228 1070 65 28 öfrigt
306 1069 45 22 lika
365 1070 49 21 med
428 1070 160 28 propositionen
602 1072 60 19 utom
677 1071 32 21 att
723 1070 108 28 uttrycket

147 1103 158 28 yGuvernören*
329 1104 51 21 eller
399 1103 169 27 ,Guvernörens"
587 1104 113 22 förändras
722 1104 33 21 till
776 1106 54 20 mot-

148 1138 104 22 svarande

205 1173 115 29 Kejsarens
334 1173 246 29 Befallningshafvande
594 1173 53 21 eller
662 1173 116 29 Kejsarens
797 1173 34 21 be-

142 1207 237 29 fallningshafvandes.

466 1254 13 27 $
494 1253 19 21 5.

208 1295 42 21 Vid
268 1296 124 28 utmätning
412 1296 24 28 af
447 1296 110 29 fastighet
575 1296 13 21 å
608 1296 74 20 landet
695 1296 136 29 föranstalte

148 1330 114 26 sökanden,
282 1330 28 21 då
322 1330 140 28 försäljning
480 1330 49 21 sker
545 1331 13 20 å
574 1330 161 27 landskansliet,
750 1333 33 17 att
798 1330 34 21 be-

148 1363 111 29 skrifning
278 1364 59 28 öfver
356 1364 123 20 densamma
499 1364 38 20 och
555 1364 47 20 dess
620 1364 145 28 åbyggnader,
783 1364 48 20 med

148 1398 40 20 allt
208 1400 68 18 annat
290 1397 56 21 hvad
361 1397 76 21 dertill
452 1398 71 26 hörer,
539 1405 44 13 som
597 1397 94 21 inkomst
705 1398 62 28 gifva
782 1397 49 27 kan,

148 1432 25 21 så
192 1431 36 22 ock
248 1432 60 28 öfver
320 1432 136 28 fastigheten
476 1432 119 29 åtföljande
614 1431 111 29 utskylder
740 1432 39 21 och
798 1432 34 20 be-

148 1467 58 25 svär,
221 1466 80 22 varder
316 1467 26 29 af
354 1466 160 23 vederbörande
529 1466 87 22 domare
632 1467 52 21 eller
699 1466 133 30 kronofogde
