1011 1725
297 140 72 24 Nädiga
380 142 137 21 Propositionen
530 142 34 16 N:o
577 142 27 16 25.
758 142 43 16 1199

77 196 52 22 eller
151 195 152 23 fränvarandes
325 197 44 21 rätt
390 196 33 22 till
440 196 99 22 befrielse
557 196 49 22 frän
620 196 51 29 gäld
685 196 8 21 i
708 196 42 23 död
764 202 61 16 mans

75 231 29 21 bo
127 231 91 26 bevaka;
240 238 62 14 svare
325 230 49 28 sjelf
393 231 35 21 för
450 232 41 20 den
509 231 57 27 gäld,
585 238 45 15 som
646 231 18 27 ej
680 231 43 21 kan
737 230 52 29 utgå
803 230 25 22 af

76 265 57 22 hvad
149 265 40 21 den
204 265 112 27 omyndige
332 265 51 21 eller
397 264 143 23 fränvarande
554 266 8 21 i
576 265 51 22 boet
641 272 56 20 eger.

420 320 12 27 8
448 320 33 20 25.

145 361 71 22 Hafva
234 362 205 28 sterbhusdelegare,
457 362 66 21 innan
538 362 31 21 tid
583 362 34 21 till
631 361 114 29 egendoms
760 361 66 22 afträ-

77 396 70 22 dande
162 398 35 20 ute
213 398 31 24 är,

144 431 48 21 med
207 431 61 21 boets
284 431 102 27 egendom
397 430 68 22 betalt
476 430 98 22 förfallen
585 431 50 27 gäld
646 430 54 22 efter
712 430 40 22 den
765 430 61 27 döde,

76 467 53 20 utan
151 467 32 20 att
204 466 81 27 borgen
307 465 51 22 eller
379 466 100 21 säkerhet
501 465 64 22 ställd
583 465 75 27 blifvit,
678 464 71 23 säsom
763 465 7 21 i
785 465 11 28 &
813 466 12 20 2

77 500 97 28 stadgas;

145 535 52 21 eller
214 535 49 21 med
280 535 85 21 lemnad
384 535 99 22 säkerhet
501 534 23 22 af
540 535 33 21 lös
590 536 54 26 pant
659 536 80 26 gynnat
752 533 74 29 nägon

77 570 113 28 borgenär,
206 569 52 22 eller
272 570 68 21 betalt
355 570 94 26 fordran,
465 577 45 14 som
526 569 18 28 ej
561 569 100 22 förfallen
675 569 66 27 varit;

146 604 51 22 eller
212 604 131 28 förskingrat
358 605 51 21 eller
422 604 34 22 till
471 605 141 28 borgenärers
627 604 66 21 skada
708 602 76 24 försält
798 603 30 22 el-

77 639 32 22 ler
124 639 126 22 annorledes
266 639 93 22 användt
374 638 103 29 egendom
491 639 8 21 i
512 639 60 26 boet;

147 673 27 22 då
192 673 60 22 skola
272 674 25 21 de
317 673 198 29 sterbhusdelegare
534 681 63 15 anses
611 674 34 21 sin
659 675 44 20 rätt
717 673 33 22 till
765 680 63 22 egen-

79 708 60 23 doms
155 708 127 22 afträdande
297 708 118 29 förlustige.

424 765 11 27 8
452 765 33 20 26.

146 807 77 28 Ligger
246 807 197 28 sterbhusdelegare
465 807 33 22 till
520 807 43 22 last
584 807 66 28 något
668 807 77 24 sådant
762 807 66 22 förfa-

78 841 73 27 rande,
175 849 45 14 som
238 842 8 21 i
264 843 11 27 $
296 843 26 20 25
341 843 55 27 sägs,
417 843 40 20 och
475 842 85 27 pröfvas
580 842 36 21 det
630 839 67 31 hafva
707 842 122 22 tillkommit

79 877 24 22 af
123 876 175 22 obetänksamhet
317 876 51 22 eller
386 876 110 22 bristande
510 877 119 21 kännedom
646 884 34 14 om
694 876 61 22 boets
770 876 59 22 ställ-

78 912 58 27 ning,
159 918 47 14 men
226 912 18 26 ej
263 911 35 21 för
319 918 53 20 egen
392 912 87 27 vinning
501 912 51 21 eller
570 911 34 22 för
624 913 32 20 att
673 918 71 21 gynna
758 910 72 29 någon

78 946 107 28 borgenär
207 945 29 29 på
258 953 81 14 annans
360 946 129 27 bekostnad;
508 945 28 23 då
551 945 35 23 må
601 946 33 21 till
648 944 130 24 skadestånd
792 946 38 22 dö-

79 988 53 19 mas,
147 982 52 20 utan
215 981 41 21 den
270 980 89 28 påföljd,
376 988 45 14 som
436 982 7 20 i
459 981 65 27 sagde
540 981 11 28 $
568 980 91 29 stadgad
674 982 31 20 är.

425 1036 11 27 &
452 1036 35 21 27.

148 1078 25 28 Ej
197 1078 54 22 skall
273 1077 70 22 såsom
365 1078 144 28 förskingring
527 1085 68 19 anses,
615 1080 31 20 att
665 1077 164 29 qvarlåtenskap

80 1113 33 22 till
129 1113 40 21 den
185 1112 65 22 dödes
264 1112 86 28 tarfliga
364 1112 133 28 begrafning,
512 1112 33 22 till
559 1112 116 27 läkarelön,
690 1112 34 22 till
739 1113 91 21 efterlef-

81 1148 68 21 vande
167 1148 78 25 makes,
265 1147 66 22 barns
349 1147 52 22 eller
419 1149 66 20 annat
502 1147 96 22 husfolks
617 1147 78 28 nödiga
710 1146 120 28 underhåll,

81 1183 52 21 eller
155 1182 32 21 till
209 1182 61 21 boets
292 1182 145 27 uppteckning
455 1182 51 21 eller
524 1182 141 28 egendomens
679 1181 53 22 vård
747 1182 84 21 använd

81 1216 76 22 blifvit.

429 1245 12 27 $
457 1246 32 20 28.

152 1287 78 22 Skiftas
246 1288 41 21 den
302 1287 65 23 dödes
383 1287 151 22 efterlemnade
548 1287 28 22 bo
591 1287 52 26 förr,
658 1289 28 20 än
701 1287 30 22 all
744 1288 89 27 veterlig

83 1322 50 28 gäld
145 1322 76 28 gulden
233 1323 35 26 är;
280 1329 50 15 vare
341 1322 34 22 för
386 1322 199 28 sterbhusdelegare
596 1322 42 28 lag,
650 1329 45 15 som
706 1322 27 29 i$
742 1323 26 20 25
777 1323 55 28 sägs.

430 1375 11 27 8
458 1377 33 19 29.

152 1418 77 21 Finnes
251 1418 35 21 vid
308 1418 114 27 utredning
441 1418 25 21 af
482 1418 36 21 det
536 1417 101 23 afträdda
654 1417 51 22 boet
723 1417 65 29 nägot
802 1418 32 22 öf-

85 1453 63 27 skott,
164 1453 66 22 sedan
244 1453 96 22 bevakad
355 1453 50 28 gäld
418 1453 73 23 betald
503 1454 34 26 är;
550 1453 36 22 det
596 1453 52 22 höre
659 1452 101 29 arfvinge,
770 1453 64 22 make

85 1488 52 23 eller
151 1490 200 27 testamentstagare
365 1488 39 21 till.
