1017 1717
215 142 43 16 1648
329 163 2 2 N
415 140 71 24 Nääiga
497 142 138 21 Propositionen
647 142 34 16 N:o
693 142 28 16 34.

191 204 81 21 saknad
287 204 64 21 deraf
361 203 36 22 mä
411 211 77 20 genom
502 204 211 21 öfverenskommelse
728 204 49 21 med
788 203 81 22 enskild
881 203 60 27 jord-

191 244 64 21 egare
270 236 29 29 pä
313 238 93 21 kronans
421 237 119 22 bekostnad
555 237 108 22 anskaffas
677 237 89 28 lämplig
780 237 63 28 plats,
858 237 56 21 helst
928 235 13 23 ä

192 278 56 21 egor,
265 279 45 14 som
324 271 47 22 icke
385 273 38 20 äro
439 271 77 22 odlade
531 272 52 21 eller
597 272 41 21 lätt
653 271 143 28 odlingsbara.

543 333 11 26 8
571 333 18 20 9.

259 374 36 21 All
312 374 146 28 ingvartering
476 373 64 29 utgär
557 375 23 21 in
597 376 84 25 natura,
701 375 37 22 der
757 375 19 28 ej
796 375 33 21 för
846 375 42 21 viss
907 377 34 19 ort

191 409 40 21 och
249 409 39 26 tid,
307 409 52 21 eller
376 409 34 21 för
428 409 64 21 skildt
510 409 44 26 fall,
573 409 86 21 träffats
676 409 212 22 öfverenskommelse
906 416 35 14 om

190 443 123 28 utgifvande
327 443 24 21 af
363 443 149 22 motsvarande
527 444 117 27 ersättning
659 443 7 21 i
680 444 126 27 penningar.

535 504 12 27 8
564 504 32 20 10.

258 546 43 21 För
315 545 111 28 generaler
441 547 55 20 samt
510 546 68 21 stabs-
593 546 40 21 och
648 545 170 23 öfverofficerare
832 546 109 22 äfvensom

191 580 61 22 civile
270 579 89 22 embets-
375 581 40 20 och
433 580 126 28 tjenstemän
574 580 34 22 vid
627 582 118 26 trupperna
759 581 106 21 beräknas
880 582 61 20 anta-

191 615 31 21 let
236 615 23 21 af
273 614 48 22 dem
335 615 160 20 tillkommande
509 622 48 13 rum
572 615 39 21 och
627 615 67 27 öfrige
705 613 236 29 ingvarteringsförmä-

190 656 39 14 ner
244 649 55 21 efter
311 648 156 22 innehafvande
481 656 60 20 rang,
558 648 53 22 dock
629 648 90 22 sälunda
734 651 33 19 att
781 648 111 22 officerare
905 649 36 21 vid

190 682 145 28 rangkorpser
356 682 62 28 njuta
439 683 144 27 ingvartering
605 683 7 20 i
634 682 66 22 likhet
721 683 49 21 med
789 683 111 22 officerare
918 683 24 21 af

191 724 82 14 samma
288 717 53 27 grad
355 716 35 22 vid
405 717 68 21 andra
487 718 94 26 trupper.

258 750 164 28 Militärprester
437 750 83 28 åtnjuta
534 751 145 28 ingvartering
693 751 43 22 lika
751 752 48 21 med
810 751 130 22 öfveroffice-

191 792 55 18 rare,
266 784 24 22 sä
308 785 41 21 ock
365 785 36 21 vid
418 785 116 27 sjukhusen
555 785 160 28 tjenstgörande
737 786 95 28 gvinnor,
856 786 25 21 de
903 786 38 21 der

191 820 49 20 med
255 819 100 21 afseende
370 818 13 22 å
397 819 203 28 samhällsställning
615 819 51 21 eller
680 820 174 22 beskaffenheten
868 820 25 21 af
906 820 34 22 de-

190 860 37 15 ras
248 854 65 27 tjenst
335 855 38 19 äro
395 855 32 19 att
449 861 61 14 anses
532 853 70 22 såsom
624 854 83 22 officers
725 854 125 22 vederlikar.
880 849 61 33 Öfrig

191 886 198 29 sjukhusbetjening
404 887 24 21 af
441 888 142 26 gvinnokönet
600 888 134 27 ingvarteras
751 888 30 28 pä
799 890 43 20 sätt
856 895 35 14 om
905 896 36 20 ge-

191 922 130 27 menskapen
336 922 93 27 stadgas,
445 922 55 21 dock
513 922 9 20 i
537 922 86 22 afskildt
637 929 54 14 rum.

536 982 11 27 8
564 983 32 20 11.

259 1024 140 22 Innehafvare
414 1024 22 21 af
450 1023 35 23 tvä
501 1024 50 22 eller
566 1024 51 22 flere
634 1024 90 28 tjenster
741 1025 49 21 med
804 1025 36 21 lön
855 1024 29 28 pä
898 1026 43 20 stat

192 1058 51 21 eller
261 1059 78 20 arvode
359 1065 37 20 ege
413 1059 44 20 rätt
475 1059 32 20 till
524 1059 145 27 ingvartering
689 1059 51 21 eller
757 1059 133 27 hyresmedel
905 1066 35 14 en-

192 1092 48 21 dast
254 1092 34 21 för
303 1092 40 21 den
358 1092 71 27 tjenst,
445 1099 45 14 som
505 1093 7 20 i
527 1091 76 22 sädant
618 1093 100 20 afseende
733 1093 24 20 af
769 1093 77 26 högsta
857 1092 84 22 förmän

192 1125 90 28 ätföljes.
312 1125 26 28 Ej
357 1125 36 21 mä
410 1125 71 27 någon
499 1126 110 27 förvägras
627 1126 145 27 ingvartering
791 1126 24 21 af
832 1127 63 21 orsak
909 1129 33 19 att

191 1160 44 21 han
250 1161 25 20 är
289 1160 105 27 husegare
409 1159 13 22 ä
436 1160 157 21 stationsorten.

536 1220 11 27 8
565 1221 32 19 12.

260 1261 149 28 Ingvartering
430 1261 64 27 utgär
514 1261 29 28 pä
565 1261 69 28 grund
657 1262 24 21 af
700 1262 92 27 skriftlig
810 1263 130 26 regvisition,

192 1295 93 28 afgifven
301 1295 8 20 i
328 1295 40 20 den
387 1295 90 27 ordning
493 1296 23 27 88
532 1297 26 19 45
575 1296 38 21 och
629 1297 27 19 48
672 1296 81 27 stadga,
770 1297 73 20 dervid
858 1297 36 20 det
908 1303 33 14 re-

192 1329 111 28 gvirerade
318 1331 107 26 gvarteret
439 1329 52 22 eller
506 1330 117 28 ersättning
638 1330 71 22 derför
724 1330 54 22 skall
792 1331 34 21 till
839 1331 102 22 vederbö-

192 1364 67 22 rande
276 1364 92 28 utgifvas
385 1363 57 22 ifrän
461 1364 40 22 den
517 1365 50 28 dag,
583 1363 28 23 dä
629 1365 43 22 han
689 1365 33 22 till
737 1365 152 22 stationsorten
904 1373 36 14 an-

192 1399 66 22 ländt.
288 1399 145 27 Ingvarterad,
456 1407 45 13 som
523 1399 7 21 i
551 1399 53 28 följd
626 1400 24 21 af
665 1407 84 15 vunnen
770 1400 117 22 befordran
907 1401 34 21 till

192 1435 67 27 högre
274 1433 53 28 grad
345 1434 52 21 eller
415 1434 24 21 af
455 1436 66 19 annat
534 1434 50 29 laga
599 1434 45 22 skäl
659 1436 24 20 är
697 1435 122 28 berättigad
833 1437 32 20 att
879 1436 62 28 njuta

192 1469 113 27 tillökning
326 1469 8 20 i
355 1469 34 21 sin
409 1469 60 22 förra
489 1469 151 28 ingvartering,
658 1470 96 21 inträder
775 1470 8 21 i
806 1470 68 22 denna
896 1472 44 20 rätt
