978 1720
256 163 71 24 Nådiga
340 164 137 22 Propositionen
489 165 34 17 N:o
537 166 27 15 27.
717 165 45 18 1453

35 228 45 20 mal
101 227 70 21 sådan
187 227 71 28 finnes
277 228 24 20 så
310 228 111 28 förfallen
435 231 34 18 att
484 228 41 22 den
540 228 35 22 till
590 229 70 21 större
676 228 61 22 delen
753 228 32 21 be-

35 262 76 28 höfver
134 262 121 28 ombyggas,
275 266 55 17 samt
348 262 55 21 bron
417 263 10 20 i
441 263 102 21 anseende
563 263 35 21 till
606 262 178 29 förekommande

35 296 155 27 naturhinder,
209 296 45 21 icke
274 296 43 21 kan
332 297 35 20 till
383 297 76 27 längre
474 296 140 29 varaktighet
627 297 106 28 uppföras
749 304 37 13 an-

34 331 111 21 norlunda
164 331 29 21 än
213 338 76 21 genom
308 330 86 22 biträde
413 331 26 28 af
449 338 80 21 person
543 331 47 21 med
606 330 97 22 tekniska
718 332 67 28 insig-

37 369 32 17 ter
92 366 39 20 och
153 367 71 20 större
247 364 159 22 sakkännedom
420 366 9 20 i
445 366 83 21 sådana
547 365 97 21 arbetens
662 366 123 28 utförande,

35 401 53 20 eller
111 399 38 22 ock
172 400 139 28 brodelegare
334 400 59 28 eljest
416 400 67 21 önska
501 400 96 29 uppföra
616 400 38 21 bro
670 400 26 29 af
709 400 77 22 sådant

37 434 172 29 byggnadsämne
231 435 52 20 eller
306 434 40 21 den
369 433 140 30 beskaffenhet
532 437 34 18 att
589 434 52 21 slikt
659 435 86 21 biträde
764 435 25 28 af

36 469 81 28 kunnig
131 475 80 22 person
227 469 44 21 blir
286 467 148 30 erforderligt,
451 468 71 22 kunna
537 469 123 28 delegarene
676 469 112 22 kostnads-

30 503 58 29 fritt
111 503 84 22 erhålla
214 503 24 21 så
256 504 37 20 väl
311 504 85 27 ritning
413 503 38 21 och
467 503 185 29 kostnadsförslag
669 505 35 20 till
719 505 68 20 sådan

37 537 38 21 bro
97 545 45 13 som
160 537 37 21 ock
214 537 87 29 ledning
317 538 37 20 vid
369 537 94 21 arbetets
477 538 116 29 utförande
608 545 75 21 genom
698 545 26 14 en
739 539 48 21 der-

34 572 39 22 till
95 571 93 29 skicklig
207 573 131 27 tjensteman.
368 571 130 30 Ansökning
514 572 83 26 härom,
614 572 80 30 åtföljd
710 572 25 30 af
747 573 41 21 den

36 606 119 28 utredning
170 607 9 20 i
194 606 96 26 ärendet,
307 614 44 13 som
367 606 42 21 kan
418 606 73 28 finnas
507 610 34 17 att
553 608 70 27 tillgå,
635 608 105 20 inlemnas
753 608 35 21 till

38 639 142 23 Guvernören
194 642 9 20 i
219 642 64 24 länet,
303 640 111 29 hvarefter
433 641 66 21 denne
515 648 50 22 eger
579 642 94 20 insända
688 642 100 21 handlin-

38 682 68 22 garne
119 676 65 28 jemte
200 678 46 26 eget
260 676 112 20 utlåtande
389 676 34 20 till
439 674 103 22 Senatens
554 675 235 29 Ekonomie-Departe-

37 713 64 23 ment,
124 717 45 13 som
188 710 53 28 efter
260 710 36 20 det
313 710 163 28 undersökning
492 711 13 20 å
519 711 80 25 stället,
614 711 38 20 der
667 711 69 21 sådan
745 711 44 27 fin-

37 751 36 14 nes
92 744 74 28 nödig,
186 744 73 28 blifvit
274 744 96 21 anställd
385 748 55 17 samt
455 744 74 28 öfriga
545 744 105 28 behöfliga
664 746 125 28 upplysnin-

37 786 42 21 gar
101 778 123 26 inhemtats,
247 778 65 21 saken
330 778 96 29 pröfvar
449 778 39 21 och
507 778 54 30 efter
577 779 211 29 omständigheterna

33 813 155 29 förordnande
203 813 48 21 deri
265 812 127 22 meddelar."

106 848 11 20 I
132 847 99 21 afseende
247 846 13 22 å
276 848 25 19 16
317 847 12 28 $
345 854 62 20 synes
422 847 36 22 det
473 847 119 22 Ständerne
606 847 76 28 billigt,
698 850 33 19 att
744 848 8 20 i
763 848 27 21 de

38 881 46 27 fall,
101 880 28 23 då
142 880 148 29 upptagandet
305 880 24 22 af
342 881 103 28 broafgift
459 882 25 21 är
499 881 120 28 medgifvet,
635 882 71 21 denna
721 881 68 28 afgift,

39 918 52 19 utan
114 915 99 22 afseende
232 915 13 21 &
263 914 102 27 årstiden,
387 915 98 28 erlägges
504 915 33 22 för
557 914 70 23 äkdon
641 916 25 21 af
678 916 43 21 alla
736 915 52 29 slag,

40 951 109 21 äfvensom
171 951 32 20 att
224 950 93 21 berörda
339 949 62 28 afgift
419 950 19 27 ej
458 951 39 20 bör
512 949 22 23 få
549 950 85 21 komma
648 951 7 21 i
670 950 69 28 fråga,
755 957 36 15 om

40 986 19 27 ej
81 984 120 23 kostnaden
223 984 34 22 för
279 984 65 21 brons
366 984 135 28 uppförande
519 984 86 28 pröfvas
620 985 64 22 hafva
699 984 92 29 uppgått

39 1019 34 28 till
93 1020 95 20 tiotusen
209 1019 68 21 mark.
307 1018 70 28 Sagde
392 1020 11 26 8
419 1018 66 22 borde
503 1018 89 27 således,
608 1019 66 28 enligt
689 1018 101 22 Ständer-

40 1060 39 15 nas
101 1053 138 21 förmenande
258 1052 81 22 erhålla
357 1052 94 28 följande
466 1053 129 22 förändrade
610 1053 88 28 lydelse:
729 1053 61 27 ,Del-

41 1095 63 22 egare
122 1089 9 20 i
151 1087 39 21 bro
209 1088 13 20 å
243 1088 105 28 landsväg
367 1087 72 21 kunna
453 1088 10 20 i
477 1087 40 22 den
536 1088 94 28 ordning
648 1088 71 21 nedan
729 1088 62 29 före-

41 1123 92 28 skrifves
148 1123 66 20 vinna
229 1122 107 28 rättighet
351 1125 33 17 att
400 1122 25 28 af
438 1122 53 27 dem,
507 1121 74 22 hvilka
595 1122 47 21 med
658 1122 71 22 åkdon
738 1123 53 28 fär-

41 1158 39 21 das
99 1158 61 28 öfver
180 1157 59 26 bron,
259 1156 99 29 uppbära
376 1157 43 21 viss
433 1156 181 30 penningeafgift,
629 1164 45 14 som
689 1158 103 28 tillfaller

39 1192 43 22 den
100 1193 53 20 eller
172 1192 25 20 de
213 1191 129 26 kommuner,
359 1191 73 21 hvilka
446 1192 9 20 i
471 1191 165 29 brobyggnaden
651 1192 88 28 deltaga
753 1192 39 20 och

42 1227 40 21 bör
105 1227 25 28 af
150 1226 160 22 vederbörande
334 1226 98 21 kommun
451 1227 36 20 till
502 1226 64 21 brons
581 1226 116 22 underhåll
713 1228 79 20 använ-

42 1262 46 21 das.
113 1260 129 29 Ansökning
258 1268 34 14 om
307 1260 42 22 slik
359 1261 103 28 förmåns
477 1260 196 29 tillgodonjutande
687 1262 105 20 inlemnas

43 1296 36 21 till
102 1293 140 23 Guvernören
257 1296 10 19 i
281 1296 59 20 länet
357 1298 56 17 samt
431 1295 87 29 åtföljes
533 1295 26 28 af
573 1301 30 20 en,
620 1295 72 21 såvidt
705 1296 88 27 möjligt

43 1331 34 25 är,
101 1330 133 27 tillförlitlig
255 1329 118 28 utredning
393 1336 33 14 om
445 1329 40 21 den
503 1329 98 25 kostnad,
617 1337 45 13 som
678 1330 35 21 till
729 1329 63 21 brons

43 1363 137 28 uppförande
195 1363 130 28 erfordrats.
347 1363 100 27 Pröfvar
460 1361 140 22 Guvernören
612 1366 32 17 att
656 1363 70 20 denna
738 1362 56 21 kost-

43 1397 44 21 nad
108 1396 47 21 icke
177 1396 92 29 uppgått
289 1397 35 20 till
343 1397 93 20 tiotusen
451 1396 68 27 mark,
536 1403 49 21 eger
601 1394 141 23 Guvernören
757 1404 37 13 an-

45 1431 119 29 sökningen
178 1434 53 18 utan
246 1431 75 21 vidare
338 1431 91 29 omgång
446 1431 67 28 afslå;
528 1438 47 13 men
586 1431 10 20 i
607 1434 67 18 annat
680 1431 47 29 fall
739 1431 56 28 ålig-

44 1473 39 22 ger
107 1464 140 23 Guvernören
269 1466 94 21 insända
381 1466 150 28 ansökningen
545 1465 47 23 med
608 1466 76 21 dertill
699 1466 95 21 hörande

47 1500 132 30 handlingar
198 1504 55 18 samt
269 1504 46 26 eget
329 1500 112 22 utlåtande
457 1501 36 21 till
507 1499 103 23 Senatens
625 1500 171 22 Ekonomie-De-

59 1337 11 12 =
