1014 1725
209 164 42 16 1622
404 163 72 23 Nådiga
487 164 137 22 Propositionen
636 164 34 17 N:o
683 164 28 17 32.

184 228 33 20 att
231 227 41 21 den
286 227 84 21 komme
385 228 32 20 att
432 226 88 22 omfatta
535 226 43 22 alla
592 226 156 22 ofvanberörda
762 227 41 22 och
817 227 69 22 andra
896 227 37 29 dy-

184 262 43 21 lika
242 261 45 22 fall.

252 296 11 21 I
278 296 216 21 öfverensstämmelse
512 295 47 22 med
577 296 56 21 hvad
647 295 238 29 Fridlysningsstadgan
900 295 33 22 för

183 330 84 22 landets
279 330 121 28 jernvägar,
416 331 87 21 kanaler
518 331 40 21 och
575 330 114 28 telegrafer
704 331 25 21 af
746 331 40 21 den
801 332 27 20 24
842 331 91 22 Novem-

184 366 39 21 ber
242 366 55 20 1864
316 365 107 22 äfvensom
441 365 178 28 förordningarne
637 364 110 29 angående
768 365 130 22 misshandel
920 364 14 22 ä

183 407 78 21 person
280 401 55 20 samt
352 400 130 21 barnamord
500 400 40 21 och
558 399 76 22 fosters
653 399 145 22 fördrifvande
812 400 25 22 af
850 400 40 21 den
906 401 27 20 26

184 435 119 22 November
319 436 53 19 1866
388 435 6 20 i
410 434 77 22 sådant
504 435 120 21 hänseende
639 434 113 27 innehålla,
772 435 39 21 har
829 435 104 21 utskottet

183 470 32 20 uti
235 471 9 19 1
265 469 11 28 &
295 469 24 21 af
335 477 29 13 nu
385 469 162 28 ifrågavarande
568 469 218 28 författningsförslag
807 470 78 27 intagit
906 477 27 14 en

183 505 100 20 närmare
297 503 134 28 bestämning
446 504 24 21 af
482 504 116 27 begreppet
612 503 59 27 ,svår
685 504 165 28 kroppsskada",
865 511 47 14 som
926 505 8 20 i

185 538 69 22 denna
269 539 11 27 &
295 538 144 26 omförmäles;
456 539 40 20 och
510 539 40 20 har
564 538 108 21 Utskottet
686 538 8 21 i
709 539 65 27 öfrigt
789 539 51 21 ökat
856 539 78 27 högsta

184 572 138 22 straffmåttet
336 573 34 21 för
384 573 40 21 den
440 573 100 22 händelse
555 575 31 19 att
602 575 102 25 ,annans*
715 573 81 28 boning
808 573 51 22 eller
871 581 62 20 egen-

185 608 48 21 dom
255 608 69 22 blifvit
345 614 75 21 genom
442 608 95 22 branden
559 610 43 19 satt
620 608 8 20 i
645 608 48 21 fara
712 609 39 21 och
774 607 90 23 sålunda
885 607 48 23 låtit

185 642 58 22 detta
258 641 115 23 straffmått
384 642 72 28 uppgå
467 642 33 21 till
510 642 110 22 minimum
635 642 23 21 af
671 643 55 21 hvad
742 643 34 21 för
791 642 36 22 det
840 643 8 21 i
864 643 69 21 denna

184 677 11 27 8
211 677 129 21 omnämnda
354 675 94 23 svåraste
463 676 38 22 fall
514 676 67 22 finnes
596 678 109 26 upptaget.
735 678 42 20 För
792 677 141 21 nästberörda

183 711 39 21 fall
237 710 46 22 åter
293 712 47 25 har,
352 711 7 20 i
370 710 216 22 öfverensstämmelse
600 711 49 21 med
664 713 27 19 44
706 712 11 27 $
733 712 7 20 i
756 712 40 21 den
810 711 123 28 föreslagna

183 745 162 28 Förordningen
360 744 109 28 angående
484 745 132 22 afskaffande
631 745 24 21 af
668 744 107 30 åtskilliga
786 746 7 21 i
804 746 36 28 lag
851 748 83 20 utsatta

184 779 119 22 straffarter
319 780 40 21 och
374 779 60 21 deras
450 780 121 21 ersättande
586 786 76 22 genom
677 780 69 21 andra
764 780 68 27 straff,
847 780 86 28 längsta

184 814 119 21 strafftiden
317 814 8 21 i
339 814 87 21 tukthus
442 814 28 27 på
484 814 41 22 viss
540 814 32 21 tid
586 814 70 22 blifvit
672 814 98 22 bestämd
785 816 32 20 till
832 814 42 22 tolf
886 814 25 22 år
925 815 8 21 i

184 849 71 21 stället
269 848 33 21 för
320 849 30 21 tio
369 848 30 27 år,
414 847 28 28 på
460 850 43 19 sätt
521 849 41 21 den
576 848 84 28 Nådiga
678 850 160 26 propositionen
856 850 76 21 härom

183 882 125 23 innehåller.

251 917 11 22 I
278 919 11 20 2
306 918 11 27 &
333 918 40 21 har
391 917 109 22 Utskottet
517 918 96 21 uteslutit
631 918 66 22 orden
712 919 42 27 ,sig
772 919 88 21 utbredt
874 919 57 26 och",

182 952 73 22 hvilka
268 951 110 22 Utskottet
392 954 69 19 ansett
476 952 142 28 öfverflödiga,
634 953 40 21 och
685 953 7 20 i
704 953 70 27 öfrigt,
790 953 56 21 hvad
860 953 70 22 straff-

183 985 76 23 måttet
277 985 74 28 angår,
366 987 59 20 ställt
443 986 58 21 detta
518 987 154 27 lagstadgande
690 987 7 20 i
713 987 219 22 öfverensstämmelse

183 1021 49 21 med
247 1022 11 19 2
274 1028 62 14 mom.
352 1021 8 20 i
375 1022 25 19 36
416 1021 11 27 $
443 1020 24 22 af
479 1021 143 27 nyssnämnda
636 1020 127 29 författning
778 1020 110 29 angående
900 1020 31 23 ät-

183 1055 84 28 skilliga
282 1055 129 21 straffarters
427 1055 132 22 afskaffande
574 1056 41 21 och
630 1055 122 22 ersättande
768 1063 76 20 genom
856 1057 74 20 andra.

251 1089 95 22 Emedan
360 1089 43 21 mål
418 1089 110 28 angående
542 1090 130 21 mordbrand
684 1090 85 27 jemlikt
784 1091 12 20 5
812 1091 10 27 $
840 1091 25 20 25
881 1091 49 27 kap.

182 1124 24 21 R.
218 1125 24 20 B.
258 1123 61 22 skola
333 1124 141 21 underställas
488 1123 159 22 vederbörande
661 1124 97 21 Hofrätts
773 1125 106 27 pröfning,
891 1125 40 21 har

183 1158 108 22 Utskottet
310 1160 69 19 ansett
397 1158 61 22 äfven
478 1158 25 22 de
520 1158 8 21 i
545 1159 159 27 propositionen
722 1161 111 25 upptagna
848 1159 82 28 förbry-

182 1194 64 20 telser
264 1193 54 21 böra
336 1192 97 28 tilläggas
452 1193 133 27 egenskapen
603 1192 24 22 af
642 1192 211 28 hemställningsmål,
875 1194 56 21 helst

183 1228 68 26 dessa,
267 1228 67 21 ehuru
348 1227 87 22 motivet
450 1228 32 20 till
497 1228 47 21 dem
560 1228 24 20 är
600 1227 61 26 olika,
676 1228 65 21 likväl
759 1228 49 21 med
826 1228 26 22 de
867 1228 64 22 först-

181 1262 94 20 nämnda
297 1262 63 20 hafva
382 1262 35 20 det
439 1264 130 24 gemensamt
591 1264 31 18 att
644 1262 79 20 allmän
746 1262 48 20 fara
811 1262 34 20 för
863 1263 68 26 öfrige

183 1294 238 22 samhällsmedlemmar
440 1302 75 19 genom
534 1294 48 21 dem
599 1294 43 21 kan
660 1295 136 27 uppkomma.
827 1295 45 21 Och
890 1296 41 20 har

182 1329 109 21 Utskottet
305 1328 33 22 till
352 1328 50 28 följe
417 1328 65 22 häraf
494 1329 32 21 uti
541 1335 25 15 en
581 1328 91 22 särskild
687 1330 11 26 &
713 1330 99 27 upptagit
827 1331 30 20 ett
872 1330 58 21 stad-

182 1364 68 27 gande
265 1364 7 20 i
287 1362 137 23 omförmäldt
438 1363 60 28 syfte.

249 1397 32 23 På
296 1397 69 29 grund
380 1397 24 21 af
415 1397 56 21 hvad
485 1398 109 22 Utskottet
608 1397 90 23 sålunda
712 1398 77 28 anfört,
800 1398 34 22 får
848 1399 81 22 utskot-

181 1435 32 20 tet
227 1433 109 22 vördsamt
349 1432 114 28 tillstyrka:

307 1467 35 22 det
356 1467 50 21 ville
418 1467 82 21 landets
516 1467 121 30 höglofliga
648 1467 97 23 Ständer
760 1469 115 28 godkänna
890 1469 40 21 den

243 1502 132 28 föreslagna
386 1502 165 29 författningen
565 1503 10 20 i
592 1504 78 25 ämnet,
690 1503 90 27 hvilken,
796 1503 46 22 med
858 1504 72 21 anled-
