1014 1723
308 136 71 24 Nådiga
391 137 137 21 Propositionen
540 137 33 17 N:o
587 138 27 16 82.
772 138 43 16 1627

157 202 31 20 ler
197 200 42 29 får
254 201 51 20 svår
321 200 158 29 kroppsskada;
490 201 66 21 varde
567 202 196 28 gerningsmannen
774 201 65 21 dömd

156 235 36 21 till
211 234 85 22 tukthus
313 235 58 28 från
390 235 38 21 och
446 236 47 20 med
512 236 47 20 åtta
578 236 36 21 till
633 235 38 21 och
689 236 48 20 med
756 236 42 28 tolf
811 236 26 21 år

155 270 52 20 eller
220 269 31 28 på
267 269 76 29 lifstid.

211 303 51 21 Med
281 304 50 20 svår
350 303 149 29 kroppsskada
514 304 87 28 förstås
614 305 85 27 förlust
717 304 26 28 af
760 304 79 28 talför-

155 338 70 28 måga,
245 344 38 21 syn
301 338 52 20 eller
372 338 78 26 hörsel,
470 338 61 21 svårt
549 339 40 27 lyte
613 339 52 20 eller
687 342 68 16 annat
777 338 61 21 svårt

155 372 116 29 kroppsfel,
287 372 169 28 stadigvarande
475 373 60 20 svårt
549 380 48 13 men
613 373 13 21 å
642 372 64 26 helsa,
722 373 53 21 eller
790 373 47 28 lifs-

148 407 75 28 farlig
239 406 104 29 sjukdom.

210 440 49 29 2$.
289 436 34 25 Är
339 441 34 20 eld
393 441 58 21 åsatt
470 441 37 22 hus
527 441 52 21 eller
595 442 32 20 lös
646 441 106 29 egendom,
767 442 10 19 i
789 441 48 28 fall

154 475 89 22 hvarom
254 477 10 20 i
275 475 34 28 1$
322 477 55 26 sägs,
390 483 47 14 men
451 476 80 21 varder
547 475 70 22 släckt
630 477 69 20 innan
713 476 41 21 den
769 475 67 22 skada

152 510 71 29 gjort;
238 510 89 29 straffes
341 511 195 28 gerningsmannen
550 511 47 20 med
609 511 102 28 fängelse
724 510 58 29 från
797 510 38 21 och

152 545 47 20 med
215 548 32 17 tre
261 545 104 21 månader
382 545 35 21 till
432 545 38 20 och
484 545 48 22 med
547 545 36 21 två
599 545 33 20 år.

209 578 16 21 3
239 579 39 21 och
292 578 13 22 4
319 579 33 28 $$.
383 578 160 30 Oförändrade.

209 612 46 29 5$.
288 613 77 28 Utslag
380 614 10 20 i
404 614 45 21 mål
464 613 109 29 angående
589 613 24 21 de
632 614 10 19 i
659 613 70 21 denna
741 613 94 29 förord-

151 648 54 27 ning
215 651 112 25 upptagna
343 647 58 21 brott
413 648 56 21 skall
481 649 25 28 af
514 648 118 21 underrätt
643 647 124 22 hemställas
778 646 57 30 Hof-

151 683 58 20 rätts
220 683 115 28 pröfning.

379 727 90 19 Finlands
482 727 80 20 Ständer
573 727 110 20 framhärda
695 728 36 18 ete.

150 785 140 28 Helsingfors,
306 785 41 22 den
363 786 25 21 13
404 785 43 28 Maj
465 786 60 20 1867.
