1700 1875
560 234 45 31 1300
762 236 73 23 Nådiga
845 238 136 20 Propositionen
993 237 36 16 N:o
1041 238 28 15 26.

538 302 71 21 kände
631 302 40 21 och
693 301 121 27 trovärdige
836 301 92 21 vittnens
943 300 134 21 underskrift
1090 299 80 28 styrkt;
1186 304 40 23 ege
1239 299 51 21 Rät-

537 338 38 19 ten
597 336 78 27 bevilja
697 335 128 27 inteckning,
848 337 53 19 utan
923 335 32 21 att
974 341 78 21 egaren
1069 333 56 22 hörd
1140 333 52 22 eller
1206 333 33 22 till
1254 333 37 22 hö-

539 371 68 21 rande
620 369 95 22 inkallad
731 370 82 21 varder.

893 417 11 26 8
920 417 19 20 6.

609 458 66 22 Sökes
690 459 122 28 inteckning
827 459 7 21 i
849 459 107 27 fastighet,
972 460 53 19 utan
1040 460 32 19 att
1083 465 90 20 egarens
1185 457 108 28 samtycke

539 492 73 23 dertill
631 491 24 23 sä
672 493 69 28 styrkt
759 495 31 24 är,
810 500 45 15 som
869 495 8 20 i
892 494 11 27 $
920 495 11 18 5
948 494 71 27 säges;
1035 492 28 21 dä
1079 493 54 21 skall
1148 493 79 21 honom
1242 490 50 23 lem-

540 535 39 14 nas
601 525 86 24 tillfälle
706 529 31 20 att
755 527 59 22 öfver
832 527 145 28 ansökningen
995 528 32 27 sig
1042 527 76 21 utläta.
1148 523 30 25 Är
1192 527 45 21 han
1251 526 42 21 till-

541 562 78 26 städes,
641 563 41 20 när
705 562 41 21 den
769 563 71 26 göres;
859 569 61 14 svare
939 561 52 22 derä
1005 564 81 25 genast.
1117 560 119 23 Uteblifver
1250 561 43 21 han

540 597 56 21 efter
618 596 116 27 stämning;
753 597 66 21 varde
839 597 35 20 det
888 595 25 23 sä
927 596 82 27 ansedt,
1024 603 47 14 som
1085 595 56 22 hade
1155 596 44 21 han
1213 595 80 22 inteck-

542 632 79 27 ningen
636 631 129 28 medgifvit:
776 638 49 14 men
840 638 24 14 är
879 632 43 20 han
937 631 84 21 ostämd
1036 631 40 21 och
1091 631 149 25 frånvarande,
1256 637 38 21 ege

542 664 85 28 Rätten,
647 666 38 21 der
704 666 17 27 ej
738 666 145 27 ansökningen
897 665 68 22 finnes
980 664 24 22 sä
1019 665 118 26 beskaffad,
1153 667 32 19 att
1200 665 41 21 den
1255 665 40 21 bör

540 703 78 26 genast
635 700 114 27 förkastas,
769 702 57 20 sätta
843 703 24 19 ut
882 701 41 21 viss
939 700 42 28 dag
997 700 26 22 dä
1037 701 44 21 han
1096 707 62 15 svara
1174 699 64 27 skall;
1254 700 40 21 och

540 735 111 22 sökanden
673 735 95 27 kungöre
790 736 79 21 honom
886 736 90 20 Rättens
994 735 71 21 beslut
1079 734 25 22 sä
1117 734 53 28 läng
1184 734 32 22 tid
1230 734 65 26 förut,

541 777 48 15 som
604 770 34 21 för
653 770 108 28 stämning
775 770 8 21 i
797 769 106 23 tvistemål
917 772 68 19 utsatt
999 771 31 20 är.

895 825 12 27 8
923 826 20 18 7.

612 867 50 21 Kan
684 865 47 28 den,
750 866 85 22 hvilken
854 866 67 29 dylikt
939 867 87 21 Rättens
1041 867 71 22 beslut
1126 867 108 28 kungöras
1249 867 46 26 bör,

542 902 21 27 ej
583 900 75 23 träffas
677 901 7 20 i
703 902 37 20 sitt
757 901 92 22 hemvist
867 902 40 21 och
923 902 24 21 är
963 901 36 22 det
1013 901 98 28 veterligt
1125 904 33 19 att
1172 903 44 20 han
1230 903 66 20 vistas

543 937 60 20 inom
617 935 100 26 Finland;
733 935 43 21 läte
791 935 115 26 sökanden,
921 936 46 21 före
983 937 188 26 stämningstidens
1186 935 88 28 utgäng,
1289 936 8 21 i

544 969 37 22 tvä
599 970 92 21 vittnens
705 971 99 24 närvaro,
821 969 12 22 &
849 970 77 21 dörren
941 970 33 20 till
989 971 53 20 hans
1057 971 81 27 boning
1153 971 57 20 fästa
1225 970 71 21 skrift-

543 1003 30 28 lig
588 1004 155 21 underrättelse
759 1011 35 14 om
808 1004 97 21 beslutet.
934 999 31 26 Är
979 1005 53 20 hans
1049 1005 119 20 vistelseort
1182 1005 71 21 okänd
1268 1004 29 22 el-

543 1039 33 20 ler
590 1040 60 19 utom
664 1038 79 25 landet,
759 1038 65 21 varde
839 1039 73 21 derom
927 1039 38 20 hos
980 1039 78 20 Rätten
1073 1039 102 25 anmäldt,
1192 1039 40 21 och
1246 1039 51 21 Rät-

544 1074 37 19 ten
603 1079 44 20 ege,
667 1072 8 21 i
692 1072 100 21 afseende
810 1071 13 22 &
841 1073 54 21 hans
916 1072 99 21 kallande
1034 1073 33 20 till
1085 1072 107 22 svaromål
1210 1073 88 21 utfärda

544 1106 133 28 kungörelse,
701 1113 45 14 som
768 1107 55 21 skall
841 1113 76 21 genom
933 1106 119 22 sökandens
1067 1107 85 28 försorg
1167 1107 13 25 i
1188 1107 110 22 allmänna

543 1141 137 26 tidningarne
702 1143 33 18 tre
757 1139 81 29 gänger
859 1141 88 26 införas,
970 1141 69 21 första
1062 1140 84 28 gängen
1167 1141 65 21 minst
1250 1141 48 28 fyra

545 1173 103 23 mänader
669 1175 47 21 före
738 1175 41 20 den
802 1175 33 21 till
856 1175 99 22 ärendets
976 1175 125 27 ytterligare
1119 1175 131 28 behandling
1264 1178 33 19 ut-

544 1211 59 19 satta
618 1209 37 20 tid.

897 1246 46 27 88.

615 1288 137 22 Försummar
773 1288 230 28 inteckningssökande
1023 1290 34 20 att
1079 1296 34 14 om
1131 1290 33 20 sin
1180 1290 118 28 ansökning

546 1323 128 21 underrätta
696 1323 125 25 svaranden,
844 1323 65 27 enligt
931 1323 57 21 hvad
1010 1323 63 21 ofvan
1091 1324 101 26 stadgadt
1211 1326 31 24 är,
1258 1324 40 21 och

546 1356 57 21 visar
622 1356 18 28 ej
660 1356 50 28 laga
727 1356 74 20 förfall
819 1356 86 21 sednast
920 1355 13 21 ä
949 1356 41 21 den
1008 1356 49 28 dag,
1073 1364 46 14 som
1133 1358 56 20 varit
1204 1357 34 21 för
1252 1364 47 14 sva-

545 1389 81 22 romäls
648 1390 121 28 afgifvande
790 1390 108 27 bestämd;
917 1397 50 13 vare
982 1391 146 28 ansökningen
1142 1391 34 22 för
1192 1392 40 21 den
1247 1391 51 29 gän-

547 1432 41 21 gen
602 1425 105 26 förfallen,
723 1427 52 19 utan
791 1424 24 22 sä
829 1426 31 25 är,
876 1427 32 19 att
922 1425 100 28 yttrande
1034 1426 97 22 deröfver
1143 1426 64 23 likväl
1217 1427 26 21 af
1253 1434 45 15 sva-

546 1459 83 22 randen
644 1459 108 22 aflemnas.

899 1497 12 28 8
927 1498 20 20 9.

616 1541 102 22 Kommer
737 1541 19 28 ej
775 1540 118 23 svaranden
913 1540 12 22 &
943 1542 68 21 utsatt
1025 1542 32 21 tid
1071 1542 50 21 med
1135 1542 128 23 bemötande
1278 1543 24 22 af

546 1575 155 28 ansökningen,
716 1575 66 22 sedan
797 1575 88 22 Rättens
900 1575 71 22 beslut
986 1575 73 22 derom
1074 1576 7 21 i
1096 1576 140 23 föreskrifven
1250 1577 48 22 ord-
