1700 1873
649 209 70 22 Nådiga
731 210 136 21 Propositionen
880 210 33 17 N:o
926 210 28 17 34.
1107 209 43 17 1677

424 275 37 20 ten
478 274 9 21 i
504 273 100 22 afseende
624 273 13 22 ä
655 273 76 27 åtgärd
746 280 35 15 om
795 273 239 27 transportkostnadens
1050 273 122 21 ersättande

424 307 53 22 eller
492 307 111 22 afförande
617 307 8 21 i
639 307 180 28 räkenskaperna.

759 361 197 27 8.106.

492 403 46 22 Har
560 410 75 21 genom
657 403 175 28 olyckshändelse
853 403 68 22 under
943 403 95 28 sjöresan
1061 402 110 28 egendom,

424 437 129 22 tillhörande
571 437 55 22 finsk
644 440 71 25 trupp,
731 437 87 22 skadats
833 437 51 22 eller
899 436 48 29 gätt
960 437 102 26 förlorad,
1078 437 95 20 anmäles

425 471 73 22 derom
516 472 39 21 hos
569 472 251 28 Krigskommissariatet,
836 479 45 14 som
896 471 48 22 med
959 471 88 21 ärendet
1061 470 68 22 förfar
1143 469 29 29 pä

424 507 43 20 sätt
485 506 24 27 $$
528 507 34 25 34,
578 507 27 20 40
620 507 40 20 och
676 508 25 19 41
717 506 32 21 uti
764 506 159 22 Instruktionen
937 506 35 21 för
986 505 186 22 Kommissariatet

424 540 24 21 af
462 540 40 21 den
517 542 25 20 21
559 541 43 27 Maj
620 542 53 19 1863
689 540 82 28 stadga.

761 595 11 27 $
789 596 46 20 107.

493 637 41 21 Om
554 639 111 26 transport
683 637 24 22 af
722 639 90 26 trupper
830 638 40 21 och
885 637 63 22 deras
963 637 52 28 gods
1030 636 29 29 pä
1073 636 98 28 Helsing-

423 672 204 21 fors—Tavastehus
643 671 90 28 jernväg
751 672 68 28 gäller
836 672 57 22 hvad
907 671 102 22 särskildt
1024 673 24 20 är
1063 671 51 22 eller
1129 671 43 21 kan

422 705 68 23 blifva
502 706 133 22 förordnadt.

669 770 106 21 Särskilda
793 770 131 27 stadganden.

760 825 11 27 8
789 826 46 20 108.

492 867 65 21 Böter
573 868 40 21 och
627 868 57 21 viten
699 868 65 28 enligt
779 868 59 22 detta
851 868 131 27 reglemente
997 866 27 29 gå
1038 867 33 21 till
1087 866 85 27 delning

424 902 91 21 emellan
533 902 104 22 socknens
655 902 75 27 fattige
745 902 40 22 och
799 902 73 28 kyrka.
903 902 41 21 Vid
959 902 108 21 bristande
1082 900 90 28 tillgång

424 935 33 22 till
467 936 110 28 betalning
587 936 122 22 förvandlas
721 937 108 21 desamma
840 937 66 28 enligt
918 936 26 22 de
955 936 8 21 i
976 938 9 19 1
999 937 10 27 $
1021 937 24 20 10
1054 936 49 27 kap.
1112 935 26 21 U.
1147 935 24 20 B.

424 970 41 21 och
479 970 146 28 förklaringen
640 971 23 21 af
677 971 40 21 den
733 973 26 19 23
774 971 58 22 Mars
849 973 53 19 1807
918 971 104 28 stadgade
1037 969 101 28 grunder.

760 1025 12 28 $
790 1027 45 20 109.

492 1067 66 22 Detta
572 1067 137 28 Reglemente
723 1068 73 21 träder
810 1069 8 20 i
832 1068 160 27 verkställighet
1007 1067 41 22 den

591 1118 5 9 ,
611 1101 57 22 ifrån
682 1102 85 21 hvilken
782 1103 41 27 dag
838 1102 299 28 Ingvarteringsreglementet
1152 1100 24 22 af

426 1135 40 22 den
485 1137 25 19 31
531 1136 90 21 Januari
641 1137 60 25 1812,
721 1135 163 29 Tågordningen
901 1137 24 21 af
942 1137 40 20 den
1004 1137 23 20 15
1048 1135 126 28 September

426 1171 53 19 1791
504 1171 55 20 samt
578 1169 68 28 öfrige
664 1170 159 22 förordnanden
841 1170 110 29 angående
968 1169 145 28 ingvartering
1132 1169 41 21 och

424 1203 187 28 transportskjuts,
630 1203 69 22 såvidt
713 1204 26 21 de
754 1206 50 20 röra
818 1205 118 21 militärens
952 1205 55 20 samt
1022 1203 152 28 qvartergifva-

424 1243 35 15 res
478 1237 40 21 och
536 1237 135 28 skjutsandes
687 1238 126 28 ömsesidiga
827 1239 127 27 rättigheter
969 1238 39 21 och
1024 1237 150 28 skyldigheter,

425 1271 34 21 till
472 1271 58 22 kraft
546 1272 39 21 och
600 1272 80 21 verkan
693 1273 106 26 upphöra.

619 1317 128 28 Enligheten
761 1317 49 22 med
825 1317 35 22 det
875 1317 24 22 af
907 1317 60 22 Hans
977 1317 120 28 Kejserliga
1108 1316 67 28 Maje-

561 1353 44 20 stät
623 1351 4 21 i
641 1351 72 22 Nåder
731 1352 115 27 godkända
863 1351 81 28 förslag
962 1351 94 28 intygar:
1087 1351 32 21 S:t
1136 1350 39 21 Pe-

561 1386 107 28 tersburg,
687 1385 14 22 &
719 1386 208 22 Statssekretariatet
949 1386 35 21 för
1005 1385 172 22 Storfurstendö-

561 1422 45 19 met
619 1420 98 26 Finland,
733 1421 41 20 den
789 1423 12 18 7
817 1421 46 27 (19)
878 1420 62 27 April
957 1421 59 20 1867.

897 1473 21 18 A.
932 1472 25 19 W.
971 1471 136 20 Wallensköld.

848 1511 62 16 Förste
923 1510 229 22 Expeditionssekreterare.
