<?xml version="1.0" encoding="UTF-8"?>
<alto xmlns="http://www.loc.gov/standards/alto/ns-v3#" xmlns:xlink="http://www.w3.org/1999/xlink" xmlns:xsi="http://www.w3.org/2001/XMLSchema-instance" xsi:schemaLocation="http://www.loc.gov/standards/alto/ns-v3# http://www.loc.gov/alto/v3/alto-3-0.xsd">
	<Description>
		<MeasurementUnit>pixel</MeasurementUnit>
		<sourceImageInformation>
			<fileName>/tmp/tess_rhk5ogp8_input.PNG</fileName>
		</sourceImageInformation>
		<OCRProcessing ID="OCR_0">
			<ocrProcessingStep>
				<processingSoftware>
					<softwareName>tesseract 5.3.4</softwareName>
				</processingSoftware>
			</ocrProcessingStep>
		</OCRProcessing>
	</Description>
	<Layout>
		<Page WIDTH="986" HEIGHT="1725" PHYSICAL_IMG_NR="0" ID="page_0">
			<PrintSpace HPOS="0" VPOS="0" WIDTH="986" HEIGHT="1725">
				<ComposedBlock ID="cblock_0" HPOS="203" VPOS="144" WIDTH="509" HEIGHT="24">
					<TextBlock ID="block_0" HPOS="203" VPOS="144" WIDTH="509" HEIGHT="24">
						<TextLine ID="line_0" HPOS="203" VPOS="144" WIDTH="509" HEIGHT="24">
							<String ID="string_0" HPOS="203" VPOS="148" WIDTH="42" HEIGHT="16" WC="0.95" CONTENT="1326"/><SP WIDTH="161" VPOS="148" HPOS="245"/>
							<String ID="string_1" HPOS="406" VPOS="146" WIDTH="71" HEIGHT="22" WC="0.90" CONTENT="Nådiga"/><SP WIDTH="11" VPOS="146" HPOS="477"/>
							<String ID="string_2" HPOS="488" VPOS="146" WIDTH="138" HEIGHT="20" WC="0.96" CONTENT="Propositionen"/><SP WIDTH="11" VPOS="146" HPOS="626"/>
							<String ID="string_3" HPOS="637" VPOS="144" WIDTH="34" HEIGHT="16" WC="0.96" CONTENT="N:o"/><SP WIDTH="13" VPOS="144" HPOS="671"/>
							<String ID="string_4" HPOS="684" VPOS="144" WIDTH="28" HEIGHT="16" WC="0.96" CONTENT="26."/>
						</TextLine>
					</TextBlock>
				</ComposedBlock>
				<ComposedBlock ID="cblock_1" HPOS="179" VPOS="204" WIDTH="754" HEIGHT="448">
					<TextBlock ID="block_1" HPOS="315" VPOS="204" WIDTH="616" HEIGHT="205">
						<TextLine ID="line_1" HPOS="370" VPOS="204" WIDTH="558" HEIGHT="32">
							<String ID="string_5" HPOS="370" VPOS="208" WIDTH="47" HEIGHT="21" WC="0.96" CONTENT="För"/><SP WIDTH="23" VPOS="208" HPOS="417"/>
							<String ID="string_6" HPOS="440" VPOS="208" WIDTH="86" HEIGHT="28" WC="0.96" CONTENT="borgen,"/><SP WIDTH="23" VPOS="208" HPOS="526"/>
							<String ID="string_7" HPOS="549" VPOS="214" WIDTH="44" HEIGHT="14" WC="0.93" CONTENT="som"/><SP WIDTH="9" VPOS="214" HPOS="593"/>
							<String ID="string_8" HPOS="602" VPOS="206" WIDTH="183" HEIGHT="30" WC="0.92" CONTENT="fastighetsegare"/><SP WIDTH="16" VPOS="206" HPOS="785"/>
							<String ID="string_9" HPOS="801" VPOS="206" WIDTH="33" HEIGHT="27" WC="0.93" CONTENT="sig"/><SP WIDTH="14" VPOS="206" HPOS="834"/>
							<String ID="string_10" HPOS="848" VPOS="204" WIDTH="80" HEIGHT="27" WC="0.91" CONTENT="iklädt,"/>
						</TextLine>
						<TextLine ID="line_2" HPOS="315" VPOS="240" WIDTH="614" HEIGHT="32">
							<String ID="string_11" HPOS="315" VPOS="244" WIDTH="52" HEIGHT="20" WC="0.95" CONTENT="eller"/><SP WIDTH="23" VPOS="244" HPOS="367"/>
							<String ID="string_12" HPOS="390" VPOS="250" WIDTH="71" HEIGHT="14" WC="0.95" CONTENT="annan"/><SP WIDTH="13" VPOS="250" HPOS="461"/>
							<String ID="string_13" HPOS="474" VPOS="242" WIDTH="41" HEIGHT="30" WC="0.96" CONTENT="för"/><SP WIDTH="16" VPOS="242" HPOS="515"/>
							<String ID="string_14" HPOS="531" VPOS="242" WIDTH="77" HEIGHT="20" WC="0.94" CONTENT="honom"/><SP WIDTH="14" VPOS="242" HPOS="608"/>
							<String ID="string_15" HPOS="622" VPOS="241" WIDTH="73" HEIGHT="28" WC="0.95" CONTENT="ingått"/><SP WIDTH="14" VPOS="241" HPOS="695"/>
							<String ID="string_16" HPOS="709" VPOS="247" WIDTH="48" HEIGHT="15" WC="0.96" CONTENT="men"/><SP WIDTH="15" VPOS="247" HPOS="757"/>
							<String ID="string_17" HPOS="772" VPOS="241" WIDTH="58" HEIGHT="20" WC="0.95" CONTENT="ännu"/><SP WIDTH="14" VPOS="241" HPOS="830"/>
							<String ID="string_18" HPOS="844" VPOS="240" WIDTH="19" HEIGHT="28" WC="0.93" CONTENT="ej"/><SP WIDTH="9" VPOS="240" HPOS="863"/>
							<String ID="string_19" HPOS="872" VPOS="240" WIDTH="57" HEIGHT="28" WC="0.91" CONTENT="full-"/>
						</TextLine>
						<TextLine ID="line_3" HPOS="315" VPOS="274" WIDTH="614" HEIGHT="33">
							<String ID="string_20" HPOS="315" VPOS="278" WIDTH="66" HEIGHT="29" WC="0.96" CONTENT="gjort,"/><SP WIDTH="20" VPOS="278" HPOS="381"/>
							<String ID="string_21" HPOS="401" VPOS="278" WIDTH="107" HEIGHT="28" WC="0.96" CONTENT="äfvensom"/><SP WIDTH="13" VPOS="278" HPOS="508"/>
							<String ID="string_22" HPOS="521" VPOS="277" WIDTH="43" HEIGHT="28" WC="0.96" CONTENT="för"/><SP WIDTH="16" VPOS="277" HPOS="564"/>
							<String ID="string_23" HPOS="580" VPOS="276" WIDTH="76" HEIGHT="27" WC="0.96" CONTENT="andra,"/><SP WIDTH="17" VPOS="276" HPOS="656"/>
							<String ID="string_24" HPOS="673" VPOS="276" WIDTH="24" HEIGHT="28" WC="0.96" CONTENT="af"/><SP WIDTH="14" VPOS="276" HPOS="697"/>
							<String ID="string_25" HPOS="711" VPOS="275" WIDTH="115" HEIGHT="30" WC="0.93" CONTENT="tillfälliga"/><SP WIDTH="16" VPOS="275" HPOS="826"/>
							<String ID="string_26" HPOS="842" VPOS="274" WIDTH="87" HEIGHT="22" WC="0.87" CONTENT="händel-"/>
						</TextLine>
						<TextLine ID="line_4" HPOS="315" VPOS="310" WIDTH="614" HEIGHT="29">
							<String ID="string_27" HPOS="315" VPOS="320" WIDTH="34" HEIGHT="14" WC="0.96" CONTENT="ser"/><SP WIDTH="8" VPOS="320" HPOS="349"/>
							<String ID="string_28" HPOS="357" VPOS="312" WIDTH="107" HEIGHT="22" WC="0.89" CONTENT="beroende"/><SP WIDTH="12" VPOS="312" HPOS="464"/>
							<String ID="string_29" HPOS="476" VPOS="311" WIDTH="162" HEIGHT="28" WC="0.91" CONTENT="rättsanspråk,"/><SP WIDTH="11" VPOS="311" HPOS="638"/>
							<String ID="string_30" HPOS="649" VPOS="311" WIDTH="35" HEIGHT="20" WC="0.96" CONTENT="må"/><SP WIDTH="10" VPOS="311" HPOS="684"/>
							<String ID="string_31" HPOS="694" VPOS="310" WIDTH="125" HEIGHT="28" WC="0.93" CONTENT="inteckning"/><SP WIDTH="8" VPOS="310" HPOS="819"/>
							<String ID="string_32" HPOS="827" VPOS="317" WIDTH="39" HEIGHT="21" WC="0.92" CONTENT="ega"/><SP WIDTH="8" VPOS="317" HPOS="866"/>
							<String ID="string_33" HPOS="874" VPOS="317" WIDTH="55" HEIGHT="19" WC="0.94" CONTENT="rum,"/>
						</TextLine>
						<TextLine ID="line_5" HPOS="317" VPOS="343" WIDTH="613" HEIGHT="32">
							<String ID="string_34" HPOS="317" VPOS="347" WIDTH="37" HEIGHT="21" WC="0.92" CONTENT="der"/><SP WIDTH="15" VPOS="347" HPOS="354"/>
							<String ID="string_35" HPOS="369" VPOS="347" WIDTH="128" HEIGHT="28" WC="0.92" CONTENT="giltigheten"/><SP WIDTH="12" VPOS="347" HPOS="497"/>
							<String ID="string_36" HPOS="509" VPOS="347" WIDTH="26" HEIGHT="28" WC="0.93" CONTENT="af"/><SP WIDTH="9" VPOS="347" HPOS="535"/>
							<String ID="string_37" HPOS="544" VPOS="345" WIDTH="64" HEIGHT="29" WC="0.92" CONTENT="sagde"/><SP WIDTH="13" VPOS="345" HPOS="608"/>
							<String ID="string_38" HPOS="621" VPOS="345" WIDTH="80" HEIGHT="28" WC="0.96" CONTENT="borgen"/><SP WIDTH="12" VPOS="345" HPOS="701"/>
							<String ID="string_39" HPOS="713" VPOS="345" WIDTH="52" HEIGHT="21" WC="0.93" CONTENT="eller"/><SP WIDTH="11" VPOS="345" HPOS="765"/>
							<String ID="string_40" HPOS="776" VPOS="343" WIDTH="154" HEIGHT="29" WC="0.90" CONTENT="rättsanspråk"/>
						</TextLine>
						<TextLine ID="line_6" HPOS="318" VPOS="378" WIDTH="613" HEIGHT="31">
							<String ID="string_41" HPOS="318" VPOS="382" WIDTH="73" HEIGHT="25" WC="0.95" CONTENT="blifvit"/><SP WIDTH="23" VPOS="382" HPOS="391"/>
							<String ID="string_42" HPOS="414" VPOS="381" WIDTH="117" HEIGHT="28" WC="0.95" CONTENT="behörigen"/><SP WIDTH="22" VPOS="381" HPOS="531"/>
							<String ID="string_43" HPOS="553" VPOS="379" WIDTH="77" HEIGHT="30" WC="0.96" CONTENT="styrkt."/><SP WIDTH="29" VPOS="379" HPOS="630"/>
							<String ID="string_44" HPOS="659" VPOS="379" WIDTH="47" HEIGHT="22" WC="0.94" CONTENT="För"/><SP WIDTH="19" VPOS="379" HPOS="706"/>
							<String ID="string_45" HPOS="725" VPOS="379" WIDTH="61" HEIGHT="22" WC="0.96" CONTENT="böter"/><SP WIDTH="15" VPOS="379" HPOS="786"/>
							<String ID="string_46" HPOS="801" VPOS="383" WIDTH="38" HEIGHT="17" WC="0.93" CONTENT="etc."/><SP WIDTH="16" VPOS="383" HPOS="839"/>
							<String ID="string_47" HPOS="855" VPOS="378" WIDTH="76" HEIGHT="29" WC="0.96" CONTENT="(enligt"/>
						</TextLine>
					</TextBlock>
					<TextBlock ID="block_2" HPOS="179" VPOS="413" WIDTH="753" HEIGHT="136">
						<TextLine ID="line_7" HPOS="181" VPOS="413" WIDTH="750" HEIGHT="31">
							<String ID="string_48" HPOS="181" VPOS="417" WIDTH="41" HEIGHT="21" WC="0.96" CONTENT="den"/><SP WIDTH="21" VPOS="417" HPOS="222"/>
							<String ID="string_49" HPOS="243" VPOS="415" WIDTH="80" HEIGHT="29" WC="0.95" CONTENT="nådiga"/><SP WIDTH="22" VPOS="415" HPOS="323"/>
							<String ID="string_50" HPOS="345" VPOS="415" WIDTH="176" HEIGHT="28" WC="0.93" CONTENT="propositionen),"/><SP WIDTH="22" VPOS="415" HPOS="521"/>
							<String ID="string_51" HPOS="543" VPOS="414" WIDTH="118" HEIGHT="28" WC="0.92" CONTENT="hvarjemte"/><SP WIDTH="22" VPOS="414" HPOS="661"/>
							<String ID="string_52" HPOS="683" VPOS="414" WIDTH="33" HEIGHT="21" WC="0.96" CONTENT="till"/><SP WIDTH="22" VPOS="414" HPOS="716"/>
							<String ID="string_53" HPOS="738" VPOS="413" WIDTH="64" HEIGHT="22" WC="0.96" CONTENT="slutet"/><SP WIDTH="18" VPOS="413" HPOS="802"/>
							<String ID="string_54" HPOS="820" VPOS="413" WIDTH="24" HEIGHT="22" WC="0.96" CONTENT="af"/><SP WIDTH="16" VPOS="413" HPOS="844"/>
							<String ID="string_55" HPOS="860" VPOS="414" WIDTH="12" HEIGHT="27" WC="0.64" CONTENT="$"/><SP WIDTH="17" VPOS="414" HPOS="872"/>
							<String ID="string_56" HPOS="889" VPOS="413" WIDTH="42" HEIGHT="26" WC="0.48" CONTENT="1,"/><SP WIDTH="-13" VPOS="413" HPOS="931"/>
							<String ID="string_57" HPOS="918" VPOS="409" WIDTH="18" HEIGHT="39" WC="0.48" CONTENT="i"/>
						</TextLine>
						<TextLine ID="line_8" HPOS="180" VPOS="447" WIDTH="752" HEIGHT="31">
							<String ID="string_58" HPOS="180" VPOS="451" WIDTH="102" HEIGHT="22" WC="0.96" CONTENT="händelse"/><SP WIDTH="23" VPOS="451" HPOS="282"/>
							<String ID="string_59" HPOS="305" VPOS="451" WIDTH="69" HEIGHT="21" WC="0.93" CONTENT="denna"/><SP WIDTH="22" VPOS="451" HPOS="374"/>
							<String ID="string_60" HPOS="396" VPOS="449" WIDTH="56" HEIGHT="29" WC="0.91" CONTENT="äsigt"/><SP WIDTH="18" VPOS="449" HPOS="452"/>
							<String ID="string_61" HPOS="470" VPOS="451" WIDTH="73" HEIGHT="20" WC="0.96" CONTENT="vinner"/><SP WIDTH="15" VPOS="451" HPOS="543"/>
							<String ID="string_62" HPOS="558" VPOS="448" WIDTH="161" HEIGHT="29" WC="0.96" CONTENT="godkännande,"/><SP WIDTH="15" VPOS="448" HPOS="719"/>
							<String ID="string_63" HPOS="734" VPOS="448" WIDTH="67" HEIGHT="22" WC="0.96" CONTENT="borde"/><SP WIDTH="15" VPOS="448" HPOS="801"/>
							<String ID="string_64" HPOS="816" VPOS="448" WIDTH="60" HEIGHT="27" WC="0.93" CONTENT="fogas"/><SP WIDTH="15" VPOS="448" HPOS="876"/>
							<String ID="string_65" HPOS="891" VPOS="447" WIDTH="41" HEIGHT="22" WC="0.92" CONTENT="föl-"/>
						</TextLine>
						<TextLine ID="line_9" HPOS="179" VPOS="482" WIDTH="753" HEIGHT="32">
							<String ID="string_66" HPOS="179" VPOS="486" WIDTH="67" HEIGHT="28" WC="0.91" CONTENT="jande"/><SP WIDTH="21" VPOS="486" HPOS="246"/>
							<String ID="string_67" HPOS="267" VPOS="486" WIDTH="77" HEIGHT="27" WC="0.93" CONTENT="tilägg:"/><SP WIDTH="24" VPOS="486" HPOS="344"/>
							<String ID="string_68" HPOS="368" VPOS="486" WIDTH="70" HEIGHT="20" WC="0.96" CONTENT="såsom"/><SP WIDTH="24" VPOS="486" HPOS="438"/>
							<String ID="string_69" HPOS="462" VPOS="484" WIDTH="35" HEIGHT="21" WC="0.96" CONTENT="ock"/><SP WIDTH="13" VPOS="484" HPOS="497"/>
							<String ID="string_70" HPOS="510" VPOS="485" WIDTH="43" HEIGHT="28" WC="0.93" CONTENT="för"/><SP WIDTH="15" VPOS="485" HPOS="553"/>
							<String ID="string_71" HPOS="568" VPOS="483" WIDTH="80" HEIGHT="22" WC="0.93" CONTENT="sädane"/><SP WIDTH="14" VPOS="483" HPOS="648"/>
							<String ID="string_72" HPOS="662" VPOS="482" WIDTH="162" HEIGHT="29" WC="0.92" CONTENT="rättsanspräk,"/><SP WIDTH="16" VPOS="482" HPOS="824"/>
							<String ID="string_73" HPOS="840" VPOS="490" WIDTH="44" HEIGHT="14" WC="0.93" CONTENT="som"/><SP WIDTH="14" VPOS="490" HPOS="884"/>
							<String ID="string_74" HPOS="898" VPOS="483" WIDTH="34" HEIGHT="20" WC="0.96" CONTENT="uti"/>
						</TextLine>
						<TextLine ID="line_10" HPOS="182" VPOS="520" WIDTH="331" HEIGHT="29">
							<String ID="string_75" HPOS="182" VPOS="521" WIDTH="13" HEIGHT="28" WC="0.91" CONTENT="$"/><SP WIDTH="16" VPOS="521" HPOS="195"/>
							<String ID="string_76" HPOS="211" VPOS="520" WIDTH="23" HEIGHT="21" WC="0.93" CONTENT="14"/><SP WIDTH="15" VPOS="520" HPOS="234"/>
							<String ID="string_77" HPOS="249" VPOS="521" WIDTH="103" HEIGHT="20" WC="0.92" CONTENT="närmare"/><SP WIDTH="16" VPOS="521" HPOS="352"/>
							<String ID="string_78" HPOS="368" VPOS="520" WIDTH="145" HEIGHT="28" WC="0.91" CONTENT="omförmälas."/>
						</TextLine>
					</TextBlock>
					<TextBlock ID="block_3" HPOS="182" VPOS="551" WIDTH="751" HEIGHT="101">
						<TextLine ID="line_11" HPOS="251" VPOS="551" WIDTH="682" HEIGHT="31">
							<String ID="string_79" HPOS="251" VPOS="554" WIDTH="73" HEIGHT="23" WC="0.93" CONTENT="Skulle"/><SP WIDTH="22" VPOS="554" HPOS="324"/>
							<String ID="string_80" HPOS="346" VPOS="554" WIDTH="34" HEIGHT="22" WC="0.96" CONTENT="det"/><SP WIDTH="20" VPOS="554" HPOS="380"/>
							<String ID="string_81" HPOS="400" VPOS="553" WIDTH="23" HEIGHT="23" WC="0.96" CONTENT="af"/><SP WIDTH="16" VPOS="553" HPOS="423"/>
							<String ID="string_82" HPOS="439" VPOS="553" WIDTH="43" HEIGHT="29" WC="0.93" CONTENT="mig"/><SP WIDTH="15" VPOS="553" HPOS="482"/>
							<String ID="string_83" HPOS="497" VPOS="553" WIDTH="130" HEIGHT="22" WC="0.92" CONTENT="härutinnan"/><SP WIDTH="15" VPOS="553" HPOS="627"/>
							<String ID="string_84" HPOS="642" VPOS="551" WIDTH="134" HEIGHT="23" WC="0.92" CONTENT="framställda"/><SP WIDTH="14" VPOS="551" HPOS="776"/>
							<String ID="string_85" HPOS="790" VPOS="551" WIDTH="81" HEIGHT="29" WC="0.93" CONTENT="förslag"/><SP WIDTH="14" VPOS="551" HPOS="871"/>
							<String ID="string_86" HPOS="885" VPOS="551" WIDTH="48" HEIGHT="23" WC="0.92" CONTENT="icke"/>
						</TextLine>
						<TextLine ID="line_12" HPOS="182" VPOS="587" WIDTH="751" HEIGHT="29">
							<String ID="string_87" HPOS="182" VPOS="590" WIDTH="65" HEIGHT="21" WC="0.96" CONTENT="vinna"/><SP WIDTH="21" VPOS="590" HPOS="247"/>
							<String ID="string_88" HPOS="268" VPOS="589" WIDTH="66" HEIGHT="27" WC="0.95" CONTENT="bifall,"/><SP WIDTH="22" VPOS="589" HPOS="334"/>
							<String ID="string_89" HPOS="356" VPOS="589" WIDTH="62" HEIGHT="21" WC="0.96" CONTENT="torde"/><SP WIDTH="22" VPOS="589" HPOS="418"/>
							<String ID="string_90" HPOS="440" VPOS="588" WIDTH="49" HEIGHT="22" WC="0.96" CONTENT="hela"/><SP WIDTH="18" VPOS="588" HPOS="489"/>
							<String ID="string_91" HPOS="507" VPOS="588" WIDTH="70" HEIGHT="22" WC="0.93" CONTENT="denna"/><SP WIDTH="18" VPOS="588" HPOS="577"/>
							<String ID="string_92" HPOS="595" VPOS="588" WIDTH="11" HEIGHT="28" WC="0.82" CONTENT="&amp;"/><SP WIDTH="15" VPOS="588" HPOS="606"/>
							<String ID="string_93" HPOS="621" VPOS="587" WIDTH="29" HEIGHT="28" WC="0.96" CONTENT="pä"/><SP WIDTH="15" VPOS="587" HPOS="650"/>
							<String ID="string_94" HPOS="665" VPOS="588" WIDTH="26" HEIGHT="21" WC="0.93" CONTENT="de"/><SP WIDTH="14" VPOS="588" HPOS="691"/>
							<String ID="string_95" HPOS="705" VPOS="587" WIDTH="47" HEIGHT="22" WC="0.96" CONTENT="skäl"/><SP WIDTH="11" VPOS="587" HPOS="752"/>
							<String ID="string_96" HPOS="763" VPOS="587" WIDTH="40" HEIGHT="29" WC="0.92" CONTENT="jag"/><SP WIDTH="15" VPOS="587" HPOS="803"/>
							<String ID="string_97" HPOS="818" VPOS="588" WIDTH="62" HEIGHT="22" WC="0.90" CONTENT="ofvan"/><SP WIDTH="15" VPOS="588" HPOS="880"/>
							<String ID="string_98" HPOS="895" VPOS="594" WIDTH="38" HEIGHT="15" WC="0.92" CONTENT="an-"/>
						</TextLine>
						<TextLine ID="line_13" HPOS="182" VPOS="623" WIDTH="192" HEIGHT="29">
							<String ID="string_99" HPOS="182" VPOS="624" WIDTH="51" HEIGHT="27" WC="0.92" CONTENT="fört,"/><SP WIDTH="14" VPOS="624" HPOS="233"/>
							<String ID="string_100" HPOS="247" VPOS="625" WIDTH="55" HEIGHT="21" WC="0.91" CONTENT="böra"/><SP WIDTH="14" VPOS="625" HPOS="302"/>
							<String ID="string_101" HPOS="316" VPOS="623" WIDTH="58" HEIGHT="29" WC="0.92" CONTENT="utgä."/>
						</TextLine>
					</TextBlock>
				</ComposedBlock>
				<ComposedBlock ID="cblock_2" HPOS="287" VPOS="683" WIDTH="345" HEIGHT="23">
					<TextBlock ID="block_4" HPOS="287" VPOS="683" WIDTH="345" HEIGHT="23">
						<TextLine ID="line_14" HPOS="287" VPOS="683" WIDTH="345" HEIGHT="23">
							<String ID="string_102" HPOS="287" VPOS="685" WIDTH="30" HEIGHT="21" WC="0.93" CONTENT="Af"/><SP WIDTH="11" VPOS="685" HPOS="317"/>
							<String ID="string_103" HPOS="328" VPOS="684" WIDTH="161" HEIGHT="22" WC="0.92" CONTENT="Hofrättsrädet"/><SP WIDTH="14" VPOS="684" HPOS="489"/>
							<String ID="string_104" HPOS="503" VPOS="683" WIDTH="129" HEIGHT="23" WC="0.96" CONTENT="Grotenfelt:"/>
						</TextLine>
					</TextBlock>
				</ComposedBlock>
				<ComposedBlock ID="cblock_3" HPOS="184" VPOS="726" WIDTH="755" HEIGHT="787">
					<TextBlock ID="block_5" HPOS="184" VPOS="726" WIDTH="755" HEIGHT="787">
						<TextLine ID="line_15" HPOS="252" VPOS="726" WIDTH="683" HEIGHT="30">
							<String ID="string_105" HPOS="252" VPOS="728" WIDTH="73" HEIGHT="28" WC="0.93" CONTENT="Enligt"/><SP WIDTH="15" VPOS="728" HPOS="325"/>
							<String ID="string_106" HPOS="340" VPOS="728" WIDTH="11" HEIGHT="28" WC="0.91" CONTENT="$"/><SP WIDTH="17" VPOS="728" HPOS="351"/>
							<String ID="string_107" HPOS="368" VPOS="729" WIDTH="26" HEIGHT="20" WC="0.96" CONTENT="14"/><SP WIDTH="20" VPOS="729" HPOS="394"/>
							<String ID="string_108" HPOS="414" VPOS="727" WIDTH="24" HEIGHT="22" WC="0.93" CONTENT="af"/><SP WIDTH="15" VPOS="727" HPOS="438"/>
							<String ID="string_109" HPOS="453" VPOS="727" WIDTH="139" HEIGHT="22" WC="0.93" CONTENT="förevarande"/><SP WIDTH="15" VPOS="727" HPOS="592"/>
							<String ID="string_110" HPOS="607" VPOS="726" WIDTH="80" HEIGHT="28" WC="0.96" CONTENT="förslag"/><SP WIDTH="16" VPOS="726" HPOS="687"/>
							<String ID="string_111" HPOS="703" VPOS="726" WIDTH="33" HEIGHT="22" WC="0.93" CONTENT="till"/><SP WIDTH="13" VPOS="726" HPOS="736"/>
							<String ID="string_112" HPOS="749" VPOS="726" WIDTH="134" HEIGHT="28" WC="0.90" CONTENT="författning,"/><SP WIDTH="16" VPOS="726" HPOS="883"/>
							<String ID="string_113" HPOS="899" VPOS="734" WIDTH="36" HEIGHT="15" WC="0.96" CONTENT="om"/>
						</TextLine>
						<TextLine ID="line_16" HPOS="184" VPOS="761" WIDTH="751" HEIGHT="30">
							<String ID="string_114" HPOS="184" VPOS="763" WIDTH="123" HEIGHT="28" WC="0.96" CONTENT="inteckning"/><SP WIDTH="18" VPOS="763" HPOS="307"/>
							<String ID="string_115" HPOS="325" VPOS="763" WIDTH="8" HEIGHT="21" WC="0.96" CONTENT="i"/><SP WIDTH="17" VPOS="763" HPOS="333"/>
							<String ID="string_116" HPOS="350" VPOS="762" WIDTH="44" HEIGHT="22" WC="0.95" CONTENT="fast"/><SP WIDTH="21" VPOS="762" HPOS="394"/>
							<String ID="string_117" HPOS="415" VPOS="762" WIDTH="109" HEIGHT="28" WC="0.95" CONTENT="egendom,"/><SP WIDTH="23" VPOS="762" HPOS="524"/>
							<String ID="string_118" HPOS="547" VPOS="761" WIDTH="74" HEIGHT="26" WC="0.96" CONTENT="skulle,"/><SP WIDTH="21" VPOS="761" HPOS="621"/>
							<String ID="string_119" HPOS="642" VPOS="762" WIDTH="64" HEIGHT="21" WC="0.96" CONTENT="bland"/><SP WIDTH="19" VPOS="762" HPOS="706"/>
							<String ID="string_120" HPOS="725" VPOS="763" WIDTH="71" HEIGHT="25" WC="0.93" CONTENT="annat,"/><SP WIDTH="15" VPOS="763" HPOS="796"/>
							<String ID="string_121" HPOS="811" VPOS="762" WIDTH="124" HEIGHT="28" WC="0.96" CONTENT="inteckning"/>
						</TextLine>
						<TextLine ID="line_17" HPOS="184" VPOS="796" WIDTH="751" HEIGHT="29">
							<String ID="string_122" HPOS="184" VPOS="798" WIDTH="35" HEIGHT="21" WC="0.93" CONTENT="för"/><SP WIDTH="21" VPOS="798" HPOS="219"/>
							<String ID="string_123" HPOS="240" VPOS="798" WIDTH="88" HEIGHT="27" WC="0.96" CONTENT="borgen,"/><SP WIDTH="22" VPOS="798" HPOS="328"/>
							<String ID="string_124" HPOS="350" VPOS="804" WIDTH="46" HEIGHT="14" WC="0.93" CONTENT="som"/><SP WIDTH="22" VPOS="804" HPOS="396"/>
							<String ID="string_125" HPOS="418" VPOS="796" WIDTH="176" HEIGHT="28" WC="0.90" CONTENT="fastighetsegare"/><SP WIDTH="19" VPOS="796" HPOS="594"/>
							<String ID="string_126" HPOS="613" VPOS="796" WIDTH="32" HEIGHT="28" WC="0.93" CONTENT="sig"/><SP WIDTH="18" VPOS="796" HPOS="645"/>
							<String ID="string_127" HPOS="663" VPOS="796" WIDTH="68" HEIGHT="22" WC="0.93" CONTENT="iklädt"/><SP WIDTH="18" VPOS="796" HPOS="731"/>
							<String ID="string_128" HPOS="749" VPOS="796" WIDTH="52" HEIGHT="22" WC="0.96" CONTENT="eller"/><SP WIDTH="15" VPOS="796" HPOS="801"/>
							<String ID="string_129" HPOS="816" VPOS="804" WIDTH="70" HEIGHT="14" WC="0.96" CONTENT="annan"/><SP WIDTH="15" VPOS="804" HPOS="886"/>
							<String ID="string_130" HPOS="901" VPOS="796" WIDTH="34" HEIGHT="22" WC="0.96" CONTENT="för"/>
						</TextLine>
						<TextLine ID="line_18" HPOS="186" VPOS="830" WIDTH="749" HEIGHT="29">
							<String ID="string_131" HPOS="186" VPOS="832" WIDTH="78" HEIGHT="22" WC="0.90" CONTENT="honom"/><SP WIDTH="19" VPOS="832" HPOS="264"/>
							<String ID="string_132" HPOS="283" VPOS="830" WIDTH="75" HEIGHT="29" WC="0.90" CONTENT="ingätt,"/><SP WIDTH="15" VPOS="830" HPOS="358"/>
							<String ID="string_133" HPOS="373" VPOS="838" WIDTH="48" HEIGHT="14" WC="0.96" CONTENT="men"/><SP WIDTH="15" VPOS="838" HPOS="421"/>
							<String ID="string_134" HPOS="436" VPOS="832" WIDTH="57" HEIGHT="20" WC="0.93" CONTENT="ännu"/><SP WIDTH="15" VPOS="832" HPOS="493"/>
							<String ID="string_135" HPOS="508" VPOS="831" WIDTH="46" HEIGHT="21" WC="0.92" CONTENT="icke"/><SP WIDTH="16" VPOS="831" HPOS="554"/>
							<String ID="string_136" HPOS="570" VPOS="830" WIDTH="103" HEIGHT="29" WC="0.92" CONTENT="fullgjort,"/><SP WIDTH="16" VPOS="830" HPOS="673"/>
							<String ID="string_137" HPOS="689" VPOS="831" WIDTH="108" HEIGHT="21" WC="0.91" CONTENT="äfvensom"/><SP WIDTH="15" VPOS="831" HPOS="797"/>
							<String ID="string_138" HPOS="812" VPOS="831" WIDTH="33" HEIGHT="21" WC="0.96" CONTENT="för"/><SP WIDTH="15" VPOS="831" HPOS="845"/>
							<String ID="string_139" HPOS="860" VPOS="832" WIDTH="75" HEIGHT="26" WC="0.96" CONTENT="andra,"/>
						</TextLine>
						<TextLine ID="line_19" HPOS="187" VPOS="864" WIDTH="749" HEIGHT="31">
							<String ID="string_140" HPOS="187" VPOS="867" WIDTH="23" HEIGHT="21" WC="0.90" CONTENT="af"/><SP WIDTH="11" VPOS="867" HPOS="210"/>
							<String ID="string_141" HPOS="221" VPOS="866" WIDTH="109" HEIGHT="28" WC="0.96" CONTENT="tillfälliga"/><SP WIDTH="13" VPOS="866" HPOS="330"/>
							<String ID="string_142" HPOS="343" VPOS="866" WIDTH="113" HEIGHT="22" WC="0.96" CONTENT="händelser"/><SP WIDTH="14" VPOS="866" HPOS="456"/>
							<String ID="string_143" HPOS="470" VPOS="866" WIDTH="107" HEIGHT="21" WC="0.93" CONTENT="beroende"/><SP WIDTH="15" VPOS="866" HPOS="577"/>
							<String ID="string_144" HPOS="592" VPOS="864" WIDTH="147" HEIGHT="29" WC="0.92" CONTENT="rättsanspräk"/><SP WIDTH="15" VPOS="864" HPOS="739"/>
							<String ID="string_145" HPOS="754" VPOS="865" WIDTH="47" HEIGHT="23" WC="0.96" CONTENT="icke"/><SP WIDTH="10" VPOS="865" HPOS="801"/>
							<String ID="string_146" HPOS="811" VPOS="866" WIDTH="73" HEIGHT="21" WC="0.93" CONTENT="kunna"/><SP WIDTH="11" VPOS="866" HPOS="884"/>
							<String ID="string_147" HPOS="895" VPOS="873" WIDTH="41" HEIGHT="22" WC="0.92" CONTENT="ega"/>
						</TextLine>
						<TextLine ID="line_20" HPOS="186" VPOS="900" WIDTH="749" HEIGHT="28">
							<String ID="string_148" HPOS="186" VPOS="909" WIDTH="53" HEIGHT="19" WC="0.96" CONTENT="rum,"/><SP WIDTH="24" VPOS="909" HPOS="239"/>
							<String ID="string_149" HPOS="263" VPOS="901" WIDTH="55" HEIGHT="22" WC="0.96" CONTENT="dock"/><SP WIDTH="22" VPOS="901" HPOS="318"/>
							<String ID="string_150" HPOS="340" VPOS="901" WIDTH="76" HEIGHT="21" WC="0.93" CONTENT="endast"/><SP WIDTH="21" VPOS="901" HPOS="416"/>
							<String ID="string_151" HPOS="437" VPOS="900" WIDTH="89" HEIGHT="22" WC="0.91" CONTENT="säframt"/><SP WIDTH="19" VPOS="900" HPOS="526"/>
							<String ID="string_152" HPOS="545" VPOS="908" WIDTH="81" HEIGHT="14" WC="0.93" CONTENT="samma"/><SP WIDTH="15" VPOS="908" HPOS="626"/>
							<String ID="string_153" HPOS="641" VPOS="901" WIDTH="122" HEIGHT="27" WC="0.91" CONTENT="inteckning"/><SP WIDTH="15" VPOS="901" HPOS="763"/>
							<String ID="string_154" HPOS="778" VPOS="900" WIDTH="24" HEIGHT="21" WC="0.93" CONTENT="af"/><SP WIDTH="12" VPOS="900" HPOS="802"/>
							<String ID="string_155" HPOS="814" VPOS="900" WIDTH="121" HEIGHT="28" WC="0.93" CONTENT="fastighets-"/>
						</TextLine>
						<TextLine ID="line_21" HPOS="187" VPOS="935" WIDTH="750" HEIGHT="28">
							<String ID="string_156" HPOS="187" VPOS="943" WIDTH="78" HEIGHT="20" WC="0.93" CONTENT="egaren"/><SP WIDTH="14" VPOS="943" HPOS="265"/>
							<String ID="string_157" HPOS="279" VPOS="935" WIDTH="142" HEIGHT="28" WC="0.93" CONTENT="uttryckligen"/><SP WIDTH="15" VPOS="935" HPOS="421"/>
							<String ID="string_158" HPOS="436" VPOS="935" WIDTH="112" HEIGHT="22" WC="0.91" CONTENT="motsades."/><SP WIDTH="30" VPOS="935" HPOS="548"/>
							<String ID="string_159" HPOS="578" VPOS="935" WIDTH="60" HEIGHT="21" WC="0.95" CONTENT="Efter"/><SP WIDTH="14" VPOS="935" HPOS="638"/>
							<String ID="string_160" HPOS="652" VPOS="935" WIDTH="49" HEIGHT="21" WC="0.93" CONTENT="mitt"/><SP WIDTH="15" VPOS="935" HPOS="701"/>
							<String ID="string_161" HPOS="716" VPOS="935" WIDTH="138" HEIGHT="21" WC="0.92" CONTENT="förmenande"/><SP WIDTH="14" VPOS="935" HPOS="854"/>
							<String ID="string_162" HPOS="868" VPOS="935" WIDTH="69" HEIGHT="22" WC="0.96" CONTENT="skulle"/>
						</TextLine>
						<TextLine ID="line_22" HPOS="186" VPOS="969" WIDTH="751" HEIGHT="28">
							<String ID="string_163" HPOS="186" VPOS="970" WIDTH="65" HEIGHT="22" WC="0.87" CONTENT="likväl"/><SP WIDTH="11" VPOS="970" HPOS="251"/>
							<String ID="string_164" HPOS="262" VPOS="970" WIDTH="122" HEIGHT="27" WC="0.93" CONTENT="inteckning"/><SP WIDTH="11" VPOS="970" HPOS="384"/>
							<String ID="string_165" HPOS="395" VPOS="970" WIDTH="150" HEIGHT="27" WC="0.92" CONTENT="principenligt"/><SP WIDTH="11" VPOS="970" HPOS="545"/>
							<String ID="string_166" HPOS="556" VPOS="969" WIDTH="93" HEIGHT="22" WC="0.92" CONTENT="hvarken"/><SP WIDTH="8" VPOS="969" HPOS="649"/>
							<String ID="string_167" HPOS="657" VPOS="969" WIDTH="72" HEIGHT="22" WC="0.96" CONTENT="kunna"/><SP WIDTH="8" VPOS="969" HPOS="729"/>
							<String ID="string_168" HPOS="737" VPOS="969" WIDTH="52" HEIGHT="22" WC="0.93" CONTENT="eller"/><SP WIDTH="6" VPOS="969" HPOS="789"/>
							<String ID="string_169" HPOS="795" VPOS="970" WIDTH="55" HEIGHT="21" WC="0.93" CONTENT="böra"/><SP WIDTH="6" VPOS="970" HPOS="850"/>
							<String ID="string_170" HPOS="856" VPOS="969" WIDTH="81" HEIGHT="28" WC="0.68" CONTENT="ifräga-"/>
						</TextLine>
						<TextLine ID="line_23" HPOS="187" VPOS="1003" WIDTH="749" HEIGHT="28">
							<String ID="string_171" HPOS="187" VPOS="1005" WIDTH="85" HEIGHT="21" WC="0.94" CONTENT="komma"/><SP WIDTH="15" VPOS="1005" HPOS="272"/>
							<String ID="string_172" HPOS="287" VPOS="1003" WIDTH="34" HEIGHT="22" WC="0.96" CONTENT="för"/><SP WIDTH="15" VPOS="1003" HPOS="321"/>
							<String ID="string_173" HPOS="336" VPOS="1005" WIDTH="71" HEIGHT="25" WC="0.96" CONTENT="annat,"/><SP WIDTH="16" VPOS="1005" HPOS="407"/>
							<String ID="string_174" HPOS="423" VPOS="1005" WIDTH="27" HEIGHT="20" WC="0.96" CONTENT="än"/><SP WIDTH="16" VPOS="1005" HPOS="450"/>
							<String ID="string_175" HPOS="466" VPOS="1004" WIDTH="75" HEIGHT="21" WC="0.96" CONTENT="endast"/><SP WIDTH="14" VPOS="1004" HPOS="541"/>
							<String ID="string_176" HPOS="555" VPOS="1003" WIDTH="34" HEIGHT="22" WC="0.93" CONTENT="för"/><SP WIDTH="15" VPOS="1003" HPOS="589"/>
							<String ID="string_177" HPOS="604" VPOS="1003" WIDTH="111" HEIGHT="28" WC="0.92" CONTENT="ovilkorlig"/><SP WIDTH="14" VPOS="1003" HPOS="715"/>
							<String ID="string_178" HPOS="729" VPOS="1004" WIDTH="56" HEIGHT="27" WC="0.92" CONTENT="gäld,"/><SP WIDTH="16" VPOS="1004" HPOS="785"/>
							<String ID="string_179" HPOS="801" VPOS="1004" WIDTH="87" HEIGHT="21" WC="0.92" CONTENT="hvarför"/><SP WIDTH="10" VPOS="1004" HPOS="888"/>
							<String ID="string_180" HPOS="898" VPOS="1003" WIDTH="38" HEIGHT="23" WC="0.91" CONTENT="nä-"/>
						</TextLine>
						<TextLine ID="line_24" HPOS="187" VPOS="1037" WIDTH="750" HEIGHT="30">
							<String ID="string_181" HPOS="187" VPOS="1046" WIDTH="42" HEIGHT="21" WC="0.93" CONTENT="gon"/><SP WIDTH="23" VPOS="1046" HPOS="229"/>
							<String ID="string_182" HPOS="252" VPOS="1038" WIDTH="51" HEIGHT="29" WC="0.92" CONTENT="sjelf"/><SP WIDTH="19" VPOS="1038" HPOS="303"/>
							<String ID="string_183" HPOS="322" VPOS="1037" WIDTH="78" HEIGHT="26" WC="0.92" CONTENT="häftar,"/><SP WIDTH="23" VPOS="1037" HPOS="400"/>
							<String ID="string_184" HPOS="423" VPOS="1037" WIDTH="51" HEIGHT="22" WC="0.96" CONTENT="eller"/><SP WIDTH="22" VPOS="1037" HPOS="474"/>
							<String ID="string_185" HPOS="496" VPOS="1038" WIDTH="33" HEIGHT="21" WC="0.96" CONTENT="för"/><SP WIDTH="22" VPOS="1038" HPOS="529"/>
							<String ID="string_186" HPOS="551" VPOS="1038" WIDTH="41" HEIGHT="21" WC="0.93" CONTENT="viss"/><SP WIDTH="19" VPOS="1038" HPOS="592"/>
							<String ID="string_187" HPOS="611" VPOS="1037" WIDTH="42" HEIGHT="22" WC="0.93" CONTENT="tids"/><SP WIDTH="18" VPOS="1037" HPOS="653"/>
							<String ID="string_188" HPOS="671" VPOS="1038" WIDTH="114" HEIGHT="28" WC="0.87" CONTENT="nyttjorätt"/><SP WIDTH="14" VPOS="1038" HPOS="785"/>
							<String ID="string_189" HPOS="799" VPOS="1038" WIDTH="24" HEIGHT="21" WC="0.96" CONTENT="af"/><SP WIDTH="12" VPOS="1038" HPOS="823"/>
							<String ID="string_190" HPOS="835" VPOS="1038" WIDTH="102" HEIGHT="28" WC="0.96" CONTENT="fastighet"/>
						</TextLine>
						<TextLine ID="line_25" HPOS="188" VPOS="1071" WIDTH="749" HEIGHT="29">
							<String ID="string_191" HPOS="188" VPOS="1073" WIDTH="51" HEIGHT="22" WC="0.95" CONTENT="eller"/><SP WIDTH="16" VPOS="1073" HPOS="239"/>
							<String ID="string_192" HPOS="255" VPOS="1072" WIDTH="24" HEIGHT="22" WC="0.93" CONTENT="af"/><SP WIDTH="12" VPOS="1072" HPOS="279"/>
							<String ID="string_193" HPOS="291" VPOS="1071" WIDTH="71" HEIGHT="29" WC="0.92" CONTENT="nägot,"/><SP WIDTH="16" VPOS="1071" HPOS="362"/>
							<String ID="string_194" HPOS="378" VPOS="1079" WIDTH="46" HEIGHT="14" WC="0.93" CONTENT="som"/><SP WIDTH="16" VPOS="1079" HPOS="424"/>
							<String ID="string_195" HPOS="440" VPOS="1072" WIDTH="70" HEIGHT="21" WC="0.93" CONTENT="dertill"/><SP WIDTH="14" VPOS="1072" HPOS="510"/>
							<String ID="string_196" HPOS="524" VPOS="1073" WIDTH="46" HEIGHT="25" WC="0.96" CONTENT="hör,"/><SP WIDTH="16" VPOS="1073" HPOS="570"/>
							<String ID="string_197" HPOS="586" VPOS="1073" WIDTH="56" HEIGHT="20" WC="0.93" CONTENT="samt"/><SP WIDTH="14" VPOS="1073" HPOS="642"/>
							<String ID="string_198" HPOS="656" VPOS="1071" WIDTH="68" HEIGHT="22" WC="0.92" CONTENT="sädan"/><SP WIDTH="14" VPOS="1071" HPOS="724"/>
							<String ID="string_199" HPOS="738" VPOS="1073" WIDTH="100" HEIGHT="21" WC="0.93" CONTENT="säkerhet"/><SP WIDTH="14" VPOS="1073" HPOS="838"/>
							<String ID="string_200" HPOS="852" VPOS="1073" WIDTH="7" HEIGHT="20" WC="0.97" CONTENT="i"/><SP WIDTH="15" VPOS="1073" HPOS="859"/>
							<String ID="string_201" HPOS="874" VPOS="1073" WIDTH="63" HEIGHT="22" WC="0.96" CONTENT="dessa"/>
						</TextLine>
						<TextLine ID="line_26" HPOS="187" VPOS="1106" WIDTH="750" HEIGHT="29">
							<String ID="string_202" HPOS="187" VPOS="1107" WIDTH="114" HEIGHT="22" WC="0.92" CONTENT="händelser"/><SP WIDTH="18" VPOS="1107" HPOS="301"/>
							<String ID="string_203" HPOS="319" VPOS="1107" WIDTH="89" HEIGHT="27" WC="0.88" CONTENT="beviljas"/><SP WIDTH="16" VPOS="1107" HPOS="408"/>
							<String ID="string_204" HPOS="424" VPOS="1106" WIDTH="90" HEIGHT="21" WC="0.93" CONTENT="allenast"/><SP WIDTH="13" VPOS="1106" HPOS="514"/>
							<String ID="string_205" HPOS="527" VPOS="1107" WIDTH="8" HEIGHT="20" WC="0.96" CONTENT="i"/><SP WIDTH="16" VPOS="1107" HPOS="535"/>
							<String ID="string_206" HPOS="551" VPOS="1106" WIDTH="36" HEIGHT="21" WC="0.93" CONTENT="det"/><SP WIDTH="14" VPOS="1106" HPOS="587"/>
							<String ID="string_207" HPOS="601" VPOS="1106" WIDTH="56" HEIGHT="21" WC="0.92" CONTENT="fasta"/><SP WIDTH="14" VPOS="1106" HPOS="657"/>
							<String ID="string_208" HPOS="671" VPOS="1107" WIDTH="60" HEIGHT="27" WC="0.96" CONTENT="gods,"/><SP WIDTH="15" VPOS="1107" HPOS="731"/>
							<String ID="string_209" HPOS="746" VPOS="1113" WIDTH="46" HEIGHT="15" WC="0.93" CONTENT="som"/><SP WIDTH="15" VPOS="1113" HPOS="792"/>
							<String ID="string_210" HPOS="807" VPOS="1107" WIDTH="130" HEIGHT="28" WC="0.92" CONTENT="gäldenären"/>
						</TextLine>
						<TextLine ID="line_27" HPOS="188" VPOS="1140" WIDTH="749" HEIGHT="30">
							<String ID="string_211" HPOS="188" VPOS="1142" WIDTH="52" HEIGHT="22" WC="0.69" CONTENT="eller"/><SP WIDTH="21" VPOS="1142" HPOS="240"/>
							<String ID="string_212" HPOS="261" VPOS="1141" WIDTH="124" HEIGHT="29" WC="0.69" CONTENT="nyttjorätts"/><SP WIDTH="19" VPOS="1141" HPOS="385"/>
							<String ID="string_213" HPOS="404" VPOS="1140" WIDTH="128" HEIGHT="28" WC="0.92" CONTENT="upplätaren"/><SP WIDTH="15" VPOS="1140" HPOS="532"/>
							<String ID="string_214" HPOS="547" VPOS="1141" WIDTH="51" HEIGHT="29" WC="0.96" CONTENT="sjelf"/><SP WIDTH="13" VPOS="1141" HPOS="598"/>
							<String ID="string_215" HPOS="611" VPOS="1147" WIDTH="55" HEIGHT="21" WC="0.96" CONTENT="eger."/><SP WIDTH="30" VPOS="1147" HPOS="666"/>
							<String ID="string_216" HPOS="696" VPOS="1141" WIDTH="49" HEIGHT="21" WC="0.96" CONTENT="Men"/><SP WIDTH="15" VPOS="1141" HPOS="745"/>
							<String ID="string_217" HPOS="760" VPOS="1148" WIDTH="46" HEIGHT="15" WC="0.96" CONTENT="som"/><SP WIDTH="16" VPOS="1148" HPOS="806"/>
							<String ID="string_218" HPOS="822" VPOS="1142" WIDTH="74" HEIGHT="26" WC="0.96" CONTENT="denna,"/><SP WIDTH="16" VPOS="1142" HPOS="896"/>
							<String ID="string_219" HPOS="912" VPOS="1141" WIDTH="25" HEIGHT="22" WC="0.97" CONTENT="sä"/>
						</TextLine>
						<TextLine ID="line_28" HPOS="188" VPOS="1174" WIDTH="749" HEIGHT="30">
							<String ID="string_220" HPOS="188" VPOS="1176" WIDTH="45" HEIGHT="22" WC="0.92" CONTENT="vidt"/><SP WIDTH="12" VPOS="1176" HPOS="233"/>
							<String ID="string_221" HPOS="245" VPOS="1176" WIDTH="38" HEIGHT="28" WC="0.93" CONTENT="jag"/><SP WIDTH="15" VPOS="1176" HPOS="283"/>
							<String ID="string_222" HPOS="298" VPOS="1174" WIDTH="80" HEIGHT="23" WC="0.91" CONTENT="förmär"/><SP WIDTH="14" VPOS="1174" HPOS="378"/>
							<String ID="string_223" HPOS="392" VPOS="1176" WIDTH="52" HEIGHT="25" WC="0.92" CONTENT="inse,"/><SP WIDTH="16" VPOS="1176" HPOS="444"/>
							<String ID="string_224" HPOS="460" VPOS="1175" WIDTH="48" HEIGHT="22" WC="0.90" CONTENT="fullt"/><SP WIDTH="14" VPOS="1175" HPOS="508"/>
							<String ID="string_225" HPOS="522" VPOS="1175" WIDTH="79" HEIGHT="27" WC="0.92" CONTENT="riktiga"/><SP WIDTH="15" VPOS="1175" HPOS="601"/>
							<String ID="string_226" HPOS="616" VPOS="1175" WIDTH="114" HEIGHT="27" WC="0.92" CONTENT="grundsats"/><SP WIDTH="14" VPOS="1175" HPOS="730"/>
							<String ID="string_227" HPOS="744" VPOS="1175" WIDTH="47" HEIGHT="22" WC="0.90" CONTENT="icke"/><SP WIDTH="14" VPOS="1175" HPOS="791"/>
							<String ID="string_228" HPOS="805" VPOS="1176" WIDTH="43" HEIGHT="21" WC="0.93" CONTENT="kan"/><SP WIDTH="11" VPOS="1176" HPOS="848"/>
							<String ID="string_229" HPOS="859" VPOS="1176" WIDTH="78" HEIGHT="21" WC="0.91" CONTENT="tilläm-"/>
						</TextLine>
						<TextLine ID="line_29" HPOS="187" VPOS="1209" WIDTH="751" HEIGHT="29">
							<String ID="string_230" HPOS="187" VPOS="1218" WIDTH="40" HEIGHT="20" WC="0.95" CONTENT="pas"/><SP WIDTH="22" VPOS="1218" HPOS="227"/>
							<String ID="string_231" HPOS="249" VPOS="1210" WIDTH="29" HEIGHT="28" WC="0.91" CONTENT="pä"/><SP WIDTH="22" VPOS="1210" HPOS="278"/>
							<String ID="string_232" HPOS="300" VPOS="1210" WIDTH="47" HEIGHT="22" WC="0.91" CONTENT="sökt"/><SP WIDTH="21" VPOS="1210" HPOS="347"/>
							<String ID="string_233" HPOS="368" VPOS="1210" WIDTH="122" HEIGHT="28" WC="0.92" CONTENT="inteckning"/><SP WIDTH="21" VPOS="1210" HPOS="490"/>
							<String ID="string_234" HPOS="511" VPOS="1210" WIDTH="34" HEIGHT="21" WC="0.93" CONTENT="för"/><SP WIDTH="19" VPOS="1210" HPOS="545"/>
							<String ID="string_235" HPOS="564" VPOS="1209" WIDTH="109" HEIGHT="22" WC="0.91" CONTENT="eventuela"/><SP WIDTH="18" VPOS="1209" HPOS="673"/>
							<String ID="string_236" HPOS="691" VPOS="1209" WIDTH="147" HEIGHT="27" WC="0.92" CONTENT="förbindelser,"/><SP WIDTH="19" VPOS="1209" HPOS="838"/>
							<String ID="string_237" HPOS="857" VPOS="1209" WIDTH="81" HEIGHT="23" WC="0.92" CONTENT="sädane"/>
						</TextLine>
						<TextLine ID="line_30" HPOS="189" VPOS="1243" WIDTH="748" HEIGHT="29">
							<String ID="string_238" HPOS="189" VPOS="1253" WIDTH="46" HEIGHT="13" WC="0.89" CONTENT="som"/><SP WIDTH="23" VPOS="1253" HPOS="235"/>
							<String ID="string_239" HPOS="258" VPOS="1244" WIDTH="88" HEIGHT="28" WC="0.95" CONTENT="borgen,"/><SP WIDTH="22" VPOS="1244" HPOS="346"/>
							<String ID="string_240" HPOS="368" VPOS="1244" WIDTH="85" HEIGHT="22" WC="0.93" CONTENT="hvilken"/><SP WIDTH="22" VPOS="1244" HPOS="453"/>
							<String ID="string_241" HPOS="475" VPOS="1244" WIDTH="175" HEIGHT="27" WC="0.92" CONTENT="fastighetsegare"/><SP WIDTH="17" VPOS="1244" HPOS="650"/>
							<String ID="string_242" HPOS="667" VPOS="1244" WIDTH="33" HEIGHT="27" WC="0.93" CONTENT="sig"/><SP WIDTH="18" VPOS="1244" HPOS="700"/>
							<String ID="string_243" HPOS="718" VPOS="1243" WIDTH="74" HEIGHT="28" WC="0.96" CONTENT="åtagit,"/><SP WIDTH="19" VPOS="1243" HPOS="792"/>
							<String ID="string_244" HPOS="811" VPOS="1244" WIDTH="51" HEIGHT="21" WC="0.93" CONTENT="eller"/><SP WIDTH="14" VPOS="1244" HPOS="862"/>
							<String ID="string_245" HPOS="876" VPOS="1244" WIDTH="61" HEIGHT="22" WC="0.93" CONTENT="hvari"/>
						</TextLine>
						<TextLine ID="line_31" HPOS="189" VPOS="1277" WIDTH="749" HEIGHT="28">
							<String ID="string_246" HPOS="189" VPOS="1285" WIDTH="71" HEIGHT="14" WC="0.96" CONTENT="annan"/><SP WIDTH="22" VPOS="1285" HPOS="260"/>
							<String ID="string_247" HPOS="282" VPOS="1279" WIDTH="33" HEIGHT="20" WC="0.96" CONTENT="för"/><SP WIDTH="18" VPOS="1279" HPOS="315"/>
							<String ID="string_248" HPOS="333" VPOS="1278" WIDTH="79" HEIGHT="21" WC="0.92" CONTENT="honom"/><SP WIDTH="18" VPOS="1278" HPOS="412"/>
							<String ID="string_249" HPOS="430" VPOS="1278" WIDTH="63" HEIGHT="25" WC="0.92" CONTENT="trädt,"/><SP WIDTH="20" VPOS="1278" HPOS="493"/>
							<String ID="string_250" HPOS="513" VPOS="1284" WIDTH="49" HEIGHT="14" WC="0.96" CONTENT="men"/><SP WIDTH="15" VPOS="1284" HPOS="562"/>
							<String ID="string_251" HPOS="577" VPOS="1278" WIDTH="58" HEIGHT="20" WC="0.92" CONTENT="ännu"/><SP WIDTH="13" VPOS="1278" HPOS="635"/>
							<String ID="string_252" HPOS="648" VPOS="1277" WIDTH="47" HEIGHT="21" WC="0.96" CONTENT="icke"/><SP WIDTH="15" VPOS="1277" HPOS="695"/>
							<String ID="string_253" HPOS="710" VPOS="1277" WIDTH="99" HEIGHT="27" WC="0.95" CONTENT="uppfyllt,"/><SP WIDTH="15" VPOS="1277" HPOS="809"/>
							<String ID="string_254" HPOS="824" VPOS="1284" WIDTH="63" HEIGHT="14" WC="0.96" CONTENT="anser"/><SP WIDTH="11" VPOS="1284" HPOS="887"/>
							<String ID="string_255" HPOS="898" VPOS="1278" WIDTH="40" HEIGHT="27" WC="0.96" CONTENT="jag"/>
						</TextLine>
						<TextLine ID="line_32" HPOS="188" VPOS="1310" WIDTH="751" HEIGHT="29">
							<String ID="string_256" HPOS="188" VPOS="1312" WIDTH="72" HEIGHT="27" WC="0.91" CONTENT="nägon"/><SP WIDTH="23" VPOS="1312" HPOS="260"/>
							<String ID="string_257" HPOS="283" VPOS="1311" WIDTH="93" HEIGHT="27" WC="0.91" CONTENT="eftergift"/><SP WIDTH="22" VPOS="1311" HPOS="376"/>
							<String ID="string_258" HPOS="398" VPOS="1311" WIDTH="46" HEIGHT="21" WC="0.90" CONTENT="deri"/><SP WIDTH="18" VPOS="1311" HPOS="444"/>
							<String ID="string_259" HPOS="462" VPOS="1312" WIDTH="46" HEIGHT="20" WC="0.91" CONTENT="icke"/><SP WIDTH="18" VPOS="1312" HPOS="508"/>
							<String ID="string_260" HPOS="526" VPOS="1310" WIDTH="68" HEIGHT="22" WC="0.93" CONTENT="heller"/><SP WIDTH="18" VPOS="1310" HPOS="594"/>
							<String ID="string_261" HPOS="612" VPOS="1310" WIDTH="54" HEIGHT="22" WC="0.92" CONTENT="böra"/><SP WIDTH="15" VPOS="1310" HPOS="666"/>
							<String ID="string_262" HPOS="681" VPOS="1312" WIDTH="63" HEIGHT="26" WC="0.92" CONTENT="göras"/><SP WIDTH="16" VPOS="1312" HPOS="744"/>
							<String ID="string_263" HPOS="760" VPOS="1311" WIDTH="51" HEIGHT="21" WC="0.96" CONTENT="eller"/><SP WIDTH="15" VPOS="1311" HPOS="811"/>
							<String ID="string_264" HPOS="826" VPOS="1312" WIDTH="36" HEIGHT="20" WC="0.93" CONTENT="det"/><SP WIDTH="15" VPOS="1312" HPOS="862"/>
							<String ID="string_265" HPOS="877" VPOS="1311" WIDTH="62" HEIGHT="28" WC="0.93" CONTENT="eljest"/>
						</TextLine>
						<TextLine ID="line_33" HPOS="188" VPOS="1344" WIDTH="750" HEIGHT="29">
							<String ID="string_266" HPOS="188" VPOS="1354" WIDTH="53" HEIGHT="14" WC="0.93" CONTENT="vara"/><SP WIDTH="19" VPOS="1354" HPOS="241"/>
							<String ID="string_267" HPOS="260" VPOS="1344" WIDTH="14" HEIGHT="24" WC="0.90" CONTENT="&amp;"/><SP WIDTH="17" VPOS="1344" HPOS="274"/>
							<String ID="string_268" HPOS="291" VPOS="1344" WIDTH="77" HEIGHT="29" WC="0.92" CONTENT="frägan"/><SP WIDTH="20" VPOS="1344" HPOS="368"/>
							<String ID="string_269" HPOS="388" VPOS="1345" WIDTH="113" HEIGHT="27" WC="0.92" CONTENT="verkande,"/><SP WIDTH="16" VPOS="1345" HPOS="501"/>
							<String ID="string_270" HPOS="517" VPOS="1352" WIDTH="35" HEIGHT="14" WC="0.93" CONTENT="om"/><SP WIDTH="15" VPOS="1352" HPOS="552"/>
							<String ID="string_271" HPOS="567" VPOS="1344" WIDTH="112" HEIGHT="22" WC="0.92" CONTENT="löftesman"/><SP WIDTH="16" VPOS="1344" HPOS="679"/>
							<String ID="string_272" HPOS="695" VPOS="1345" WIDTH="51" HEIGHT="22" WC="0.96" CONTENT="eller"/><SP WIDTH="15" VPOS="1345" HPOS="746"/>
							<String ID="string_273" HPOS="761" VPOS="1352" WIDTH="70" HEIGHT="15" WC="0.96" CONTENT="annan"/><SP WIDTH="15" VPOS="1352" HPOS="831"/>
							<String ID="string_274" HPOS="846" VPOS="1347" WIDTH="28" HEIGHT="20" WC="0.96" CONTENT="än"/><SP WIDTH="16" VPOS="1347" HPOS="874"/>
							<String ID="string_275" HPOS="890" VPOS="1346" WIDTH="48" HEIGHT="26" WC="0.96" CONTENT="den,"/>
						</TextLine>
						<TextLine ID="line_34" HPOS="189" VPOS="1379" WIDTH="749" HEIGHT="30">
							<String ID="string_276" HPOS="189" VPOS="1388" WIDTH="46" HEIGHT="15" WC="0.91" CONTENT="som"/><SP WIDTH="22" VPOS="1388" HPOS="235"/>
							<String ID="string_277" HPOS="257" VPOS="1380" WIDTH="50" HEIGHT="29" WC="0.91" CONTENT="sjelf"/><SP WIDTH="20" VPOS="1380" HPOS="307"/>
							<String ID="string_278" HPOS="327" VPOS="1382" WIDTH="25" HEIGHT="20" WC="0.92" CONTENT="är"/><SP WIDTH="22" VPOS="1382" HPOS="352"/>
							<String ID="string_279" HPOS="374" VPOS="1380" WIDTH="121" HEIGHT="22" WC="0.92" CONTENT="omedelbar"/><SP WIDTH="23" VPOS="1380" HPOS="495"/>
							<String ID="string_280" HPOS="518" VPOS="1379" WIDTH="109" HEIGHT="28" WC="0.92" CONTENT="gäldenär,"/><SP WIDTH="20" VPOS="1379" HPOS="627"/>
							<String ID="string_281" HPOS="647" VPOS="1380" WIDTH="61" HEIGHT="21" WC="0.87" CONTENT="äfven"/><SP WIDTH="15" VPOS="1380" HPOS="708"/>
							<String ID="string_282" HPOS="723" VPOS="1380" WIDTH="68" HEIGHT="22" WC="0.96" CONTENT="skulle"/><SP WIDTH="14" VPOS="1380" HPOS="791"/>
							<String ID="string_283" HPOS="805" VPOS="1380" WIDTH="33" HEIGHT="21" WC="0.93" CONTENT="till"/><SP WIDTH="14" VPOS="1380" HPOS="838"/>
							<String ID="string_284" HPOS="852" VPOS="1380" WIDTH="86" HEIGHT="22" WC="0.93" CONTENT="medde-"/>
						</TextLine>
						<TextLine ID="line_35" HPOS="189" VPOS="1414" WIDTH="750" HEIGHT="29">
							<String ID="string_285" HPOS="189" VPOS="1416" WIDTH="63" HEIGHT="22" WC="0.91" CONTENT="lande"/><SP WIDTH="22" VPOS="1416" HPOS="252"/>
							<String ID="string_286" HPOS="274" VPOS="1414" WIDTH="24" HEIGHT="22" WC="0.90" CONTENT="af"/><SP WIDTH="19" VPOS="1414" HPOS="298"/>
							<String ID="string_287" HPOS="317" VPOS="1415" WIDTH="133" HEIGHT="28" WC="0.87" CONTENT="intecknings"/><SP WIDTH="18" VPOS="1415" HPOS="450"/>
							<String ID="string_288" HPOS="468" VPOS="1415" WIDTH="99" HEIGHT="21" WC="0.93" CONTENT="säkerhet"/><SP WIDTH="14" VPOS="1415" HPOS="567"/>
							<String ID="string_289" HPOS="581" VPOS="1414" WIDTH="7" HEIGHT="22" WC="0.96" CONTENT="i"/><SP WIDTH="16" VPOS="1414" HPOS="588"/>
							<String ID="string_290" HPOS="604" VPOS="1414" WIDTH="32" HEIGHT="22" WC="0.96" CONTENT="sin"/><SP WIDTH="15" VPOS="1414" HPOS="636"/>
							<String ID="string_291" HPOS="651" VPOS="1415" WIDTH="101" HEIGHT="28" WC="0.93" CONTENT="fastighet"/><SP WIDTH="14" VPOS="1415" HPOS="752"/>
							<String ID="string_292" HPOS="766" VPOS="1416" WIDTH="106" HEIGHT="27" WC="0.91" CONTENT="samtyckt"/><SP WIDTH="15" VPOS="1416" HPOS="872"/>
							<String ID="string_293" HPOS="887" VPOS="1415" WIDTH="52" HEIGHT="22" WC="0.97" CONTENT="eller"/>
						</TextLine>
						<TextLine ID="line_36" HPOS="189" VPOS="1449" WIDTH="750" HEIGHT="30">
							<String ID="string_294" HPOS="189" VPOS="1451" WIDTH="54" HEIGHT="22" WC="0.90" CONTENT="icke."/><SP WIDTH="29" VPOS="1451" HPOS="243"/>
							<String ID="string_295" HPOS="272" VPOS="1450" WIDTH="42" HEIGHT="22" WC="0.92" CONTENT="Väl"/><SP WIDTH="17" VPOS="1450" HPOS="314"/>
							<String ID="string_296" HPOS="331" VPOS="1449" WIDTH="63" HEIGHT="22" WC="0.94" CONTENT="mää"/><SP WIDTH="15" VPOS="1449" HPOS="394"/>
							<String ID="string_297" HPOS="409" VPOS="1457" WIDTH="41" HEIGHT="15" WC="0.96" CONTENT="ena"/><SP WIDTH="14" VPOS="1457" HPOS="450"/>
							<String ID="string_298" HPOS="464" VPOS="1450" WIDTH="61" HEIGHT="22" WC="0.93" CONTENT="sidan"/><SP WIDTH="14" VPOS="1450" HPOS="525"/>
							<String ID="string_299" HPOS="539" VPOS="1449" WIDTH="123" HEIGHT="29" WC="0.93" CONTENT="medgifvas,"/><SP WIDTH="16" VPOS="1449" HPOS="662"/>
							<String ID="string_300" HPOS="678" VPOS="1452" WIDTH="32" HEIGHT="20" WC="0.93" CONTENT="att"/><SP WIDTH="14" VPOS="1452" HPOS="710"/>
							<String ID="string_301" HPOS="724" VPOS="1451" WIDTH="74" HEIGHT="28" WC="0.93" CONTENT="hvarje"/><SP WIDTH="14" VPOS="1451" HPOS="798"/>
							<String ID="string_302" HPOS="812" VPOS="1451" WIDTH="127" HEIGHT="28" WC="0.91" CONTENT="fullmyndig"/>
						</TextLine>
						<TextLine ID="line_37" HPOS="190" VPOS="1484" WIDTH="749" HEIGHT="29">
							<String ID="string_303" HPOS="190" VPOS="1493" WIDTH="78" HEIGHT="20" WC="0.96" CONTENT="person"/><SP WIDTH="21" VPOS="1493" HPOS="268"/>
							<String ID="string_304" HPOS="289" VPOS="1485" WIDTH="40" HEIGHT="22" WC="0.93" CONTENT="bör"/><SP WIDTH="18" VPOS="1485" HPOS="329"/>
							<String ID="string_305" HPOS="347" VPOS="1484" WIDTH="23" HEIGHT="23" WC="0.96" CONTENT="få"/><SP WIDTH="17" VPOS="1484" HPOS="370"/>
							<String ID="string_306" HPOS="387" VPOS="1484" WIDTH="86" HEIGHT="29" WC="0.96" CONTENT="förfoga"/><SP WIDTH="18" VPOS="1484" HPOS="473"/>
							<String ID="string_307" HPOS="491" VPOS="1485" WIDTH="58" HEIGHT="22" WC="0.95" CONTENT="öfver"/><SP WIDTH="18" VPOS="1485" HPOS="549"/>
							<String ID="string_308" HPOS="567" VPOS="1485" WIDTH="32" HEIGHT="22" WC="0.96" CONTENT="sin"/><SP WIDTH="19" VPOS="1485" HPOS="599"/>
							<String ID="string_309" HPOS="618" VPOS="1485" WIDTH="109" HEIGHT="28" WC="0.96" CONTENT="egendom,"/><SP WIDTH="18" VPOS="1485" HPOS="727"/>
							<String ID="string_310" HPOS="745" VPOS="1485" WIDTH="50" HEIGHT="22" WC="0.96" CONTENT="bäst"/><SP WIDTH="17" VPOS="1485" HPOS="795"/>
							<String ID="string_311" HPOS="812" VPOS="1486" WIDTH="78" HEIGHT="21" WC="0.96" CONTENT="honom"/><SP WIDTH="14" VPOS="1486" HPOS="890"/>
							<String ID="string_312" HPOS="904" VPOS="1485" WIDTH="35" HEIGHT="22" WC="0.96" CONTENT="för"/>
						</TextLine>
					</TextBlock>
				</ComposedBlock>
			</PrintSpace>
		</Page>
	</Layout>
</alto>
