1020 1728
284 151 73 23 Nådiga
367 151 136 22 Propositionen
515 151 35 18 N:o
562 152 27 16 30.
744 149 44 17 1559

59 225 56 19 rum,
134 220 54 19 utan
206 217 40 21 bör
264 217 124 21 densamma
405 220 53 18 utan
472 217 77 20 vidare
564 216 96 21 kontroll
674 216 134 28 godkännas.

59 251 84 22 Finner
158 251 230 29 bevillningskomitén,
397 251 42 28 för
444 251 145 28 fullgörande
602 252 25 27 af
636 252 39 20 sitt
687 251 122 29 åliggande,

60 287 78 29 nödigt
161 289 33 18 att
210 286 58 29 från
290 285 128 22 embetsverk
437 286 52 21 eller
508 286 127 29 tjenstemän
649 285 95 22 inhemta
758 287 53 20 när-

61 328 60 14 mare
139 321 111 28 uppgifter
270 321 38 20 och
326 321 164 27 upplysningar,
510 320 54 21 böra
579 321 57 20 desse
651 321 161 28 ofördröjligen

61 357 76 27 genom
155 354 104 22 komiténs
275 355 133 29 ordförande
426 355 115 29 infordras
560 355 39 21 och
614 356 24 27 af
651 355 160 22 vederbörande

61 390 94 22 komitén
174 389 186 22 tillhandahållas.
393 388 131 22 Underlåter
544 390 129 21 embetsverk
692 391 52 21 eller
759 390 53 29 tjen-

63 428 81 18 steman
166 428 34 17 att
220 424 97 21 meddela
336 424 74 28 dylika
422 425 42 27 för
480 424 209 29 bevillningskomité
703 425 109 29 erforder-

63 460 45 28 liga
119 459 111 28 uppgifter
244 458 39 21 och
293 459 163 28 upplysningar,
470 458 52 21 eller
527 458 119 29 fördröjer
657 459 87 21 dermed
755 460 57 21 otill-

61 494 107 28 börligeny
184 494 52 20 eller
251 493 103 27 aflemnar
369 492 48 21 dem
432 492 139 29 bristfällige,
586 500 52 14 vare
652 493 160 23 vederbörande

62 529 88 28 derföre
163 528 111 30 förfallne
293 528 35 21 till
346 534 79 14 ansvar
444 528 70 21 såsom
522 528 43 28 för
580 536 72 13 annan
660 529 153 28 försummelse

63 564 10 20 i
89 564 97 28 tjensten.

411 608 12 29 $
438 607 32 22 18.

135 652 94 30 Uppgift
244 653 36 21 till
295 652 119 29 bevillning
430 653 54 28 efter
498 652 93 22 inkomst
606 652 49 22 sker
665 654 60 21 inom
735 654 39 28 det
782 654 32 21 di-

65 688 72 27 strikt,
154 688 86 21 hvarest
255 688 41 21 den
311 686 155 29 skattskyldige
479 688 26 20 är
516 687 197 30 mantalsskrifven,
725 688 38 22 och
774 688 41 21 bör

59 724 66 29 förty
140 723 47 26 den,
202 729 44 14 som
262 728 49 22 eger
326 722 53 21 eller
389 722 92 21 innehar
486 722 110 29 fastighet
607 723 52 20 eller
671 730 81 14 annars
762 731 54 20 upp-

65 758 41 21 bär
128 757 94 22 inkomst
243 758 60 19 inom
325 759 68 19 annat
411 756 90 21 distrikt
519 758 30 19 än
568 757 41 26 det,
629 757 86 22 hvarest
730 758 43 21 han
788 759 28 20 är

65 792 198 29 mantalsskrifven,
278 791 105 28 uppgifva
399 791 31 21 all
444 792 34 20 sin
493 798 53 14 rena
560 791 93 22 inkomst
658 792 43 29 för
712 793 104 20 mantals-

66 827 194 30 skrifningsortens
283 826 211 29 bevillningskomitö
511 829 54 18 utan
583 827 97 28 afseende
700 827 117 29 hvarifrån

65 862 121 22 inkomsten
205 862 111 28 härjiyter.
345 860 98 22 Inkomst
461 861 25 30 af
502 861 68 21 aktie-
585 862 39 21 och
639 862 121 29 bankbolag
776 863 40 21 bör

65 898 117 28 uppgifvas
197 897 38 20 der
251 897 46 20 dess
312 896 81 21 rörelse
403 897 161 28 förnämligast
579 897 105 29 bedrifves
696 898 58 27 eller,
766 898 51 29 ifall

67 933 69 21 sådan
154 931 95 22 bestämd
265 935 35 18 ort
314 931 46 22 icke
371 931 76 28 finnes,
463 932 40 21 der
517 931 85 29 bolaget
617 932 40 21 har
673 933 34 21 sin
722 934 95 28 styrelse.

413 1005 12 28 $
440 1004 32 22 19.

137 1048 226 29 Bevillningskomitös
381 1048 195 29 öfverläggningar
591 1049 70 21 hållas
676 1050 59 20 inom
745 1049 73 22 slutna

69 1084 89 21 dörrar.
181 1083 118 29 Angående
307 1083 40 29 jäf
356 1086 54 18 emot
424 1083 90 21 ledamot
525 1084 10 19 i
546 1083 272 30 bevillningskomite
761 1079 61 38 gälle

70 1119 56 21 hvad
145 1119 111 20 allmänna
275 1119 62 27 lagen
357 1125 32 14 om
405 1118 39 28 jäf
460 1121 54 18 emot
528 1118 87 21 domare
631 1119 97 28 stadgar.
761 1118 59 29 Upp-

71 1153 40 21 stä:
127 1153 128 28 skiljaktiga
273 1153 113 28 meningar
405 1151 65 22 bland
490 1152 218 29 bevillningskomits
721 1153 99 22 ledamö-

71 1192 39 22 ter,
127 1187 55 22 skall
198 1189 68 26 öppen
282 1187 133 28 omröstning
431 1187 34 21 ske
481 1187 38 21 och
534 1187 40 21 den
588 1189 86 27 mening
690 1188 69 29 blifva
772 1189 49 27 gäl-

71 1222 70 26 lande,
158 1221 86 22 hvilken
253 1221 98 28 flertalet
366 1221 65 21 bland
447 1222 144 21 ledamöterne
607 1221 91 27 biträdt,
715 1223 59 26 eller,
787 1230 34 13 om

71 1258 98 19 vösterne
192 1256 86 29 utfallit
297 1255 50 26 lika,
367 1256 41 21 den
427 1263 44 14 som
486 1256 76 21 länder
579 1257 34 20 till
628 1257 41 20 den
683 1251 138 35 Bevillnings-

71 1291 108 28 skyldiges
196 1291 100 28 förmån,
319 1290 39 21 och
380 1291 27 20 är
426 1291 35 20 det
479 1291 25 21 de
523 1291 124 26 ledamöter,
663 1291 84 21 hvilkas
763 1293 59 27 äsigt

71 1325 46 21 icke
133 1325 73 28 blifvit
220 1325 109 28 gällande,
345 1325 97 28 obetaget
458 1329 38 23 att,
512 1333 34 13 om
560 1326 25 20 de
601 1326 36 21 det
652 1325 73 27 önska,
729 1326 31 29 få
771 1326 51 42 den

72 1367 80 13 samma
168 1360 36 19 till
214 1359 135 27 protokollet
365 1359 125 20 antecknad.

415 1418 12 28 $
442 1416 39 23 20.

143 1462 204 29 Bevillningsafgift
370 1461 106 22 beräknas
498 1461 54 30 efter
571 1462 74 29 jemna
663 1461 119 23 hundratal
800 1463 26 28 af

74 1498 100 26 inkomst,
190 1498 91 21 sälunda
297 1500 32 18 att
345 1497 55 21 hvad
415 1504 45 14 som
470 1497 136 29 understiger
612 1498 80 28 femtio
704 1497 62 21 mark
778 1497 46 21 icke

734 1539 22 15 98
