1003 1723
201 124 45 38 1234
406 135 72 23 Nääiga
490 128 136 30 Propositionen
638 136 34 17 N:o
684 136 28 16 25.

305 198 96 22 Innehar
414 199 135 28 gäldenären
563 198 77 23 embete
656 199 52 21 eller
724 198 71 30 tjenst,
809 198 69 22 varde
893 198 37 21 do-

247 239 54 21 men,
323 233 25 21 sä
370 236 62 18 snart
455 234 41 21 den
508 234 73 29 fallit,
596 232 80 22 insänd
691 233 36 21 till
742 232 36 22 det
793 231 136 28 embetsverk,

248 267 123 22 hvarunder
387 268 43 20 han
445 268 67 28 lyder.

303 301 78 29 Tredje
395 302 83 28 stycket
492 302 147 22 oförändradt.

505 355 24 28 $$
546 355 25 20 91
589 354 40 22 och
644 355 34 21 92.

511 388 155 22 Oförändrade.

525 451 80 22 Kap.
623 451 31 17 7.

297 500 49 22 Huru
360 500 80 22 konkurs
455 500 76 22 afsiutas
545 499 36 28 mä,
595 499 22 22 sä
631 500 35 21 ock
680 507 27 14 om
721 500 115 28 redovisning
849 496 34 25 och

541 537 99 28 utdelning.

554 585 16 31 $
587 585 33 20 93.

515 617 143 24 Oförändrad.

557 675 13 28 8
586 675 33 20 94.

306 717 11 22 I
338 717 66 28 öfrigt
420 718 45 21 lika
478 717 49 23 med
541 718 167 28 propositionen,
722 719 61 21 utom
797 717 71 26 slutet,
883 724 47 15 som

248 753 85 22 komme
347 754 32 20 att
393 752 60 28 lyda:

305 799 28 4 —
352 799 28 4 —
398 787 49 28 dag,
466 793 45 14 som
529 786 40 22 bör
583 793 55 15 vara
647 787 42 28 för
704 786 128 29 sakegarene
847 786 37 22 vid
899 793 31 14 se-

249 825 60 18 naste
324 825 105 25 uppropet
444 821 182 30 tillkännagifven
642 821 39 22 och
692 822 88 28 jemväl,
796 821 24 22 sä
828 821 52 29 fort
895 821 35 21 ske

249 855 50 28 kan,
313 857 10 21 i
338 856 139 28 tidningarne
493 855 114 30 kungjord.

502 908 25 28 $$
543 908 27 21 95
586 908 40 22 och
642 909 33 21 96.

511 942 155 22 Oförändrade.

557 989 12 28 8
587 987 36 22 97.

308 1031 42 22 Vid
371 1031 74 22 sakens
468 1031 120 29 afgörande
610 1038 37 21 ege
667 1031 88 28 Rätten,
771 1031 37 22 der
819 1033 111 28 pröfning

248 1067 26 28 af
285 1067 74 28 någon
374 1066 118 28 borgenärs
501 1065 215 29 fordringsanspräk
732 1066 73 29 blifvit
820 1067 26 28 af
854 1067 76 28 gälde-

247 1103 70 18 nären
338 1101 52 20 eller
412 1108 73 13 annan
507 1100 109 29 borgenär
633 1100 147 29 uttryckligen
790 1100 115 29 päkallad,
920 1102 11 19 i

246 1135 71 21 sädan
327 1135 108 28 pröfning
450 1135 60 28 ingä,
525 1138 55 17 utan
595 1135 96 28 afseende
703 1135 54 21 derä
768 1138 33 18 att
812 1135 118 28 anspräket

247 1171 28 20 är
294 1169 25 29 af
335 1169 134 29 borgenären
485 1169 119 29 beedigadt.
634 1169 147 29 Fordringar,
796 1173 44 18 mot
856 1169 74 22 hvilka

247 1203 97 22 särskild
367 1203 145 29 anmärkning
534 1204 20 29 ej
573 1203 59 28 skett,
653 1203 60 22 skola
731 1205 70 20 säsom
815 1204 113 29 godkände

247 1245 66 15 anses.
343 1238 60 22 Dock
425 1239 36 20 mä
483 1239 20 28 ej
521 1239 14 21 å
554 1239 73 28 någon
636 1239 99 28 fordran
749 1239 73 26 ränta,
838 1246 45 14 som
899 1240 30 21 lö-

242 1279 43 21 per
307 1273 55 28 efter
381 1273 130 20 konkursens
527 1273 85 28 början,
626 1273 121 20 utdömmas
763 1273 36 20 till
814 1273 66 27 högre
896 1273 33 20 be-

247 1302 68 33 lopp,
327 1307 28 20 än
374 1304 15 22 6
407 1307 12 26 $
439 1304 15 21 9
473 1305 47 29 kap.
540 1305 30 21 H.
587 1305 27 21 B.
630 1307 91 20 tillåter.
749 1305 84 22 Finner
847 1306 83 21 Rätten

240 1339 217 30 fordringsanspråk
480 1341 54 20 böra
548 1340 33 29 på
595 1340 73 28 grund
683 1341 26 28 af
721 1341 73 28 någon
809 1341 119 28 borgenärs

242 1375 40 29 jäf
302 1376 103 28 antingen
427 1375 44 21 helt
490 1375 38 21 och
547 1375 67 21 hållet
629 1375 52 21 eller
697 1375 36 21 till
747 1376 72 28 någon
834 1376 34 21 del
877 1376 53 29 för-

238 1410 68 29 falla,
323 1410 64 21 lände
402 1410 35 21 det
453 1410 36 21 till
498 1409 94 30 förmån
608 1410 62 29 äfven
680 1410 41 29 för
737 1410 71 29 öfrige
824 1410 105 29 borgenä-

244 1452 44 20 rer,
305 1443 83 23 ändock
400 1448 32 17 att
444 1444 25 22 de
480 1445 10 20 i
498 1444 71 29 jäfvet
581 1444 19 28 ej
612 1444 98 28 deltagit.
733 1444 48 22 Den
793 1445 93 29 ordning
895 1447 34 27 sig

245 1480 95 25 emellan,
364 1479 63 21 hvari
445 1479 26 26 de
488 1478 114 29 godkände
617 1479 39 21 och
670 1479 26 28 af
709 1479 82 21 Rätten
799 1480 129 28 fastställde
