978 1745
251 157 72 25 Nådiga
334 159 136 23 Propositionen
482 160 34 18 N:o
529 161 27 18 27.
718 161 42 18 1431

32 223 83 28 tungan
137 221 158 25 åstadkommas
318 231 75 22 genom
412 233 26 14 en
453 225 62 27 skatt,
530 225 85 23 hvilken
630 225 95 22 drabbar
740 225 43 22 alla

32 257 157 28 skattskyldiga
203 258 59 22 inom
276 259 74 21 landet
363 259 8 22 i
386 266 83 15 samma
483 259 140 22 förhållande.

101 292 138 22 Beträtfande
254 293 109 28 omfånget
377 294 34 21 för
426 294 130 22 Ständernas
568 294 129 28 befogenhet
708 296 32 20 att
750 295 33 20 uti

31 325 165 30 ifrågavarande
210 327 135 30 lagstiftning
360 328 92 29 deltaga,
467 329 65 22 hafva
547 329 120 22 Ständerna
681 330 55 21 trott
750 329 32 28 sig

30 361 55 22 böra
106 361 154 30 underdånigst
282 363 103 22 anmärka
407 365 32 20 att
457 363 55 22 både
528 366 55 19 1734
598 363 34 23 års
648 364 134 28 gästgifveri-

31 397 91 28 ordning
144 397 40 22 och
205 397 77 29 Kongl.
305 398 155 29 Förklaringen
481 399 41 22 den
542 400 23 21 11
585 399 118 22 December
720 400 61 25 1766,

30 439 47 15 som
98 431 107 23 innehålla
224 433 27 21 de
269 440 29 14 nu
317 433 99 28 gällande
437 434 196 28 hufvudsakligaste
652 434 129 22 bestämnin-

30 474 67 22 garne
119 476 35 14 om
176 468 131 28 gästgifveri-
331 468 40 22 och
390 469 198 29 skjutshållningen,
606 469 123 22 tillkommit
746 476 35 22 ge-

29 510 50 14 nom
102 503 128 23 medverkan
251 504 25 20 af
292 503 81 28 Regent
392 504 40 22 och
452 504 100 27 Ständer,
572 506 56 20 samt
646 506 32 20 att
695 504 8 21 i
718 506 20 25 4,
754 505 26 20 25

30 538 40 22 och
87 539 26 20 28
129 538 48 27 kap.
193 538 24 22 B.
232 538 25 21 B.
273 538 24 22 af
312 540 55 20 1734
382 538 34 22 års
431 539 37 28 lag
480 540 106 21 dessutom
597 539 139 25 förekomma,
748 538 33 22 så-

29 572 35 22 väl
81 573 8 21 i
107 573 92 21 nämnde
221 574 62 21 ämne
306 580 45 15 som
373 574 112 28 angående
502 575 67 27 vägar
584 574 40 21 och
639 573 73 27 broar,
728 573 52 22 flere

30 608 6 21 i
58 608 109 28 förslagen
190 608 43 22 dels
256 608 113 28 återgifna,
389 609 44 22 dels
452 609 95 22 ändrade
563 609 139 28 stadganden,
717 608 64 22 hvar-

30 642 63 28 jemte
114 643 64 22 äfven
200 643 69 28 öfriga
287 644 7 21 i
313 644 66 28 sagde
400 644 81 28 förslag
503 644 88 28 intagna
613 644 167 27 bestämningar,

31 678 47 22 med
98 678 111 28 undantag
227 678 24 22 af
267 678 49 22 dem
335 686 46 14 som
398 679 73 22 kunna
485 679 33 21 till
534 679 110 28 ordnings-
660 679 39 21 och
714 678 66 28 polis-

31 713 87 28 stadgar
140 713 109 26 hänföras,
268 713 8 21 i
295 714 68 21 större
386 714 52 22 eller
460 714 83 22 mindre
557 712 50 24 mån
622 720 40 22 ega
676 714 105 28 inflytelse

31 747 26 29 på
79 748 41 22 den
141 750 68 25 tunga
231 748 26 22 de
275 748 187 29 skjutshållnings-
480 751 56 20 samt
553 750 50 27 väg-
619 750 39 20 och
673 748 107 29 brobygg-

32 782 148 30 nadsskyldige
192 783 86 21 komma
293 785 32 20 att
339 784 35 21 vid
389 784 129 28 utgörandet
532 784 24 22 af
568 782 164 30 ifrågavarande
744 784 36 22 be-

32 820 45 20 svär
94 818 124 26 vidkännas,
237 820 60 20 utom
316 818 36 22 det
371 820 32 20 att
418 819 62 22 dessa
494 819 159 27 bestämningar
668 819 7 21 i
690 819 89 21 allmän-

33 855 32 20 het
88 860 39 21 ega
149 853 48 21 med
215 854 126 26 hvarannan
359 853 24 22 så
397 856 54 19 nära
466 854 128 27 gemenskap
611 856 32 19 att
657 852 71 29 någon
743 855 36 20 vä-

33 887 72 28 sentlig
127 887 91 28 ändring
233 888 8 21 i
256 895 26 14 en
301 887 52 22 eller
371 895 71 14 annan
457 888 22 21 at
494 889 48 20 dem
557 888 106 27 svårligen
677 888 43 21 kan
734 888 46 21 vid-

33 929 56 22 sagas
104 924 53 19 utan
172 924 32 19 att
219 922 35 22 det
269 923 49 21 hela
333 923 63 21 deraf
407 924 64 21 röner
485 922 107 23 inverkan.
615 921 32 22 På
660 922 62 22 dessa
733 922 47 22 skäl

33 957 49 28 råga
104 957 121 22 Ständerna
242 957 40 22 hos
299 957 25 22 E.
342 958 27 21 K.
385 957 39 22 M:t
438 959 7 20 i
460 956 170 29 underdänighet
645 956 87 23 anhålla
747 959 33 20 att

34 992 115 22 Ständerna
167 991 66 22 mätte
247 993 7 21 i
269 991 72 23 Näder
359 992 81 22 lemnas
456 992 85 23 tillfälle
556 995 32 19 att
602 993 7 21 i
625 992 154 29 grundlagsen-

35 1028 21 27 ig
77 1029 42 26 väg
143 1027 85 28 deltaga
245 1027 33 22 uti
296 1027 163 28 ifrågavarande
478 1027 138 29 lagstiftning,
632 1027 62 22 äfven
708 1027 72 22 sävidt

35 1062 19 22 le
70 1062 111 28 förelagda
194 1062 246 29 författningsförslagen
456 1063 76 22 endast
547 1063 32 21 till
593 1063 132 22 Ständernas
736 1064 43 27 ytt-

35 1097 59 23 :ande
109 1097 119 22 aflemnats.

96 1132 119 22 Ständerne
237 1132 64 22 hafva
323 1132 89 23 härmed
430 1133 6 21 i
454 1132 172 29 underdånighet
644 1133 90 29 angifvit
752 1133 27 22 de

35 1168 101 22 llmänna
158 1168 137 28 synpunkter,
313 1168 72 22 hvilka
403 1168 75 29 gjorde
497 1169 32 27 sig
548 1168 99 29 gällande
661 1169 39 21 hos
716 1168 62 22 Stän-

36 1203 56 22 lerne
110 1204 35 21 vid
164 1203 35 21 det
216 1202 164 29 ifrägavarande
399 1204 81 28 vigtiga
497 1203 225 29 lagstiftningsärende
740 1212 39 14 var

36 1236 81 22 öremål
138 1238 33 20 för
194 1238 62 20 deras
278 1237 192 27 öfverläsgningar,
493 1240 55 19 samt
566 1237 27 27 gå
613 1244 28 14 nu
657 1239 38 25 att,
715 1238 8 20 i
738 1238 40 21 den

37 1272 80 27 rdning
137 1272 40 21 den
194 1271 85 27 Nädiga
293 1272 161 27 propositionen
473 1272 188 27 vidhandengifvit,
680 1272 45 21 lika
739 1280 39 13 un-

37 1306 104 27 lerdänigt
162 1306 105 27 redogöra
289 1306 34 20 för
341 1305 116 22 innehället
476 1306 24 21 af
512 1306 26 21 de
553 1308 99 19 närmare
666 1307 112 27 tillgöran-

37 1340 36 26 len,
86 1339 85 23 hvartill
182 1340 158 27 granskningen
351 1339 25 22 af
385 1340 75 28 sjelfva
471 1341 147 28 stadgandena
630 1341 30 22 uti
673 1341 26 22 de
710 1341 8 21 i
730 1348 49 20 pro-

37 1375 110 20 jositionen
165 1374 89 27 intagna
272 1374 245 28 författningsförslagen
533 1375 130 20 föranledde.
693 1376 11 20 I
720 1375 60 21 detta

38 1408 109 22 'änseende
158 1409 53 20 böra
224 1408 119 21 Ständerne
355 1408 39 21 ock
407 1408 154 28 underdänigst
572 1409 92 25 anmäla,
676 1411 32 19 att
717 1408 62 21 Stän-

38 1449 53 15 erne
113 1442 71 21 funnit
202 1442 43 21 alla
263 1442 26 21 de
307 1441 139 28 stadganden,
464 1442 72 21 hvilka
551 1443 45 21 icke
611 1442 7 21 i
634 1443 36 21 det
684 1442 94 29 följande

40 1479 117 24 mnämnas,
174 1477 110 28 antagliga
298 1477 8 21 i
321 1477 141 22 oförändradt
476 1477 65 22 skick.

688 1519 22 16 90
