1020 1723
320 162 71 23 Nådiga
402 163 137 22 Propositionen.
552 164 34 16 N:o
598 164 28 16 35.
781 164 43 17 1749

167 226 38 22 Att
223 226 42 22 den
283 233 41 15 ena
341 226 25 22 af
381 226 82 22 landets
482 227 124 21 stambanor
624 227 67 21 borde
709 226 81 23 erhålla
805 228 41 22 den

99 261 124 27 sträckning
238 268 46 14 som
299 261 41 21 den
354 268 29 14 nu
398 261 121 27 föreslagna
531 261 123 28 jernvägen,
669 268 45 20 var,
730 261 70 22 såsom
815 262 32 22 of-

98 302 41 15 van
154 295 111 27 antyddes,
277 295 67 21 redan
355 294 35 22 vid
401 297 84 19 senaste
496 295 103 28 landtdag
611 295 96 27 erkändt,
719 296 66 21 ehuru
796 304 50 14 man

99 328 28 23 dä
145 328 67 28 ansåg
231 330 32 21 att
281 329 150 27 Helsingfors
443 330 129 21 Tavastehus
589 330 71 21 banan
679 330 32 21 till
730 338 26 14 en
770 330 78 28 början

98 363 67 22 borde
180 363 112 22 fortsättas
307 365 31 20 ett
352 364 72 28 stycke
438 364 56 21 fram
508 362 59 23 säväl
581 362 29 30 pä
625 364 58 22 detta
694 364 44 22 häll
749 372 45 14 som
808 365 40 21 ock

98 396 23 23 åt
139 398 41 22 den
198 398 96 28 riktning
309 405 26 15 en
350 398 112 22 stambana
475 398 33 22 till
524 394 136 26 Österbotten
675 398 68 22 skulle
758 398 88 23 erhålla.

166 433 33 20 De
216 433 53 26 skäl,
289 439 45 14 som
352 432 34 21 vid
401 433 56 21 valet
471 433 90 21 emellan
576 433 89 21 kanaler
680 433 39 22 och
731 433 117 28 jernvägar

97 473 51 15 voro
168 467 26 21 de
214 467 117 28 afgörande
347 467 40 22 och
402 474 46 15 som
461 466 49 29 lägo
526 467 33 21 till
574 467 68 28 grund
657 467 34 22 för
705 467 92 22 beslutet
812 475 34 14 om

97 502 95 21 nämnda
210 503 77 20 tvenne
301 501 79 22 banors
394 501 118 29 byggande,
527 509 64 21 synas
606 502 45 21 tala
666 503 57 20 ännu
738 509 60 15 mera
812 502 35 22 för

99 543 26 15 en
141 536 90 28 jernväg
249 536 33 21 till
302 536 32 21 S:t
352 537 135 28 Petersburg.
516 537 42 21 Väl
577 536 67 22 skulle
659 543 76 21 genom
752 537 96 28 änsagda

98 571 68 22 banor
185 573 76 19 tvenne
279 571 132 22 vidsträckta
430 573 150 26 vattensystem
598 571 70 21 blifvit
685 571 78 28 bragta
781 572 7 20 i
803 571 43 22 för-

97 605 96 22 bindelse
211 605 54 21 med
277 605 77 26 hafvet,
374 605 40 21 och
431 605 173 22 inrikeshandeln
621 605 79 22 mellan
714 605 111 22 trakterna
840 606 7 21 i

97 641 71 20 vestra
183 639 40 22 och
238 639 108 22 mellersta
360 639 90 22 Finland
464 640 100 21 inbördes
579 640 108 21 äfvensom
698 640 48 21 med
757 639 89 22 hufvud-

97 673 77 22 staden
190 673 85 22 erhällit
290 673 66 22 ökadt
370 673 30 22 lif.
427 674 48 21 Men
491 674 35 21 det
541 675 45 20 inre
601 673 84 22 landets
699 674 148 21 kommunika-

97 709 46 22 tion
158 709 48 20 med
221 709 97 21 utlandet
333 709 54 22 hade
403 716 76 20 genom
494 709 47 22 dem
557 708 99 22 vintertid
667 709 47 21 icke
725 708 121 22 befordrats

97 745 55 20 stort
171 743 71 21 bättre
260 744 27 20 än
303 750 75 20 genom
394 743 122 26 kanalerna,
533 745 51 20 enär
598 743 62 21 äfven
675 743 72 22 hafvet
762 743 34 26 dä,
812 750 35 15 om

98 778 40 21 ock
153 778 18 27 ej
187 778 44 21 lika
245 777 63 28 länge
323 785 45 14 som
383 778 122 26 kanalerna,
521 779 24 20 är
560 777 112 28 isbelagdt.

165 812 126 28 Uppställer
312 819 49 14 man
379 813 34 20 för
428 812 285 28 jernvägsanläggningarne
730 813 8 20 i
756 812 90 22 Finland

99 847 61 22 äfven
180 847 36 21 det
234 845 49 28 mål,
302 848 32 20 att
349 847 19 21 vi
384 846 46 22 året
445 855 34 13 om
494 846 35 22 mä
543 847 72 21 kunna
630 846 33 22 stä
678 847 7 21 i
699 847 147 22 kommunika-

98 882 45 21 tion
165 882 49 20 med
233 881 36 21 det
287 882 69 27 öfriga
374 882 93 27 Europa,
487 880 25 24 sä
529 882 43 21 kan
591 889 49 13 man
656 881 18 27 ej
691 883 77 20 stanna
782 882 7 20 i
803 884 44 20 tve-

98 916 49 26 kan,
162 915 30 28 pä
205 916 57 22 hvad
277 918 43 19 sätt
335 916 58 22 detta
408 916 43 21 mäl
465 916 54 22 skall
531 915 89 29 uppnäs.
644 915 71 28 Nägot
726 918 66 20 annat
803 924 43 14 me-

99 950 34 22 del
151 950 67 28 gifves
233 950 167 27 uppenbarligen
414 950 53 26 icke,
483 952 27 19 än
525 957 25 14 en
564 951 90 27 jernväg
669 949 32 22 till
717 950 31 21 S:t
762 950 84 22 Peters-

97 985 62 28 burg,
181 985 85 21 hvilken
288 985 48 21 stad
358 985 109 21 allaredan
486 983 45 23 står
549 985 8 20 i
576 984 69 21 direkt
663 984 183 28 jernvägsförbin-

99 1019 57 22 delse
174 1019 46 22 icke
238 1019 56 22 blott
311 1019 48 22 med
378 1019 97 27 Europas
495 1019 140 22 centralorter
652 1021 53 20 utan
721 1019 61 22 äfven
797 1019 49 22 med

99 1054 26 21 de
139 1056 90 26 yttersta
243 1054 92 27 punkter
349 1053 29 28 pä
393 1054 69 21 denna
476 1054 116 21 kontinent.

166 1088 33 21 En
221 1087 67 23 sädan
310 1088 54 21 finsk
386 1088 113 21 stambana
520 1095 46 14 som
588 1089 40 20 den
649 1096 30 13 nu
696 1089 150 28 projekterade

98 1123 68 22 skulle
184 1123 34 21 för
237 1123 64 28 öfrigt
316 1123 61 21 äfven
392 1123 65 22 blifva
472 1123 40 21 den
527 1123 47 21 inre
587 1124 211 27 varuomsättningen
812 1123 34 22 till

98 1159 55 20 stort
168 1165 62 20 gagn.
260 1157 65 22 Utom
341 1158 35 20 det
391 1159 32 20 att
437 1158 100 21 städerna
552 1157 88 28 Wiborg
656 1158 40 21 och
711 1157 134 28 Helsingfors

99 1193 122 26 derigenom
235 1193 79 20 lättare
324 1192 71 21 kunde
404 1193 110 20 utsträcka
525 1192 46 22 sina
581 1192 206 21 handelsrelationer
798 1192 49 21 med

99 1227 26 22 de
143 1227 46 21 inre
207 1227 87 21 delarne
312 1227 24 20 af
351 1226 79 27 landet,
449 1225 24 22 sä
491 1226 74 26 skulle,
584 1234 35 13 om
634 1226 26 21 de
675 1227 59 21 östra
748 1226 98 22 landsde-

98 1253 60 40 larne
169 1257 97 26 "förenas
288 1261 48 21 med
355 1261 26 21 de
399 1261 108 22 mellersta
525 1261 40 22 och
582 1263 77 24 vestra,
678 1267 42 22 nya
734 1261 112 21 affärsför-

98 1296 108 21 bindelser
219 1296 131 27 uppkomma
364 1295 78 22 mellan
457 1295 89 26 trakter,
561 1302 47 14 som
621 1295 89 28 tillföljd
725 1295 24 21 af
758 1302 88 21 geogra-

98 1330 54 22 fiska
162 1329 142 23 förhälanden
314 1329 53 22 stätt
377 1330 8 21 i
396 1330 72 21 alltför
479 1330 62 27 ringa
550 1329 100 27 beröring
661 1329 48 22 med
717 1329 129 22 hvarandra.

167 1364 49 21 Men
235 1365 65 20 störst
318 1364 40 20 och
377 1364 156 21 omedelbarast
550 1363 68 21 blefve
637 1363 55 20 dock
707 1363 70 20 denna
788 1363 59 27 jern-

98 1399 52 26 vägs
172 1397 108 27 betydelse
298 1397 34 20 för
349 1396 102 21 Finlands
468 1397 79 21 handel
565 1397 48 20 med
627 1395 105 28 Ryssland
748 1397 40 20 och
803 1397 45 20 sär-

99 1431 65 23 skildt
182 1431 48 22 dess
248 1431 136 26 hufvudstad,
403 1438 45 14 som
462 1431 67 21 redan
543 1438 30 14 nu
587 1432 25 19 är
628 1431 40 21 den
682 1430 118 22 förnämsta
815 1430 32 22 af-

99 1466 141 28 sättningsort
254 1466 33 21 för
302 1465 68 22 finska
382 1465 139 27 jordbrukets
536 1465 41 22 och
590 1464 117 22 industrins
723 1464 123 28 produkter,

97 1501 66 27 jemte
182 1501 36 21 det
235 1500 103 22 Finlands
356 1500 79 27 import
452 1499 48 22 frän
516 1499 102 29 Ryssland
634 1501 25 19 är
673 1500 69 21 större
757 1500 27 20 än
798 1498 49 22 frän
