1023 1720
299 141 71 23 Nådiga
382 141 138 22 Propositionen
533 142 34 18 N:o
579 143 30 16 30.
762 143 44 17 1533

75 204 35 22 för
132 204 116 28 jernvägar
274 205 90 22 emellan
386 205 131 23 Tavastehus
543 206 40 22 och
608 205 61 23 Tam-

118 239 91 21 merfors
231 239 73 23 städer
322 241 56 20 samt
395 240 115 21 Riihimäki
525 240 145 29 jernvägssta-

118 273 46 21 tion
178 273 42 22 och
232 273 75 22 Lahtis
321 273 35 29 by,
370 274 158 21 tillsammans.
551 289 6 6 .
582 290 3 5 .
608 289 5 6 .
636 290 5 5 .
664 290 6 5 .
694 275 132 26 15,104,892.

84 315 12 11 »
118 307 108 22 särskilda
239 307 285 27 vattenkommunikationer,
536 309 40 21 och
587 309 82 21 uttork-

118 341 52 28 ning
188 341 25 22 af
227 341 62 22 Pelso
307 349 72 15 mossa
396 345 56 19 samt
469 343 60 21 kärr-
544 343 41 22 och
602 350 67 15 moss-

119 376 104 28 odlingar,
237 376 76 22 inalles
331 392 1 5 .
355 392 3 5 .
382 393 4 5 .
410 393 5 5 .
438 393 34 5 ..
494 392 121 6 eee.
665 393 6 5 R
708 379 120 25 2,391,820.

591 417 87 21 Summa
695 419 132 25 19,369,602.

144 476 30 21 Af
190 476 210 28 bevillningsmedlen
418 476 67 22 skulle
503 476 76 23 främst
601 477 97 28 anslaget
719 476 34 23 för
775 477 53 22 folk-

77 510 161 22 skoleväsendet
258 509 59 30 utgä,
340 511 40 21 och
402 510 122 23 äterstoden
547 511 62 22 deraf
626 512 67 28 jemte
716 513 112 26 1,800,000

76 545 69 27 mark,
160 552 46 15 som
220 544 74 23 härför
310 545 110 22 anvisades
436 545 12 22 &
463 546 192 27 bränvinsskatten,
671 546 110 22 användas
795 546 35 22 för

76 579 236 23 kommunikationerna
330 578 90 24 sälunda
438 582 32 20 att
488 581 75 27 nödigt
576 580 79 28 belopp
671 581 68 22 skulle
753 581 76 22 beräk-

76 621 40 15 nas
134 614 34 22 för
186 615 149 22 annuiteterna
353 613 13 23 å
384 616 32 21 ett
433 615 34 22 för
485 615 66 29 sagde
568 614 101 23 ändamål
690 616 139 28 upptagande

76 649 37 22 län
131 648 25 22 af
171 649 63 28 högst
254 651 25 20 18
298 649 98 28 miljoner
415 650 68 27 mark,
502 651 40 21 och
560 649 49 22 med
631 650 144 28 öfrerskottet,
794 657 35 15 om

77 683 78 22 sådant
169 684 112 27 uppstode,
297 691 27 15 en
340 684 34 21 del
389 684 89 21 arbeten
493 685 81 21 direkte
589 684 112 22 bestridas.

146 717 82 22 Genom
246 718 140 22 förenämnda
404 717 80 29 nådiga
501 719 140 28 proposition,
659 726 47 15 som
724 719 25 22 af
764 721 65 20 samt-

76 753 45 28 liga
138 751 96 22 Stånden
255 752 69 22 blifvit
345 753 128 27 hänskjuten
494 753 33 21 till
546 753 68 22 Stats-
632 753 40 22 och
690 753 140 29 Bevillnings-

77 788 114 21 utskottets
205 787 155 22 förberedande
375 787 136 28 behandling,
527 787 24 22 af
564 787 161 22 Presteståndet
738 788 49 22 med
798 789 32 21 bi-

77 820 106 30 läggande
194 822 24 21 af
226 823 31 20 ett
267 822 39 21 hos
318 821 59 22 detta
392 821 68 22 Stånd
474 822 7 21 i
496 823 72 20 ämnet
583 822 122 21 framstäldt
719 823 111 27 petitions-

77 857 81 27 förslag
180 856 40 22 och
242 856 24 21 af
286 855 159 23 Bondeståndet
467 857 54 20 efter
543 855 130 29 föregången
699 856 130 28 diskussion,

77 892 88 21 hvarom
180 891 104 21 utskottet
298 897 75 21 genom
389 890 197 28 protokollsutdrag
605 890 84 22 erhållit
703 890 127 28 kännedom,

76 926 41 21 har
131 925 61 22 Hans
206 924 121 29 Kejserliga
340 924 102 28 Majestät
455 925 34 21 till
504 924 120 22 Ständerna
638 925 140 22 öfverlemnat
791 926 39 21 hu-

76 960 77 22 ruvida
171 960 27 22 de
214 959 48 21 icke
276 959 52 28 vilja
345 958 65 29 åtaga
427 959 33 27 sig
478 960 32 20 att
524 959 34 21 för
572 959 143 28 nyssberörda
729 959 101 22 ändamål

78 994 144 28 nfortfarande
239 994 88 27 erlägga
344 993 116 28 bevillning
477 994 33 20 till
529 994 134 28 erforderligt
680 994 79 28 belopp
774 996 57 20 samt

78 1029 34 21 för
130 1028 42 22 den
189 1028 32 22 tid
239 1028 40 22 och
298 1028 54 22 efter
370 1028 26 22 de
414 1028 94 28 grunder
526 1028 89 22 hvarom
634 1029 26 21 de
674 1029 73 21 kunna
762 1028 68 22 öfver-

78 1064 140 21 enskomma."

146 1098 42 22 Vid
203 1097 155 28 öfvervägande
372 1097 25 21 af
406 1096 77 29 frågan
492 1097 107 22 huruvida
609 1097 114 28 bevillning
734 1097 67 23 borde
809 1098 25 21 af

79 1132 121 22 Ständerna
215 1131 75 29 åtagas
305 1132 34 21 för
354 1132 59 21 tiden
428 1132 54 22 efter
496 1131 25 22 år
538 1133 61 25 1867,
615 1132 40 22 har
669 1133 104 21 utskottet
784 1132 47 22 icke

77 1168 83 21 kunnat
177 1168 53 27 hysa
247 1166 73 28 någon
337 1167 83 21 tvekan.
451 1167 29 28 Ty
498 1168 59 20 utom
577 1167 41 26 det,
641 1169 32 19 att
694 1166 137 23 folkbildnin-

78 1209 51 21 gens
144 1201 154 28 befrämjande,
318 1200 58 22 detta
394 1201 119 22 förnämsta
530 1201 68 21 vilkor
616 1201 35 21 för
668 1202 112 21 nationens
797 1203 33 19 ut-

78 1236 97 27 veckling
196 1236 34 20 till
251 1236 67 27 högre
340 1235 78 26 kultur,
441 1236 25 20 är
487 1235 102 22 baseradt
609 1234 30 28 på
656 1236 116 26 bevillning
791 1235 40 21 och

78 1272 53 20 utan
154 1270 70 21 denna
244 1269 108 22 sannolikt
374 1270 68 21 skulle
464 1269 69 22 måsta
555 1270 127 21 inskränkas
704 1270 33 21 till
759 1270 73 21 alltför

78 1304 63 27 ringa
158 1304 158 27 proportioner,
334 1301 25 23 så
377 1310 62 21 synes
458 1303 40 22 den
517 1303 164 28 omständighet,
700 1305 32 20 att
750 1305 82 20 senast-

77 1337 131 23 församlade
223 1337 91 21 Ständer
332 1337 101 21 anvisade
451 1337 139 22 öfverskottet
607 1337 25 21 af
647 1337 185 27 bevillningsmed-

78 1373 34 21 len
128 1370 70 23 såsom
213 1371 97 21 annuitet
325 1370 13 22 å
353 1370 178 28 amorteringslån
545 1371 35 21 för
590 1370 241 26 kommunikationerna,

77 1406 104 23 innebära
199 1412 27 15 en
244 1404 130 23 förbindelse
391 1404 14 22 å
423 1404 131 22 Ständernas
572 1404 47 22 sida
637 1407 32 19 att
687 1405 62 22 äfven
767 1405 65 22 fram-

78 1443 52 27 gent
143 1441 79 28 utgöra
236 1439 122 29 bevillning,
374 1438 128 23 åtminstone
515 1439 104 23 intilldess
635 1439 68 23 andra
716 1439 117 29 tillgångar

79 1477 69 23 blefve
162 1476 34 22 för
211 1474 77 24 sådant
303 1473 100 24 ändamål
418 1474 127 29 disponibla.
