<?xml version="1.0" encoding="UTF-8"?>
<alto xmlns="http://www.loc.gov/standards/alto/ns-v3#" xmlns:xlink="http://www.w3.org/1999/xlink" xmlns:xsi="http://www.w3.org/2001/XMLSchema-instance" xsi:schemaLocation="http://www.loc.gov/standards/alto/ns-v3# http://www.loc.gov/alto/v3/alto-3-0.xsd">
	<Description>
		<MeasurementUnit>pixel</MeasurementUnit>
		<sourceImageInformation>
			<fileName>/tmp/tess_9uk_s0i0_input.PNG</fileName>
		</sourceImageInformation>
		<OCRProcessing ID="OCR_0">
			<ocrProcessingStep>
				<processingSoftware>
					<softwareName>tesseract 5.3.4</softwareName>
				</processingSoftware>
			</ocrProcessingStep>
		</OCRProcessing>
	</Description>
	<Layout>
		<Page WIDTH="1014" HEIGHT="1720" PHYSICAL_IMG_NR="0" ID="page_0">
			<PrintSpace HPOS="0" VPOS="0" WIDTH="1014" HEIGHT="1720">
				<ComposedBlock ID="cblock_0" HPOS="198" VPOS="154" WIDTH="501" HEIGHT="22">
					<TextBlock ID="block_0" HPOS="198" VPOS="154" WIDTH="501" HEIGHT="22">
						<TextLine ID="line_0" HPOS="198" VPOS="154" WIDTH="501" HEIGHT="22">
							<String ID="string_0" HPOS="198" VPOS="155" WIDTH="43" HEIGHT="16" WC="0.94" CONTENT="1668"/><SP WIDTH="150" VPOS="155" HPOS="241"/>
							<String ID="string_1" HPOS="391" VPOS="154" WIDTH="71" HEIGHT="22" WC="0.92" CONTENT="Nådiga"/><SP WIDTH="13" VPOS="154" HPOS="462"/>
							<String ID="string_2" HPOS="475" VPOS="155" WIDTH="137" HEIGHT="21" WC="0.96" CONTENT="Propositionen"/><SP WIDTH="12" VPOS="155" HPOS="612"/>
							<String ID="string_3" HPOS="624" VPOS="155" WIDTH="35" HEIGHT="17" WC="0.96" CONTENT="N:o"/><SP WIDTH="13" VPOS="155" HPOS="659"/>
							<String ID="string_4" HPOS="672" VPOS="155" WIDTH="27" HEIGHT="16" WC="0.96" CONTENT="34."/>
						</TextLine>
					</TextBlock>
				</ComposedBlock>
				<ComposedBlock ID="cblock_1" HPOS="175" VPOS="217" WIDTH="751" HEIGHT="56">
					<TextBlock ID="block_1" HPOS="175" VPOS="217" WIDTH="751" HEIGHT="56">
						<TextLine ID="line_1" HPOS="176" VPOS="217" WIDTH="750" HEIGHT="29">
							<String ID="string_5" HPOS="176" VPOS="224" WIDTH="34" HEIGHT="14" WC="0.95" CONTENT="ver"/><SP WIDTH="19" VPOS="224" HPOS="210"/>
							<String ID="string_6" HPOS="229" VPOS="217" WIDTH="117" HEIGHT="22" WC="0.93" CONTENT="verkställd"/><SP WIDTH="18" VPOS="217" HPOS="346"/>
							<String ID="string_7" HPOS="364" VPOS="218" WIDTH="119" HEIGHT="28" WC="0.92" CONTENT="skjutsning"/><SP WIDTH="18" VPOS="218" HPOS="483"/>
							<String ID="string_8" HPOS="501" VPOS="218" WIDTH="95" HEIGHT="21" WC="0.96" CONTENT="kommer"/><SP WIDTH="15" VPOS="218" HPOS="596"/>
							<String ID="string_9" HPOS="611" VPOS="220" WIDTH="33" HEIGHT="19" WC="0.96" CONTENT="att"/><SP WIDTH="15" VPOS="220" HPOS="644"/>
							<String ID="string_10" HPOS="659" VPOS="218" WIDTH="26" HEIGHT="21" WC="0.93" CONTENT="de"/><SP WIDTH="15" VPOS="218" HPOS="685"/>
							<String ID="string_11" HPOS="700" VPOS="217" WIDTH="124" HEIGHT="29" WC="0.92" CONTENT="skjutsande"/><SP WIDTH="15" VPOS="217" HPOS="824"/>
							<String ID="string_12" HPOS="839" VPOS="218" WIDTH="87" HEIGHT="21" WC="0.91" CONTENT="tillhan-"/>
						</TextLine>
						<TextLine ID="line_2" HPOS="175" VPOS="250" WIDTH="103" HEIGHT="23">
							<String ID="string_13" HPOS="175" VPOS="250" WIDTH="103" HEIGHT="23" WC="0.88" CONTENT="dahållas."/>
						</TextLine>
					</TextBlock>
				</ComposedBlock>
				<ComposedBlock ID="cblock_2" HPOS="518" VPOS="299" WIDTH="61" HEIGHT="27">
					<TextBlock ID="block_2" HPOS="518" VPOS="299" WIDTH="61" HEIGHT="27">
						<TextLine ID="line_3" HPOS="518" VPOS="299" WIDTH="61" HEIGHT="27">
							<String ID="string_14" HPOS="518" VPOS="299" WIDTH="11" HEIGHT="27" WC="0.87" CONTENT="8"/><SP WIDTH="17" VPOS="299" HPOS="529"/>
							<String ID="string_15" HPOS="546" VPOS="300" WIDTH="33" HEIGHT="20" WC="0.88" CONTENT="74."/>
						</TextLine>
					</TextBlock>
				</ComposedBlock>
				<ComposedBlock ID="cblock_3" HPOS="175" VPOS="340" WIDTH="752" HEIGHT="97">
					<TextBlock ID="block_3" HPOS="175" VPOS="340" WIDTH="752" HEIGHT="97">
						<TextLine ID="line_4" HPOS="242" VPOS="340" WIDTH="685" HEIGHT="30">
							<String ID="string_16" HPOS="242" VPOS="340" WIDTH="34" HEIGHT="23" WC="0.93" CONTENT="Då"/><SP WIDTH="14" VPOS="340" HPOS="276"/>
							<String ID="string_17" HPOS="290" VPOS="342" WIDTH="124" HEIGHT="27" WC="0.90" CONTENT="reqvisition"/><SP WIDTH="12" VPOS="342" HPOS="414"/>
							<String ID="string_18" HPOS="426" VPOS="341" WIDTH="24" HEIGHT="21" WC="0.93" CONTENT="af"/><SP WIDTH="9" VPOS="341" HPOS="450"/>
							<String ID="string_19" HPOS="459" VPOS="341" WIDTH="179" HEIGHT="29" WC="0.91" CONTENT="transportskjuts"/><SP WIDTH="11" VPOS="341" HPOS="638"/>
							<String ID="string_20" HPOS="649" VPOS="340" WIDTH="64" HEIGHT="30" WC="0.96" CONTENT="utgår"/><SP WIDTH="11" VPOS="340" HPOS="713"/>
							<String ID="string_21" HPOS="724" VPOS="340" WIDTH="48" HEIGHT="23" WC="0.96" CONTENT="från"/><SP WIDTH="13" VPOS="340" HPOS="772"/>
							<String ID="string_22" HPOS="785" VPOS="349" WIDTH="71" HEIGHT="14" WC="0.93" CONTENT="annan"/><SP WIDTH="11" VPOS="349" HPOS="856"/>
							<String ID="string_23" HPOS="867" VPOS="350" WIDTH="60" HEIGHT="20" WC="0.91" CONTENT="myn-"/>
						</TextLine>
						<TextLine ID="line_5" HPOS="175" VPOS="375" WIDTH="752" HEIGHT="28">
							<String ID="string_24" HPOS="175" VPOS="375" WIDTH="73" HEIGHT="28" WC="0.96" CONTENT="dighet"/><SP WIDTH="18" VPOS="375" HPOS="248"/>
							<String ID="string_25" HPOS="266" VPOS="377" WIDTH="28" HEIGHT="19" WC="0.92" CONTENT="än"/><SP WIDTH="19" VPOS="377" HPOS="294"/>
							<String ID="string_26" HPOS="313" VPOS="376" WIDTH="151" HEIGHT="26" WC="0.91" CONTENT="distriktsstab,"/><SP WIDTH="19" VPOS="376" HPOS="464"/>
							<String ID="string_27" HPOS="483" VPOS="376" WIDTH="40" HEIGHT="22" WC="0.92" CONTENT="bör"/><SP WIDTH="18" VPOS="376" HPOS="523"/>
							<String ID="string_28" HPOS="541" VPOS="376" WIDTH="84" HEIGHT="21" WC="0.91" CONTENT="afskrift"/><SP WIDTH="19" VPOS="376" HPOS="625"/>
							<String ID="string_29" HPOS="644" VPOS="376" WIDTH="24" HEIGHT="21" WC="0.93" CONTENT="af"/><SP WIDTH="16" VPOS="376" HPOS="668"/>
							<String ID="string_30" HPOS="684" VPOS="376" WIDTH="151" HEIGHT="27" WC="0.91" CONTENT="reqvisitionen"/><SP WIDTH="19" VPOS="376" HPOS="835"/>
							<String ID="string_31" HPOS="854" VPOS="377" WIDTH="73" HEIGHT="21" WC="0.92" CONTENT="samti-"/>
						</TextLine>
						<TextLine ID="line_6" HPOS="176" VPOS="410" WIDTH="342" HEIGHT="27">
							<String ID="string_32" HPOS="176" VPOS="410" WIDTH="46" HEIGHT="27" WC="0.96" CONTENT="digt"/><SP WIDTH="14" VPOS="410" HPOS="222"/>
							<String ID="string_33" HPOS="236" VPOS="410" WIDTH="32" HEIGHT="21" WC="0.96" CONTENT="till"/><SP WIDTH="16" VPOS="410" HPOS="268"/>
							<String ID="string_34" HPOS="284" VPOS="410" WIDTH="75" HEIGHT="21" WC="0.93" CONTENT="staben"/><SP WIDTH="15" VPOS="410" HPOS="359"/>
							<String ID="string_35" HPOS="374" VPOS="410" WIDTH="144" HEIGHT="22" WC="0.91" CONTENT="öfversändas."/>
						</TextLine>
					</TextBlock>
				</ComposedBlock>
				<ComposedBlock ID="cblock_4" HPOS="521" VPOS="482" WIDTH="60" HEIGHT="27">
					<TextBlock ID="block_4" HPOS="521" VPOS="482" WIDTH="60" HEIGHT="27">
						<TextLine ID="line_7" HPOS="521" VPOS="482" WIDTH="60" HEIGHT="27">
							<String ID="string_36" HPOS="521" VPOS="482" WIDTH="11" HEIGHT="27" WC="0.77" CONTENT="8"/><SP WIDTH="16" VPOS="482" HPOS="532"/>
							<String ID="string_37" HPOS="548" VPOS="482" WIDTH="33" HEIGHT="20" WC="0.96" CONTENT="75."/>
						</TextLine>
					</TextBlock>
				</ComposedBlock>
				<ComposedBlock ID="cblock_5" HPOS="174" VPOS="524" WIDTH="754" HEIGHT="262">
					<TextBlock ID="block_5" HPOS="174" VPOS="524" WIDTH="754" HEIGHT="262">
						<TextLine ID="line_8" HPOS="243" VPOS="524" WIDTH="683" HEIGHT="29">
							<String ID="string_38" HPOS="243" VPOS="524" WIDTH="126" HEIGHT="29" WC="0.96" CONTENT="Myndighet"/><SP WIDTH="14" VPOS="524" HPOS="369"/>
							<String ID="string_39" HPOS="383" VPOS="524" WIDTH="52" HEIGHT="21" WC="0.96" CONTENT="eller"/><SP WIDTH="14" VPOS="524" HPOS="435"/>
							<String ID="string_40" HPOS="449" VPOS="531" WIDTH="85" HEIGHT="21" WC="0.96" CONTENT="person,"/><SP WIDTH="15" VPOS="531" HPOS="534"/>
							<String ID="string_41" HPOS="549" VPOS="531" WIDTH="47" HEIGHT="14" WC="0.93" CONTENT="som"/><SP WIDTH="14" VPOS="531" HPOS="596"/>
							<String ID="string_42" HPOS="610" VPOS="524" WIDTH="120" HEIGHT="27" WC="0.92" CONTENT="regvirerat"/><SP WIDTH="10" VPOS="524" HPOS="730"/>
							<String ID="string_43" HPOS="740" VPOS="524" WIDTH="186" HEIGHT="29" WC="0.92" CONTENT="transportskjuts,"/>
						</TextLine>
						<TextLine ID="line_9" HPOS="174" VPOS="558" WIDTH="754" HEIGHT="28">
							<String ID="string_44" HPOS="174" VPOS="559" WIDTH="90" HEIGHT="22" WC="0.91" CONTENT="insände"/><SP WIDTH="18" VPOS="559" HPOS="264"/>
							<String ID="string_45" HPOS="282" VPOS="558" WIDTH="153" HEIGHT="28" WC="0.91" CONTENT="regvisitionen"/><SP WIDTH="18" VPOS="558" HPOS="435"/>
							<String ID="string_46" HPOS="453" VPOS="558" WIDTH="33" HEIGHT="21" WC="0.92" CONTENT="till"/><SP WIDTH="19" VPOS="558" HPOS="486"/>
							<String ID="string_47" HPOS="505" VPOS="558" WIDTH="163" HEIGHT="22" WC="0.92" CONTENT="Guvernörerne"/><SP WIDTH="14" VPOS="558" HPOS="668"/>
							<String ID="string_48" HPOS="682" VPOS="559" WIDTH="7" HEIGHT="20" WC="0.96" CONTENT="i"/><SP WIDTH="16" VPOS="559" HPOS="689"/>
							<String ID="string_49" HPOS="705" VPOS="558" WIDTH="26" HEIGHT="22" WC="0.96" CONTENT="de"/><SP WIDTH="17" VPOS="558" HPOS="731"/>
							<String ID="string_50" HPOS="748" VPOS="559" WIDTH="43" HEIGHT="26" WC="0.96" CONTENT="län,"/><SP WIDTH="15" VPOS="559" HPOS="791"/>
							<String ID="string_51" HPOS="806" VPOS="566" WIDTH="46" HEIGHT="14" WC="0.96" CONTENT="som"/><SP WIDTH="15" VPOS="566" HPOS="852"/>
							<String ID="string_52" HPOS="867" VPOS="559" WIDTH="61" HEIGHT="22" WC="0.96" CONTENT="skola"/>
						</TextLine>
						<TextLine ID="line_10" HPOS="175" VPOS="591" WIDTH="752" HEIGHT="30">
							<String ID="string_53" HPOS="175" VPOS="592" WIDTH="145" HEIGHT="29" WC="0.91" CONTENT="genomtägas,"/><SP WIDTH="18" VPOS="592" HPOS="320"/>
							<String ID="string_54" HPOS="338" VPOS="593" WIDTH="8" HEIGHT="20" WC="0.96" CONTENT="i"/><SP WIDTH="18" VPOS="593" HPOS="346"/>
							<String ID="string_55" HPOS="364" VPOS="591" WIDTH="24" HEIGHT="23" WC="0.96" CONTENT="sä"/><SP WIDTH="19" VPOS="591" HPOS="388"/>
							<String ID="string_56" HPOS="407" VPOS="593" WIDTH="42" HEIGHT="27" WC="0.96" CONTENT="god"/><SP WIDTH="18" VPOS="593" HPOS="449"/>
							<String ID="string_57" HPOS="467" VPOS="593" WIDTH="31" HEIGHT="20" WC="0.96" CONTENT="tid"/><SP WIDTH="19" VPOS="593" HPOS="498"/>
							<String ID="string_58" HPOS="517" VPOS="594" WIDTH="31" HEIGHT="20" WC="0.93" CONTENT="att"/><SP WIDTH="15" VPOS="594" HPOS="548"/>
							<String ID="string_59" HPOS="563" VPOS="593" WIDTH="125" HEIGHT="21" WC="0.92" CONTENT="densamma"/><SP WIDTH="13" VPOS="593" HPOS="688"/>
							<String ID="string_60" HPOS="701" VPOS="593" WIDTH="34" HEIGHT="21" WC="0.93" CONTENT="till"/><SP WIDTH="14" VPOS="593" HPOS="735"/>
							<String ID="string_61" HPOS="749" VPOS="593" WIDTH="178" HEIGHT="28" WC="0.89" CONTENT="länestyrelserne"/>
						</TextLine>
						<TextLine ID="line_11" HPOS="174" VPOS="626" WIDTH="753" HEIGHT="30">
							<String ID="string_62" HPOS="174" VPOS="628" WIDTH="119" HEIGHT="21" WC="0.91" CONTENT="inkommer"/><SP WIDTH="14" VPOS="628" HPOS="293"/>
							<String ID="string_63" HPOS="307" VPOS="627" WIDTH="65" HEIGHT="21" WC="0.92" CONTENT="minst"/><SP WIDTH="14" VPOS="627" HPOS="372"/>
							<String ID="string_64" HPOS="386" VPOS="626" WIDTH="37" HEIGHT="22" WC="0.92" CONTENT="tvä"/><SP WIDTH="14" VPOS="626" HPOS="423"/>
							<String ID="string_65" HPOS="437" VPOS="627" WIDTH="78" HEIGHT="21" WC="0.93" CONTENT="veckor"/><SP WIDTH="14" VPOS="627" HPOS="515"/>
							<String ID="string_66" HPOS="529" VPOS="627" WIDTH="47" HEIGHT="22" WC="0.96" CONTENT="före"/><SP WIDTH="15" VPOS="627" HPOS="576"/>
							<String ID="string_67" HPOS="591" VPOS="627" WIDTH="41" HEIGHT="22" WC="0.96" CONTENT="den"/><SP WIDTH="16" VPOS="627" HPOS="632"/>
							<String ID="string_68" HPOS="648" VPOS="627" WIDTH="48" HEIGHT="28" WC="0.96" CONTENT="dag,"/><SP WIDTH="16" VPOS="627" HPOS="696"/>
							<String ID="string_69" HPOS="712" VPOS="627" WIDTH="32" HEIGHT="22" WC="0.93" CONTENT="till"/><SP WIDTH="15" VPOS="627" HPOS="744"/>
							<String ID="string_70" HPOS="759" VPOS="626" WIDTH="85" HEIGHT="23" WC="0.93" CONTENT="hvilken"/><SP WIDTH="16" VPOS="626" HPOS="844"/>
							<String ID="string_71" HPOS="860" VPOS="628" WIDTH="67" HEIGHT="28" WC="0.93" CONTENT="skjut-"/>
						</TextLine>
						<TextLine ID="line_12" HPOS="174" VPOS="661" WIDTH="753" HEIGHT="30">
							<String ID="string_72" HPOS="174" VPOS="669" WIDTH="38" HEIGHT="14" WC="0.95" CONTENT="sen"/><SP WIDTH="22" VPOS="669" HPOS="212"/>
							<String ID="string_73" HPOS="234" VPOS="661" WIDTH="40" HEIGHT="22" WC="0.93" CONTENT="bör"/><SP WIDTH="22" VPOS="661" HPOS="274"/>
							<String ID="string_74" HPOS="296" VPOS="661" WIDTH="123" HEIGHT="28" WC="0.92" CONTENT="uppbädas;"/><SP WIDTH="23" VPOS="661" HPOS="419"/>
							<String ID="string_75" HPOS="442" VPOS="661" WIDTH="107" HEIGHT="22" WC="0.88" CONTENT="hvarefter"/><SP WIDTH="19" VPOS="661" HPOS="549"/>
							<String ID="string_76" HPOS="568" VPOS="661" WIDTH="162" HEIGHT="22" WC="0.92" CONTENT="Guvernörerne"/><SP WIDTH="19" VPOS="661" HPOS="730"/>
							<String ID="string_77" HPOS="749" VPOS="661" WIDTH="81" HEIGHT="29" WC="0.92" CONTENT="äligger"/><SP WIDTH="19" VPOS="661" HPOS="830"/>
							<String ID="string_78" HPOS="849" VPOS="662" WIDTH="78" HEIGHT="29" WC="0.92" CONTENT="skynd-"/>
						</TextLine>
						<TextLine ID="line_13" HPOS="174" VPOS="695" WIDTH="753" HEIGHT="30">
							<String ID="string_79" HPOS="174" VPOS="698" WIDTH="56" HEIGHT="20" WC="0.93" CONTENT="samt"/><SP WIDTH="18" VPOS="698" HPOS="230"/>
							<String ID="string_80" HPOS="248" VPOS="696" WIDTH="97" HEIGHT="22" WC="0.96" CONTENT="meddela"/><SP WIDTH="18" VPOS="696" HPOS="345"/>
							<String ID="string_81" HPOS="363" VPOS="695" WIDTH="160" HEIGHT="22" WC="0.93" CONTENT="vederbörande"/><SP WIDTH="18" VPOS="695" HPOS="523"/>
							<String ID="string_82" HPOS="541" VPOS="696" WIDTH="162" HEIGHT="27" WC="0.91" CONTENT="kronobetjente"/><SP WIDTH="19" VPOS="696" HPOS="703"/>
							<String ID="string_83" HPOS="722" VPOS="696" WIDTH="85" HEIGHT="22" WC="0.85" CONTENT="afskrift"/><SP WIDTH="15" VPOS="696" HPOS="807"/>
							<String ID="string_84" HPOS="822" VPOS="697" WIDTH="24" HEIGHT="21" WC="0.93" CONTENT="af"/><SP WIDTH="12" VPOS="697" HPOS="846"/>
							<String ID="string_85" HPOS="858" VPOS="697" WIDTH="69" HEIGHT="28" WC="0.92" CONTENT="regvi-"/>
						</TextLine>
						<TextLine ID="line_14" HPOS="175" VPOS="729" WIDTH="752" HEIGHT="29">
							<String ID="string_86" HPOS="175" VPOS="731" WIDTH="91" HEIGHT="22" WC="0.92" CONTENT="sitionen"/><SP WIDTH="15" VPOS="731" HPOS="266"/>
							<String ID="string_87" HPOS="281" VPOS="730" WIDTH="33" HEIGHT="22" WC="0.93" CONTENT="för"/><SP WIDTH="15" VPOS="730" HPOS="314"/>
							<String ID="string_88" HPOS="329" VPOS="730" WIDTH="129" HEIGHT="27" WC="0.92" CONTENT="vidtagande"/><SP WIDTH="15" VPOS="730" HPOS="458"/>
							<String ID="string_89" HPOS="473" VPOS="730" WIDTH="24" HEIGHT="22" WC="0.96" CONTENT="af"/><SP WIDTH="12" VPOS="730" HPOS="497"/>
							<String ID="string_90" HPOS="509" VPOS="731" WIDTH="72" HEIGHT="21" WC="0.93" CONTENT="vidare"/><SP WIDTH="16" VPOS="731" HPOS="581"/>
							<String ID="string_91" HPOS="597" VPOS="729" WIDTH="77" HEIGHT="29" WC="0.95" CONTENT="åtgärd"/><SP WIDTH="15" VPOS="729" HPOS="674"/>
							<String ID="string_92" HPOS="689" VPOS="738" WIDTH="33" HEIGHT="14" WC="0.93" CONTENT="om"/><SP WIDTH="12" VPOS="738" HPOS="722"/>
							<String ID="string_93" HPOS="734" VPOS="731" WIDTH="120" HEIGHT="27" WC="0.87" CONTENT="upphädets"/><SP WIDTH="12" VPOS="731" HPOS="854"/>
							<String ID="string_94" HPOS="866" VPOS="731" WIDTH="61" HEIGHT="22" WC="0.93" CONTENT="verk-"/>
						</TextLine>
						<TextLine ID="line_15" HPOS="175" VPOS="765" WIDTH="111" HEIGHT="21">
							<String ID="string_95" HPOS="175" VPOS="765" WIDTH="111" HEIGHT="21" WC="0.90" CONTENT="ställande."/>
						</TextLine>
					</TextBlock>
				</ComposedBlock>
				<ComposedBlock ID="cblock_6" HPOS="517" VPOS="811" WIDTH="61" HEIGHT="27">
					<TextBlock ID="block_6" HPOS="517" VPOS="811" WIDTH="61" HEIGHT="27">
						<TextLine ID="line_16" HPOS="517" VPOS="811" WIDTH="61" HEIGHT="27">
							<String ID="string_96" HPOS="517" VPOS="811" WIDTH="11" HEIGHT="27" WC="0.63" CONTENT="8"/><SP WIDTH="17" VPOS="811" HPOS="528"/>
							<String ID="string_97" HPOS="545" VPOS="812" WIDTH="33" HEIGHT="20" WC="0.91" CONTENT="76."/>
						</TextLine>
					</TextBlock>
				</ComposedBlock>
				<ComposedBlock ID="cblock_7" HPOS="174" VPOS="853" WIDTH="757" HEIGHT="303">
					<TextBlock ID="block_7" HPOS="174" VPOS="853" WIDTH="757" HEIGHT="303">
						<TextLine ID="line_17" HPOS="244" VPOS="853" WIDTH="687" HEIGHT="29">
							<String ID="string_98" HPOS="244" VPOS="853" WIDTH="54" HEIGHT="21" WC="0.92" CONTENT="Sker"/><SP WIDTH="18" VPOS="853" HPOS="298"/>
							<String ID="string_99" HPOS="316" VPOS="853" WIDTH="107" HEIGHT="22" WC="0.91" CONTENT="afmarsch"/><SP WIDTH="19" VPOS="853" HPOS="423"/>
							<String ID="string_100" HPOS="442" VPOS="853" WIDTH="51" HEIGHT="22" WC="0.93" CONTENT="eller"/><SP WIDTH="18" VPOS="853" HPOS="493"/>
							<String ID="string_101" HPOS="511" VPOS="861" WIDTH="49" HEIGHT="14" WC="0.93" CONTENT="resa"/><SP WIDTH="18" VPOS="861" HPOS="560"/>
							<String ID="string_102" HPOS="578" VPOS="853" WIDTH="24" HEIGHT="22" WC="0.93" CONTENT="sä"/><SP WIDTH="18" VPOS="853" HPOS="602"/>
							<String ID="string_103" HPOS="620" VPOS="854" WIDTH="82" HEIGHT="28" WC="0.91" CONTENT="hastigt"/><SP WIDTH="19" VPOS="854" HPOS="702"/>
							<String ID="string_104" HPOS="721" VPOS="855" WIDTH="32" HEIGHT="21" WC="0.93" CONTENT="att"/><SP WIDTH="14" VPOS="855" HPOS="753"/>
							<String ID="string_105" HPOS="767" VPOS="855" WIDTH="123" HEIGHT="27" WC="0.91" CONTENT="regvisition"/><SP WIDTH="16" VPOS="855" HPOS="890"/>
							<String ID="string_106" HPOS="906" VPOS="854" WIDTH="25" HEIGHT="22" WC="0.97" CONTENT="af"/>
						</TextLine>
						<TextLine ID="line_18" HPOS="174" VPOS="888" WIDTH="754" HEIGHT="28">
							<String ID="string_107" HPOS="174" VPOS="888" WIDTH="69" HEIGHT="28" WC="0.91" CONTENT="skjuts"/><SP WIDTH="19" VPOS="888" HPOS="243"/>
							<String ID="string_108" HPOS="262" VPOS="888" WIDTH="18" HEIGHT="28" WC="0.92" CONTENT="ej"/><SP WIDTH="20" VPOS="888" HPOS="280"/>
							<String ID="string_109" HPOS="300" VPOS="888" WIDTH="42" HEIGHT="22" WC="0.96" CONTENT="kan"/><SP WIDTH="18" VPOS="888" HPOS="342"/>
							<String ID="string_110" HPOS="360" VPOS="888" WIDTH="58" HEIGHT="21" WC="0.93" CONTENT="inom"/><SP WIDTH="19" VPOS="888" HPOS="418"/>
							<String ID="string_111" HPOS="437" VPOS="888" WIDTH="191" HEIGHT="22" WC="0.91" CONTENT="ofvanföreskrifna"/><SP WIDTH="15" VPOS="888" HPOS="628"/>
							<String ID="string_112" HPOS="643" VPOS="888" WIDTH="31" HEIGHT="22" WC="0.96" CONTENT="tid"/><SP WIDTH="14" VPOS="888" HPOS="674"/>
							<String ID="string_113" HPOS="688" VPOS="889" WIDTH="86" HEIGHT="21" WC="0.93" CONTENT="komma"/><SP WIDTH="16" VPOS="889" HPOS="774"/>
							<String ID="string_114" HPOS="790" VPOS="889" WIDTH="138" HEIGHT="22" WC="0.92" CONTENT="Guvernören"/>
						</TextLine>
						<TextLine ID="line_19" HPOS="174" VPOS="921" WIDTH="754" HEIGHT="31">
							<String ID="string_115" HPOS="174" VPOS="922" WIDTH="113" HEIGHT="26" WC="0.96" CONTENT="tillhanda,"/><SP WIDTH="19" VPOS="922" HPOS="287"/>
							<String ID="string_116" HPOS="306" VPOS="921" WIDTH="36" HEIGHT="23" WC="0.93" CONTENT="mä"/><SP WIDTH="17" VPOS="921" HPOS="342"/>
							<String ID="string_117" HPOS="359" VPOS="922" WIDTH="151" HEIGHT="28" WC="0.91" CONTENT="regvisitionen"/><SP WIDTH="21" VPOS="922" HPOS="510"/>
							<String ID="string_118" HPOS="531" VPOS="923" WIDTH="140" HEIGHT="22" WC="0.83" CONTENT="öfverlemnas"/><SP WIDTH="19" VPOS="923" HPOS="671"/>
							<String ID="string_119" HPOS="690" VPOS="924" WIDTH="134" HEIGHT="21" WC="0.96" CONTENT="omedelbart"/><SP WIDTH="16" VPOS="924" HPOS="824"/>
							<String ID="string_120" HPOS="840" VPOS="917" WIDTH="37" HEIGHT="39" WC="0.93" CONTENT="till"/><SP WIDTH="14" VPOS="917" HPOS="877"/>
							<String ID="string_121" HPOS="891" VPOS="930" WIDTH="37" HEIGHT="18" WC="0.89" CONTENT="ve-"/>
						</TextLine>
						<TextLine ID="line_20" HPOS="176" VPOS="956" WIDTH="751" HEIGHT="29">
							<String ID="string_122" HPOS="176" VPOS="957" WIDTH="133" HEIGHT="22" WC="0.92" CONTENT="derbörande"/><SP WIDTH="19" VPOS="957" HPOS="309"/>
							<String ID="string_123" HPOS="328" VPOS="957" WIDTH="151" HEIGHT="28" WC="0.88" CONTENT="kronobetjent"/><SP WIDTH="18" VPOS="957" HPOS="479"/>
							<String ID="string_124" HPOS="497" VPOS="957" WIDTH="52" HEIGHT="22" WC="0.93" CONTENT="eller"/><SP WIDTH="18" VPOS="957" HPOS="549"/>
							<String ID="string_125" HPOS="567" VPOS="957" WIDTH="46" HEIGHT="26" WC="0.96" CONTENT="ock,"/><SP WIDTH="16" VPOS="957" HPOS="613"/>
							<String ID="string_126" HPOS="629" VPOS="958" WIDTH="7" HEIGHT="20" WC="0.93" CONTENT="i"/><SP WIDTH="15" VPOS="958" HPOS="636"/>
							<String ID="string_127" HPOS="651" VPOS="958" WIDTH="87" HEIGHT="22" WC="0.82" CONTENT="korthet"/><SP WIDTH="18" VPOS="958" HPOS="738"/>
							<String ID="string_128" HPOS="756" VPOS="956" WIDTH="97" HEIGHT="27" WC="0.86" CONTENT="affattad,"/><SP WIDTH="15" VPOS="956" HPOS="853"/>
							<String ID="string_129" HPOS="868" VPOS="958" WIDTH="59" HEIGHT="20" WC="0.91" CONTENT="med-"/>
						</TextLine>
						<TextLine ID="line_21" HPOS="175" VPOS="991" WIDTH="753" HEIGHT="28">
							<String ID="string_130" HPOS="175" VPOS="991" WIDTH="59" HEIGHT="22" WC="0.96" CONTENT="delas"/><SP WIDTH="22" VPOS="991" HPOS="234"/>
							<String ID="string_131" HPOS="256" VPOS="991" WIDTH="139" HEIGHT="21" WC="0.93" CONTENT="Guvernören"/><SP WIDTH="22" VPOS="991" HPOS="395"/>
							<String ID="string_132" HPOS="417" VPOS="991" WIDTH="52" HEIGHT="21" WC="0.93" CONTENT="eller"/><SP WIDTH="18" VPOS="991" HPOS="469"/>
							<String ID="string_133" HPOS="487" VPOS="991" WIDTH="150" HEIGHT="27" WC="0.44" CONTENT="kronohetjent"/><SP WIDTH="19" VPOS="991" HPOS="637"/>
							<String ID="string_134" HPOS="656" VPOS="998" WIDTH="75" HEIGHT="20" WC="0.92" CONTENT="genom"/><SP WIDTH="15" VPOS="998" HPOS="731"/>
							<String ID="string_135" HPOS="746" VPOS="991" WIDTH="126" HEIGHT="28" WC="0.92" CONTENT="telegramm"/><SP WIDTH="15" VPOS="991" HPOS="872"/>
							<String ID="string_136" HPOS="887" VPOS="992" WIDTH="41" HEIGHT="21" WC="0.95" CONTENT="och"/>
						</TextLine>
						<TextLine ID="line_22" HPOS="176" VPOS="1025" WIDTH="752" HEIGHT="28">
							<String ID="string_137" HPOS="176" VPOS="1026" WIDTH="66" HEIGHT="27" WC="0.92" CONTENT="drage"/><SP WIDTH="16" VPOS="1026" HPOS="242"/>
							<String ID="string_138" HPOS="258" VPOS="1025" WIDTH="60" HEIGHT="22" WC="0.92" CONTENT="desse"/><SP WIDTH="15" VPOS="1025" HPOS="318"/>
							<String ID="string_139" HPOS="333" VPOS="1025" WIDTH="84" HEIGHT="28" WC="0.96" CONTENT="försorg"/><SP WIDTH="16" VPOS="1025" HPOS="417"/>
							<String ID="string_140" HPOS="433" VPOS="1027" WIDTH="32" HEIGHT="19" WC="0.93" CONTENT="att"/><SP WIDTH="15" VPOS="1027" HPOS="465"/>
							<String ID="string_141" HPOS="480" VPOS="1025" WIDTH="135" HEIGHT="28" WC="0.92" CONTENT="erforderligt"/><SP WIDTH="16" VPOS="1025" HPOS="615"/>
							<String ID="string_142" HPOS="631" VPOS="1025" WIDTH="60" HEIGHT="22" WC="0.93" CONTENT="antal"/><SP WIDTH="13" VPOS="1025" HPOS="691"/>
							<String ID="string_143" HPOS="704" VPOS="1025" WIDTH="76" HEIGHT="22" WC="0.91" CONTENT="hästar"/><SP WIDTH="16" VPOS="1025" HPOS="780"/>
							<String ID="string_144" HPOS="796" VPOS="1026" WIDTH="39" HEIGHT="21" WC="0.93" CONTENT="och"/><SP WIDTH="15" VPOS="1026" HPOS="835"/>
							<String ID="string_145" HPOS="850" VPOS="1025" WIDTH="78" HEIGHT="22" WC="0.93" CONTENT="fordon"/>
						</TextLine>
						<TextLine ID="line_23" HPOS="175" VPOS="1060" WIDTH="752" HEIGHT="28">
							<String ID="string_146" HPOS="175" VPOS="1060" WIDTH="77" HEIGHT="22" WC="0.92" CONTENT="varder"/><SP WIDTH="22" VPOS="1060" HPOS="252"/>
							<String ID="string_147" HPOS="274" VPOS="1060" WIDTH="33" HEIGHT="21" WC="0.96" CONTENT="till"/><SP WIDTH="21" VPOS="1060" HPOS="307"/>
							<String ID="string_148" HPOS="328" VPOS="1060" WIDTH="99" HEIGHT="22" WC="0.94" CONTENT="bestämd"/><SP WIDTH="20" VPOS="1060" HPOS="427"/>
							<String ID="string_149" HPOS="447" VPOS="1060" WIDTH="41" HEIGHT="28" WC="0.93" CONTENT="dag"/><SP WIDTH="19" VPOS="1060" HPOS="488"/>
							<String ID="string_150" HPOS="507" VPOS="1060" WIDTH="126" HEIGHT="22" WC="0.91" CONTENT="anskaffadt."/><SP WIDTH="31" VPOS="1060" HPOS="633"/>
							<String ID="string_151" HPOS="664" VPOS="1060" WIDTH="60" HEIGHT="21" WC="0.96" CONTENT="Dock"/><SP WIDTH="19" VPOS="1060" HPOS="724"/>
							<String ID="string_152" HPOS="743" VPOS="1060" WIDTH="45" HEIGHT="26" WC="0.94" CONTENT="bör,"/><SP WIDTH="16" VPOS="1060" HPOS="788"/>
							<String ID="string_153" HPOS="804" VPOS="1061" WIDTH="40" HEIGHT="20" WC="0.93" CONTENT="när"/><SP WIDTH="15" VPOS="1061" HPOS="844"/>
							<String ID="string_154" HPOS="859" VPOS="1060" WIDTH="68" HEIGHT="27" WC="0.96" CONTENT="skjuts"/>
						</TextLine>
						<TextLine ID="line_24" HPOS="176" VPOS="1094" WIDTH="752" HEIGHT="28">
							<String ID="string_155" HPOS="176" VPOS="1101" WIDTH="76" HEIGHT="21" WC="0.93" CONTENT="genom"/><SP WIDTH="14" VPOS="1101" HPOS="252"/>
							<String ID="string_156" HPOS="266" VPOS="1094" WIDTH="127" HEIGHT="28" WC="0.92" CONTENT="telegramm"/><SP WIDTH="14" VPOS="1094" HPOS="393"/>
							<String ID="string_157" HPOS="407" VPOS="1094" WIDTH="104" HEIGHT="27" WC="0.92" CONTENT="päkallas,"/><SP WIDTH="16" VPOS="1094" HPOS="511"/>
							<String ID="string_158" HPOS="527" VPOS="1094" WIDTH="126" HEIGHT="27" WC="0.92" CONTENT="fullständig"/><SP WIDTH="15" VPOS="1094" HPOS="653"/>
							<String ID="string_159" HPOS="668" VPOS="1094" WIDTH="132" HEIGHT="27" WC="0.91" CONTENT="regvisition,"/><SP WIDTH="11" VPOS="1094" HPOS="800"/>
							<String ID="string_160" HPOS="811" VPOS="1094" WIDTH="71" HEIGHT="22" WC="0.93" CONTENT="säsom"/><SP WIDTH="11" VPOS="1094" HPOS="882"/>
							<String ID="string_161" HPOS="893" VPOS="1094" WIDTH="35" HEIGHT="21" WC="0.93" CONTENT="til-"/>
						</TextLine>
						<TextLine ID="line_25" HPOS="176" VPOS="1127" WIDTH="751" HEIGHT="29">
							<String ID="string_162" HPOS="176" VPOS="1128" WIDTH="50" HEIGHT="28" WC="0.96" CONTENT="lägg"/><SP WIDTH="14" VPOS="1128" HPOS="226"/>
							<String ID="string_163" HPOS="240" VPOS="1128" WIDTH="33" HEIGHT="22" WC="0.93" CONTENT="till"/><SP WIDTH="15" VPOS="1128" HPOS="273"/>
							<String ID="string_164" HPOS="288" VPOS="1128" WIDTH="154" HEIGHT="28" WC="0.92" CONTENT="telegrammet,"/><SP WIDTH="19" VPOS="1128" HPOS="442"/>
							<String ID="string_165" HPOS="461" VPOS="1127" WIDTH="160" HEIGHT="22" WC="0.92" CONTENT="vederbörande"/><SP WIDTH="20" VPOS="1127" HPOS="621"/>
							<String ID="string_166" HPOS="641" VPOS="1127" WIDTH="153" HEIGHT="27" WC="0.87" CONTENT="ofördröjligen"/><SP WIDTH="14" VPOS="1127" HPOS="794"/>
							<String ID="string_167" HPOS="808" VPOS="1128" WIDTH="119" HEIGHT="21" WC="0.92" CONTENT="tillsändas."/>
						</TextLine>
					</TextBlock>
				</ComposedBlock>
				<ComposedBlock ID="cblock_8" HPOS="176" VPOS="1208" WIDTH="753" HEIGHT="310">
					<TextBlock ID="block_8" HPOS="521" VPOS="1208" WIDTH="61" HEIGHT="28">
						<TextLine ID="line_26" HPOS="521" VPOS="1208" WIDTH="61" HEIGHT="28">
							<String ID="string_168" HPOS="521" VPOS="1209" WIDTH="10" HEIGHT="27" WC="0.94" CONTENT="8"/><SP WIDTH="17" VPOS="1209" HPOS="531"/>
							<String ID="string_169" HPOS="548" VPOS="1208" WIDTH="34" HEIGHT="21" WC="0.94" CONTENT="77."/>
						</TextLine>
					</TextBlock>
					<TextBlock ID="block_9" HPOS="176" VPOS="1248" WIDTH="753" HEIGHT="166">
						<TextLine ID="line_27" HPOS="245" VPOS="1248" WIDTH="684" HEIGHT="29">
							<String ID="string_170" HPOS="245" VPOS="1251" WIDTH="95" HEIGHT="21" WC="0.95" CONTENT="Kallelse"/><SP WIDTH="17" VPOS="1251" HPOS="340"/>
							<String ID="string_171" HPOS="357" VPOS="1250" WIDTH="33" HEIGHT="21" WC="0.93" CONTENT="till"/><SP WIDTH="15" VPOS="1250" HPOS="390"/>
							<String ID="string_172" HPOS="405" VPOS="1250" WIDTH="180" HEIGHT="27" WC="0.93" CONTENT="transportskjuts"/><SP WIDTH="14" VPOS="1250" HPOS="585"/>
							<String ID="string_173" HPOS="599" VPOS="1249" WIDTH="62" HEIGHT="26" WC="0.96" CONTENT="skall,"/><SP WIDTH="17" VPOS="1249" HPOS="661"/>
							<String ID="string_174" HPOS="678" VPOS="1249" WIDTH="27" HEIGHT="22" WC="0.93" CONTENT="dä"/><SP WIDTH="14" VPOS="1249" HPOS="705"/>
							<String ID="string_175" HPOS="719" VPOS="1249" WIDTH="60" HEIGHT="22" WC="0.93" CONTENT="tiden"/><SP WIDTH="14" VPOS="1249" HPOS="779"/>
							<String ID="string_176" HPOS="793" VPOS="1248" WIDTH="78" HEIGHT="23" WC="0.93" CONTENT="sädant"/><SP WIDTH="14" VPOS="1248" HPOS="871"/>
							<String ID="string_177" HPOS="885" VPOS="1250" WIDTH="44" HEIGHT="21" WC="0.88" CONTENT="till-"/>
						</TextLine>
						<TextLine ID="line_28" HPOS="176" VPOS="1283" WIDTH="753" HEIGHT="28">
							<String ID="string_178" HPOS="176" VPOS="1283" WIDTH="61" HEIGHT="26" WC="0.92" CONTENT="läter,"/><SP WIDTH="23" VPOS="1283" HPOS="237"/>
							<String ID="string_179" HPOS="260" VPOS="1285" WIDTH="37" HEIGHT="20" WC="0.92" CONTENT="ske"/><SP WIDTH="19" VPOS="1285" HPOS="297"/>
							<String ID="string_180" HPOS="316" VPOS="1291" WIDTH="76" HEIGHT="19" WC="0.93" CONTENT="genom"/><SP WIDTH="18" VPOS="1291" HPOS="392"/>
							<String ID="string_181" HPOS="410" VPOS="1284" WIDTH="127" HEIGHT="27" WC="0.91" CONTENT="kungörelse"/><SP WIDTH="15" VPOS="1284" HPOS="537"/>
							<String ID="string_182" HPOS="552" VPOS="1283" WIDTH="7" HEIGHT="20" WC="0.96" CONTENT="i"/><SP WIDTH="15" VPOS="1283" HPOS="559"/>
							<String ID="string_183" HPOS="574" VPOS="1283" WIDTH="77" HEIGHT="27" WC="0.92" CONTENT="kyrka:"/><SP WIDTH="19" VPOS="1283" HPOS="651"/>
							<String ID="string_184" HPOS="670" VPOS="1283" WIDTH="97" HEIGHT="21" WC="0.91" CONTENT="börande"/><SP WIDTH="18" VPOS="1283" HPOS="767"/>
							<String ID="string_185" HPOS="785" VPOS="1283" WIDTH="64" HEIGHT="21" WC="0.88" CONTENT="likväl"/><SP WIDTH="19" VPOS="1283" HPOS="849"/>
							<String ID="string_186" HPOS="868" VPOS="1283" WIDTH="61" HEIGHT="21" WC="0.94" CONTENT="alltid"/>
						</TextLine>
						<TextLine ID="line_29" HPOS="177" VPOS="1316" WIDTH="752" HEIGHT="29">
							<String ID="string_187" HPOS="177" VPOS="1318" WIDTH="26" HEIGHT="21" WC="0.91" CONTENT="de"/><SP WIDTH="19" VPOS="1318" HPOS="203"/>
							<String ID="string_188" HPOS="222" VPOS="1317" WIDTH="227" HEIGHT="28" WC="0.90" CONTENT="skjutsningsskyldige"/><SP WIDTH="19" VPOS="1317" HPOS="449"/>
							<String ID="string_189" HPOS="468" VPOS="1316" WIDTH="57" HEIGHT="27" WC="0.96" CONTENT="eller,"/><SP WIDTH="20" VPOS="1316" HPOS="525"/>
							<String ID="string_190" HPOS="545" VPOS="1324" WIDTH="35" HEIGHT="14" WC="0.92" CONTENT="om"/><SP WIDTH="18" VPOS="1324" HPOS="580"/>
							<String ID="string_191" HPOS="598" VPOS="1316" WIDTH="72" HEIGHT="28" WC="0.92" CONTENT="nägon"/><SP WIDTH="15" VPOS="1316" HPOS="670"/>
							<String ID="string_192" HPOS="685" VPOS="1317" WIDTH="25" HEIGHT="21" WC="0.97" CONTENT="af"/><SP WIDTH="13" VPOS="1317" HPOS="710"/>
							<String ID="string_193" HPOS="723" VPOS="1316" WIDTH="47" HEIGHT="22" WC="0.93" CONTENT="dem"/><SP WIDTH="15" VPOS="1316" HPOS="770"/>
							<String ID="string_194" HPOS="785" VPOS="1316" WIDTH="47" HEIGHT="22" WC="0.91" CONTENT="icke"/><SP WIDTH="15" VPOS="1316" HPOS="832"/>
							<String ID="string_195" HPOS="847" VPOS="1317" WIDTH="82" HEIGHT="21" WC="0.89" CONTENT="anträf-"/>
						</TextLine>
						<TextLine ID="line_30" HPOS="177" VPOS="1351" WIDTH="752" HEIGHT="28">
							<String ID="string_196" HPOS="177" VPOS="1352" WIDTH="39" HEIGHT="26" WC="0.92" CONTENT="fas,"/><SP WIDTH="20" VPOS="1352" HPOS="216"/>
							<String ID="string_197" HPOS="236" VPOS="1352" WIDTH="48" HEIGHT="22" WC="0.93" CONTENT="dess"/><SP WIDTH="15" VPOS="1352" HPOS="284"/>
							<String ID="string_198" HPOS="299" VPOS="1352" WIDTH="85" HEIGHT="21" WC="0.92" CONTENT="husfolk"/><SP WIDTH="15" VPOS="1352" HPOS="384"/>
							<String ID="string_199" HPOS="399" VPOS="1358" WIDTH="75" HEIGHT="21" WC="0.93" CONTENT="genom"/><SP WIDTH="16" VPOS="1358" HPOS="474"/>
							<String ID="string_200" HPOS="490" VPOS="1351" WIDTH="174" HEIGHT="28" WC="0.90" CONTENT="kronobetjentes"/><SP WIDTH="15" VPOS="1351" HPOS="664"/>
							<String ID="string_201" HPOS="679" VPOS="1351" WIDTH="84" HEIGHT="28" WC="0.93" CONTENT="försorg"/><SP WIDTH="16" VPOS="1351" HPOS="763"/>
							<String ID="string_202" HPOS="779" VPOS="1351" WIDTH="73" HEIGHT="22" WC="0.92" CONTENT="derom"/><SP WIDTH="15" VPOS="1351" HPOS="852"/>
							<String ID="string_203" HPOS="867" VPOS="1351" WIDTH="62" HEIGHT="22" WC="0.92" CONTENT="äfven"/>
						</TextLine>
						<TextLine ID="line_31" HPOS="177" VPOS="1386" WIDTH="266" HEIGHT="28">
							<String ID="string_204" HPOS="177" VPOS="1386" WIDTH="101" HEIGHT="22" WC="0.93" CONTENT="särskildt"/><SP WIDTH="14" VPOS="1386" HPOS="278"/>
							<String ID="string_205" HPOS="292" VPOS="1386" WIDTH="151" HEIGHT="28" WC="0.93" CONTENT="förständigas."/>
						</TextLine>
					</TextBlock>
					<TextBlock ID="block_10" HPOS="177" VPOS="1419" WIDTH="752" HEIGHT="99">
						<TextLine ID="line_32" HPOS="246" VPOS="1419" WIDTH="683" HEIGHT="30">
							<String ID="string_206" HPOS="246" VPOS="1420" WIDTH="118" HEIGHT="22" WC="0.75" CONTENT="Uteblifver"/><SP WIDTH="17" VPOS="1420" HPOS="364"/>
							<String ID="string_207" HPOS="381" VPOS="1420" WIDTH="78" HEIGHT="29" WC="0.83" CONTENT="någon,"/><SP WIDTH="18" VPOS="1420" HPOS="459"/>
							<String ID="string_208" HPOS="477" VPOS="1427" WIDTH="46" HEIGHT="15" WC="0.96" CONTENT="som"/><SP WIDTH="18" VPOS="1427" HPOS="523"/>
							<String ID="string_209" HPOS="541" VPOS="1420" WIDTH="33" HEIGHT="22" WC="0.93" CONTENT="till"/><SP WIDTH="19" VPOS="1420" HPOS="574"/>
							<String ID="string_210" HPOS="593" VPOS="1420" WIDTH="67" HEIGHT="28" WC="0.96" CONTENT="skjuts"/><SP WIDTH="18" VPOS="1420" HPOS="660"/>
							<String ID="string_211" HPOS="678" VPOS="1420" WIDTH="117" HEIGHT="28" WC="0.96" CONTENT="behörigen"/><SP WIDTH="15" VPOS="1420" HPOS="795"/>
							<String ID="string_212" HPOS="810" VPOS="1419" WIDTH="73" HEIGHT="23" WC="0.96" CONTENT="kallad"/><SP WIDTH="15" VPOS="1419" HPOS="883"/>
							<String ID="string_213" HPOS="898" VPOS="1422" WIDTH="31" HEIGHT="26" WC="0.92" CONTENT="är,"/>
						</TextLine>
						<TextLine ID="line_33" HPOS="177" VPOS="1454" WIDTH="752" HEIGHT="29">
							<String ID="string_214" HPOS="177" VPOS="1455" WIDTH="42" HEIGHT="27" WC="0.94" CONTENT="mä,"/><SP WIDTH="20" VPOS="1455" HPOS="219"/>
							<String ID="string_215" HPOS="239" VPOS="1456" WIDTH="38" HEIGHT="21" WC="0.92" CONTENT="der"/><SP WIDTH="18" VPOS="1456" HPOS="277"/>
							<String ID="string_216" HPOS="295" VPOS="1456" WIDTH="110" HEIGHT="27" WC="0.92" CONTENT="bevisning"/><SP WIDTH="19" VPOS="1456" HPOS="405"/>
							<String ID="string_217" HPOS="424" VPOS="1463" WIDTH="34" HEIGHT="14" WC="0.93" CONTENT="om"/><SP WIDTH="18" VPOS="1463" HPOS="458"/>
							<String ID="string_218" HPOS="476" VPOS="1455" WIDTH="103" HEIGHT="23" WC="0.92" CONTENT="kallelsen"/><SP WIDTH="17" VPOS="1455" HPOS="579"/>
							<String ID="string_219" HPOS="596" VPOS="1456" WIDTH="48" HEIGHT="21" WC="0.91" CONTENT="icke"/><SP WIDTH="15" VPOS="1456" HPOS="644"/>
							<String ID="string_220" HPOS="659" VPOS="1455" WIDTH="135" HEIGHT="22" WC="0.92" CONTENT="annorlunda"/><SP WIDTH="15" VPOS="1455" HPOS="794"/>
							<String ID="string_221" HPOS="809" VPOS="1454" WIDTH="120" HEIGHT="24" WC="0.92" CONTENT="ästadkom-"/>
						</TextLine>
						<TextLine ID="line_34" HPOS="178" VPOS="1490" WIDTH="607" HEIGHT="28">
							<String ID="string_222" HPOS="178" VPOS="1497" WIDTH="46" HEIGHT="15" WC="0.96" CONTENT="mas"/><SP WIDTH="14" VPOS="1497" HPOS="224"/>
							<String ID="string_223" HPOS="238" VPOS="1490" WIDTH="48" HEIGHT="26" WC="0.96" CONTENT="kan,"/><SP WIDTH="18" VPOS="1490" HPOS="286"/>
							<String ID="string_224" HPOS="304" VPOS="1490" WIDTH="70" HEIGHT="21" WC="0.96" CONTENT="denna"/><SP WIDTH="15" VPOS="1490" HPOS="374"/>
							<String ID="string_225" HPOS="389" VPOS="1490" WIDTH="23" HEIGHT="21" WC="0.93" CONTENT="af"/><SP WIDTH="13" VPOS="1490" HPOS="412"/>
							<String ID="string_226" HPOS="425" VPOS="1490" WIDTH="150" HEIGHT="28" WC="0.90" CONTENT="kronobetjent"/><SP WIDTH="14" VPOS="1490" HPOS="575"/>
							<String ID="string_227" HPOS="589" VPOS="1490" WIDTH="49" HEIGHT="22" WC="0.96" CONTENT="med"/><SP WIDTH="16" VPOS="1490" HPOS="638"/>
							<String ID="string_228" HPOS="654" VPOS="1490" WIDTH="26" HEIGHT="21" WC="0.93" CONTENT="ed"/><SP WIDTH="15" VPOS="1490" HPOS="680"/>
							<String ID="string_229" HPOS="695" VPOS="1490" WIDTH="90" HEIGHT="28" WC="0.92" CONTENT="styrkas."/>
						</TextLine>
					</TextBlock>
				</ComposedBlock>
			</PrintSpace>
		</Page>
	</Layout>
</alto>
