1023 1720
221 147 44 17 1538
425 147 73 23 Nädiga
508 148 139 22 Propositionen
659 148 35 16 N:o
707 148 28 16 30.

391 209 102 27 100,000
508 210 62 22 mark
583 211 35 21 till
629 210 212 22 elementarlärokets
851 209 100 29 förbätt-

333 244 69 22 rande
410 245 53 28 utgä
471 246 105 28 nästefter
585 245 98 28 anslaget
689 245 41 29 för
733 244 218 30 folkskoleväsendet.

265 279 30 21 Af
312 279 36 22 det
366 286 77 21 genom
461 279 203 23 senästförsamlade
682 279 103 22 Ständers
803 278 70 22 beslut
891 278 8 22 i
913 286 38 14 an-

197 314 40 21 dra
255 315 92 21 rummet
365 314 79 21 ställda
461 315 98 27 anslaget
581 314 35 22 för
638 313 107 29 ätskilliga
767 313 184 29 fyrinrättningar,

197 348 120 28 utgörande
331 348 76 22 inalles
422 350 91 25 702,890
528 348 68 27 mark,
611 349 40 21 har
666 347 13 23 &
693 348 143 28 bevillningen
847 348 35 21 för
896 348 55 21 1865

197 382 77 23 afförts
285 382 72 22 halfva
368 383 119 21 kostnaden
498 383 35 21 för
548 390 26 14 en
589 382 76 28 fyrbåk
679 383 36 21 vid
730 382 103 22 Skälskär
848 382 40 21 och
903 382 49 22 hela

197 417 119 22 kostnaden
334 417 35 21 för
386 419 31 19 ett
431 418 106 27 fyrfartyg
551 417 36 22 vid
602 417 91 27 Snipans
709 417 75 28 grund,
800 416 49 22 med
863 416 89 22 tillsam-

196 459 61 14 mans
274 452 91 25 142,370
380 452 67 21 mark.
478 452 40 21 Om
536 451 91 28 ungefär
645 451 113 22 enahanda
776 458 83 15 summa
873 452 78 20 använ-

197 486 38 21 des
249 485 34 22 för
298 485 27 22 de
339 485 70 28 öfriga
423 486 112 22 beslutade
553 486 205 27 fyrinrättningarne
773 485 25 22 af
809 485 143 28 bevillningen

197 520 34 21 för
248 519 107 22 hvardera
372 519 25 22 af
413 519 52 23 åren
484 521 55 21 1866
558 520 41 22 och
618 522 61 25 1867,
699 520 68 21 skulle
781 521 58 20 ännu
854 520 97 27 omkring

198 556 91 25 275,000
308 555 61 21 mark
388 556 53 21 böra
459 555 25 22 af
499 555 41 22 den
554 562 43 21 nya
612 555 143 28 bevillningen
773 553 53 29 utgä
843 555 35 21 för
893 555 59 22 detta

199 588 106 23 ändamål.
336 588 45 22 Och
395 589 63 22 torde
473 588 82 23 således

391 624 108 21 intilldess
518 624 102 28 samtliga
640 623 172 29 ifrågavarande
829 624 124 28 fyrinrätt-

336 659 81 27 ningar
441 658 74 29 blifvit
534 658 153 29 fullbordade,
710 657 143 30 erforderligt
875 658 77 28 anslag

334 692 77 21 dertill
425 693 53 27 utgå
493 693 25 28 af
532 692 211 29 bevillningsmedlen
757 693 106 28 nästefter
879 693 74 28 ofvan-

335 731 113 24 upptagna
463 727 85 28 anslag.

265 761 11 21 I
294 761 102 22 händelse
414 761 143 22 nästnämnda
575 769 84 14 summa
676 761 94 22 fördelas
788 761 29 28 på
834 760 37 23 två
892 760 25 23 år
939 761 14 22 &ä

201 796 90 25 137,500
306 796 67 26 mark,
389 795 24 22 så
428 796 74 26 skulle,
518 795 102 22 förutsatt
635 798 32 19 att
682 795 102 28 anslagen
795 796 33 21 till
839 795 113 22 folkskole-

197 829 102 22 väsendet
314 830 40 21 och
369 830 237 21 elementarläroverket
621 830 24 21 af
658 829 120 22 Ständerna
789 830 32 21 till
833 829 119 22 ofvanföre-

197 863 76 28 slagna
287 864 78 27 belopp
382 864 130 27 godkännas,
528 864 24 21 af
564 864 142 27 bevillningen
721 864 34 22 för
771 865 54 20 1868
841 864 40 21 och
897 865 54 20 1869

198 897 83 23 således
296 899 92 25 487,500
407 898 61 21 mark
483 898 106 22 hvardera
604 897 47 23 året
664 905 53 14 vara
732 898 147 28 disponerade.
909 898 42 22 En-

197 933 40 27 ligt
254 933 68 21 redan
341 932 122 28 åberopade
480 933 92 21 relation
591 940 34 14 om
643 932 143 28 bevillningen
803 932 64 28 utgår
882 931 13 23 å
915 940 36 14 an-

197 967 70 27 slaget
283 967 35 22 för
336 967 328 22 kommunikationsanstalterna
685 968 78 21 räntan
781 966 30 29 på
829 968 36 20 det
883 966 69 23 såkal-

197 1002 49 21 lade
265 1000 167 30 jernvägslånet,
455 1009 46 15 som
524 1001 24 22 år
571 1003 55 20 1865
648 1004 94 26 upptogs
768 1002 33 21 till
826 1002 78 27 belopp
931 1002 24 22 af

199 1038 90 26 699,400
304 1036 67 22 mark.
395 1036 83 28 Lägges
493 1037 70 21 denna
577 1038 70 24 ränta,
659 1044 46 14 som
720 1038 64 26 utgör
800 1038 75 25 37,767
891 1037 62 21 mark

199 1072 26 20 60
244 1071 71 28 penni,
334 1071 33 21 till
385 1071 26 21 de
429 1073 76 21 trenne
523 1071 127 22 förberörda
669 1072 108 27 anslagen,
793 1072 58 21 visar
870 1071 35 22 det
921 1072 32 27 sig

187 1102 43 25 "att
244 1105 30 28 pä
288 1105 137 22 omförmäldt
440 1107 43 20 sätt
497 1106 98 27 omkring
607 1106 92 25 525,300
711 1106 61 21 mark
784 1105 23 22 af
817 1106 136 28 bevillnings-

197 1140 85 21 medlen
296 1138 51 29 ätgä
362 1140 68 21 under
445 1140 105 22 hvardera
566 1140 24 21 af
606 1140 26 20 de
650 1142 76 20 tvenne
745 1140 68 21 första
831 1139 57 23 åren.
918 1139 35 23 Då

197 1173 67 28 nägot
278 1174 75 27 anslag
367 1173 36 21 för
417 1174 208 27 fyrinrättningarna
639 1174 122 22 sedermera
775 1174 47 21 icke
837 1174 114 26 erfordras,

197 1208 68 22 skulle
284 1208 95 21 deremot
397 1209 24 20 af
437 1208 143 28 bevillningen
598 1208 34 21 för
651 1207 51 22 åren
719 1209 111 20 1870—72
850 1203 43 27 allt
906 1215 47 15 som

198 1243 125 26 Ofverstiger
339 1243 90 25 387,767
445 1243 61 20 mark
518 1244 26 19 60
556 1243 64 26 penni
635 1243 73 21 kunna
723 1243 108 21 användas
845 1243 34 22 till
893 1243 59 22 kom-

198 1276 196 21 munikationernas
409 1276 155 21 förbättrande.

266 1310 79 27 Vigten
364 1310 40 21 och
422 1312 75 26 nyttan
516 1310 24 20 af
557 1309 26 21 de
600 1310 111 28 jernvägs-
733 1310 41 22 och
792 1310 161 27 kanalarheten,

197 1344 83 22 hvilkas
299 1344 115 22 utförande
432 1344 203 22 senastförsamlade
657 1345 92 22 Ständer
771 1346 121 29 tillstyrkte,
914 1347 38 21 äro

198 1379 35 22 väl
247 1378 25 22 sä
287 1379 145 28 obestridliga,
448 1381 33 19 att
495 1379 104 22 utskottet
615 1380 68 22 skulle
698 1380 76 22 önskat
789 1383 32 19 att
835 1382 72 21 kunna
921 1381 32 22 fö-

197 1413 58 22 reslä,
272 1415 91 27 utvägar
380 1414 34 21 till
433 1413 190 23 ästadkommande
642 1415 24 21 af
682 1415 26 22 de
727 1416 71 21 dertill
813 1416 140 29 erforderliga

198 1448 75 22 medel.
303 1448 50 22 Men
377 1448 12 22 &
412 1456 40 14 ena
475 1449 61 22 sidan
558 1450 40 20 har
619 1450 104 22 utskottet
744 1451 91 28 nödgats
853 1452 100 22 betrakta

199 1483 36 21 det
250 1482 70 22 säsom
335 1483 63 28 högst
413 1484 90 26 osäkert,
523 1484 106 21 huruvida
648 1484 25 22 de
690 1486 111 26 1,800,000
820 1486 68 26 mark,
907 1493 45 15 som
