1014 1714
302 147 72 24 Nådiga
386 148 137 22 Propositionen
535 148 35 17 N:o
583 149 28 16 34.
761 147 43 18 1687

463 214 13 27 $
491 212 22 22 2.

198 254 63 22 Från
278 256 174 28 inqvarterings-
470 256 39 20 och
524 254 303 30 transportskjutsningsskyl-

143 288 101 30 digheten
260 289 95 29 befrias:

198 323 22 27 a)
232 324 32 27 på
280 323 107 21 arrenden
403 324 23 20 åt
437 323 94 21 enskilde
539 330 107 21 personer
656 322 107 29 upplåtna
774 322 53 21 eller

142 357 26 29 af
188 356 47 22 dem
257 358 61 27 eljest
340 356 159 29 innehafvande
519 356 154 29 kungsgärdar
692 356 39 21 och
750 356 77 28 kungs-

142 391 145 29 ladugårdar,
310 390 192 30 officersboställen
524 394 55 18 samt
602 390 105 22 boställen
730 390 96 22 hörande

144 426 36 20 till
195 426 60 21 oivil-
271 425 39 21 och
325 424 240 27 ecklesiastikstaterne;

199 460 23 28 b)
242 460 104 26 hemman,
366 460 103 28 anslagne
489 460 35 21 till
543 459 144 33 befordrande
706 459 26 29 af
742 459 84 29 postfö-

141 494 79 28 ringen
235 494 61 28 öfver
312 493 108 22 åländska
435 495 109 27 sjöpassen
559 494 38 20 och
612 493 85 22 Ålands
712 493 48 29 haf;
771 496 55 18 samt

200 530 21 26 €)
238 529 106 28 lägenhet,
360 528 70 22 hvarä
445 528 132 29 gästyifveri
591 529 28 20 är
624 528 105 28 förlagdt
741 528 39 20 och
783 528 43 28 för

142 563 154 29 gästyifveriet
313 563 79 28 nödige
407 563 125 29 byggnader
547 562 74 28 blifvit
634 566 54 17 utan
702 563 124 27 ersättning

141 598 107 28 upplätna
264 598 25 28 af
298 597 134 29 jordegaren
447 598 52 20 eller
513 597 164 29 innehafvaren,
689 596 67 22 ehvad
766 597 60 28 gäst-

141 632 210 29 gifverihällningen
370 632 25 28 af
412 632 77 20 honom
507 631 52 30 sjelf
575 631 129 29 ombesörjes
722 631 53 21 eller
791 631 35 21 till

143 673 73 14 annan
231 666 160 29 öfverlemnats.

199 700 105 29 Befriade
306 700 58 29 från
373 699 394 30 transportskjutsningsskyldigheten
774 706 51 14 vare

140 734 193 27 militieboställen,
349 741 45 14 som
408 736 59 19 varit
483 736 101 27 anslagne
596 735 24 21 ät
630 734 148 29 underbefälet
788 734 38 22 vid

142 769 26 21 de
186 769 84 21 indelta
289 772 124 26 trupperne,
433 772 55 18 samt
506 769 103 27 hemman,
625 776 45 14 som
684 769 68 29 nägot
766 770 60 27 gäst-

141 804 83 28 gifveri
243 804 35 20 till
292 803 149 29 reservskjuts,
457 804 52 21 eller
525 804 36 21 till
575 803 207 29 häradspostföring
797 804 29 20 el-

142 839 32 20 ler
183 838 183 29 fängskjutsning
380 838 81 22 indelte
477 840 46 19 äro.

200 872 79 22 Frihet
287 872 59 29 frän
360 874 153 27 ingvartering
524 873 72 29 njute:
608 872 38 22 hus
658 872 116 28 tillhöriga
785 873 40 21 all-

142 908 82 20 männa
243 908 59 20 läro-
316 907 39 21 och
370 907 312 28 välgörenhetsinrättningar,
698 906 85 22 kronan
797 907 29 21 el-

143 942 32 20 ler
194 940 130 27 kommuner,
344 941 109 29 äfvensom
469 942 99 21 ständer-
583 941 39 21 och
637 940 119 22 riddarhus
770 944 56 18 samt

142 974 106 22 enskildes
271 976 36 20 till
329 975 98 28 tingshus
449 976 102 28 upplätne
572 976 92 28 gärdar,
682 975 77 21 medan
778 976 46 27 ting

143 1009 111 21 derstädes
270 1009 74 25 hälles.

460 1046 49 29 88
573 1068 3 4 .

398 1110 2 2 —
412 1083 141 22 Oförändrad.

429 1138 27 28 $$
475 1136 64 23 4—6.

200 1177 146 29 Likalydande
360 1178 49 22 med
424 1178 25 28 88
465 1179 54 21 5—7
533 1178 8 21 i
555 1178 167 28 propositionen.

457 1233 12 28 $
491 1231 20 22 7.

201 1274 119 29 Samtelige
342 1275 74 21 städer
430 1275 10 20 i
455 1275 72 21 landet
546 1275 38 21 och
602 1275 25 21 de
647 1274 114 30 köpingar,
780 1282 45 14 som

144 1310 81 27 utgöra
240 1309 123 22 kommuner
372 1309 43 28 för
431 1309 40 28 sig,
486 1309 66 26 skola,
568 1309 81 21 enhvar
663 1310 10 19 i
682 1309 143 29 förhällande

145 1344 36 19 till
189 1343 164 28 folkmängden,
368 1347 130 24 gemensamt
512 1344 87 27 deltaga
609 1345 10 18 i
630 1343 148 25 kostnaderne,
791 1345 35 19 till

144 1376 42 22 den
201 1377 34 20 del
251 1377 61 21 dessa
326 1376 85 22 drabba
426 1377 25 21 de
461 1376 267 29 ingvarteringsskyldige,
734 1377 43 28 för
788 1385 38 12 an-

145 1409 109 31 skafande
270 1411 25 29 af
308 1411 38 22 ved
362 1411 19 29 ej
395 1410 85 23 mindre
496 1411 35 22 till
545 1410 88 30 eldning
649 1411 25 29 af
688 1411 88 29 befälets
788 1411 38 21 och

144 1445 136 30 manskapets
303 1446 141 29 boningsrum
466 1449 55 18 samt
543 1446 71 29 öfrige
638 1445 88 28 lokaler,
746 1447 29 20 än
790 1447 36 20 till

144 1481 139 28 matlagning
306 1481 38 21 och
366 1479 158 31 brödbakning,
547 1481 109 29 äfvensom
678 1480 25 29 af
723 1481 41 29 ljus
787 1481 39 21 och

726 1522 32 17 106
