1014 1720
216 149 43 16 1644
414 146 72 23 Nådiga
498 147 136 21 Propositionen
646 147 34 17 N:o
693 147 28 16 34.

194 212 49 26 gent
258 210 107 22 användas
379 209 33 21 till
426 209 84 22 lättnad
523 210 8 20 i
545 209 260 27 ingvarteringsbesväret.
834 209 47 22 Den
891 211 50 20 när-

193 251 59 14 mare
266 244 147 27 fördelningen
428 244 24 21 af
464 244 90 21 berörde
568 246 67 25 tunga
650 243 25 22 de
689 243 253 29 ingvarteringsskyldige

195 278 88 22 emellan
298 278 123 22 ankommer
436 277 28 29 pä
478 278 134 22 kommunen.

545 340 11 27 8
572 340 20 20 7.

262 382 257 28 Ingvarteringsbesväret
532 382 8 21 i
554 382 80 27 köping
648 381 72 22 tillhör
731 381 102 23 likaledes
847 382 96 22 kommu-

195 424 41 13 nen
250 419 33 19 att
297 417 26 21 de
338 416 216 28 betalningsskyldige
568 416 90 21 emellan
672 416 89 21 fördela.

546 477 8 27 s
572 477 20 20 8.

263 519 40 21 Till
318 519 102 22 Senatens
435 519 33 21 för
482 519 90 21 Finland
588 518 124 29 förfogande
727 519 79 26 ställes,
822 519 33 21 för
871 526 25 14 en
911 519 32 21 tid

195 553 24 21 af
235 552 45 23 åtta
298 552 31 27 är,
344 560 26 14 en
388 553 55 28 årlig
462 561 82 13 summa
562 553 23 21 af
601 553 179 21 trehundratusen
798 553 67 26 mark,
880 553 63 22 hvar-

196 588 48 21 med
263 587 92 22 Senaten
373 588 46 21 icke
437 587 54 22 blott
506 587 55 22 läter
575 587 94 22 bestrida
684 587 79 22 sädane
778 587 166 28 ingvarterings-

194 621 122 27 kostnader,
332 629 45 14 som
394 622 112 26 härintills,
526 622 101 27 antingen
646 622 105 21 särskilda
768 623 125 20 kommuner
911 622 33 21 till

194 656 87 23 biständ
295 657 7 20 i
318 656 62 21 deras
394 656 281 28 ingvarteringsskyldighet,
692 656 51 21 eller
758 657 23 20 af
795 663 70 14 annan
880 657 65 20 orsak

195 691 101 22 utbetalts
315 689 48 23 från
382 691 108 21 allmänna
508 691 157 26 militiefonden,
681 692 52 19 utan
749 691 39 21 ock
803 697 49 21 eger
866 690 7 21 i
888 691 56 21 före-

195 725 128 22 kommande
342 725 43 26 fall,
400 724 29 28 pä
448 725 72 22 derom
539 725 91 21 skeende
645 725 117 27 ansökning
778 725 51 20 eller
842 724 102 22 vederbö-

195 760 67 21 rande
278 759 120 22 Guvernörs
413 759 162 27 framställning,
590 759 77 27 bevilja
682 759 73 21 städer
770 759 39 20 och
825 760 58 19 orter
893 759 52 20 eller

196 794 96 21 enskilda
309 793 123 28 lägenheter
449 793 29 28 pä
496 793 78 26 landet,
590 793 70 21 hvilka
678 793 23 21 af
714 800 26 14 en
755 793 51 21 eller
821 800 70 14 annan
907 800 38 13 an-

195 829 86 26 ledning
303 827 96 22 befinnas
421 828 48 21 med
491 827 71 22 alltför
584 827 48 21 svår
650 827 145 27 ingvartering
816 827 128 27 betungade,

195 862 108 27 tillfälliga
310 861 115 21 understöd
436 862 54 20 efter
500 861 100 27 pröfning
612 861 24 21 af
644 861 97 22 behofvet
752 861 33 21 för
796 861 74 28 hvarje
881 860 64 28 gäng-

547 921 11 27 8
575 922 19 20 9.

264 964 160 22 Kommunerna
438 964 29 28 pä
481 964 73 21 landet
568 964 59 26 böra,
639 964 74 28 hvarje
727 964 36 21 län
777 963 65 22 skildt
856 964 34 21 för
905 964 38 27 sig,

197 999 73 22 anvisa
284 998 140 28 erforderliga
437 998 69 22 medel
520 998 32 21 till
568 997 139 22 anskaffande
721 998 22 20 in
757 999 78 20 natura
850 998 51 21 eller
912 1005 33 14 er-

198 1033 98 22 sättande
315 1032 23 22 af
354 1032 39 22 ved
415 1032 33 21 till
470 1032 85 28 eldning
574 1032 24 21 af
618 1032 196 27 officersgvarteren
836 1034 55 20 samt
912 1032 34 21 till

196 1067 136 30 manskapets
351 1066 137 28 matkokning
508 1066 38 21 och
564 1066 147 27 brödbakning
730 1066 107 22 äfvensom
860 1066 24 22 af
903 1066 43 28 ljus

197 1102 40 21 och
256 1101 110 27 sänghalm
384 1100 34 22 för
437 1101 25 21 de
480 1102 95 26 trupper,
594 1107 45 14 som
660 1101 67 21 under
746 1100 89 22 fredstid
857 1102 37 20 äro
916 1100 30 28 pä

197 1136 75 26 längre
287 1134 51 22 eller
352 1134 86 21 kortare
453 1134 31 21 tid
498 1134 7 20 i
520 1134 118 22 socknarne
652 1134 57 21 inom
720 1134 58 20 länet
789 1134 156 27 ingvarterade,

197 1169 33 21 till
246 1169 35 21 det
295 1168 84 27 belopp,
396 1176 44 13 som
456 1168 80 28 äligger
552 1168 161 21 kommunernes
732 1168 213 28 ingvarteringsskyl-

198 1203 48 27 dige
260 1201 101 23 invånare
376 1202 103 21 anskaffa.
509 1202 10 21 I
537 1201 76 22 sådant
631 1202 98 21 afseende
748 1209 40 20 ega
801 1202 98 21 bemälde
913 1202 33 21 in-

198 1236 235 28 qvarteringsskyldige,
453 1243 75 21 genom
547 1236 108 22 socknevis
676 1236 91 21 utsedda
785 1237 85 25 ombud,
889 1237 56 21 inför

199 1271 137 21 Guvernören
354 1271 50 20 eller
423 1271 41 20 den
480 1271 43 20 han
541 1271 7 20 i
567 1271 37 20 sitt
622 1271 61 20 ställe
702 1270 70 21 dertill
793 1273 65 23 utser,
877 1271 68 20 öfver-

199 1304 121 22 enskomma
340 1310 33 14 om
392 1304 134 26 lämpligaste
544 1305 64 19 sättet
629 1304 33 20 för
684 1304 66 27 sagde
771 1304 175 22 förnödenheters

199 1338 139 22 anskaffande
356 1338 51 21 eller
426 1338 127 22 ersättande.
582 1338 78 21 Kunna
679 1338 105 22 ombuden
802 1338 46 22 icke
870 1338 76 22 härom

199 1374 31 27 sig
248 1373 81 25 förena,
348 1373 122 21 ankommer
490 1372 12 22 å
517 1372 136 22 Guvernören
671 1374 32 20 att
718 1373 88 21 ärendet
821 1373 75 27 afgöra
911 1380 34 21 ge-

199 1415 50 14 nom
263 1407 77 27 utslag,
355 1406 111 23 hvaröfver
480 1408 77 21 besvär
571 1406 35 22 må
621 1408 24 20 af
658 1408 40 20 den
713 1407 51 22 eller
776 1408 53 26 dem,
842 1415 45 14 som
899 1408 47 22 der-

201 1440 48 24 med
264 1442 18 27 ej
299 1442 67 27 nöjas,
381 1442 7 20 i
403 1441 70 29 vanlig
488 1442 90 28 ordning
593 1442 91 22 anföras.
