981 1714
276 122 72 24 Nådiga
359 124 137 22 Propositionen
508 124 34 17 N:o
554 125 27 17 28,
741 123 44 17 1485

128 186 14 22 å
160 186 72 22 landet
250 187 60 21 inom
328 188 90 28 enhalf
429 188 40 21 mil
480 188 58 28 från
552 187 85 22 stadens
653 188 65 21 linier
733 187 73 28 drifva

128 220 84 27 handel,
232 222 119 21 handtverk
370 223 52 20 eller
438 222 178 30 fabriksrörelse,
636 222 48 22 söke
707 222 37 21 hos
762 226 44 17 sta-

127 255 51 21 dens
193 263 19 13 o.
227 263 16 14 s.
258 263 20 15 v.
294 256 65 28 enligt
372 256 168 28 propositionen.

436 310 13 28 $
464 309 33 22 16.

395 352 143 22 Oförändrad.

435 413 13 28 $
462 411 34 22 17.

182 455 30 27 (1,
228 456 12 20 2
256 454 40 22 och
317 456 6 20 3
338 456 95 27 momm.)
462 455 154 22 Oförändrade.

182 489 22 28 (4
219 490 73 27 mom.)
321 488 37 22 En
377 490 55 21 hvar
446 490 33 28 pä
498 490 73 21 landet
588 490 71 23 bosatt
672 490 58 28 finsk
749 490 57 21 med-

126 523 92 29 borgare
235 524 36 21 mä
287 524 43 29 för
348 527 46 25 eget
414 524 63 30 behof
493 527 81 26 antaga
592 524 39 22 och
650 525 60 21 hålla
728 525 76 22 handt-

125 558 91 21 verkare
232 559 25 28 af
270 559 45 21 alla
330 559 53 28 slag.

381 613 25 28 $$
422 611 26 22 18
463 613 38 21 och
515 611 33 23 19.

390 655 154 23 Oförändrade.

431 708 13 27 $
458 706 39 22 20.

179 750 43 21 För
240 749 66 28 öfrigt
323 750 135 27 likalydande
476 750 48 21 med
542 750 150 22 motsvarande
706 751 12 27 $
732 750 8 21 i
754 757 50 21 pro-

123 783 127 29 positionen,
269 786 59 20 utom
346 786 33 20 att
396 785 62 21 ordet
476 785 112 26 ,derföre*,
604 791 45 15 som
664 785 8 20 i
689 785 78 28 början
782 785 25 22 af

122 819 69 22 andra
205 819 112 28 meningen
332 819 147 26 förekommer,
495 819 83 28 utbytes
594 821 56 20 emot
664 820 83 29 derför.

434 875 12 28 $
460 873 34 22 21.

393 916 143 23 Oförändrad.

432 972 12 28 $
459 971 38 22 22.

180 1015 20 27 (1
218 1014 73 28 mom.)
313 1014 99 29 Allmoge
424 1015 38 21 och
474 1014 250 30 lägenhetsinnekafvare
736 1016 7 20 &
758 1015 46 21 lan-

122 1049 36 21 det
176 1056 50 14 vare
246 1049 97 29 obetaget
362 1052 32 18 att
412 1053 53 17 utan
483 1048 97 22 särskild
595 1050 108 26 anmälan,
719 1050 61 21 säväl
794 1050 10 20 i

122 1084 49 21 stad
186 1090 44 14 som
241 1084 33 28 pä
289 1084 73 20 landet
378 1084 35 21 till
428 1084 47 21 salu
490 1084 60 20 hälla
568 1084 40 21 allt
627 1083 56 21 hvad
696 1084 58 28 frän
769 1084 35 21 de-

121 1126 38 12 ras
178 1118 124 28 lägenheter
321 1118 91 22 erhålles
431 1119 52 21 eller
502 1125 74 21 genom
596 1118 72 28 husflit
690 1118 39 21 och
747 1118 56 21 hem-

121 1153 57 28 slöjd
194 1152 161 22 ästadkommes.
378 1152 114 29 Begagnas
504 1152 76 22 dervid
594 1154 10 20 i
618 1153 48 21 stad
682 1154 68 27 öppen
762 1152 42 22 bod

122 1187 52 21 eller
190 1186 105 22 särskildt
304 1187 205 29 försäljningsrum,
526 1187 39 21 bör
575 1188 42 28 för
632 1187 108 29 rättighet
756 1187 48 21 der-

122 1222 36 20 till
174 1222 66 28 afgift
256 1222 35 20 till
310 1222 76 20 staden
404 1223 107 27 erläggas.
540 1221 82 29 Dylika
638 1229 18 14 o.
672 1229 16 14 s.
703 1229 19 14 v.
738 1221 66 28 enligt

120 1256 167 27 propositionen.

178 1290 21 27 (2
222 1290 73 28 mom.)
332 1289 142 29 Uppsamling
497 1290 38 21 och
556 1289 86 29 uppköp
670 1289 23 27 uj
715 1288 90 29 lumpor,

122 1324 95 28 träfrön,
237 1325 63 27 tagel,
317 1324 65 26 borst,
402 1324 47 26 här,
469 1324 149 31 krvuinidoen,
638 1322 56 20 horn
713 1322 38 21 och
769 1330 39 14 an

120 1360 39 17 nat
174 1356 69 29 dylikt
258 1358 66 28 affall
340 1359 26 35 är
381 1365 27 26 en
422 1358 53 22 hvar
488 1356 21 21 :å
525 1356 73 21 landet
614 1356 86 20 tillåtet.
804 1368 2 2 |

155 1408 100 36 gt
398 1411 26 28 $$
439 1408 97 23 23—26.
608 1441 4 2 .

84 1445 65 28 a
392 1452 155 24 Oförändrade.
587 1445 54 39 4

529 1492 105 33 NEN

28 1471 54 16 —
