1023 1717
195 147 43 16 1542
395 146 72 22 Nådiga
479 146 137 22 Propositionen
628 146 35 16 N:o
675 146 29 16 30.

239 208 34 23 Då
291 210 27 20 de
336 209 174 26 anmärkningar,
529 215 46 15 som
593 208 93 21 kronans
705 208 80 21 ombud
800 208 35 21 vid
853 207 73 22 bevill-

170 243 158 28 ningskomitön
342 243 67 28 enligt
423 243 12 28 $
451 244 27 19 22
494 250 50 21 eger
558 244 33 20 att
606 243 59 27 göra,
676 242 73 22 kunna
759 242 36 22 vid
805 242 122 28 pröfnings-

171 277 94 23 komitön
279 278 64 21 vinna
362 278 72 27 gehör,
453 285 49 14 men
522 277 40 22 den
581 277 222 28 hevillningsskyldige
818 277 47 21 icke
880 278 25 20 är
919 277 8 21 i

171 312 84 21 tillfälle
271 314 32 19 att
317 312 86 21 bemöta
421 311 54 27 dem,
491 314 53 19 utan
562 311 77 21 endast
656 310 34 21 fär
708 311 91 22 besvära
817 311 32 28 sig
869 311 58 22 öfver

171 346 232 28 bevillningskomitöns
421 347 109 26 taxering,
548 345 41 22 har
607 345 106 22 utskottet
731 347 71 20 ansett
823 345 104 22 rättvisan

171 380 75 22 fordra
264 383 33 19 att
315 381 7 20 i
340 380 94 22 nämnda
453 381 10 26 &
482 381 83 26 intages
589 379 40 21 den
647 379 116 26 föreskrift,
783 381 32 19 att
833 379 94 22 kronans

172 415 80 21 ombud
271 414 54 22 skall
340 414 67 27 jemte
425 415 33 20 sin
477 414 142 27 anmärkning
637 414 76 21 anföra
732 413 26 22 de
777 413 46 22 skäl
845 413 83 28 hvarpä

170 449 45 22 han
233 449 72 22 stöder
325 449 124 20 densamma
467 449 40 20 och
526 449 32 20 att
577 448 41 21 den
636 447 218 28 hbetalningsskyldige
873 448 54 21 skall

172 490 40 21 ega
232 485 45 20 rätt
299 484 32 20 att
352 483 8 20 i
382 482 103 28 skriftligt
507 481 138 28 andragande
666 482 34 21 till
721 481 206 28 pröfningskomiten

171 517 66 28 sagde
253 516 140 27 anmärkning
408 517 134 27 vederlägga.

240 561 11 20 I
266 561 11 27 &
294 561 26 20 26
339 559 88 28 stadgas
446 562 31 19 att
493 560 47 25 den,
556 567 45 13 som
616 559 103 22 besvärar
734 560 32 27 sig
781 559 59 22 öfver
854 560 74 21 bevill-

172 595 153 28 ningskomitös
343 595 81 27 utslag,
443 594 40 22 bör
497 594 100 21 meddela
611 593 206 29 pröfningskomit6n
833 594 54 27 ,alla
902 594 27 22 de

171 629 156 28 upplysningar
345 629 78 21 honom
441 628 34 22 stä
493 628 33 21 till
544 628 55 22 buds
617 629 93 21 rörande
727 629 55 20 hans
799 629 129 21 inkomsters

170 664 96 27 verkliga
288 663 96 27 belopp.*
421 662 34 22 Då
478 663 36 20 det
535 662 42 22 kan
599 670 52 14 vara
672 662 73 22 tvifvel
765 662 162 27 underkastadt,

171 698 106 21 huruvida
296 696 81 22 sädana
395 697 156 27 upplysningar
569 697 56 27 finge
644 697 135 21 annorlunda
797 699 28 20 än
840 698 88 21 skriftli-

172 740 41 20 gen
231 731 115 27 meddelas,
364 739 49 13 men
431 731 39 21 fall
488 732 73 20 kunna
576 732 132 20 förekomma
723 730 28 22 dä
765 732 94 28 besagde
873 740 54 20 upp-

171 766 110 28 lysningar
300 767 38 20 äro
357 766 24 21 af
398 766 41 20 den
458 767 34 20 art
511 767 31 20 att
562 766 26 21 de
606 764 69 23 mäste
693 766 118 28 muntligen
831 766 96 28 afgifvas,

171 801 41 21 har
226 800 111 26 utskottet,
353 807 46 15 som
413 801 71 20 ansett
498 800 133 22 sistberörda
645 800 104 28 rättighet
763 801 46 21 icke
821 800 54 22 böra
887 800 41 22 den

171 834 218 28 betalningsskyldige
407 834 113 27 förmenas,
539 834 66 22 bordt
622 834 80 22 föreslå
720 836 31 20 ett
768 835 76 28 tillägg
865 836 8 20 i
895 834 33 22 sä-

173 870 52 21 dant
239 869 56 29 syfte
309 870 32 20 uti
357 870 56 20 26:te
428 870 18 27 $.

240 913 80 21 Vidare
335 913 40 21 har
389 912 105 22 utskottet
509 914 70 20 ansett
593 914 31 20 ett
638 913 119 27 stadgande
769 912 110 29 behöfligt,
891 912 36 22 be-

171 947 108 22 träffande
294 947 103 27 rättighet
411 946 36 22 för
462 947 47 25 den,
524 954 45 14 som
585 947 70 21 blifvit
669 946 28 28 pä
712 949 77 20 tvenne
804 948 77 20 ställen
895 949 33 19 ta-

171 982 74 26 xerad,
262 984 31 19 att
308 982 53 20 söka
374 981 129 21 restitution.
533 982 43 20 Det
593 982 40 20 har
651 981 106 28 nemligen
772 982 156 21 allaredan
891 977 41 37 vi-

172 1018 34 20 sat
221 1017 33 27 sig
268 1018 33 20 att
314 1023 109 20 personer,
435 1022 45 15 som
497 1023 39 20 ega
550 1016 103 27 fastighet
667 1014 29 28 pä
712 1023 26 14 en
753 1018 35 19 ort
800 1023 48 14 men
859 1016 70 22 drifva

172 1050 80 22 rörelse
266 1050 29 27 pä
311 1057 26 14 en
352 1057 77 18 annan,
445 1050 51 21 eller
511 1057 46 14 som
572 1057 40 20 ega
627 1049 126 28 fastigheter
767 1050 58 21 inom
836 1050 53 21 flera
901 1052 27 20 än

172 1091 27 15 en
214 1085 107 25 kommun,
337 1083 76 26 blifvit,
428 1083 87 28 tillföljä
530 1084 25 21 af
568 1083 78 28 oriktig
660 1084 139 28 uppfattning
814 1091 34 14 om
864 1084 63 22 deras

170 1117 227 29 beskattningsforum,
416 1118 103 21 taxerade
536 1117 30 28 pä
583 1118 106 22 hvardera
705 1121 66 24 orten,
787 1120 52 20 utan
855 1120 32 20 att
902 1119 26 22 de

172 1153 67 21 skulle
262 1153 82 20 kunnat
366 1159 77 20 genom
465 1153 77 21 besvär
564 1153 33 20 till
618 1153 205 28 pröfningskomitön
846 1152 23 22 få
887 1154 41 21 den

172 1187 131 28 otillbörliga
318 1187 126 28 taxeringen
458 1187 85 26 häfven,
559 1188 52 20 enär
626 1187 70 22 denna
711 1189 36 26 egt
757 1195 48 13 rum
817 1187 48 22 dem
880 1195 48 14 ove-

171 1222 71 21 tande.
272 1221 110 22 Utskottet
399 1221 118 28 tillstyrker
535 1229 29 13 nu
579 1223 32 19 ett
625 1222 119 27 stadgande
759 1221 111 28 angående
884 1223 45 20 rätt

172 1256 33 19 till
220 1255 122 20 restitution
357 1255 8 19 i
379 1255 82 20 sådana
475 1255 45 25 fall,
540 1256 40 19 och
598 1256 62 20 torde
679 1257 36 19 det
733 1256 123 26 lämpligast
873 1264 54 19 upp-

171 1290 62 25 tagas
249 1287 70 22 såsom
333 1287 76 28 tillägg
423 1288 34 21 till
471 1289 12 26 &
499 1290 34 19 30.

241 1331 110 21 Utskottet
371 1329 34 22 får
428 1329 64 23 alltså
513 1330 110 22 vördsamt
645 1330 84 27 föreslå,
754 1332 33 20 att
806 1330 121 24 Ständerna

171 1366 49 21 ville
245 1367 81 26 antaga
351 1372 27 15 en
403 1365 211 28 bevillningsstadga,
640 1373 55 18 som,
721 1366 50 21 med
796 1366 131 23 hänvisande

171 1401 34 21 till
219 1400 130 28 nugällande
363 1399 80 29 nådiga
457 1400 129 27 kungörelse
603 1399 111 29 angående
731 1400 144 29 bevillningen
893 1401 34 22 för

173 1436 119 25 1865—67,
308 1435 24 22 af
345 1435 40 22 den
401 1437 12 19 2
429 1435 58 22 Mars
504 1436 61 26 1865,
582 1442 51 15 vore
648 1435 25 22 af
684 1435 95 28 följande
794 1436 89 28 lydelse:
