1014 1720
305 144 72 24 Nådiga
387 146 138 22 Propositionen
537 146 34 18 N:o
583 147 29 17 25.
765 147 43 17 1187

81 207 55 22 faldt
153 207 110 28 inlemnas,
282 208 69 23 ehvad
369 209 36 22 det
422 210 49 21 sker
489 210 32 22 till
539 210 78 23 Rätten
639 211 52 21 eller
712 210 49 23 dess
783 210 48 22 ord-

81 241 97 22 förande.
207 242 138 23 Försummar
359 243 36 22 det
412 243 78 28 någon,
505 244 62 28 gälde
584 245 61 21 lösen
661 245 35 20 för
710 244 86 22 afskrift
809 244 25 22 af

81 275 42 22 den
138 276 52 21 eller
205 276 26 22 de
244 277 134 28 handlingar,
394 284 46 16 som
455 278 18 27 ej
489 277 91 23 sålunda
593 278 101 29 ingifvits.

417 338 12 27 $
447 339 46 20 115.

149 379 42 22 Vid
209 379 118 22 Underrätt
345 379 54 22 skall
417 380 69 22 hållas
504 381 133 28 förteckning
655 381 59 22 öfver
731 380 44 23 alla
793 381 38 21 der

81 413 122 28 anhängiga
220 413 145 27 konkursmål,
379 415 112 21 utvisande
509 415 74 28 dagen,
600 414 27 22 då
645 415 74 27 hvarje
737 415 94 21 konkurs

80 447 78 28 börjat,
177 448 40 21 och
235 448 26 22 de
280 448 86 22 dermed
388 448 23 22 af
430 449 79 21 Rätten
529 448 103 29 vidtagna
653 448 102 30 åtgärder
775 450 58 21 samt

80 481 61 22 tiden
154 481 35 22 för
204 482 47 22 dess
267 482 126 23 afslutande.

417 529 12 28 8
446 530 47 20 116.

147 570 76 22 Denna
238 571 77 27 stadga
329 571 54 22 skall
397 571 67 22 blifva
478 571 99 29 gällande
591 570 50 23 från
655 571 42 22 den
712 572 11 21 1
739 571 91 22 Januari

82 606 61 26 1869,
158 612 49 15 men
223 605 48 22 icke
288 605 108 29 tillämpas
413 606 8 21 i
440 606 26 22 de
483 605 50 28 mål,
548 613 46 16 som
612 604 28 24 då
657 606 67 22 redan
742 607 39 21 äro
795 605 35 23 vid

81 639 92 23 domstol
187 640 127 29 anhängige.

271 695 128 28 Enligheten
416 696 50 21 med
481 697 36 21 det
534 695 25 22 af
574 695 61 23 Hans
649 695 121 28 Kejserliga
783 694 47 23 Ma-

213 729 68 28 jestät
297 729 85 28 nådigst
400 730 113 28 godkända
531 730 90 29 förslag,
640 730 121 28 bestyrker:
779 729 51 22 Hel-

217 764 98 27 singfors,
334 763 13 22 å
365 765 120 28 Kejserliga
499 765 93 22 Senaten
606 765 35 21 för
654 764 92 22 Finland
760 763 41 23 den
816 765 14 20 4

215 798 60 22 Mars
291 799 61 21 1867.

596 853 17 19 J.
626 852 102 20 Snellman.

506 890 72 18 Allmän
589 890 240 18 Referendariesekreterare.

147 1022 100 32 Förslag
264 1022 40 26 till
320 1022 149 33 Förordning
486 1030 37 18 om
539 1022 127 27 boskilnad
683 1022 78 27 under

383 1065 140 33 äktenskap.

430 1126 47 26 81.

147 1162 30 27 Är
196 1174 40 15 ena
253 1168 78 21 maken
349 1167 83 28 skyldig
449 1168 34 21 till
501 1167 119 29 betalning,
639 1167 34 22 för
687 1167 85 22 hvilken
787 1168 42 22 den

79 1201 69 22 andra
161 1201 88 22 makens
263 1202 98 27 giftorätt
375 1202 50 21 eller
441 1202 96 21 enskilda
551 1202 103 28 egendom
669 1201 66 28 enligt
744 1203 24 19 11
778 1201 49 29 kap.

80 1235 201 23 Giftermälsbalken
295 1235 19 28 ej
330 1243 63 15 svara
407 1236 45 26 bör,
468 1236 40 22 och
522 1236 43 21 kan
579 1234 67 23 sådan
661 1235 110 28 betalning
781 1236 48 21 icke

79 1270 109 27 fullgöras,
203 1273 53 18 utan
271 1272 32 19 att
318 1270 41 21 den
373 1270 98 27 giftorätt
489 1270 51 21 eller
555 1270 96 21 enskilda
668 1270 104 27 egendom
786 1270 43 21 till-

79 1304 81 27 gripes;
180 1303 27 22 dä
224 1303 36 22 mä
279 1304 40 21 den
336 1304 69 25 make,
421 1311 46 14 som
484 1304 99 27 giftorätt
600 1303 51 22 eller
669 1303 82 22 enskild
765 1310 63 21 egen-

79 1337 50 22 dom
142 1338 139 21 undanskifta
294 1338 43 25 vill,
352 1338 113 21 boskilnad
479 1338 58 21 söka.

147 1372 82 20 Hustru
247 1379 38 19 ege
303 1372 40 21 ock
361 1372 52 21 söka
430 1371 119 26 boskilnad,
568 1369 28 23 dä
613 1371 112 21 makarnes
744 1378 84 20 gemen-

78 1412 83 16 samma
174 1405 29 23 bo
216 1405 67 22 finnes
298 1405 107 22 belastadt
420 1406 48 20 med
481 1404 26 23 sä
521 1407 45 19 stor
581 1404 56 28 gäld,
652 1406 33 20 att
699 1404 41 22 den
755 1404 18 28 ej
785 1405 43 21 kan

78 1440 83 22 betalas
175 1440 49 22 med
239 1440 36 21 det
290 1440 58 28 gods,
364 1447 45 14 som
424 1440 7 20 i
445 1440 51 21 boet
510 1438 101 22 samfäldt
628 1440 31 24 är,
678 1439 40 22 och
737 1439 40 22 den
792 1445 35 16 en-

80 1475 69 22 skilda
163 1474 109 29 egendom,
288 1482 46 14 som
349 1474 33 22 för
397 1481 82 15 samma
493 1473 50 29 gäld
558 1480 62 16 svara
634 1474 45 21 bör.
