1023 1717
335 148 85 16 Finlands
432 148 85 16 Ständers
529 148 66 16 Beslut.
772 148 43 16 1777

88 208 36 23 må
142 208 67 23 sådan
228 208 62 28 fråga
307 209 46 21 icke
371 210 72 21 kunna
460 208 84 28 väckas,
563 208 24 23 så
605 210 64 21 framt
688 210 41 21 den
747 210 18 27 ej
781 217 56 14 ome-

90 244 130 26 delbarligen
238 243 119 21 föranledes
376 244 24 20 af
416 246 31 18 ett
464 244 58 21 inom
540 243 65 27 nägot
624 243 63 22 stånd
708 244 67 21 redan
797 244 41 21 fat-

89 278 47 21 tadt
150 277 70 21 beslut
235 277 52 22 eller
301 284 70 14 annan
386 278 69 21 under
466 278 133 27 landtdagen
613 278 102 21 inträffad
730 278 107 24 händelse,

157 311 46 21 Har
220 311 165 27 landtdagsman
402 312 35 20 för
455 311 64 28 afsigt
537 314 32 18 att
581 311 121 21 framställa.
716 310 72 28 någon
802 318 37 20 pe-

89 345 68 26 tition,
177 345 40 21 bör
234 346 43 20 han
296 345 73 22 derom
387 346 58 20 förut
461 346 126 21 underrätta
602 345 144 21 ordföranden
760 346 7 20 i
782 344 58 22 stän-

90 380 45 21 det:
157 380 113 21 hvarutom
292 379 43 22 alla
356 380 113 27 petitioner
491 380 60 22 skola
573 380 66 21 innan
660 380 27 21 de
704 380 132 27 föredragas,

89 413 119 28 skriftligen
225 415 100 26 uppsatte
343 414 33 20 till
395 413 94 22 ständets
512 414 137 21 Sekreterare
671 414 107 21 aflemnas.
811 413 26 28 Ej

90 447 35 22 mä
146 448 7 21 i
175 455 26 14 en
223 447 62 22 skrift
310 447 51 22 flere
382 448 90 21 ärender
494 448 24 21 af
538 448 57 22 olika
616 448 147 21 beskaffenhet
784 455 54 14 sam-

90 482 115 21 manföras.

433 535 11 26 8
460 535 34 20 52.

158 577 105 26 Kejsaren
281 577 40 21 och
340 576 141 22 Storfurstens
503 576 158 28 propositioner
681 575 36 22 mä
739 576 47 21 icke
806 576 34 21 till

90 611 72 28 slutlig
181 610 76 28 åtgärd
275 610 107 28 företagas
399 611 65 20 innan
482 611 83 21 utskott
587 611 96 21 deröfver
705 610 83 28 afgifvit
805 612 33 26 yt

90 645 81 22 trande.

157 679 46 22 Har
221 679 89 28 petition
328 679 91 21 rörande
438 679 78 22 allmän
534 678 62 29 fråga
613 679 58 21 inom
689 678 66 29 något
777 678 63 23 stånd

90 713 69 22 blifvit
181 714 125 27 föreslagen,
325 713 42 22 kan
389 713 84 22 ståndet
488 713 78 29 jemväl
587 721 34 14 om
641 714 35 21 det
693 713 25 22 så
737 713 33 22 för
788 714 52 27 godt

91 747 74 27 finner,
181 748 88 21 hänvisa
283 747 77 28 frågan
375 748 33 21 till
422 748 129 28 behandling
566 748 25 21 af
603 748 88 21 allmänt
705 748 88 21 utskott.

435 818 11 27 8
463 819 33 19 53.

158 860 45 21 När
220 860 133 27 proposition
371 859 68 22 första
458 859 82 28 gången
555 860 7 20 i
576 859 67 28 något
657 859 62 22 stånd
735 859 103 22 förekom-

90 901 52 20 mer,
158 895 55 20 skall
228 895 46 25 den,
290 893 25 22 så
329 894 65 21 framt
409 894 18 27 ej
443 893 84 22 ståndet
542 895 75 26 genast
633 894 102 27 enhälligt
749 893 91 23 förvisar

92 929 122 21 densamma
231 929 34 21 till
282 929 87 25 utskott,
388 928 59 27 ligga
464 927 28 28 på
509 928 78 21 bordet
604 928 33 21 till
655 929 62 20 nästa
735 935 105 14 samman-

90 963 68 26 träde,
175 962 27 22 då
217 962 67 22 sådan
297 963 126 27 hänvisning
437 962 40 21 bör
492 963 43 21 ske.

158 997 34 22 Då
206 997 81 28 förslag
304 997 33 22 till
355 997 91 27 ändring
464 997 6 20 i
489 997 106 28 grundlag
610 997 51 21 eller
675 996 112 29 uppgiften
802 1004 38 14 an-

91 1031 81 28 gående
187 1032 136 21 statsverkets
340 1030 97 23 tillstånd
455 1031 32 21 till
505 1031 82 21 utskott
605 1031 95 26 förvisas,
719 1030 36 22 må
772 1031 68 21 öfver-

90 1066 102 27 läggning
211 1066 18 27 ej
248 1066 57 21 inom
323 1065 66 28 något
407 1064 62 22 stånd
487 1065 130 26 förehafvas;
637 1073 48 13 men
702 1065 37 22 vill
757 1064 83 22 stånds-

91 1100 93 21 ledamot
198 1100 7 21 i
220 1102 66 19 annat
301 1100 78 21 ärende
394 1100 78 27 afgifva
486 1099 99 28 yttrande
603 1099 33 21 till
650 1099 135 27 protokollet,
800 1099 40 22 bör

92 1134 59 21 detta
166 1134 79 27 jemväl
264 1134 32 21 till
313 1134 104 21 utskottet
439 1133 149 26 öfverlemnas;
611 1133 54 21 dock
687 1135 32 19 att
739 1133 102 22 remissen

93 1168 62 21 deraf
168 1168 18 27 ej
202 1167 131 28 uppehålles.

160 1201 96 28 Uppstår
275 1201 62 28 fråga
354 1201 33 21 till
405 1201 79 22 hvilket
501 1201 82 21 utskott
602 1203 30 19 ett
650 1200 43 22 mål
711 1201 40 21 bör
768 1201 73 22 hänvi-

92 1243 41 19 sas,
155 1236 43 21 kan
220 1235 67 22 sådan
309 1234 62 29 fråga
392 1235 55 21 blott
464 1235 34 21 för
517 1235 35 21 det
571 1235 163 26 sammanträde,
755 1234 27 22 då
800 1235 40 20 den

92 1269 69 22 blifvit
179 1270 68 25 väckt,
265 1269 74 28 läggas
359 1269 28 27 på
405 1269 81 26 bordet,
509 1276 48 14 men
581 1269 40 21 bör
642 1269 35 21 vid
698 1269 143 27 nästföljande

93 1304 138 28 ovilkorligen
246 1304 91 27 afgöras.

436 1364 11 26 8&
464 1364 33 20 54.

160 1406 144 26 Betänkande,
320 1412 45 15 som
385 1405 24 21 af
426 1405 88 21 allmänt
528 1405 83 21 utskott
625 1405 100 27 afgifvits,
741 1404 54 22 skall
809 1404 33 21 till

93 1440 74 28 hvarje
185 1440 62 22 stånd
266 1440 101 22 särskildt
384 1440 82 22 utdelas
486 1440 45 26 och,
551 1438 24 23 sä
593 1440 44 21 vidt
656 1439 37 22 ske
707 1439 48 26 kan,
770 1439 72 21 samti-

95 1475 45 28 digt
154 1475 39 21 hos
209 1475 42 21 alla
266 1474 89 22 stånden
370 1474 32 22 till
416 1474 129 28 behandling
560 1474 113 28 företagas.
