1017 1717
232 165 44 17 1690
435 163 72 24 Nådiga
518 165 138 23 Propositionen
667 164 36 18 N:o
715 165 28 17 34.

333 229 22 27 e)
373 228 104 26 hemman,
496 228 103 28 anslagne
618 227 36 22 till
672 227 145 33 befordrande
836 228 26 29 af
873 228 87 29 postfö-

275 263 80 29 ringen
369 263 61 27 öfver
445 262 106 22 åländska
567 263 110 28 sjöpassen
692 262 39 21 och
745 262 85 22 Ålands
846 262 44 30 haf.

333 297 20 28 f)
369 296 149 26 lotshkemman;
533 300 57 18 samt

332 332 23 27 g)
371 331 104 29 lägenhet,
492 331 69 21 hvarä
575 331 133 29 gästyifveri
723 332 26 20 är
755 331 106 29 förlagdt
873 331 39 21 och
917 332 43 28 för

275 366 153 29 gästyifveriet
442 366 80 28 nödige
537 366 126 29 byggnader
678 365 73 29 blifvit
766 368 54 19 utan
836 367 124 28 ersättning

274 401 107 29 upplätna
395 400 26 30 af
430 401 134 28 jordegaren
579 401 53 21 eller
645 400 165 30 innehafvaren,
822 400 66 22 ehvad
900 402 60 28 gäst-

274 435 209 30 gifverihällmingen
501 435 26 29 af
543 435 78 21 honom
639 435 51 29 sjelf
706 434 128 30 ombesörjes
854 436 52 20 eller
922 436 37 20 till

275 477 72 14 annan
363 469 158 28 öfverlemnats.

331 504 105 28 Befriade
437 504 59 28 frän
504 503 395 29 transportskjutsningsskyldigheten
907 512 52 13 vare

273 538 194 26 militieboställen,
483 546 44 13 som
542 538 60 21 varit
613 538 102 28 anslagne
728 538 23 20 ät
761 538 150 29 underdefälet
921 539 38 21 vid

274 573 26 21 de
317 572 84 21 indelta
420 576 123 24 trupperne,
562 575 55 19 samt
636 572 104 26 hemman,
756 579 45 14 som
815 572 69 28 något
898 574 60 27 gäsi-

273 607 83 29 gifveri
373 607 36 21 till
423 606 148 30 reservskjuts,
587 608 52 20 eller
655 608 36 20 till
706 606 208 30 häradspostföring
929 608 29 21 el-

274 642 33 21 ler
315 640 183 30 fängskjutsning
513 641 80 22 indelte
609 642 48 20 äro.

329 675 79 22 Frihet
423 676 59 29 från
503 676 152 29 ingvartering
676 676 74 28 njute:
772 676 45 26 hus,
841 676 116 29 tillhöriga

273 710 112 22 allmänna
407 710 58 22 läro-
483 710 39 21 och
540 710 313 29 välgörenhetsinrättningar,
872 710 85 22 kronan

272 746 53 21 eller
340 744 129 27 kommuner,
485 745 109 28 äfvensom
609 745 98 21 ständer-
720 744 39 22 och
769 744 120 22 riddarhus
901 749 56 17 samt

272 779 105 22 enskildes
399 779 37 21 till
459 779 97 28 tingshus
577 779 103 28 upplåtne
702 779 93 29 gårdar,
812 779 77 22 medan
909 780 47 28 ting

272 814 111 21 derstädes
399 812 74 22 hålles.

589 842 12 27 $
617 840 22 22 J.

541 875 143 21 Oförändrad.

587 920 47 29 $4.

327 964 65 22 Mom.
409 966 18 20 1.
450 962 236 24 Häradsnämndemän
701 971 51 14 vare
765 964 63 28 äfven
834 964 42 29 för
881 964 74 29 fram-

273 999 59 22 tiden
346 1000 10 20 i
371 999 126 29 ätnjutande
513 998 25 29 af
551 998 46 26 den,
611 997 86 30 jemlikt
711 1006 29 14 nu
752 998 102 28 gällande
862 998 94 29 författ-

271 1034 87 28 ningar,
381 1033 47 21 dem
451 1033 94 29 tillagda
561 1032 74 29 frihet
647 1033 58 28 frän
723 1033 173 29 ingvarterings-
916 1033 39 21 och

271 1066 401 30 transportskjutsningsskyldigheten.
696 1061 76 34 Öfrige
784 1074 113 21 personer,
910 1074 44 14 som

266 1102 34 28 pä
317 1102 73 28 grund
405 1102 25 28 af
443 1102 65 28 tjenst
526 1102 51 20 eller
592 1100 59 28 yrke,
667 1101 52 21 eller
735 1102 71 20 såsom
821 1108 65 21 egare
901 1102 53 20 eller

271 1136 141 29 innehafvare
434 1136 25 28 af
469 1136 58 29 från
546 1136 61 20 dessa
625 1134 77 22 besvär
715 1135 113 28 frikallad
838 1135 116 29 fastighet,

264 1170 43 30 för
321 1170 138 21 närvarande
475 1170 86 28 åtnjuta
577 1169 96 29 befrielse
683 1169 59 29 från
757 1169 128 28 deltagande
900 1170 10 20 i
921 1168 33 22 be-

270 1206 67 21 rörde
352 1205 82 26 besvär,
451 1204 118 22 bibehällas
583 1204 38 21 vid
637 1203 68 22 sädan
715 1204 94 29 förmän
824 1204 89 28 sälänge
928 1204 26 21 de

271 1240 34 21 sin
321 1240 64 28 tjenst
399 1239 52 21 eller
467 1240 40 20 sitt
520 1238 52 29 yrke
587 1238 76 29 utöfva
678 1238 53 22 eller
739 1238 105 29 forifara
856 1241 33 19 att
899 1246 55 14 vara

271 1280 63 22 egare
349 1274 52 20 eller
415 1273 142 28 innehafvare
573 1272 26 29 af
611 1272 41 22 den
667 1272 97 30 befriade
773 1272 144 29 fastigheten.

326 1306 65 23 Mom.
407 1308 20 20 2.
457 1306 151 22 Oförändradt.

585 1353 12 28 $
613 1352 20 22 5.

325 1397 64 22 Mom.
408 1398 18 21 1.
457 1395 152 23 Oförändradt.

325 1432 64 22 Mom.
405 1433 20 21 2.
454 1431 49 22 Den
517 1430 134 30 delaktighet
661 1432 10 20 i
681 1430 270 30 ingvarteringsbesväret,

269 1474 44 14 som
328 1466 87 29 jemlikt
430 1467 12 28 $
458 1466 11 21 1
484 1466 85 29 åligger
588 1473 63 22 egare
670 1466 26 28 af
702 1465 106 30 fabriker
823 1465 39 22 och
876 1473 75 14 manu-

261 1500 133 31 fakturverk
407 1501 31 29 pä
450 1501 72 22 landet
534 1504 55 18 samt
601 1500 191 26 landthandlande,
802 1500 91 29 päföres
903 1500 48 21 med
