986 1717
191 142 44 16 1324
389 140 71 23 Nådiga
472 141 138 21 Propositionen
622 141 34 16 N:o
669 141 30 16 26.

493 206 27 20 34
535 204 41 21 och
591 204 27 20 35
634 204 31 27 88.

294 241 54 21 Lika
361 241 49 22 med
426 242 26 20 32
468 242 41 21 och
524 242 26 20 33
566 241 24 27 $$
606 241 8 20 i
627 240 167 28 propositionen.

177 367 24 21 B.
230 368 37 21 Om
281 366 147 30 borgenärers
442 366 48 22 rätt
505 366 40 22 och
559 366 113 23 företräde
687 365 39 32 för
738 366 126 22 hvarandra
879 366 35 23 till

197 404 112 28 betalning
323 410 27 16 ur
366 403 109 29 egendom,
491 410 43 16 som
548 403 73 23 blifvit
635 403 34 22 till
683 403 100 22 konkurs
798 404 96 22 afträdd.

239 458 96 22 Emedan
349 458 7 21 i
371 458 76 27 början
462 457 25 22 af
500 458 11 20 5
527 458 11 27 &
555 452 61 27 ordet
631 457 93 26 ,vidare*
739 458 101 27 möjligen
850 458 72 22 kunde

170 492 72 22 lemna
255 494 106 26 utrymme
375 492 34 21 för
425 492 40 21 den
479 492 97 27 tolkning
591 493 32 19 att
636 492 41 20 här
692 493 127 21 omnämnde
833 493 89 21 fordran

171 526 68 22 borde
254 526 84 28 åtnjuta
352 534 83 14 samma
450 526 141 21 förmonsrätt
606 533 46 14 som
667 526 26 22 de
707 527 8 21 i
730 528 13 19 4
758 528 11 26 &
782 527 140 27 uppräknade

171 560 157 28 fordringarne,
350 560 40 22 har
411 554 104 28 utskottet
536 562 55 20 trott
612 560 33 28 sig
663 561 54 21 böra
732 560 87 22 förorda
834 563 32 20 att
882 562 12 20 5
910 562 12 28 &

172 595 72 21 kunde
258 596 98 27 begynna
371 594 99 23 sålunda:

275 640 97 22 Dernäst
387 648 50 22 eger
452 649 19 14 o.
488 648 16 14 s.
519 648 20 15 v.

241 685 80 23 Såvida
338 686 32 21 uti
390 688 24 19 13
431 687 11 27 $
458 686 24 22 af
494 686 40 21 den
550 686 108 21 blifvande
673 686 153 28 förordningen
842 694 34 15 om
890 688 32 21 in-

173 721 101 27 teckning
288 721 7 21 i
310 721 43 21 fast
371 721 103 27 egendom
488 720 128 28 föreslagits,
632 722 32 19 att
678 720 83 22 kronan
777 722 51 20 eller
843 722 80 21 allmän

173 755 118 27 inrättning
309 754 35 22 mä
361 754 89 28 beviljas
468 754 122 28 inteckning
608 754 34 22 till
659 755 100 22 säkerhet
774 755 33 21 för
819 752 55 26 visst
887 757 36 21 be-

173 789 51 28 lopp
243 789 24 21 af
283 789 55 22 hvad
356 789 167 27 upphördsman,
541 789 36 21 vid
594 789 136 27 redogörelse
747 790 34 21 för
799 790 33 21 sin
846 791 78 21 befatt-

173 824 58 28 ning,
246 824 44 21 kan
303 823 69 22 finnas
387 824 83 28 skyldig
485 825 32 20 att
531 823 78 27 betala,
626 824 39 20 och
680 824 7 20 i
702 824 118 22 motiverna
833 825 33 21 till
881 826 43 21 för-

175 858 69 28 slaget
262 859 122 21 omnämnes
403 860 31 19 att
450 859 69 21 denna
533 858 110 21 föreskrift
656 858 123 22 tillkommit
792 859 35 21 för
842 862 32 19 att
888 860 37 28 dy-

174 893 91 21 medelst
285 892 80 22 bereda
383 900 26 14 en
428 892 115 28 öfvergäng
561 892 33 22 till
614 892 103 22 framtida
734 893 151 27 upphäfvande
903 894 24 22 af

174 934 31 15 nu
227 927 99 28 gällande
346 929 58 26 tystä
424 928 164 27 hypotheksrätt
602 927 8 21 i
624 926 172 28 uppbördsmans
815 929 109 27 egendom,

175 961 25 22 sä
218 968 62 21 synes
299 962 63 21 deraf
378 962 58 26 följa,
453 964 31 19 att
498 962 7 20 i
520 961 102 21 händelse
636 962 81 21 kronan
733 962 52 22 eller
800 963 80 21 allmän
894 964 31 21 in-

176 996 95 27 rättning
293 996 109 27 begagnar
424 996 32 27 sig
478 995 23 21 af
518 996 70 21 denna
605 996 186 28 inteckningsrätt,
811 997 40 21 den
869 1000 57 26 tysta

176 1030 196 27 hypotheksrätten,
396 1037 45 14 som
462 1030 83 22 'kronan
564 1030 52 20 eller
636 1030 79 20 allmän
733 1030 117 28 inrättning
866 1032 61 28 eljest

176 1064 69 21 skulle
267 1071 40 21 ega
327 1064 32 20 uti
378 1064 40 21 den
436 1064 127 21 intecknade
578 1064 133 27 fastigheten,
727 1064 83 22 komme
825 1068 32 19 att
872 1074 54 20 upp-

176 1098 60 21 höra.
266 1098 11 21 I
300 1097 94 28 enlighet
415 1098 89 20 härmed
522 1097 34 22 får
574 1098 103 21 utskottet
691 1098 80 22 föreslå
785 1102 32 19 att
831 1100 95 28 följande

176 1132 77 28 tillägg
267 1132 33 21 till
315 1133 27 32 10
357 1132 11 28 $
383 1131 73 26 måtte,
472 1131 70 22 såsom
557 1134 31 19 ett
602 1132 64 21 femte
681 1135 94 19 moment
788 1134 94 28 intagas:

302 1166 35 20 Är
352 1167 34 19 uti
399 1166 171 28 uppbördsmans
576 1166 110 28 fastighet
697 1166 124 30 inteckning
833 1168 94 29 beviljad

246 1200 84 21 kronan
348 1200 52 21 eller
419 1200 82 21 allmän
518 1201 126 27 inrättning
659 1202 36 20 till
709 1200 100 22 säkerhet
817 1204 42 27 för
874 1204 54 21 visst

247 1234 75 28 belopp
338 1234 24 27 af
375 1234 56 21 hvad
446 1234 49 26 han,
507 1235 36 20 vid
555 1234 136 28 redogörelse
697 1236 42 27 för
751 1236 33 20 sin
799 1236 127 30 befattning,

247 1268 44 20 kan
307 1267 73 27 finnas
403 1267 84 29 skyldig
507 1271 33 17 att
555 1268 78 25 betala,
645 1269 32 26 pä
692 1270 44 19 sätt
751 1270 10 19 i
775 1270 27 20 13
817 1271 11 27 $
844 1272 24 27 af
876 1272 52 27 för-

247 1302 120 27 ordningen
382 1308 34 13 om
430 1301 124 28 inteckning
569 1303 10 19 i
588 1302 50 28 fast
652 1303 101 26 egendom
769 1304 25 27 af
807 1304 39 20 den
861 1318 27 2 —
900 1318 27 2 —

247 1348 28 3 —
294 1337 55 27 sägs,
369 1335 61 29 hafve
450 1336 83 20 kronan
552 1336 52 21 eller
620 1336 81 21 allmän
715 1338 126 28 inrättning
856 1340 21 28 ej
892 1347 37 13 an-

247 1378 44 12 nan
307 1370 151 29 förmonsrätt
476 1371 10 20 i
503 1370 212 29 uppbördsmannens
734 1372 74 29 öfriga
827 1374 101 28 egendom

243 1405 42 28 för
304 1405 35 21 det
357 1404 81 28 belopp,
457 1405 91 28 hvarför
561 1405 135 29 fastigheten
711 1408 27 19 är
753 1408 120 26 intecknad,
890 1409 39 21 och

249 1439 20 29 ej
287 1439 67 21 heller
371 1440 10 20 i
399 1440 40 20 den
452 1440 136 28 fastigheten
604 1440 58 28 dylik
677 1442 48 20 rätt
733 1442 43 28 för
785 1442 143 30 fordringar,

250 1482 44 12 som
309 1474 133 28 öfverskjuta
458 1474 36 22 det
508 1474 126 22 intecknade
650 1474 102 30 beloppet.
