1003 1728
215 168 43 16 1336
419 167 71 21 Nådiga
501 167 136 22 Propositionen
649 166 34 17 N:o
697 167 26 16 26.

565 228 32 22 20
612 229 20 28 $.

317 273 122 28 Borgenär,
455 280 44 13 som
508 273 42 28 för
565 273 34 20 sin
608 272 97 29 fordran
712 272 49 28 fått
771 271 125 28 inteckning
907 272 34 20 uti

257 308 54 28 flere
321 308 140 28 fastigheter,
477 308 36 20 må
528 308 19 28 ej
564 308 35 20 till
612 307 124 28 minskning
751 307 25 28 af
789 314 81 13 annans
886 307 54 25 rätt,

261 349 45 14 som
326 343 13 19 å
358 349 80 13 samma
460 342 39 26 tid,
522 343 52 19 eller
593 342 54 28 efter
667 341 81 26 honom,
769 341 50 21 låtit
834 341 46 20 dess
890 340 50 28 for-

260 376 57 21 dran
339 376 110 21 intecknas
467 376 10 20 i
495 376 79 21 endera
586 376 141 28 fastigheten,
743 376 62 28 njuta
820 382 27 14 ur
862 374 78 21 värdet

255 410 42 29 för
313 410 70 21 denna
397 417 74 14 senare
487 410 110 28 betalning
606 410 42 28 för
662 417 66 19 mera,
745 411 28 19 än
787 416 45 14 som
846 410 9 19 i
866 409 25 20 de
904 416 38 13 an-

261 445 43 21 dra
312 445 163 28 fastigheterna
490 444 87 21 brister.

571 508 25 20 21
613 507 19 28 8.

319 551 30 21 Af
361 551 112 22 enahanda
487 551 80 28 lydelse
582 551 48 22 med
645 551 11 28 $
673 552 25 20 19
713 551 8 21 i
735 551 167 28 propositionen.

567 613 32 22 22
614 615 19 27 $.

319 657 121 22 Fastställd
455 657 183 29 inteckningsrätt
652 658 57 28 gälle
719 657 57 29 från
791 658 40 21 den
846 658 50 28 dag,
912 658 29 21 dä

263 692 41 20 den
319 691 126 29 ansökning,
461 699 44 13 som
521 692 36 21 till
571 691 123 29 inteckning
700 692 139 28 föranledde,
852 692 45 29 blef
907 693 35 20 till

261 720 82 27 Rätten
361 726 118 25 inlemnad;
499 726 38 21 och
552 726 66 21 varde
633 734 81 13 samma
729 726 42 29 dag
787 726 106 23 bestämdt
908 730 34 18 ut-

262 764 44 18 satt
324 761 9 21 i
351 761 36 21 det
404 761 77 28 utslag,
497 761 139 29 hvarigenom
650 760 151 30 inteekningen
810 762 131 28 fastställes.

567 823 32 21 23
614 825 19 27 $.

319 867 36 21 Då
373 867 124 29 inteckning
517 868 73 29 blifvit
609 868 99 29 beviljad,
724 868 57 22 skall
795 868 56 22 bevis
867 868 74 22 derom

262 909 75 21 genom
359 902 90 21 Rättens
466 902 94 29 försorg
583 902 85 22 tecknas
690 903 13 21 &
722 903 174 29 hufvudskriften
919 904 25 28 af

262 937 41 21 den
321 937 111 28 handling,
449 937 84 28 hvarpå
547 937 150 29 inteckningen
711 938 105 28 grundas,
832 938 38 20 och
884 939 10 19 i
909 938 33 20 be-

262 972 54 20 viset
327 972 81 27 jemväl
421 975 112 25 upptagas,
544 972 58 28 från
613 971 84 21 hvilken
709 972 43 28 dag
765 972 121 21 densamma
894 973 48 27 gäl-

264 1006 38 21 ler.
331 1004 50 22 Har
403 1005 108 21 sökanden
533 1006 73 21 tillika
624 1006 90 29 ingifvit
733 1006 90 29 afskrift
839 1006 25 30 af
877 1006 64 29 sagde

262 1039 111 29 handling,
394 1040 39 21 bör
451 1040 174 29 hufvudskriften
643 1041 47 20 med
705 1040 115 22 åtecknadt
835 1040 57 22 bevis
907 1047 34 22 ge-

262 1078 50 17 nast
328 1075 35 21 till
377 1074 109 22 sökanden
501 1075 132 21 återställas.

516 1131 28 19 24
560 1129 39 22 och
615 1130 26 20 25
657 1130 30 27 $$.

318 1174 30 21 Af
360 1181 81 15 samma
451 1173 80 30 lydelse
542 1182 45 14 som
598 1175 171 28 propositionens
782 1177 25 19 22
820 1176 40 21 och
872 1177 26 20 23
908 1176 32 27 $$.

567 1227 32 22 26
613 1229 19 28 $.

317 1271 144 26 Likalydande
483 1271 48 20 med
553 1272 28 19 24
599 1272 11 25 $
628 1271 7 19 i
653 1271 166 26 propositionen,
835 1272 49 20 med
898 1272 42 20 till-

261 1303 51 28 lägg
326 1303 9 21 i
349 1303 73 21 slutet:

317 1336 50 22 Har
385 1337 40 22 den
443 1337 126 21 intecknade
578 1337 137 29 fastigheten
729 1338 47 21 icke
792 1339 72 29 blifvit
880 1339 13 21 &
908 1343 33 18 ut-

259 1372 202 28 mätningsauktion
480 1373 52 20 eller
550 1373 68 20 under
634 1372 93 22 konkurs
744 1374 25 28 af
782 1374 158 28 borgenärerne

259 1414 76 22 genom
358 1407 105 29 offentligt
485 1410 64 25 utrop
566 1407 98 29 försäld,
680 1408 61 27 skall,
758 1408 37 21 vid
810 1408 40 22 den
866 1410 74 20 anmä-

261 1442 42 26 lan,
319 1449 44 13 som
382 1442 41 20 här
441 1442 143 28 omförmäles,
600 1442 40 21 den
656 1443 62 21 äldre
727 1443 152 29 förbindelsen
895 1445 45 21 till-

261 1476 46 22 lika
321 1480 74 24 upptes
411 1476 38 22 och
464 1477 53 21 derä
532 1476 91 27 tecknas,
639 1481 33 17 att
681 1478 211 28 inteekningsrätten
901 1479 39 27 för

260 1511 41 21 den
315 1511 95 28 upphört
425 1515 33 17 att
473 1519 54 13 vara
541 1512 109 28 gällande.
