1028 1731
212 164 43 15 1512
410 162 71 23 Nådiga
492 163 137 21 Propositionen
641 162 34 17 N:o
688 163 27 15 29.

189 225 63 22 alltså
273 225 85 23 komme
377 227 33 20 att
426 225 52 22 bero
498 225 66 26 deraf,
581 224 106 22 huruvida
700 224 134 27 borgenären
848 224 90 21 bevarat

188 260 33 22 sin
235 261 45 20 rätt
294 262 46 20 mot
354 260 130 28 gäldenären
499 259 52 22 eller
564 259 53 22 icke.
640 258 11 22 I
662 258 217 22 öfverensstämmelse
891 258 47 21 der-

188 295 49 21 med
256 295 40 21 har
314 295 62 22 äfven
395 294 127 28 stadgandet
537 295 7 20 i
560 296 12 19 2
588 295 11 27 $
615 294 93 25 ändrats,
722 293 67 28 jemte
804 293 35 22 det
854 294 8 21 i
876 294 63 21 hvar-

190 330 51 21 dera
260 329 24 22 af
300 329 63 23 dessa
383 329 127 28 paragrafer
529 328 70 29 ingått
617 329 176 21 bestämmanden
811 329 79 26 derom,
907 329 32 20 att

189 365 113 21 löftesman
324 364 102 22 särskildt
444 363 53 28 egde
516 363 81 22 bevaka
615 363 34 21 sin
663 363 60 22 talan
737 362 56 22 både
807 365 45 19 mot
867 363 72 28 gälde-

190 400 40 21 när
244 399 40 21 och
298 398 170 27 medlöftesmån,
480 405 34 14 om
525 399 44 20 han
581 397 79 28 ansäge
671 398 32 21 sin
714 399 45 19 rätt
769 397 77 22 sådant
857 398 81 21 fordra.

258 433 11 21 I
284 433 99 21 afseende
395 432 13 22 å
420 433 41 22 den
472 433 38 26 tid,
522 432 121 22 hvarunder
657 432 39 21 den
707 432 174 28 proprieborgen,
893 439 47 15 som

190 467 54 23 efter
262 475 29 14 nu
309 467 150 28 ifrågakomna
480 467 137 27 författnings
639 467 129 21 utfärdande
786 466 67 29 ingås,
872 467 67 22 borde

190 510 53 14 vara
265 502 106 28 gällande,
394 502 64 22 hafva
476 502 57 22 olika
551 502 110 28 meningar
675 502 58 21 inom
749 501 109 22 Utskottet
872 504 69 26 yppat

191 537 39 28 sig.
259 537 61 21 Inom
338 539 76 19 tvenne
433 536 62 22 stånd
510 537 40 21 har
565 537 91 21 anförts:
672 538 33 20 att
719 536 136 26 förbindelse,
870 537 70 21 hvari-

192 579 75 21 genom
286 570 71 29 någon
376 570 74 29 åtager
470 572 32 28 sig
520 578 81 15 annans
617 571 50 28 gäld
681 570 72 23 såsom
767 571 33 21 sin
816 578 58 21 egen,
890 578 50 15 vore

191 607 24 21 af
232 607 41 21 den
288 606 123 28 personliga
425 606 147 22 beskaffenhet
586 608 33 20 att
634 606 123 22 densamma
770 606 114 28 rätteligen
898 606 43 22 för-

191 643 80 20 utsatte
286 641 75 22 endast
376 640 81 22 sådana
471 641 190 28 försträckningar,
677 648 46 15 som
737 641 34 22 för
785 640 109 29 tillfälliga
904 641 36 22 be-

192 676 40 22 hof
247 675 29 29 på
293 676 87 21 kortare
398 676 32 21 tid
448 679 118 25 upptagas;
585 676 40 21 och
644 675 27 22 då
687 676 123 22 densamma
824 675 82 23 således
921 676 19 28 ej

191 711 68 21 borde
274 710 22 22 få
312 718 40 20 ega
366 718 47 14 rum
428 710 34 22 vid
474 710 87 22 stående
573 710 51 22 eller
635 710 125 29 långvariga
770 710 42 26 lån,
824 710 34 22 för
869 711 72 21 hvilka

192 744 165 29 ifrågavarande
375 745 131 22 vidsträckta
524 746 136 27 ansvarighet
675 746 45 21 ofta
734 747 84 20 komme
832 747 33 19 att
880 746 62 21 oskä-

192 780 57 28 ligen
265 780 131 28 öfverflyttas
411 779 29 28 på
454 780 166 22 löftesmannens
635 780 116 28 arfvingar,
767 783 55 19 samt
836 780 106 28 borgenä-

193 822 44 19 ren,
254 814 66 28 enligt
335 814 41 23 den
391 813 23 23 af
428 814 109 22 Utskottet
552 817 94 26 antagna
661 815 120 27 grundsats,
798 822 75 21 genom
889 815 53 27 möj-

193 849 29 28 lig
240 850 147 21 försummelse
407 851 31 19 att
452 850 58 20 inom
524 849 140 22 föreskrifven
678 850 32 21 tid
725 851 53 27 göra
793 850 32 21 sin
839 851 44 20 rätt
898 851 44 19 mot

193 884 155 22 löftesmannen
367 884 99 28 gällande
484 884 65 22 likväl
566 885 47 21 icke
631 884 62 28 ginge
712 885 32 21 sin
762 885 99 22 säkerhet
876 884 66 22 förlu-

193 919 41 28 stig
256 918 53 22 eller
330 926 51 14 vore
399 918 145 23 underkastad
562 921 66 19 annat
645 919 103 28 äfventyr,
764 920 27 20 än
807 921 32 20 att
852 920 8 20 i
874 918 68 22 första

194 954 58 22 hand
266 954 108 23 nödsakas
388 953 58 22 hålla
461 955 32 28 sig
507 954 33 22 till
555 954 74 28 sjelfva
640 954 136 28 gäldenären,
788 953 80 30 ansågo
880 954 63 22 dessa

194 992 76 19 tvenne
289 988 63 22 stånd
370 989 294 28 proprieborgesförbindelse
681 989 48 22 icke
746 989 54 22 böra
814 989 23 22 få
852 989 91 22 omfatta

195 1023 69 22 andra
281 1022 43 27 lån,
343 1025 28 20 än
390 1023 81 22 sådana
486 1031 45 14 som
545 1031 51 14 vore
610 1023 78 22 ställda
702 1023 29 28 på
745 1024 49 21 kort
808 1024 31 21 tid
855 1025 40 21 och
911 1025 32 20 att

194 1057 83 23 således
298 1058 141 22 förbindelser
458 1058 24 22 af
498 1059 69 20 denna
585 1058 146 22 beskaffenhet
749 1059 68 21 skulle
831 1066 52 14 vara
898 1059 45 28 gäl-

194 1093 64 21 lande
276 1092 76 22 endast
370 1095 30 19 ett
419 1093 24 21 år
458 1092 48 22 från
522 1093 40 21 den
578 1093 41 28 dag
634 1093 144 21 förbindelsen
793 1093 77 28 utgafs,
885 1094 58 21 inom

195 1127 84 22 hvilken
293 1127 32 20 tid
340 1125 59 23 lånet
412 1127 68 21 borde
494 1127 38 21 hos
547 1126 155 22 löftesmannen
716 1127 87 21 utsökas
817 1127 35 21 vid
867 1127 77 22 redan-

195 1161 91 21 nämnde
304 1160 89 28 påföljd.
423 1161 30 21 Af
468 1164 76 19 tvenne
562 1161 68 22 andra
648 1160 62 23 stånd
729 1163 24 19 är
769 1161 95 22 deremot
878 1162 65 21 fram-

187 1193 80 29 "hållet,
290 1195 115 22 huruledes
426 1196 50 27 laga
495 1197 81 26 borgen
597 1197 54 20 nära
668 1203 43 21 nog
729 1196 89 21 kommit
836 1204 26 13 ur
880 1197 63 26 bruk,

196 1237 48 14 men
260 1232 32 20 att
306 1227 95 24 deremot
416 1231 81 26 ganska
512 1230 107 28 betydliga
633 1231 78 27 belopp
726 1237 51 15 vore
791 1233 45 19 mot
847 1231 96 27 proprie-

196 1265 81 25 borgen
298 1263 134 26 utestående;
452 1267 32 18 att
502 1272 26 13 en
546 1267 75 23 genast
638 1265 100 26 vidtagen
757 1265 72 20 alltför
848 1267 44 18 stor
907 1265 36 20 be-

197 1298 115 26 gränsning
327 1297 24 20 af
362 1297 59 21 tiden
436 1297 33 21 för
480 1297 337 28 proprieborges-ansvarigheten
828 1298 7 20 i
846 1298 98 27 förening

196 1331 48 21 med
267 1337 68 15 ovana
358 1332 32 19 att
408 1330 84 29 åtnöjas
510 1331 48 22 med
577 1331 50 28 laga
643 1331 88 28 borgen,
751 1332 107 21 sannolikt
876 1332 68 21 skulle

196 1365 114 22 framkalla
324 1365 102 22 inbillade
442 1365 51 22 eller
507 1365 95 28 verkliga
616 1364 102 29 farhågor
732 1367 39 21 hos
786 1366 158 28 borgenärerne

197 1401 39 21 och
252 1400 112 22 föranleda
379 1400 47 21 dem
441 1400 32 21 till
487 1400 134 22 indrifvande
635 1400 25 22 af
672 1401 47 21 sina
734 1401 127 28 fordringar,
873 1402 71 21 hvari-

198 1442 76 21 genom
292 1434 109 28 betydliga
419 1434 156 29 förvecklingar
590 1435 40 21 och
645 1434 131 29 svårigheter
790 1436 74 23 skulle
873 1435 71 23 åstad-

197 1470 105 26 kommas;
324 1471 56 20 samt
397 1471 33 20 att
447 1468 71 29 någon
535 1469 88 29 lämplig
641 1470 32 22 tid
690 1470 34 22 för
742 1470 59 23 såväl
819 1470 126 29 gäldenärer

197 1511 46 15 som
264 1504 129 28 borgesmän
414 1504 85 22 derföre
520 1504 68 23 borde
606 1504 81 23 lemnas
706 1507 32 20 att
755 1504 133 29 småningom
904 1506 40 21 och
