1003 1723
305 132 71 24 Nädiga
387 134 137 21 Propositionen
535 134 35 17 N:o
579 135 31 16 25.
764 134 44 16 1233

152 196 51 27 bete,
224 197 53 21 eller
296 201 67 17 annat
373 194 96 25 allmänt
483 198 58 28 värf,
556 200 59 20 samt
627 200 37 19 att
674 197 76 21 dertill
764 198 66 28 välja,

151 228 25 24 så
191 231 38 21 ock
243 234 34 18 att
285 232 58 28 föra
357 232 61 21 talan
427 232 42 28 för
483 238 75 15 annan
574 234 28 19 än
615 233 36 27 sig
666 232 52 28 sjelf
730 232 53 20 eller
797 232 35 20 sin

152 265 77 22 hustru
250 265 37 21 vid
310 266 92 20 domstol
424 266 53 20 eller
496 272 72 15 annan
581 266 133 28 myndighet;
729 269 34 17 att
777 272 55 14 vara

146 300 145 28 förmyndare
310 304 55 16 samt
379 303 37 17 att
432 300 89 28 aflägga
539 300 105 22 vittnesed
660 300 53 21 eller
733 307 71 13 annan
822 300 10 20 i

153 334 36 28 lag
205 334 92 29 stadgad
312 334 57 29 edlig
379 334 130 29 försäkran.

424 406 13 27 $
456 404 37 23 87.

209 448 50 22 Har
281 449 108 29 gäldenär
408 449 61 29 eljest
486 453 45 17 mot
546 449 45 22 sine
607 449 132 28 borgenärer
755 448 78 22 oredli-

152 490 42 23 gen
215 484 34 28 sig
261 483 114 30 förhällit,
394 483 54 30 dock
461 487 54 18 utan
529 483 80 30 sviklig
624 484 69 29 afsigt
707 487 34 17 ait
757 483 77 22 bereda

154 519 33 28 sig
196 518 84 29 fördel,
297 519 53 20 eller
365 518 120 29 ädagalagt
501 518 93 26 tredska,
610 519 69 20 säsom
694 521 33 18 att
743 518 42 20 han

210 561 63 14 mom.
296 561 19 18 a,
335 553 11 22 &
365 554 40 21 och
424 561 10 14 c
449 553 152 27 oförändrade;
616 553 109 22 hvarefter
738 553 96 28 lydelsen

155 587 69 22 blefve

154 622 65 21 varde
236 622 43 29 för
300 622 69 21 sådan
391 622 120 29 oredlighet
533 623 52 20 eller
608 622 86 21 tredska
716 622 65 21 dömd
800 622 36 21 till

156 657 85 21 tukthus
264 657 53 20 eller
331 657 100 28 fängelse
443 657 58 29 från
517 657 39 21 och
570 657 47 21 med
633 660 32 17 tre
680 657 104 21 månader
800 657 36 20 till

155 692 39 21 och
208 692 47 21 med
271 694 29 18 ett
316 691 26 21 år
357 695 55 17 samt
420 691 123 30 förklarad
558 691 92 30 ovärdig
665 691 171 29 medborgerligt

150 726 130 30 förtroende
291 727 41 28 för
347 727 57 20 vissa
419 727 33 26 år,
466 734 33 13 om
511 727 80 21 brottet
602 727 35 21 det
642 727 123 28 förtjenar.
789 724 47 23 Git-

156 765 34 18 ter
209 762 68 21 sådan
295 761 114 29 gäldenär,
429 761 65 23 sedan
509 761 43 21 han
561 761 185 29 fängelsestraffet
760 761 78 21 under-

155 797 55 29 gått,
233 796 62 30 inför.
314 796 81 22 Rätten
413 797 52 26 visa,
483 797 33 20 att
531 796 44 21 han
590 795 48 22 sina
653 796 132 39 borgenärer
801 795 36 21 till

150 832 59 28 fullo
218 831 101 29 förnöjt;
335 837 36 22 ege
386 831 81 22 Rätten
478 831 106 28 förklara
599 831 77 21 honom
689 837 55 14 vara
760 831 10 20 i
780 829 56 22 med-

158 866 121 28 borgerligt
294 866 102 21 anseende
411 866 123 21 återställd.

466 935 12 27 8
493 936 34 20 88.

213 978 11 21 I
239 977 66 28 öfrigt
318 977 44 22 lika
379 978 48 23 med
444 977 167 52 propositionen,
626 979 59 20 utom
703 977 71 26 slutet,
792 983 46 15 som

158 1013 84 21 komme
257 1014 38 20 att.
303 1012 60 28 lyda:

157 1047 67 23 varde
242 1047 114 28 gäldenär,
376 1046 38 21 der
433 1047 43 21 han
490 1047 21 28 ej
525 1046 85 31 styrker
624 1050 34 17 att
672 1046 43 21 han
730 1047 45 20 sine
790 1045 48 22 bor-

158 1083 95 28 genärer
269 1082 35 21 till
313 1081 58 29 fullo
382 1081 96 29 förnöjt,
487 1082 43 29 för
545 1081 69 22 sådan
628 1081 135 30 vårdslöshet
774 1080 66 29 straf-

152 1116 46 31 fad
219 1116 48 21 med
277 1116 102 28 fängelse
393 1116 58 29 från
465 1116 39 21 och
518 1116 47 21 med
581 1116 37 21 två
631 1115 104 22 månader
751 1115 36 21 till
802 1115 38 21 och

158 1151 48 21 med
221 1154 30 18 ett
267 1151 33 20 år.

470 1196 12 27 8
497 1196 34 21 89.

427 1238 144 23 Oförändrad.

467 1293 13 28 $
497 1291 38 24 90.

218 1334 115 24 Gäldenär
353 1343 46 14 som
414 1336 71 26 finnes
507 1335 85 29 skyldig
614 1336 36 21 till
672 1342 79 15 ansvar
774 1335 68 28 enligt

162 1371 26 27 $$
203 1368 36 28 86,
256 1367 36 28 87,
309 1368 28 21 88
353 1369 38 21 och
406 1368 37 27 89,
459 1376 50 14 vare
526 1369 37 21 ock
573 1369 41 28 för
630 1369 68 25 skuld,
715 1376 45 14 som
774 1369 69 20 innan

139 1427 2 2 =
162 1403 130 22 konkursens
311 1404 80 28 början
406 1403 130 27 tillkommit,
551 1403 148 22 underkastad
714 1402 129 29 arbetsskyl-

162 1439 81 29 dighet,
262 1439 68 28 enligt
349 1437 59 22 hvad
421 1438 76 22 derom
511 1439 9 21 i
535 1437 118 22 allmänhet
667 1439 28 21 är
709 1439 53 20 eller
771 1437 73 28 fram-

163 1474 56 21 deles
233 1473 80 22 varder
329 1472 109 30 stadgadt.
