1011 1723
288 140 71 24 Nådiga
370 142 138 22 Propositionen
519 142 35 17 N:o
566 142 28 17 25.
755 141 43 17 12201

71 205 83 23 införas
168 207 34 19 tre
217 204 87 29 gånger,
319 205 64 22 minst
397 204 82 29 fjorton
495 204 66 28 dagar
576 204 90 22 emellan
680 204 74 28 hvarje
765 202 57 30 gång

71 240 41 22 och
134 240 69 20 första
225 238 83 29 gången
328 240 66 20 innan
415 239 72 21 tionde
505 238 57 23 årets
580 238 49 22 slut.
659 238 43 22 Vill
715 238 107 28 borgenär

70 273 35 22 för
124 274 33 21 sin
176 273 89 21 fordran
283 273 39 21 hos
341 273 111 25 Guvernör
466 273 90 28 lagsöka
570 271 52 23 eller
636 272 34 22 till
684 273 92 21 domstol
789 274 33 24 in-

71 309 92 21 stämma
182 308 136 27 gäldenären,
337 306 44 22 låte
398 308 80 21 honom
496 308 57 21 inom
572 306 66 28 sagde
655 306 31 22 tid
701 306 24 22 af
738 307 84 27 lagsök-

71 342 79 28 ningen
169 342 51 21 eller
238 342 134 27 stämningen
390 340 67 23 undfå
473 341 39 27 del,
528 341 41 21 och
583 341 101 28 iakttage,
701 348 34 14 om
750 341 72 28 gälde-

70 378 68 21 nären
153 376 19 28 ej
188 376 45 22 står
248 377 32 21 att
296 376 109 27 anträffas,
420 376 56 21 hvad
491 376 33 22 för
539 374 78 23 sådant
631 375 38 22 fall
683 376 8 21 i
706 376 117 22 allmänhet

72 412 25 20 är
115 411 101 27 stadgadt
234 410 52 22 eller
301 410 101 22 särskildt
416 410 138 22 föreskrifvas
568 410 49 21 kan.
647 410 56 22 Vare
719 410 39 22 ock
772 411 50 21 bor-

72 447 67 27 genär
157 445 83 29 skyldig
255 447 39 25 att,
309 444 87 29 sålänge
411 446 54 21 hans
480 445 88 22 fordran
583 445 66 21 sedan
664 443 101 28 innestår,
782 445 41 22 den

72 479 55 30 ånyo
149 480 88 27 bevaka,
260 487 45 15 som
324 487 29 14 nu
371 480 63 27 sagdt
452 481 31 25 är,
499 480 57 21 inom
571 480 63 21 hvart
647 479 73 23 tionde
735 479 25 22 år
774 479 48 23 från

73 515 41 22 den
129 515 49 27 dag,
194 513 28 22 då
236 514 53 21 sista
302 514 148 28 bevakningen
464 514 86 21 skedde.

140 557 138 22 Försummar
298 557 107 28 borgenär
429 558 32 21 att
479 557 89 21 fordran
586 556 24 22 så
627 556 88 27 bevaka,
731 563 46 17 som
791 557 32 22 of-

72 599 42 15 van
129 591 58 28 skils,
202 591 63 22 hafve
280 592 33 21 sin
326 591 60 22 talan
401 593 58 20 emot
473 591 129 29 gäldenären
616 591 97 22 förlorat.

425 664 11 27 8
453 665 19 20 2.

140 702 32 26 Är
186 706 135 28 afbetalning
335 705 13 23 &
361 706 124 22 hufvudstol
500 706 52 23 eller
566 707 64 21 ränta
644 706 24 23 af
681 705 102 30 gäldenär
794 706 30 22 el-

72 741 33 22 ler
119 741 50 22 med
182 741 54 21 hans
251 741 88 28 vetskap
355 740 69 29 gjord,
441 741 51 22 eller
506 741 40 22 har
561 741 43 21 han
619 748 78 15 annars
708 741 116 28 bevisligen

73 775 77 22 erkänt
168 775 99 22 fordrans
286 775 91 26 tillvaro,
397 775 56 28 gälle
472 775 35 22 det
522 775 70 22 säsom
607 776 55 21 hade
677 776 41 21 den
732 776 40 21 hos
786 777 38 21 ho-

73 817 50 14 nom
142 810 97 21 bevakad
257 809 76 22 blifvit.
362 809 136 28 Intecknings
516 810 106 28 förnyelse
640 810 63 21 hafve
721 811 39 21 ock
776 810 45 22 lika

73 844 80 22 verkan
169 846 56 20 emot
240 851 64 21 egare
319 845 24 21 af
357 844 40 22 den
411 844 127 22 intecknade
553 844 136 28 egendomen.
718 845 42 21 Vill
775 844 50 23 bor-

74 880 94 27 genären
186 878 59 23 hälla
263 879 60 21 talan
341 880 58 20 emot
417 886 72 15 annan
503 880 76 27 öppen,
595 879 81 23 bevake
691 878 28 23 dä
733 880 33 22 sin
780 879 44 23 for-

75 914 55 22 dran
145 916 57 19 emot
216 914 78 26 denne;
310 913 24 23 sä
349 921 45 14 som
408 914 8 21 i
431 914 12 28 $
460 915 10 20 1
487 915 24 20 är
525 913 69 29 sagdt.

427 984 46 28 83.

143 1022 44 26 Äro
205 1027 51 21 flere
275 1026 132 28 gäldenärer,
427 1026 26 22 de
472 1027 43 26 der,
532 1034 26 15 en
572 1027 34 22 för
620 1027 44 22 alla
679 1028 40 21 och
735 1026 42 22 alla
791 1027 35 22 för

74 1068 34 20 en,
125 1061 242 28 betalningsskyldighet
385 1062 32 27 sig
432 1061 74 27 iklädt,
522 1062 40 21 och
576 1061 128 22 försummar
717 1062 108 27 horgenär

75 1098 33 20 att
129 1096 34 21 sin
184 1096 89 22 fordran
292 1096 39 21 hos
349 1094 71 30 någon
435 1096 25 22 af
472 1096 47 22 dem
535 1096 82 21 bevaka
632 1096 65 28 enligt
712 1096 12 28 $
741 1097 18 25 1;
774 1102 52 15 vare

76 1130 27 22 de
118 1130 67 22 andre
200 1130 18 28 ej
234 1130 96 28 skyldige
345 1132 31 19 att
391 1130 65 28 gälda
471 1130 39 22 den
526 1130 34 22 del
576 1130 67 26 deraf,
655 1137 45 15 som
712 1130 54 22 efter
778 1130 48 21 huf-

74 1164 96 23 vudtalet
192 1164 68 22 skulle
282 1164 83 28 belupit
386 1165 32 27 sig
437 1164 13 22 &
468 1165 47 26 den,
537 1165 86 21 hvilken
640 1164 134 28 borgenären
791 1163 35 23 sä-

75 1199 67 21 lunda
159 1198 48 22 låtit
225 1198 66 22 blifva
310 1199 162 27 ansvarigheten
486 1200 60 26 gvitt.
576 1199 48 21 Har
637 1198 108 29 borgenär
757 1199 70 21 under

75 1233 74 22 tionde
170 1232 46 22 året
233 1224 47 42 fått
298 1228 36 26 sin
356 1233 88 21 fordran
463 1233 24 22 af
502 1232 71 29 någon
590 1232 66 22 bland
672 1233 155 28 gäldenärerne

75 1267 74 22 betald
168 1267 51 21 eller
236 1268 40 21 hos
294 1268 79 20 honom
387 1268 96 26 utdömd,
499 1266 27 22 då
541 1274 38 21 ege
594 1268 74 26 denne,
683 1268 58 21 inom
756 1270 31 19 ett
802 1266 24 22 år

77 1302 66 22 sedan
158 1302 89 21 fordran
262 1302 79 27 gulden
356 1302 51 21 eller
421 1302 89 21 utdömd
525 1301 49 27 blef,
590 1301 34 21 för
639 1301 55 22 hvad
709 1302 43 20 han
768 1302 59 20 öfver

76 1343 53 21 egen
153 1336 34 21 del
208 1336 68 21 betalt
298 1336 51 21 eller
371 1336 42 21 kan
431 1336 85 22 komma
534 1338 32 19 att
580 1335 78 26 betala,
673 1335 60 21 hålla
747 1336 33 26 sig
794 1335 34 21 till

77 1370 27 20 de
118 1370 74 24 andra,
208 1369 71 21 hvilka
291 1369 67 27 jemte
371 1369 80 21 honom
466 1370 38 20 äro
515 1368 34 22 för
560 1368 137 28 betalningen
708 1369 120 27 ansvarige.

146 1411 62 21 Hvad
230 1410 90 22 sålunda
342 1412 24 20 är
387 1410 105 28 påbjudet
512 1410 55 22 skall
588 1410 20 28 ej
628 1411 107 27 tillämpas
756 1410 13 22 å
783 1410 44 22 för-

77 1446 125 27 sträckning
220 1453 47 14 som
285 1444 71 29 någon
370 1445 101 21 kommun
485 1444 34 22 för
534 1447 132 26 gemensamt
679 1444 67 24 behof
758 1445 69 23 under

76 1480 140 23 kommunens
231 1480 148 22 medlemmars
395 1480 127 22 solidariska
536 1480 136 28 ansvarighet
686 1481 112 27 upptager.
