998 1725
299 119 78 31 -Nådiga
387 121 138 34 Propositionen
537 121 40 27 Na,
585 121 27 29 25.
768 122 43 29 1961

75 185 35 33 18
126 183 34 34 8,1
175 183 162 37 ofvannämnda,
350 184 77 33 stadga
443 178 123 45 innehåller.
576 179 111 45 åtskilliga
700 184 133 56 ren

158 205 183 47 tenskapsförord,
357 202 76 54 hvilka
444 203 136 53 egentligen.
587 207 72 39 borde,
697 208 26 32 ra
736 210 45 44 und
782 208 31 32 er.
819 216 14 24 8

75 259 57 27 kap.
148 252 25 21 G.
188 252 32 27 B.,
235 247 25 27 E.
275 252 26 21 K.
312 249 48 31 M:t
371 242 73 40 ansett
455 248 74 42 nödigt
543 254 32 20 att
587 243 65 43 detta
693 260 19 31 ip
731 244 27 35 el,
761 243 72 46 Byari

76 283 83 41 Jemväl
173 282 71 34 några
262 278 24 31 af
303 279 150 33 erfarenheten
457 276 133 44 "påkallade,
593 277 171 45 förbättringar”
767 283 12 26 i
789 280 43 29 la

74 328 63 25 gens,
148 323 46 26 text
209 321 80 29 funnits
304 315 150 40 erforderliga,
464 318 67 25 måtte
546 329 76 26 genom
641 329 25 14 en
681 312 94 40 särskild
785 316 48 39 för-

82 356 92 27 ordning
188 347 83 31 erbålla
284 364 28 21 ny
325 349 46 41 och.
376 349 130 39 förändrad
509 351 89 39 lydelse.
619 354 46 35 Och
673 348 66 34 har
723 342 27 48 É.
751 346 82 49 KM

73 391 82 32 .täckts.
163 390 66 32 jemte
244 389 73 34 nådig.
325 378 150 49 proposition,
484 391 8 22 i
511 385 98 40 afseende
628 386 16 25 å
659 379 174 46 grundlagsenlig

72 415 155 65 aging,
236 420 33 26 till
279 416 112 43 "Finlands
414 424 91 35 Ständer
521 416 136 44 öfrerlemna
674 424 31 28 de
727 418 106 49 särskilda

72 456 31 37 6
139 448 171 43 (tuingsförslag,
328 454 48 38 som
395 459 8 22 i
422 446 167 53 ofvanantyddä.
596 450 84 45 syften.
691 450 70 45 blifvit
777 450 56 45 upp-

71 493 103 34 gjorda,
180 491 128 32 utgörande:

110 527 19 22 I.
144 522 104 37 Förslag
255 528 33 27 till
295 528 173 34 konkursstadga
473 529 34 33 för
518 524 205 47 Storfurstendömet
730 529 102 30 Finland;

94 558 33 30 TI.
143 562 104 34 Förslag
261 558 33 31 till
306 557 127 40 förordning
448 555 36 43 om.
496 548 113 55 boskilnad
623 553 68 32 under
692 545 140 52 äktenskap;

70 587 57 45 MI.
143 593 103 34 Förslag
261 598 42 25 till.
307 586 126 46 förordning
446 589 38 42 om,
484 592 68 40 "gälds
566 589 111 40 betalning
690 588 35 38 vid
741 591 92 41 dödsfall

178 634 56 30 samt
248 640 35 18 om
297 622 73 41 urarfy
372 633 96 34 agörelse
478 628 45 39 'och
537 624 180 44 undanskiftande
728 626 29 42 af
768 630 64 39 egen-

170 658 58 39 "dom
243 667 8 22 i
263 667 45 29 död
318 661 78 28 makes
410 668 39 27 bo;

70 701 56 34 AV.
156 687 94 49 Förslag
259 688 33 46 till
307 696 125 38 förordning
450 710 34 14 om,
499 702 164 35 preskription
657 710 16 14 i,
671 696 161 46 ,fordringsmål

178 736 40 22 och
232 744 36 20 om
283 733 153 31 årsstämning;
452 738 55 20 samt

87 770 37 28 v.
144 760 98 45 Förslag
256 766 34 37 till
305 767 131 37 förordning
444 770 113 36 angående
568 770 152 40 förändringar
735 771 40 35 och
788 770 43 34 till-

164 798 83 40 läge;
242 800 35 26 vid
292 794 111 46 allmänna.
411 800 83 40 lagens;
494 797 121 47 stadgande
603 812 32 28 len
644 804 35 36 om
690 792 70 52 äkten:

178 831 80 49 förord.

68 899 39 54 spel

66 930 36 47 sf
166 898 52 80 en
212 945 8 21 i
234 931 169 48 underdånighet
417 932 115 45 redogöra.

260 1024 17 23 I.
287 1019 11 39 .
305 1024 100 29 Förslag
412 1025 34 22 till.
460 1023 189 30 Konkursstadga.

135 1081 157 33 Erkännande
314 1083 32 20 att
368 1081 36 21 det
425 1080 80 35 nådiga
526 1080 81 28 förslag
628 1080 33 22 till
682 1088 28 21 ny
724 1076 107 47 konkurs-

64 1111 5 38 "
83 1104 87 45 stadga,
182 1124 47 23 som
249 1123 31 26 nu
301 1115 33 26 till
345 1107 136 41 Ständerna,
497 1115 156 35 öfverlemnats,
668 1105 124 43 utmärker
799 1106 33 37 sig

67 1151 105 30 framför
186 1144 99 40 gällande
298 1134 247 53 konkursförfattningar
560 1139 76 43 genom
650 1156 26 14 en
691 1146 60 37 mera
761 1152 70 32 syste-

67 1175 92 32 ”matisk
174 1193 24 14 or
200 1185 67 31 dning
279 1185 40 21 och
334 1184 102 27 skarpare
447 1178 133 39 begränsade
590 1174 167 43 bestämningar,
761 1181 71 38 jemte

65 1214 53 32 det
140 1226 26 14 en
187 1212 80 36 mängd
287 1218 78 26 brister
386 1214 68 25 finnas
477 1213 104 32 afhjelpta
603 1218 39 20 och
655 1209 114 45 åtskilliga
781 1209 52 38 "nya

64 1244 164 47 ..grundsatser.
234 1242 92 39 införda,
341 1252 64 21 hafva
420 1252 121 30 Ständerna
555 1251 35 27 vid
605 1245 156 39 granskningen
768 1237 31 47 al
806 1246 27 26 de

64 1301 12 20 ;.
82 1288 106 33 särskilda
202 1278 188 42 lagstadganderne
407 1286 69 32 likväl
489 1279 71 39 funnit
571 1278 117 42 anledning
695 1285 33 21 till
737 1276 96 45 följande

109 1315 145 39 märkningar.

64 1351 59 33 0
150 1350 41 34 Uti
207 1356 11 18 5
238 1355 12 27 S
268 1354 135 32 föreskrifves
422 1355 31 19 att
472 1344 32 39 då
514 1353 102 40 gäldenär
630 1354 67 28 rymt
701 1352 40 27 och
756 1353 76 34 borge-

82 1390 40 20 när
137 1381 67 32 söker
214 1389 32 20 att
265 1379 112 37 gäldenärs
396 1380 108 34 egendom
518 1385 35 23 må
570 1386 33 21 till
617 1382 105 39 betalning
733 1411 9 6 «
741 1384 27 23 af
778 1381 54 38 hans

63 1423 106 36 .Skylder
184 1422 126 33 användas,
314 1421 59 35 skall
380 1420 131 37 gäldenären
527 1420 68 31 kallas
601 1419 84 43 genom
699 1407 134 54 kungörelse,

63 1466 76 27 —.som
138 1459 46 34 bör
197 1458 16 31 i,
212 1450 120 47 allmänna.
343 1445 132 51 tidningarne
487 1449 6 37 |
487 1448 86 42 "införas
581 1446 43 44 två
635 1442 86 51 gånger,
729 1451 35 40 att
773 1456 8 35 i
775 1463 58 19 inom
