1014 1725
211 165 43 16 1626
409 162 71 23 Nådiga
491 164 138 20 Propositionen
641 163 34 17 N:o
687 164 28 15 32.

187 228 11 28 &
214 226 129 22 omnämnda
357 225 94 23 svåraste
466 226 39 21 fall
519 226 66 21 finnes
600 227 110 26 upptaget.
740 225 43 21 För
797 225 142 22 nästberörda

187 262 38 21 fall
240 261 46 22 åter
297 262 46 24 har,
355 261 7 21 i
375 260 217 22 öfverensstämmelse
606 260 49 22 med
670 262 27 19 44
713 260 10 28 $
739 260 7 20 i
762 260 40 21 den
816 260 123 28 föreslagna

187 296 162 28 Förordningen
364 295 109 27 angående
489 294 133 22 afskaffande
637 294 24 22 af
674 294 108 28 åtskilliga
792 294 8 21 i
811 295 36 27 lag
857 296 83 20 utsatta

188 330 120 22 straffarter
323 330 41 21 och
379 330 62 21 deras
457 329 122 22 ersättande
594 336 76 20 genom
689 329 68 21 andra
771 328 68 27 straff,
854 329 86 27 längsta

187 364 122 22 strafftiden
323 364 7 21 i
345 364 87 21 tukthus
447 363 29 28 på
489 364 42 21 viss
546 364 32 21 tid
592 364 70 20 blifvit
675 363 98 22 bestämd
791 364 33 20 till
839 364 42 21 tolf
893 362 25 22 år
932 364 8 20 i

188 400 72 21 stället
277 399 34 21 för
329 399 30 21 tio
378 397 30 28 år,
424 397 29 29 på
471 400 43 20 sätt
533 398 40 22 den
591 397 80 29 nådiga
689 398 160 28 propositionen
863 398 77 21 härom

187 433 125 22 innehåller.

257 468 76 27 128
355 467 64 21 hafva
441 466 120 23 Ständerna
582 467 97 21 uteslutit
701 467 66 21 orden
789 466 43 28 ,sig
853 466 88 22 utbredt

189 503 58 25 och",
265 502 73 22 hvilka
357 503 80 20 ansetts
457 502 144 27 öfverflödiga,
621 502 40 21 och
679 502 8 20 i
705 501 71 28 öfrigt,
794 502 57 20 hvad
869 500 71 23 straff-

189 536 76 22 måttet
279 536 74 28 angår,
369 536 60 22 ställt
447 536 58 22 detta
523 536 155 28 lagstadgande
696 536 8 20 i
723 536 218 22 öfverensstämmelse

189 572 48 21 med
253 573 12 20 2
281 571 83 22 mom.
355 565 13 39 i
379 572 26 20 36
421 571 11 28 &
449 571 23 22 af
483 571 145 28 nyssnämnda
642 570 127 29 författning
785 569 109 29 angående
909 569 32 23 åt-

189 607 84 26 skilliga
288 605 131 23 straffarters
435 605 133 22 afskaffande
583 606 40 21 och
639 605 121 22 ersättande
775 612 76 21 genom
867 606 73 21 andra.

258 641 96 21 Emedan
368 640 43 21 mål
427 639 109 28 angående
550 640 131 21 mordbrand
694 640 85 27 jemlikt
794 641 11 20 5
822 641 11 27 $
849 641 26 20 25
891 641 49 26 kap.

190 675 24 22 R.
236 675 24 21 B.
283 675 61 22 skola
364 674 144 22 underställas
530 675 159 22 vederbörande
711 675 97 21 Hofrätts
830 675 111 28 pröfning,

190 710 63 21 hafva
273 710 120 21 Ständerna
411 709 70 22 funnit
499 710 61 21 äfven
579 709 26 22 de
623 710 7 21 i
649 710 160 27 propositionen
832 711 110 26 upptagna

190 744 139 29 förbrytelser
347 744 54 21 böra
419 744 99 28 tilläggas
537 745 134 27 egenskapen
689 745 25 20 af
729 743 213 28 hemställningsmäl,

190 779 56 21 helst
265 779 67 26 dessa,
349 779 67 20 ehuru
434 779 87 21 motivet
539 779 33 21 till
587 779 49 21 dem
655 780 24 20 är
694 779 63 26 olika,
773 779 65 21 likväl
853 779 48 21 med
916 778 26 22 de

191 813 148 22 förstnämnda
353 813 64 21 hafva
433 813 34 21 det
482 815 131 26 gemensamt
627 815 32 20 att
673 813 80 22 allmän
767 813 48 22 fara
830 813 34 22 för
875 813 68 27 öfrige

191 847 240 22 samhällsmedlemmar
452 854 75 20 genom
547 847 47 21 dem
612 847 43 22 kan
672 848 136 27 uppkomma.
839 848 46 21 Och
903 848 40 21 har

191 882 25 22 af
231 881 68 22 sådan
317 881 115 28 anledning
451 882 7 20 i
476 889 27 14 en
521 881 91 23 särskild
627 882 11 27 8
653 882 110 28 upptagits
779 884 30 19 ett
823 882 120 28 stadgande

191 917 8 21 i
213 916 136 22 omförmäldt
364 916 60 27 syfte.

259 949 32 21 På
305 950 69 27 grund
389 950 25 21 af
426 950 55 21 hvad
497 950 90 22 sålunda
601 950 69 22 blifvit
685 950 92 26 anfördt,
789 949 22 23 få
822 950 121 22 Ständerna

191 984 131 22 härmedelst
335 984 7 20 i
357 983 170 29 underdånighet
544 984 167 28 tillkännagifva,
731 986 32 20 att
781 984 26 22 de
825 985 47 21 icke
889 985 54 21 kun-

191 1020 38 19 nat
245 1020 78 26 antaga
339 1018 40 21 den
393 1018 122 28 föreslagna
530 1018 153 28 författningen
698 1018 136 28 oförändrad,
846 1021 53 19 utan
909 1018 34 22 för

192 1053 33 21 sin
240 1052 34 22 del
289 1052 34 22 för
337 1052 123 22 densamma
474 1052 102 22 fastställt
590 1052 94 28 följande
698 1052 89 28 lydelse:

260 1123 150 33 Förordning
432 1123 123 34 angående
576 1130 88 20 ansvar
682 1124 14 26 å
718 1124 52 33 den,
789 1132 48 19 som
855 1125 9 26 i
881 1125 62 26 svik-

316 1163 47 34 ligt
380 1165 63 32 syfte
460 1164 117 27 antänder
595 1166 55 31 eget
666 1164 47 27 hus
731 1165 61 26 eller
809 1173 79 18 annan

515 1205 38 26 sin
571 1205 120 32 egendom.

319 1257 44 27 18.
389 1257 76 21 Sätter
479 1259 72 26 någon
567 1258 34 20 eld
616 1259 13 20 å
644 1259 39 20 sitt
698 1258 39 21 hus
753 1259 51 20 eller
820 1259 13 20 å
848 1260 34 19 sin
898 1260 47 20 lösa

263 1291 106 27 egendom,
385 1292 10 19 i
409 1291 68 27 afsigt
492 1295 33 16 att
541 1291 107 21 åtkomma
667 1293 128 27 ersättning,
811 1299 44 14 som
869 1299 76 21 genom

264 1325 69 20 husets
349 1325 51 20 eller
411 1324 41 21 den
464 1325 46 21 lösa
521 1325 138 28 egendomens
664 1325 135 30 försäkring
809 1329 46 18 mot
866 1326 79 21 brand-

263 1358 68 22 skada
348 1359 69 28 utfäst
433 1360 33 24 är,
482 1360 52 20 eller
552 1360 9 21 i
579 1363 68 17 annat
665 1359 90 30 svikligt
773 1361 64 28 syfte;
856 1361 88 30 straffes

262 1393 49 21 med
330 1392 85 22 tukthus
428 1393 57 28 frän
505 1394 38 21 och
560 1395 47 20 med
626 1397 30 18 ett
674 1395 35 20 till
725 1395 38 21 och
781 1395 46 21 med
839 1395 56 29 fyra
910 1396 34 21 är.

263 1427 52 29 Blef
332 1434 75 22 genom
425 1428 40 21 den
483 1429 34 20 eld
539 1436 82 14 annans
644 1429 80 29 boning
746 1430 53 21 eller
817 1430 101 29 egendom
935 1432 10 20 i

260 1463 55 28 fara
331 1465 49 24 satt,
396 1463 29 20 dä
441 1463 35 20 mä
491 1463 122 30 straftiden
624 1465 9 19 i
645 1463 85 22 tukthus
745 1464 71 22 kunna
825 1465 120 30 förlängas

265 1497 35 20 till
315 1497 63 28 högst
393 1497 48 21 ätta
456 1497 33 20 är.
519 1497 76 30 Ljuter
611 1499 72 28 nägon
694 1499 25 28 af
729 1499 96 21 branden
836 1500 70 21 döden
917 1501 28 20 el-
