1011 1720
311 141 71 24 Nådiga
393 143 137 22 Propositionen
542 144 35 17 N:o
589 144 29 18 25.
771 145 42 16 1197

89 207 36 21 ten
139 205 126 28 förelägges,
295 205 44 24 Gör
357 206 44 22 han
420 206 36 23 det
474 207 25 29 ej,
514 207 59 28 njute
591 207 47 22 icke
655 207 25 22 af
696 207 141 29 egendomens

88 239 127 24 afträdande
229 239 68 24 sådan
311 240 90 27 förmon,
416 247 46 16 som
476 241 8 22 i
498 241 25 28 $$
540 242 25 21 18
581 241 40 22 och
638 242 25 22 19
679 241 142 23 omförmäles.

432 301 12 27 8
461 301 33 20 15.

157 340 82 22 Varder
254 340 108 28 egendom,
381 347 46 15 som
444 340 79 22 skiftad
541 341 31 26 är,
587 341 87 21 afträdd
691 340 58 29 förty
763 342 32 20 att
809 348 29 21 ny

89 374 50 28 gäld
153 375 33 28 sig
199 376 76 27 yppat;
291 375 52 21 bäre
357 375 73 28 hvarje
445 375 199 28 sterbhusdelegare
662 374 47 23 åter
723 375 56 21 hvad
794 375 43 22 han

88 409 8 22 i
111 409 62 22 skifte
188 408 40 23 fätt
243 409 56 25 eller,
315 416 35 15 om
365 409 35 22 det
418 410 19 27 ej
456 410 67 22 finnes
541 409 8 22 i
567 409 78 27 behäll,
664 410 47 21 dess
726 409 71 27 värde,
813 409 25 22 sä

89 442 40 22 ock
147 443 40 25 den
205 444 63 21 ränta
286 443 51 22 eller
355 443 100 27 afkomst,
475 450 45 16 som
538 443 68 23 under
628 444 59 22 tiden
709 443 65 22 fallit:
797 444 41 21 och

87 476 57 23 fäste
165 478 112 27 uppgiften
301 477 72 22 derom
394 478 49 22 med
465 478 32 26 ed,
516 484 35 16 om
569 477 24 24 sä
610 478 91 22 fordras.
730 478 47 21 Har
794 478 44 23 han

88 511 73 28 gjordt
174 512 67 28 nödig
255 512 52 22 eller
320 512 69 28 nyttig
403 512 92 23 kostnad
509 511 14 23 8
537 512 130 28 egendomen
681 513 52 22 eller
744 512 35 23 för
789 512 50 25 dess

89 546 62 26 skull,
166 546 64 22 varde
245 546 41 22 den
300 546 90 22 kostnad
405 547 79 21 honom
498 548 72 21 ersatt.

432 608 12 27 $
461 608 33 21 16.

156 641 31 27 Är
201 646 56 28 gäld,
273 654 46 14 som
337 646 53 22 efter
408 647 64 23 skifte
489 654 74 22 yppas,
579 647 19 28 ej
617 648 74 26 större,
707 648 28 21 än
750 649 33 20 att
797 647 42 21 den

88 680 26 23 af
124 680 61 22 boets
199 680 116 29 tillgångar
329 681 82 22 betalas
426 682 52 26 kan;
494 682 51 21 bäre
556 682 74 27 hvarje
640 682 199 29 sterbhusdelegare

88 715 53 26 åter,
160 715 7 21 i
186 715 35 21 det
239 715 134 22 förhållande
391 716 43 20 han
453 723 58 15 mera
529 716 70 28 njutit,
622 717 28 20 än
671 715 29 29 på
722 716 55 22 hans
797 716 42 21 lott

88 750 53 21 falla
158 749 70 27 bordt,
244 757 35 14 om
298 750 40 21 den
356 750 50 28 gäld
421 750 35 21 vid
470 750 72 21 skiftet
555 751 8 20 i
578 751 117 27 beräkning
710 750 53 28 gätt.
792 751 47 21 Har

88 783 72 29 nägon
175 784 32 20 sin
221 784 41 21 lott
276 784 136 28 förskingrat,
428 784 50 28 fylle
493 784 26 22 de
533 784 68 28 öfrige
620 784 81 22 bristen
719 784 50 22 med
783 784 56 22 hvad

89 818 27 22 de
131 826 26 15 ur
171 818 50 22 boet
235 818 71 28 njutit.

433 854 11 26 8
461 855 32 19 17.

155 892 209 28 Testamentstagare
374 899 50 16 vare
436 893 82 27 skyldig
528 894 38 25 att,
577 892 33 22 till
622 892 109 28 betalning
746 892 25 22 af
780 892 59 23 förut

90 926 71 23 okänd
178 926 56 28 gäld,
254 925 101 23 äterbära
372 927 56 22 hvad
443 927 43 21 han
500 934 59 14 mera
573 926 71 28 njutit,
660 928 27 19 än
701 927 80 21 honom
795 927 44 21 till-

88 961 53 22 falla
155 961 70 25 bordt,
241 961 71 21 derest
327 961 77 28 gälden
418 961 109 22 beräknad
541 961 61 22 varit.
632 961 46 22 Har
696 968 77 19 annan,
792 967 47 16 som

88 995 9 23 i
110 995 51 23 boet
180 995 33 23 del
231 994 47 27 fätt,
293 995 34 23 sin
343 995 41 22 lott
398 995 136 28 förskingrat,
549 995 89 28 bidrage
652 997 187 26 testamentstaga-

88 1037 39 16 ren
142 1030 33 22 till
189 1031 92 21 bristens
296 1029 92 29 fyllande
403 1031 49 21 med
466 1030 56 22 hvad
536 1030 43 23 han
594 1037 26 15 ur
635 1030 50 23 hoet
700 1029 91 23 erhållit.

434 1091 11 27 8
463 1091 33 20 18.

156 1133 107 28 Arfvinge,
283 1139 46 15 som
346 1132 8 21 i
372 1132 50 29 laga
440 1132 90 27 ordning
544 1131 59 28 gjort
617 1132 33 28 sig
664 1131 94 27 urarfva,
773 1132 66 23 varde

89 1175 77 20 genom
183 1168 89 22 Rättens
291 1167 49 22 dom
359 1166 101 22 frikallad
477 1165 48 23 frän
543 1166 120 29 skyldighet
681 1168 32 21 att
734 1166 50 23 med
804 1166 35 23 sin

89 1202 104 28 egendom
208 1202 72 21 betala
295 1201 40 22 den
351 1201 65 22 dödes
431 1201 57 28 gäld.

434 1262 12 27 8
463 1263 32 20 19.

157 1304 158 22 Efterlefvande
336 1304 68 26 make,
424 1311 45 14 som
490 1303 114 28 rätteligen
627 1303 80 21 afträdt
729 1302 110 30 egendom,

88 1346 51 16 vare
157 1339 28 21 fri
203 1338 48 22 frän
269 1339 30 21 all
317 1338 56 28 gäld,
388 1338 100 21 hvarföre
505 1338 69 21 andra
591 1338 77 20 maken
687 1345 72 13 ensam
777 1344 63 15 svara

88 1372 71 23 bordt.
188 1372 45 22 Har
248 1373 55 21 enka
321 1371 81 22 afträdt
419 1372 32 20 sin
470 1372 39 20 lott
527 1372 41 21 och
586 1371 81 21 enskild
686 1371 103 27 egendom
807 1370 33 22 till

88 1407 110 27 betalning
216 1406 24 22 af
257 1406 40 22 den
317 1406 33 21 del
368 1406 7 20 i
394 1405 82 28 gälden,
496 1412 45 14 som
559 1403 29 29 pä
610 1405 67 21 henne
696 1406 33 26 sig
750 1404 88 28 belupit,

89 1442 55 22 efter
163 1441 76 22 hvad
227 1434 14 38 i
257 1442 23 20 11
301 1441 48 27 kap.
369 1438 200 24 Giftermälsbalken
587 1438 61 27 skils;
666 1439 59 28 njute
743 1440 44 21 hon
805 1439 35 22 för

90 1476 114 25 framtiden
222 1475 99 24 befrielse
338 1474 49 23 frän
406 1474 40 23 den
468 1474 56 28 gäld,
543 1481 45 15 som
610 1474 68 29 under
699 1474 141 28 äktenskapet
