<?xml version="1.0" encoding="UTF-8"?>
<alto xmlns="http://www.loc.gov/standards/alto/ns-v3#" xmlns:xlink="http://www.w3.org/1999/xlink" xmlns:xsi="http://www.w3.org/2001/XMLSchema-instance" xsi:schemaLocation="http://www.loc.gov/standards/alto/ns-v3# http://www.loc.gov/alto/v3/alto-3-0.xsd">
	<Description>
		<MeasurementUnit>pixel</MeasurementUnit>
		<sourceImageInformation>
			<fileName>/tmp/tess_b4ttwquh_input.PNG</fileName>
		</sourceImageInformation>
		<OCRProcessing ID="OCR_0">
			<ocrProcessingStep>
				<processingSoftware>
					<softwareName>tesseract 5.3.4</softwareName>
				</processingSoftware>
			</ocrProcessingStep>
		</OCRProcessing>
	</Description>
	<Layout>
		<Page WIDTH="981" HEIGHT="1720" PHYSICAL_IMG_NR="0" ID="page_0">
			<PrintSpace HPOS="0" VPOS="0" WIDTH="981" HEIGHT="1720">
				<ComposedBlock ID="cblock_0" HPOS="208" VPOS="156" WIDTH="511" HEIGHT="23">
					<TextBlock ID="block_0" HPOS="208" VPOS="156" WIDTH="511" HEIGHT="23">
						<TextLine ID="line_0" HPOS="208" VPOS="156" WIDTH="511" HEIGHT="23">
							<String ID="string_0" HPOS="208" VPOS="159" WIDTH="45" HEIGHT="16" WC="0.94" CONTENT="1370"/><SP WIDTH="160" VPOS="159" HPOS="253"/>
							<String ID="string_1" HPOS="413" VPOS="156" WIDTH="72" HEIGHT="23" WC="0.91" CONTENT="Nådiga"/><SP WIDTH="11" VPOS="156" HPOS="485"/>
							<String ID="string_2" HPOS="496" VPOS="157" WIDTH="137" HEIGHT="22" WC="0.96" CONTENT="Propositionen"/><SP WIDTH="12" VPOS="157" HPOS="633"/>
							<String ID="string_3" HPOS="645" VPOS="157" WIDTH="34" HEIGHT="17" WC="0.96" CONTENT="N:o"/><SP WIDTH="13" VPOS="157" HPOS="679"/>
							<String ID="string_4" HPOS="692" VPOS="157" WIDTH="27" HEIGHT="16" WC="0.96" CONTENT="27."/>
						</TextLine>
					</TextBlock>
				</ComposedBlock>
				<ComposedBlock ID="cblock_1" HPOS="184" VPOS="219" WIDTH="754" HEIGHT="271">
					<TextBlock ID="block_1" HPOS="184" VPOS="219" WIDTH="754" HEIGHT="271">
						<TextLine ID="line_1" HPOS="186" VPOS="219" WIDTH="751" HEIGHT="31">
							<String ID="string_5" HPOS="186" VPOS="229" WIDTH="40" HEIGHT="21" WC="0.96" CONTENT="gen"/><SP WIDTH="14" VPOS="229" HPOS="226"/>
							<String ID="string_6" HPOS="240" VPOS="223" WIDTH="53" HEIGHT="20" WC="0.92" CONTENT="utan"/><SP WIDTH="11" VPOS="223" HPOS="293"/>
							<String ID="string_7" HPOS="304" VPOS="221" WIDTH="77" HEIGHT="22" WC="0.91" CONTENT=":vidare"/><SP WIDTH="15" VPOS="221" HPOS="381"/>
							<String ID="string_8" HPOS="396" VPOS="219" WIDTH="92" HEIGHT="29" WC="0.93" CONTENT="omgång"/><SP WIDTH="15" VPOS="219" HPOS="488"/>
							<String ID="string_9" HPOS="503" VPOS="220" WIDTH="64" HEIGHT="27" WC="0.92" CONTENT="afslå;"/><SP WIDTH="15" VPOS="220" HPOS="567"/>
							<String ID="string_10" HPOS="582" VPOS="227" WIDTH="49" HEIGHT="15" WC="0.95" CONTENT="men"/><SP WIDTH="14" VPOS="227" HPOS="631"/>
							<String ID="string_11" HPOS="645" VPOS="220" WIDTH="8" HEIGHT="21" WC="0.96" CONTENT="i"/><SP WIDTH="14" VPOS="220" HPOS="653"/>
							<String ID="string_12" HPOS="667" VPOS="221" WIDTH="66" HEIGHT="20" WC="0.95" CONTENT="annat"/><SP WIDTH="15" VPOS="221" HPOS="733"/>
							<String ID="string_13" HPOS="748" VPOS="220" WIDTH="38" HEIGHT="22" WC="0.95" CONTENT="fall"/><SP WIDTH="14" VPOS="220" HPOS="786"/>
							<String ID="string_14" HPOS="800" VPOS="219" WIDTH="83" HEIGHT="29" WC="0.93" CONTENT="åligger"/><SP WIDTH="10" VPOS="219" HPOS="883"/>
							<String ID="string_15" HPOS="893" VPOS="219" WIDTH="44" HEIGHT="23" WC="0.89" CONTENT="Gu-"/>
						</TextLine>
						<TextLine ID="line_2" HPOS="184" VPOS="254" WIDTH="754" HEIGHT="29">
							<String ID="string_16" HPOS="184" VPOS="257" WIDTH="104" HEIGHT="21" WC="0.92" CONTENT="vernören"/><SP WIDTH="17" VPOS="257" HPOS="288"/>
							<String ID="string_17" HPOS="305" VPOS="255" WIDTH="91" HEIGHT="22" WC="0.96" CONTENT="insända"/><SP WIDTH="17" VPOS="255" HPOS="396"/>
							<String ID="string_18" HPOS="413" VPOS="255" WIDTH="147" HEIGHT="28" WC="0.96" CONTENT="ansökningen"/><SP WIDTH="17" VPOS="255" HPOS="560"/>
							<String ID="string_19" HPOS="577" VPOS="254" WIDTH="49" HEIGHT="22" WC="0.92" CONTENT="med"/><SP WIDTH="19" VPOS="254" HPOS="626"/>
							<String ID="string_20" HPOS="645" VPOS="254" WIDTH="70" HEIGHT="21" WC="0.89" CONTENT="dertill"/><SP WIDTH="14" VPOS="254" HPOS="715"/>
							<String ID="string_21" HPOS="729" VPOS="255" WIDTH="96" HEIGHT="21" WC="0.93" CONTENT="hörande"/><SP WIDTH="14" VPOS="255" HPOS="825"/>
							<String ID="string_22" HPOS="839" VPOS="255" WIDTH="99" HEIGHT="21" WC="0.91" CONTENT="handlin-"/>
						</TextLine>
						<TextLine ID="line_3" HPOS="186" VPOS="288" WIDTH="752" HEIGHT="30">
							<String ID="string_23" HPOS="186" VPOS="297" WIDTH="38" HEIGHT="21" WC="0.96" CONTENT="gar"/><SP WIDTH="15" VPOS="297" HPOS="224"/>
							<String ID="string_24" HPOS="239" VPOS="291" WIDTH="56" HEIGHT="21" WC="0.96" CONTENT="samt"/><SP WIDTH="14" VPOS="291" HPOS="295"/>
							<String ID="string_25" HPOS="309" VPOS="291" WIDTH="48" HEIGHT="26" WC="0.96" CONTENT="eget"/><SP WIDTH="14" VPOS="291" HPOS="357"/>
							<String ID="string_26" HPOS="371" VPOS="288" WIDTH="112" HEIGHT="23" WC="0.95" CONTENT="utlåtande"/><SP WIDTH="10" VPOS="288" HPOS="483"/>
							<String ID="string_27" HPOS="493" VPOS="289" WIDTH="33" HEIGHT="22" WC="0.93" CONTENT="till"/><SP WIDTH="11" VPOS="289" HPOS="526"/>
							<String ID="string_28" HPOS="537" VPOS="289" WIDTH="104" HEIGHT="22" WC="0.93" CONTENT="Senatens"/><SP WIDTH="10" VPOS="289" HPOS="641"/>
							<String ID="string_29" HPOS="651" VPOS="289" WIDTH="287" HEIGHT="28" WC="0.91" CONTENT="Ekonomie-Departement,"/>
						</TextLine>
						<TextLine ID="line_4" HPOS="185" VPOS="323" WIDTH="753" HEIGHT="30">
							<String ID="string_30" HPOS="185" VPOS="332" WIDTH="47" HEIGHT="14" WC="0.96" CONTENT="som"/><SP WIDTH="14" VPOS="332" HPOS="232"/>
							<String ID="string_31" HPOS="246" VPOS="332" WIDTH="51" HEIGHT="21" WC="0.95" CONTENT="eger"/><SP WIDTH="16" VPOS="332" HPOS="297"/>
							<String ID="string_32" HPOS="313" VPOS="325" WIDTH="119" HEIGHT="21" WC="0.96" CONTENT="bestämma"/><SP WIDTH="17" VPOS="325" HPOS="432"/>
							<String ID="string_33" HPOS="449" VPOS="324" WIDTH="48" HEIGHT="21" WC="0.96" CONTENT="icke"/><SP WIDTH="17" VPOS="324" HPOS="497"/>
							<String ID="string_34" HPOS="514" VPOS="324" WIDTH="55" HEIGHT="21" WC="0.96" CONTENT="blott"/><SP WIDTH="19" VPOS="324" HPOS="569"/>
							<String ID="string_35" HPOS="588" VPOS="323" WIDTH="106" HEIGHT="22" WC="0.93" CONTENT="huruvida"/><SP WIDTH="17" VPOS="323" HPOS="694"/>
							<String ID="string_36" HPOS="711" VPOS="323" WIDTH="104" HEIGHT="28" WC="0.91" CONTENT="broafgift"/><SP WIDTH="17" VPOS="323" HPOS="815"/>
							<String ID="string_37" HPOS="832" VPOS="323" WIDTH="34" HEIGHT="22" WC="0.93" CONTENT="får"/><SP WIDTH="18" VPOS="323" HPOS="866"/>
							<String ID="string_38" HPOS="884" VPOS="331" WIDTH="54" HEIGHT="21" WC="0.92" CONTENT="upp-"/>
						</TextLine>
						<TextLine ID="line_5" HPOS="185" VPOS="358" WIDTH="753" HEIGHT="28">
							<String ID="string_39" HPOS="185" VPOS="359" WIDTH="72" HEIGHT="26" WC="0.96" CONTENT="bäras,"/><SP WIDTH="15" VPOS="359" HPOS="257"/>
							<String ID="string_40" HPOS="272" VPOS="361" WIDTH="53" HEIGHT="19" WC="0.96" CONTENT="utan"/><SP WIDTH="14" VPOS="361" HPOS="325"/>
							<String ID="string_41" HPOS="339" VPOS="358" WIDTH="62" HEIGHT="21" WC="0.96" CONTENT="äfven"/><SP WIDTH="16" VPOS="358" HPOS="401"/>
							<String ID="string_42" HPOS="417" VPOS="358" WIDTH="80" HEIGHT="21" WC="0.96" CONTENT="dennas"/><SP WIDTH="14" VPOS="358" HPOS="497"/>
							<String ID="string_43" HPOS="511" VPOS="358" WIDTH="78" HEIGHT="27" WC="0.96" CONTENT="belopp"/><SP WIDTH="16" VPOS="358" HPOS="589"/>
							<String ID="string_44" HPOS="605" VPOS="359" WIDTH="55" HEIGHT="20" WC="0.96" CONTENT="samt"/><SP WIDTH="14" VPOS="359" HPOS="660"/>
							<String ID="string_45" HPOS="674" VPOS="359" WIDTH="59" HEIGHT="20" WC="0.93" CONTENT="tiden"/><SP WIDTH="15" VPOS="359" HPOS="733"/>
							<String ID="string_46" HPOS="748" VPOS="358" WIDTH="122" HEIGHT="21" WC="0.91" CONTENT="hvärunder"/><SP WIDTH="14" VPOS="358" HPOS="870"/>
							<String ID="string_47" HPOS="884" VPOS="365" WIDTH="54" HEIGHT="21" WC="0.92" CONTENT="upp-"/>
						</TextLine>
						<TextLine ID="line_6" HPOS="185" VPOS="391" WIDTH="753" HEIGHT="29">
							<String ID="string_48" HPOS="185" VPOS="393" WIDTH="83" HEIGHT="22" WC="0.92" CONTENT="börden"/><SP WIDTH="15" VPOS="393" HPOS="268"/>
							<String ID="string_49" HPOS="283" VPOS="392" WIDTH="61" HEIGHT="22" WC="0.91" CONTENT="deraf"/><SP WIDTH="13" VPOS="392" HPOS="344"/>
							<String ID="string_50" HPOS="357" VPOS="391" WIDTH="36" HEIGHT="22" WC="0.93" CONTENT="mä"/><SP WIDTH="18" VPOS="391" HPOS="393"/>
							<String ID="string_51" HPOS="411" VPOS="392" WIDTH="91" HEIGHT="22" WC="0.92" CONTENT="fortfara"/><SP WIDTH="18" VPOS="392" HPOS="502"/>
							<String ID="string_52" HPOS="520" VPOS="393" WIDTH="40" HEIGHT="21" WC="0.97" CONTENT="och"/><SP WIDTH="19" VPOS="393" HPOS="560"/>
							<String ID="string_53" HPOS="579" VPOS="399" WIDTH="34" HEIGHT="14" WC="0.96" CONTENT="om"/><SP WIDTH="19" VPOS="399" HPOS="613"/>
							<String ID="string_54" HPOS="632" VPOS="391" WIDTH="43" HEIGHT="23" WC="0.93" CONTENT="alla"/><SP WIDTH="14" VPOS="391" HPOS="675"/>
							<String ID="string_55" HPOS="689" VPOS="392" WIDTH="131" HEIGHT="28" WC="0.92" CONTENT="vägfarande"/><SP WIDTH="18" VPOS="392" HPOS="820"/>
							<String ID="string_56" HPOS="838" VPOS="392" WIDTH="55" HEIGHT="21" WC="0.93" CONTENT="böra"/><SP WIDTH="15" VPOS="392" HPOS="893"/>
							<String ID="string_57" HPOS="908" VPOS="393" WIDTH="30" HEIGHT="21" WC="0.91" CONTENT="af-"/>
						</TextLine>
						<TextLine ID="line_7" HPOS="186" VPOS="425" WIDTH="752" HEIGHT="31">
							<String ID="string_58" HPOS="186" VPOS="427" WIDTH="67" HEIGHT="29" WC="0.91" CONTENT="giften"/><SP WIDTH="22" VPOS="427" HPOS="253"/>
							<String ID="string_59" HPOS="275" VPOS="427" WIDTH="93" HEIGHT="28" WC="0.96" CONTENT="erlägga,"/><SP WIDTH="22" VPOS="427" HPOS="368"/>
							<String ID="string_60" HPOS="390" VPOS="426" WIDTH="53" HEIGHT="22" WC="0.96" CONTENT="eller"/><SP WIDTH="20" VPOS="426" HPOS="443"/>
							<String ID="string_61" HPOS="463" VPOS="427" WIDTH="110" HEIGHT="27" WC="0.93" CONTENT="undantag"/><SP WIDTH="22" VPOS="427" HPOS="573"/>
							<String ID="string_62" HPOS="595" VPOS="425" WIDTH="94" HEIGHT="23" WC="0.89" CONTENT="derifrån"/><SP WIDTH="21" VPOS="425" HPOS="689"/>
							<String ID="string_63" HPOS="710" VPOS="426" WIDTH="35" HEIGHT="22" WC="0.96" CONTENT="för"/><SP WIDTH="21" VPOS="426" HPOS="745"/>
							<String ID="string_64" HPOS="766" VPOS="427" WIDTH="56" HEIGHT="21" WC="0.95" CONTENT="vissa"/><SP WIDTH="21" VPOS="427" HPOS="822"/>
							<String ID="string_65" HPOS="843" VPOS="426" WIDTH="39" HEIGHT="22" WC="0.95" CONTENT="fall"/><SP WIDTH="21" VPOS="426" HPOS="882"/>
							<String ID="string_66" HPOS="903" VPOS="425" WIDTH="35" HEIGHT="23" WC="0.96" CONTENT="må"/>
						</TextLine>
						<TextLine ID="line_8" HPOS="186" VPOS="468" WIDTH="521" HEIGHT="22">
							<String ID="string_67" HPOS="186" VPOS="468" WIDTH="40" HEIGHT="22" WC="0.89" CONTENT="ega"/><SP WIDTH="14" VPOS="468" HPOS="226"/>
							<String ID="string_68" HPOS="240" VPOS="468" WIDTH="55" HEIGHT="15" WC="0.95" CONTENT="rum."/><SP WIDTH="408" VPOS="468" HPOS="295"/>
							<String ID="string_69" HPOS="703" VPOS="480" WIDTH="4" HEIGHT="4" WC="0.38" CONTENT=":"/>
						</TextLine>
					</TextBlock>
				</ComposedBlock>
				<ComposedBlock ID="cblock_2" HPOS="531" VPOS="513" WIDTH="61" HEIGHT="27">
					<TextBlock ID="block_2" HPOS="531" VPOS="513" WIDTH="61" HEIGHT="27">
						<TextLine ID="line_9" HPOS="531" VPOS="513" WIDTH="61" HEIGHT="27">
							<String ID="string_70" HPOS="531" VPOS="513" WIDTH="12" HEIGHT="27" WC="0.88" CONTENT="8"/><SP WIDTH="17" VPOS="513" HPOS="543"/>
							<String ID="string_71" HPOS="560" VPOS="514" WIDTH="32" HEIGHT="20" WC="0.88" CONTENT="17."/>
						</TextLine>
					</TextBlock>
				</ComposedBlock>
				<ComposedBlock ID="cblock_3" HPOS="185" VPOS="554" WIDTH="753" HEIGHT="407">
					<TextBlock ID="block_3" HPOS="185" VPOS="554" WIDTH="753" HEIGHT="407">
						<TextLine ID="line_10" HPOS="254" VPOS="554" WIDTH="683" HEIGHT="30">
							<String ID="string_72" HPOS="254" VPOS="556" WIDTH="45" HEIGHT="22" WC="0.96" CONTENT="Der"/><SP WIDTH="14" VPOS="556" HPOS="299"/>
							<String ID="string_73" HPOS="313" VPOS="556" WIDTH="34" HEIGHT="21" WC="0.93" CONTENT="till"/><SP WIDTH="16" VPOS="556" HPOS="347"/>
							<String ID="string_74" HPOS="363" VPOS="555" WIDTH="115" HEIGHT="29" WC="0.92" CONTENT="broafgifts"/><SP WIDTH="18" VPOS="555" HPOS="478"/>
							<String ID="string_75" HPOS="496" VPOS="554" WIDTH="129" HEIGHT="29" WC="0.92" CONTENT="erläggande"/><SP WIDTH="18" VPOS="554" HPOS="625"/>
							<String ID="string_76" HPOS="643" VPOS="555" WIDTH="130" HEIGHT="27" WC="0.91" CONTENT="förordnats,"/><SP WIDTH="16" VPOS="555" HPOS="773"/>
							<String ID="string_77" HPOS="789" VPOS="562" WIDTH="39" HEIGHT="21" WC="0.93" CONTENT="ega"/><SP WIDTH="14" VPOS="562" HPOS="828"/>
							<String ID="string_78" HPOS="842" VPOS="556" WIDTH="95" HEIGHT="22" WC="0.91" CONTENT="kommu-"/>
						</TextLine>
						<TextLine ID="line_11" HPOS="185" VPOS="590" WIDTH="753" HEIGHT="29">
							<String ID="string_79" HPOS="185" VPOS="598" WIDTH="73" HEIGHT="19" WC="0.81" CONTENT="nerne,"/><SP WIDTH="19" VPOS="598" HPOS="258"/>
							<String ID="string_80" HPOS="277" VPOS="598" WIDTH="46" HEIGHT="14" WC="0.88" CONTENT="som"/><SP WIDTH="10" VPOS="598" HPOS="323"/>
							<String ID="string_81" HPOS="333" VPOS="590" WIDTH="16" HEIGHT="29" WC="0.85" CONTENT="i"/><SP WIDTH="17" VPOS="590" HPOS="349"/>
							<String ID="string_82" HPOS="366" VPOS="590" WIDTH="168" HEIGHT="28" WC="0.91" CONTENT="brobyggnaden"/><SP WIDTH="19" VPOS="590" HPOS="534"/>
							<String ID="string_83" HPOS="553" VPOS="590" WIDTH="90" HEIGHT="28" WC="0.96" CONTENT="deltaga,"/><SP WIDTH="16" VPOS="590" HPOS="643"/>
							<String ID="string_84" HPOS="659" VPOS="597" WIDTH="35" HEIGHT="15" WC="0.96" CONTENT="om"/><SP WIDTH="18" VPOS="597" HPOS="694"/>
							<String ID="string_85" HPOS="712" VPOS="591" WIDTH="66" HEIGHT="21" WC="0.96" CONTENT="sättet"/><SP WIDTH="17" VPOS="591" HPOS="778"/>
							<String ID="string_86" HPOS="795" VPOS="590" WIDTH="34" HEIGHT="22" WC="0.92" CONTENT="för"/><SP WIDTH="17" VPOS="590" HPOS="829"/>
							<String ID="string_87" HPOS="846" VPOS="590" WIDTH="92" HEIGHT="28" WC="0.92" CONTENT="bropen-"/>
						</TextLine>
						<TextLine ID="line_12" HPOS="186" VPOS="624" WIDTH="752" HEIGHT="30">
							<String ID="string_88" HPOS="186" VPOS="626" WIDTH="115" HEIGHT="28" WC="0.92" CONTENT="ningarnes"/><SP WIDTH="18" VPOS="626" HPOS="301"/>
							<String ID="string_89" HPOS="319" VPOS="624" WIDTH="140" HEIGHT="28" WC="0.91" CONTENT="uppbärande"/><SP WIDTH="19" VPOS="624" HPOS="459"/>
							<String ID="string_90" HPOS="478" VPOS="624" WIDTH="24" HEIGHT="22" WC="0.97" CONTENT="af"/><SP WIDTH="13" VPOS="624" HPOS="502"/>
							<String ID="string_91" HPOS="515" VPOS="624" WIDTH="26" HEIGHT="22" WC="0.93" CONTENT="de"/><SP WIDTH="14" VPOS="624" HPOS="541"/>
							<String ID="string_92" HPOS="555" VPOS="624" WIDTH="130" HEIGHT="29" WC="0.92" CONTENT="vägfarande"/><SP WIDTH="15" VPOS="624" HPOS="685"/>
							<String ID="string_93" HPOS="700" VPOS="624" WIDTH="183" HEIGHT="23" WC="0.92" CONTENT="öfverenskomma"/><SP WIDTH="15" VPOS="624" HPOS="883"/>
							<String ID="string_94" HPOS="898" VPOS="626" WIDTH="40" HEIGHT="21" WC="0.96" CONTENT="och"/>
						</TextLine>
						<TextLine ID="line_13" HPOS="186" VPOS="659" WIDTH="752" HEIGHT="27">
							<String ID="string_95" HPOS="186" VPOS="660" WIDTH="91" HEIGHT="26" WC="0.92" CONTENT="besluta,"/><SP WIDTH="20" VPOS="660" HPOS="277"/>
							<String ID="string_96" HPOS="297" VPOS="659" WIDTH="55" HEIGHT="21" WC="0.96" CONTENT="dock"/><SP WIDTH="21" VPOS="659" HPOS="352"/>
							<String ID="string_97" HPOS="373" VPOS="659" WIDTH="48" HEIGHT="21" WC="0.91" CONTENT="med"/><SP WIDTH="21" VPOS="659" HPOS="421"/>
							<String ID="string_98" HPOS="442" VPOS="659" WIDTH="69" HEIGHT="21" WC="0.91" CONTENT="vilkor"/><SP WIDTH="21" VPOS="659" HPOS="511"/>
							<String ID="string_99" HPOS="532" VPOS="660" WIDTH="33" HEIGHT="20" WC="0.92" CONTENT="att"/><SP WIDTH="20" VPOS="660" HPOS="565"/>
							<String ID="string_100" HPOS="585" VPOS="659" WIDTH="127" HEIGHT="27" WC="0.91" CONTENT="uppbörden"/><SP WIDTH="21" VPOS="659" HPOS="712"/>
							<String ID="string_101" HPOS="733" VPOS="659" WIDTH="125" HEIGHT="22" WC="0.92" CONTENT="verkställes"/><SP WIDTH="22" VPOS="659" HPOS="858"/>
							<String ID="string_102" HPOS="880" VPOS="660" WIDTH="58" HEIGHT="22" WC="0.93" CONTENT="invid"/>
						</TextLine>
						<TextLine ID="line_14" HPOS="185" VPOS="693" WIDTH="752" HEIGHT="29">
							<String ID="string_103" HPOS="185" VPOS="694" WIDTH="56" HEIGHT="22" WC="0.91" CONTENT="bron"/><SP WIDTH="18" VPOS="694" HPOS="241"/>
							<String ID="string_104" HPOS="259" VPOS="695" WIDTH="56" HEIGHT="21" WC="0.95" CONTENT="samt"/><SP WIDTH="17" VPOS="695" HPOS="315"/>
							<String ID="string_105" HPOS="332" VPOS="695" WIDTH="39" HEIGHT="25" WC="0.96" CONTENT="att,"/><SP WIDTH="15" VPOS="695" HPOS="371"/>
							<String ID="string_106" HPOS="386" VPOS="694" WIDTH="102" HEIGHT="27" WC="0.93" CONTENT="antingen"/><SP WIDTH="17" VPOS="694" HPOS="488"/>
							<String ID="string_107" HPOS="505" VPOS="693" WIDTH="97" HEIGHT="27" WC="0.93" CONTENT="slagbom"/><SP WIDTH="15" VPOS="693" HPOS="602"/>
							<String ID="string_108" HPOS="617" VPOS="694" WIDTH="38" HEIGHT="20" WC="0.96" CONTENT="der"/><SP WIDTH="13" VPOS="694" HPOS="655"/>
							<String ID="string_109" HPOS="668" VPOS="693" WIDTH="92" HEIGHT="22" WC="0.96" CONTENT="inrättas"/><SP WIDTH="16" VPOS="693" HPOS="760"/>
							<String ID="string_110" HPOS="776" VPOS="693" WIDTH="51" HEIGHT="23" WC="0.93" CONTENT="eller"/><SP WIDTH="15" VPOS="693" HPOS="827"/>
							<String ID="string_111" HPOS="842" VPOS="694" WIDTH="26" HEIGHT="28" WC="0.89" CONTENT="ej,"/><SP WIDTH="15" VPOS="694" HPOS="868"/>
							<String ID="string_112" HPOS="883" VPOS="702" WIDTH="54" HEIGHT="20" WC="0.93" CONTENT="upp-"/>
						</TextLine>
						<TextLine ID="line_15" HPOS="185" VPOS="727" WIDTH="752" HEIGHT="29">
							<String ID="string_113" HPOS="185" VPOS="728" WIDTH="84" HEIGHT="22" WC="0.87" CONTENT="börden"/><SP WIDTH="15" VPOS="728" HPOS="269"/>
							<String ID="string_114" HPOS="284" VPOS="728" WIDTH="49" HEIGHT="22" WC="0.96" CONTENT="sker"/><SP WIDTH="13" VPOS="728" HPOS="333"/>
							<String ID="string_115" HPOS="346" VPOS="727" WIDTH="29" HEIGHT="29" WC="0.96" CONTENT="pä"/><SP WIDTH="15" VPOS="727" HPOS="375"/>
							<String ID="string_116" HPOS="390" VPOS="730" WIDTH="31" HEIGHT="19" WC="0.96" CONTENT="ett"/><SP WIDTH="14" VPOS="730" HPOS="421"/>
							<String ID="string_117" HPOS="435" VPOS="728" WIDTH="34" HEIGHT="21" WC="0.93" CONTENT="för"/><SP WIDTH="14" VPOS="728" HPOS="469"/>
							<String ID="string_118" HPOS="483" VPOS="727" WIDTH="90" HEIGHT="22" WC="0.92" CONTENT="trafiken"/><SP WIDTH="14" VPOS="727" HPOS="573"/>
							<String ID="string_119" HPOS="587" VPOS="728" WIDTH="100" HEIGHT="27" WC="0.92" CONTENT="begvämt"/><SP WIDTH="15" VPOS="728" HPOS="687"/>
							<String ID="string_120" HPOS="702" VPOS="729" WIDTH="53" HEIGHT="25" WC="0.93" CONTENT="sätt;"/><SP WIDTH="15" VPOS="729" HPOS="755"/>
							<String ID="string_121" HPOS="770" VPOS="728" WIDTH="113" HEIGHT="22" WC="0.93" CONTENT="hvaröfver"/><SP WIDTH="11" VPOS="728" HPOS="883"/>
							<String ID="string_122" HPOS="894" VPOS="728" WIDTH="43" HEIGHT="22" WC="0.92" CONTENT="Gu-"/>
						</TextLine>
						<TextLine ID="line_16" HPOS="185" VPOS="758" WIDTH="753" HEIGHT="32">
							<String ID="string_123" HPOS="185" VPOS="764" WIDTH="105" HEIGHT="21" WC="0.93" CONTENT="vernören"/><SP WIDTH="18" VPOS="764" HPOS="290"/>
							<String ID="string_124" HPOS="308" VPOS="761" WIDTH="81" HEIGHT="29" WC="0.96" CONTENT="åligger"/><SP WIDTH="18" VPOS="761" HPOS="389"/>
							<String ID="string_125" HPOS="407" VPOS="764" WIDTH="33" HEIGHT="20" WC="0.93" CONTENT="att"/><SP WIDTH="13" VPOS="764" HPOS="440"/>
							<String ID="string_126" HPOS="453" VPOS="769" WIDTH="112" HEIGHT="21" WC="0.96" CONTENT="noggrann"/><SP WIDTH="17" VPOS="769" HPOS="565"/>
							<String ID="string_127" HPOS="582" VPOS="762" WIDTH="72" HEIGHT="28" WC="0.96" CONTENT="tillsyn"/><SP WIDTH="14" VPOS="762" HPOS="654"/>
							<String ID="string_128" HPOS="668" VPOS="761" WIDTH="65" HEIGHT="22" WC="0.52" CONTENT="hälla."/><SP WIDTH="31" VPOS="761" HPOS="733"/>
							<String ID="string_129" HPOS="764" VPOS="758" WIDTH="72" HEIGHT="26" WC="0.93" CONTENT="Önska"/><SP WIDTH="17" VPOS="758" HPOS="836"/>
							<String ID="string_130" HPOS="853" VPOS="763" WIDTH="85" HEIGHT="22" WC="0.89" CONTENT="brodel-"/>
						</TextLine>
						<TextLine ID="line_17" HPOS="187" VPOS="796" WIDTH="750" HEIGHT="29">
							<String ID="string_131" HPOS="187" VPOS="804" WIDTH="64" HEIGHT="21" WC="0.91" CONTENT="egare"/><SP WIDTH="15" VPOS="804" HPOS="251"/>
							<String ID="string_132" HPOS="266" VPOS="798" WIDTH="33" HEIGHT="20" WC="0.93" CONTENT="att"/><SP WIDTH="13" VPOS="798" HPOS="299"/>
							<String ID="string_133" HPOS="312" VPOS="796" WIDTH="24" HEIGHT="22" WC="0.92" CONTENT="fä"/><SP WIDTH="13" VPOS="796" HPOS="336"/>
							<String ID="string_134" HPOS="349" VPOS="796" WIDTH="99" HEIGHT="28" WC="0.92" CONTENT="uppbära"/><SP WIDTH="14" VPOS="796" HPOS="448"/>
							<String ID="string_135" HPOS="462" VPOS="796" WIDTH="185" HEIGHT="28" WC="0.92" CONTENT="bropenningarne"/><SP WIDTH="15" VPOS="796" HPOS="647"/>
							<String ID="string_136" HPOS="662" VPOS="796" WIDTH="29" HEIGHT="28" WC="0.96" CONTENT="pä"/><SP WIDTH="15" VPOS="796" HPOS="691"/>
							<String ID="string_137" HPOS="706" VPOS="799" WIDTH="67" HEIGHT="20" WC="0.93" CONTENT="annat"/><SP WIDTH="15" VPOS="799" HPOS="773"/>
							<String ID="string_138" HPOS="788" VPOS="798" WIDTH="61" HEIGHT="21" WC="0.93" CONTENT="ställe"/><SP WIDTH="15" VPOS="798" HPOS="849"/>
							<String ID="string_139" HPOS="864" VPOS="799" WIDTH="28" HEIGHT="19" WC="0.96" CONTENT="än"/><SP WIDTH="11" VPOS="799" HPOS="892"/>
							<String ID="string_140" HPOS="903" VPOS="798" WIDTH="34" HEIGHT="21" WC="0.96" CONTENT="vid"/>
						</TextLine>
						<TextLine ID="line_18" HPOS="186" VPOS="830" WIDTH="752" HEIGHT="28">
							<String ID="string_141" HPOS="186" VPOS="832" WIDTH="62" HEIGHT="25" WC="0.91" CONTENT="bron,"/><SP WIDTH="15" VPOS="832" HPOS="248"/>
							<String ID="string_142" HPOS="263" VPOS="830" WIDTH="36" HEIGHT="23" WC="0.93" CONTENT="mä"/><SP WIDTH="14" VPOS="830" HPOS="299"/>
							<String ID="string_143" HPOS="313" VPOS="830" WIDTH="67" HEIGHT="23" WC="0.91" CONTENT="sädan"/><SP WIDTH="15" VPOS="830" HPOS="380"/>
							<String ID="string_144" HPOS="395" VPOS="831" WIDTH="82" HEIGHT="21" WC="0.92" CONTENT="önskan"/><SP WIDTH="15" VPOS="831" HPOS="477"/>
							<String ID="string_145" HPOS="492" VPOS="832" WIDTH="95" HEIGHT="20" WC="0.91" CONTENT="anmälas"/><SP WIDTH="15" VPOS="832" HPOS="587"/>
							<String ID="string_146" HPOS="602" VPOS="831" WIDTH="39" HEIGHT="21" WC="0.93" CONTENT="hos"/><SP WIDTH="15" VPOS="831" HPOS="641"/>
							<String ID="string_147" HPOS="656" VPOS="830" WIDTH="144" HEIGHT="28" WC="0.92" CONTENT="Guvernören,"/><SP WIDTH="13" VPOS="830" HPOS="800"/>
							<String ID="string_148" HPOS="813" VPOS="839" WIDTH="45" HEIGHT="14" WC="0.93" CONTENT="som"/><SP WIDTH="10" VPOS="839" HPOS="858"/>
							<String ID="string_149" HPOS="868" VPOS="832" WIDTH="70" HEIGHT="21" WC="0.91" CONTENT="tillika"/>
						</TextLine>
						<TextLine ID="line_19" HPOS="186" VPOS="864" WIDTH="751" HEIGHT="29">
							<String ID="string_150" HPOS="186" VPOS="865" WIDTH="49" HEIGHT="22" WC="0.96" CONTENT="med"/><SP WIDTH="19" VPOS="865" HPOS="235"/>
							<String ID="string_151" HPOS="254" VPOS="867" WIDTH="48" HEIGHT="26" WC="0.93" CONTENT="eget"/><SP WIDTH="17" VPOS="867" HPOS="302"/>
							<String ID="string_152" HPOS="319" VPOS="864" WIDTH="111" HEIGHT="23" WC="0.80" CONTENT="utlåtande"/><SP WIDTH="19" VPOS="864" HPOS="430"/>
							<String ID="string_153" HPOS="449" VPOS="865" WIDTH="140" HEIGHT="22" WC="0.64" CONTENT="öfverlemnar"/><SP WIDTH="18" VPOS="865" HPOS="589"/>
							<String ID="string_154" HPOS="607" VPOS="865" WIDTH="65" HEIGHT="21" WC="0.97" CONTENT="saken"/><SP WIDTH="15" VPOS="865" HPOS="672"/>
							<String ID="string_155" HPOS="687" VPOS="865" WIDTH="32" HEIGHT="21" WC="0.93" CONTENT="till"/><SP WIDTH="16" VPOS="865" HPOS="719"/>
							<String ID="string_156" HPOS="735" VPOS="865" WIDTH="103" HEIGHT="22" WC="0.93" CONTENT="Senatens"/><SP WIDTH="14" VPOS="865" HPOS="838"/>
							<String ID="string_157" HPOS="852" VPOS="866" WIDTH="85" HEIGHT="21" WC="0.92" CONTENT="Ekono-"/>
						</TextLine>
						<TextLine ID="line_20" HPOS="185" VPOS="899" WIDTH="753" HEIGHT="29">
							<String ID="string_158" HPOS="185" VPOS="900" WIDTH="212" HEIGHT="28" WC="0.92" CONTENT="mie-Departement,"/><SP WIDTH="18" VPOS="900" HPOS="397"/>
							<String ID="string_159" HPOS="415" VPOS="899" WIDTH="108" HEIGHT="22" WC="0.91" CONTENT="hvarefter"/><SP WIDTH="18" VPOS="899" HPOS="523"/>
							<String ID="string_160" HPOS="541" VPOS="899" WIDTH="13" HEIGHT="22" WC="0.90" CONTENT="ä"/><SP WIDTH="17" VPOS="899" HPOS="554"/>
							<String ID="string_161" HPOS="571" VPOS="899" WIDTH="175" HEIGHT="28" WC="0.92" CONTENT="Departementet"/><SP WIDTH="18" VPOS="899" HPOS="746"/>
							<String ID="string_162" HPOS="764" VPOS="901" WIDTH="123" HEIGHT="21" WC="0.92" CONTENT="ankommer"/><SP WIDTH="18" VPOS="901" HPOS="887"/>
							<String ID="string_163" HPOS="905" VPOS="902" WIDTH="33" HEIGHT="20" WC="0.96" CONTENT="att"/>
						</TextLine>
						<TextLine ID="line_21" HPOS="185" VPOS="934" WIDTH="701" HEIGHT="27">
							<String ID="string_164" HPOS="185" VPOS="934" WIDTH="146" HEIGHT="22" WC="0.91" CONTENT="förordnande"/><SP WIDTH="14" VPOS="934" HPOS="331"/>
							<String ID="string_165" HPOS="345" VPOS="934" WIDTH="131" HEIGHT="21" WC="0.91" CONTENT="härutinnan"/><SP WIDTH="15" VPOS="934" HPOS="476"/>
							<String ID="string_166" HPOS="491" VPOS="934" WIDTH="53" HEIGHT="22" WC="0.93" CONTENT="efter"/><SP WIDTH="15" VPOS="934" HPOS="544"/>
							<String ID="string_167" HPOS="559" VPOS="934" WIDTH="210" HEIGHT="27" WC="0.92" CONTENT="omständigheterna"/><SP WIDTH="13" VPOS="934" HPOS="769"/>
							<String ID="string_168" HPOS="782" VPOS="935" WIDTH="104" HEIGHT="23" WC="0.93" CONTENT="meddela."/>
						</TextLine>
					</TextBlock>
				</ComposedBlock>
				<ComposedBlock ID="cblock_4" HPOS="179" VPOS="1004" WIDTH="761" HEIGHT="498">
					<TextBlock ID="block_4" HPOS="531" VPOS="1004" WIDTH="376" HEIGHT="27">
						<TextLine ID="line_22" HPOS="531" VPOS="1004" WIDTH="376" HEIGHT="27">
							<String ID="string_169" HPOS="531" VPOS="1004" WIDTH="12" HEIGHT="27" WC="0.84" CONTENT="8"/><SP WIDTH="16" VPOS="1004" HPOS="543"/>
							<String ID="string_170" HPOS="559" VPOS="1004" WIDTH="33" HEIGHT="20" WC="0.95" CONTENT="18."/><SP WIDTH="312" VPOS="1004" HPOS="592"/>
							<String ID="string_171" HPOS="904" VPOS="1021" WIDTH="3" HEIGHT="2" WC="0.90" CONTENT="E"/>
						</TextLine>
					</TextBlock>
					<TextBlock ID="block_5" HPOS="184" VPOS="1045" WIDTH="756" HEIGHT="97">
						<TextLine ID="line_23" HPOS="253" VPOS="1045" WIDTH="670" HEIGHT="29">
							<String ID="string_172" HPOS="253" VPOS="1046" WIDTH="48" HEIGHT="22" WC="0.96" CONTENT="Den"/><SP WIDTH="22" VPOS="1046" HPOS="301"/>
							<String ID="string_173" HPOS="323" VPOS="1053" WIDTH="45" HEIGHT="14" WC="0.96" CONTENT="som"/><SP WIDTH="22" VPOS="1053" HPOS="368"/>
							<String ID="string_174" HPOS="390" VPOS="1046" WIDTH="26" HEIGHT="21" WC="0.90" CONTENT="är"/><SP WIDTH="20" VPOS="1046" HPOS="416"/>
							<String ID="string_175" HPOS="436" VPOS="1045" WIDTH="77" HEIGHT="22" WC="0.96" CONTENT="utsedd"/><SP WIDTH="22" VPOS="1045" HPOS="513"/>
							<String ID="string_176" HPOS="535" VPOS="1047" WIDTH="32" HEIGHT="20" WC="0.93" CONTENT="att"/><SP WIDTH="20" VPOS="1047" HPOS="567"/>
							<String ID="string_177" HPOS="587" VPOS="1045" WIDTH="104" HEIGHT="28" WC="0.87" CONTENT="broafgift"/><SP WIDTH="18" VPOS="1045" HPOS="691"/>
							<String ID="string_178" HPOS="709" VPOS="1046" WIDTH="99" HEIGHT="28" WC="0.95" CONTENT="uppbära"/><SP WIDTH="18" VPOS="1046" HPOS="808"/>
							<String ID="string_179" HPOS="826" VPOS="1047" WIDTH="41" HEIGHT="22" WC="0.93" CONTENT="och"/><SP WIDTH="18" VPOS="1047" HPOS="867"/>
							<String ID="string_180" HPOS="885" VPOS="1049" WIDTH="38" HEIGHT="21" WC="0.81" CONTENT="uta"/>
						</TextLine>
						<TextLine ID="line_24" HPOS="185" VPOS="1075" WIDTH="755" HEIGHT="34">
							<String ID="string_181" HPOS="185" VPOS="1080" WIDTH="47" HEIGHT="21" WC="0.93" CONTENT="skäl"/><SP WIDTH="14" VPOS="1080" HPOS="232"/>
							<String ID="string_182" HPOS="246" VPOS="1079" WIDTH="127" HEIGHT="29" WC="0.92" CONTENT="uppehäller"/><SP WIDTH="13" VPOS="1079" HPOS="373"/>
							<String ID="string_183" HPOS="386" VPOS="1080" WIDTH="91" HEIGHT="21" WC="0.93" CONTENT="resande"/><SP WIDTH="14" VPOS="1080" HPOS="477"/>
							<String ID="string_184" HPOS="491" VPOS="1079" WIDTH="66" HEIGHT="22" WC="0.95" CONTENT="sedan"/><SP WIDTH="16" VPOS="1079" HPOS="557"/>
							<String ID="string_185" HPOS="573" VPOS="1079" WIDTH="67" HEIGHT="22" WC="0.93" CONTENT="denne"/><SP WIDTH="15" VPOS="1079" HPOS="640"/>
							<String ID="string_186" HPOS="655" VPOS="1081" WIDTH="89" HEIGHT="28" WC="0.89" CONTENT="afgiften"/><SP WIDTH="15" VPOS="1081" HPOS="744"/>
							<String ID="string_187" HPOS="759" VPOS="1075" WIDTH="74" HEIGHT="34" WC="0.89" CONTENT="erlagt,"/><SP WIDTH="16" VPOS="1075" HPOS="833"/>
							<String ID="string_188" HPOS="849" VPOS="1082" WIDTH="52" HEIGHT="22" WC="0.93" CONTENT="eller"/><SP WIDTH="15" VPOS="1082" HPOS="901"/>
							<String ID="string_189" HPOS="916" VPOS="1083" WIDTH="24" HEIGHT="22" WC="0.96" CONTENT="af"/>
						</TextLine>
						<TextLine ID="line_25" HPOS="184" VPOS="1114" WIDTH="669" HEIGHT="28">
							<String ID="string_190" HPOS="184" VPOS="1114" WIDTH="80" HEIGHT="22" WC="0.96" CONTENT="honom"/><SP WIDTH="14" VPOS="1114" HPOS="264"/>
							<String ID="string_191" HPOS="278" VPOS="1114" WIDTH="87" HEIGHT="23" WC="0.96" CONTENT="fordrar"/><SP WIDTH="13" VPOS="1114" HPOS="365"/>
							<String ID="string_192" HPOS="378" VPOS="1121" WIDTH="47" HEIGHT="14" WC="0.95" CONTENT="mer"/><SP WIDTH="14" VPOS="1121" HPOS="425"/>
							<String ID="string_193" HPOS="439" VPOS="1115" WIDTH="28" HEIGHT="20" WC="0.93" CONTENT="än"/><SP WIDTH="14" VPOS="1115" HPOS="467"/>
							<String ID="string_194" HPOS="481" VPOS="1114" WIDTH="109" HEIGHT="21" WC="0.93" CONTENT="faststäldt"/><SP WIDTH="15" VPOS="1114" HPOS="590"/>
							<String ID="string_195" HPOS="605" VPOS="1115" WIDTH="30" HEIGHT="24" WC="0.93" CONTENT="är,"/><SP WIDTH="15" VPOS="1115" HPOS="635"/>
							<String ID="string_196" HPOS="650" VPOS="1115" WIDTH="67" HEIGHT="27" WC="0.93" CONTENT="plikte"/><SP WIDTH="14" VPOS="1115" HPOS="717"/>
							<String ID="string_197" HPOS="731" VPOS="1115" WIDTH="43" HEIGHT="22" WC="0.91" CONTENT="tolf"/><SP WIDTH="11" VPOS="1115" HPOS="774"/>
							<String ID="string_198" HPOS="785" VPOS="1116" WIDTH="68" HEIGHT="21" WC="0.96" CONTENT="mark."/>
						</TextLine>
					</TextBlock>
					<TextBlock ID="block_6" HPOS="179" VPOS="1156" WIDTH="757" HEIGHT="130">
						<TextLine ID="line_26" HPOS="253" VPOS="1156" WIDTH="683" HEIGHT="30">
							<String ID="string_199" HPOS="253" VPOS="1156" WIDTH="98" HEIGHT="22" WC="0.92" CONTENT="Resande"/><SP WIDTH="15" VPOS="1156" HPOS="351"/>
							<String ID="string_200" HPOS="366" VPOS="1163" WIDTH="53" HEIGHT="20" WC="0.93" CONTENT="som,"/><SP WIDTH="12" VPOS="1163" HPOS="419"/>
							<String ID="string_201" HPOS="431" VPOS="1157" WIDTH="67" HEIGHT="21" WC="0.91" CONTENT="ehuru"/><SP WIDTH="16" VPOS="1157" HPOS="498"/>
							<String ID="string_202" HPOS="514" VPOS="1156" WIDTH="85" HEIGHT="22" WC="0.91" CONTENT="erinrad"/><SP WIDTH="15" VPOS="1156" HPOS="599"/>
							<String ID="string_203" HPOS="614" VPOS="1158" WIDTH="32" HEIGHT="20" WC="0.93" CONTENT="att"/><SP WIDTH="13" VPOS="1158" HPOS="646"/>
							<String ID="string_204" HPOS="659" VPOS="1157" WIDTH="104" HEIGHT="28" WC="0.93" CONTENT="broafgift"/><SP WIDTH="15" VPOS="1157" HPOS="763"/>
							<String ID="string_205" HPOS="778" VPOS="1158" WIDTH="97" HEIGHT="28" WC="0.93" CONTENT="erläggas"/><SP WIDTH="15" VPOS="1158" HPOS="875"/>
							<String ID="string_206" HPOS="890" VPOS="1159" WIDTH="46" HEIGHT="26" WC="0.92" CONTENT="bör,"/>
						</TextLine>
						<TextLine ID="line_27" HPOS="185" VPOS="1189" WIDTH="751" HEIGHT="32">
							<String ID="string_207" HPOS="185" VPOS="1189" WIDTH="78" HEIGHT="23" WC="0.92" CONTENT="sädant"/><SP WIDTH="13" VPOS="1189" HPOS="263"/>
							<String ID="string_208" HPOS="276" VPOS="1189" WIDTH="119" HEIGHT="23" WC="0.92" CONTENT="uraktläter"/><SP WIDTH="12" VPOS="1189" HPOS="395"/>
							<String ID="string_209" HPOS="407" VPOS="1191" WIDTH="40" HEIGHT="22" WC="0.93" CONTENT="och"/><SP WIDTH="10" VPOS="1191" HPOS="447"/>
							<String ID="string_210" HPOS="457" VPOS="1191" WIDTH="76" HEIGHT="21" WC="0.91" CONTENT="färden"/><SP WIDTH="12" VPOS="1191" HPOS="533"/>
							<String ID="string_211" HPOS="545" VPOS="1191" WIDTH="116" HEIGHT="26" WC="0.93" CONTENT="fortsätter,"/><SP WIDTH="14" VPOS="1191" HPOS="661"/>
							<String ID="string_212" HPOS="675" VPOS="1191" WIDTH="50" HEIGHT="22" WC="0.92" CONTENT="böte"/><SP WIDTH="14" VPOS="1191" HPOS="725"/>
							<String ID="string_213" HPOS="739" VPOS="1191" WIDTH="43" HEIGHT="22" WC="0.92" CONTENT="tolf"/><SP WIDTH="12" VPOS="1191" HPOS="782"/>
							<String ID="string_214" HPOS="794" VPOS="1192" WIDTH="67" HEIGHT="22" WC="0.93" CONTENT="mark."/><SP WIDTH="23" VPOS="1192" HPOS="861"/>
							<String ID="string_215" HPOS="884" VPOS="1193" WIDTH="52" HEIGHT="28" WC="0.90" CONTENT="Bry-"/>
						</TextLine>
						<TextLine ID="line_28" HPOS="179" VPOS="1224" WIDTH="757" HEIGHT="30">
							<String ID="string_216" HPOS="179" VPOS="1226" WIDTH="39" HEIGHT="28" WC="0.53" CONTENT="&quot;ter"/><SP WIDTH="14" VPOS="1226" HPOS="218"/>
							<String ID="string_217" HPOS="232" VPOS="1225" WIDTH="91" HEIGHT="21" WC="0.96" CONTENT="resande"/><SP WIDTH="14" VPOS="1225" HPOS="323"/>
							<String ID="string_218" HPOS="337" VPOS="1225" WIDTH="32" HEIGHT="27" WC="0.96" CONTENT="sig"/><SP WIDTH="14" VPOS="1225" HPOS="369"/>
							<String ID="string_219" HPOS="383" VPOS="1225" WIDTH="49" HEIGHT="21" WC="0.93" CONTENT="med"/><SP WIDTH="14" VPOS="1225" HPOS="432"/>
							<String ID="string_220" HPOS="446" VPOS="1224" WIDTH="49" HEIGHT="22" WC="0.96" CONTENT="våld"/><SP WIDTH="19" VPOS="1224" HPOS="495"/>
							<String ID="string_221" HPOS="514" VPOS="1232" WIDTH="75" HEIGHT="21" WC="0.93" CONTENT="genom"/><SP WIDTH="19" VPOS="1232" HPOS="589"/>
							<String ID="string_222" HPOS="608" VPOS="1225" WIDTH="103" HEIGHT="28" WC="0.91" CONTENT="slagbom,"/><SP WIDTH="16" VPOS="1225" HPOS="711"/>
							<String ID="string_223" HPOS="727" VPOS="1225" WIDTH="39" HEIGHT="22" WC="0.93" CONTENT="der"/><SP WIDTH="18" VPOS="1225" HPOS="766"/>
							<String ID="string_224" HPOS="784" VPOS="1225" WIDTH="67" HEIGHT="22" WC="0.95" CONTENT="sådan"/><SP WIDTH="18" VPOS="1225" HPOS="851"/>
							<String ID="string_225" HPOS="869" VPOS="1227" WIDTH="67" HEIGHT="22" WC="0.96" CONTENT="finnes"/>
						</TextLine>
						<TextLine ID="line_29" HPOS="184" VPOS="1258" WIDTH="716" HEIGHT="28">
							<String ID="string_226" HPOS="184" VPOS="1259" WIDTH="101" HEIGHT="27" WC="0.92" CONTENT="uppförd,"/><SP WIDTH="16" VPOS="1259" HPOS="285"/>
							<String ID="string_227" HPOS="301" VPOS="1265" WIDTH="50" HEIGHT="14" WC="0.92" CONTENT="vare"/><SP WIDTH="15" VPOS="1265" HPOS="351"/>
							<String ID="string_228" HPOS="366" VPOS="1265" WIDTH="77" HEIGHT="14" WC="0.92" CONTENT="ansvar"/><SP WIDTH="14" VPOS="1265" HPOS="443"/>
							<String ID="string_229" HPOS="457" VPOS="1258" WIDTH="48" HEIGHT="21" WC="0.88" CONTENT="frän"/><SP WIDTH="15" VPOS="1258" HPOS="505"/>
							<String ID="string_230" HPOS="520" VPOS="1259" WIDTH="115" HEIGHT="20" WC="0.93" CONTENT="etthundra"/><SP WIDTH="14" VPOS="1259" HPOS="635"/>
							<String ID="string_231" HPOS="649" VPOS="1259" WIDTH="34" HEIGHT="20" WC="0.93" CONTENT="till"/><SP WIDTH="14" VPOS="1259" HPOS="683"/>
							<String ID="string_232" HPOS="697" VPOS="1259" WIDTH="121" HEIGHT="22" WC="0.92" CONTENT="tvähundra"/><SP WIDTH="15" VPOS="1259" HPOS="818"/>
							<String ID="string_233" HPOS="833" VPOS="1261" WIDTH="67" HEIGHT="20" WC="0.96" CONTENT="mark."/>
						</TextLine>
					</TextBlock>
					<TextBlock ID="block_7" HPOS="183" VPOS="1299" WIDTH="754" HEIGHT="203">
						<TextLine ID="line_30" HPOS="253" VPOS="1299" WIDTH="684" HEIGHT="31">
							<String ID="string_234" HPOS="253" VPOS="1300" WIDTH="102" HEIGHT="22" WC="0.92" CONTENT="Föröfvas"/><SP WIDTH="20" VPOS="1300" HPOS="355"/>
							<String ID="string_235" HPOS="375" VPOS="1301" WIDTH="24" HEIGHT="21" WC="0.93" CONTENT="af"/><SP WIDTH="15" VPOS="1301" HPOS="399"/>
							<String ID="string_236" HPOS="414" VPOS="1300" WIDTH="90" HEIGHT="22" WC="0.96" CONTENT="resande"/><SP WIDTH="18" VPOS="1300" HPOS="504"/>
							<String ID="string_237" HPOS="522" VPOS="1300" WIDTH="131" HEIGHT="22" WC="0.93" CONTENT="misshandel"/><SP WIDTH="18" VPOS="1300" HPOS="653"/>
							<String ID="string_238" HPOS="671" VPOS="1299" WIDTH="13" HEIGHT="23" WC="0.88" CONTENT="ä"/><SP WIDTH="19" VPOS="1299" HPOS="684"/>
							<String ID="string_239" HPOS="703" VPOS="1301" WIDTH="41" HEIGHT="21" WC="0.96" CONTENT="den"/><SP WIDTH="22" VPOS="1301" HPOS="744"/>
							<String ID="string_240" HPOS="766" VPOS="1309" WIDTH="45" HEIGHT="14" WC="0.91" CONTENT="som"/><SP WIDTH="23" VPOS="1309" HPOS="811"/>
							<String ID="string_241" HPOS="834" VPOS="1302" WIDTH="103" HEIGHT="28" WC="0.80" CONTENT="broafgift"/>
						</TextLine>
						<TextLine ID="line_31" HPOS="183" VPOS="1334" WIDTH="753" HEIGHT="32">
							<String ID="string_242" HPOS="183" VPOS="1334" WIDTH="92" HEIGHT="31" WC="0.96" CONTENT="uppbär,"/><SP WIDTH="15" VPOS="1334" HPOS="275"/>
							<String ID="string_243" HPOS="290" VPOS="1335" WIDTH="8" HEIGHT="21" WC="0.96" CONTENT="i"/><SP WIDTH="15" VPOS="1335" HPOS="298"/>
							<String ID="string_244" HPOS="313" VPOS="1334" WIDTH="40" HEIGHT="22" WC="0.96" CONTENT="och"/><SP WIDTH="14" VPOS="1334" HPOS="353"/>
							<String ID="string_245" HPOS="367" VPOS="1335" WIDTH="34" HEIGHT="21" WC="0.96" CONTENT="för"/><SP WIDTH="14" VPOS="1335" HPOS="401"/>
							<String ID="string_246" HPOS="415" VPOS="1335" WIDTH="54" HEIGHT="21" WC="0.93" CONTENT="hans"/><SP WIDTH="15" VPOS="1335" HPOS="469"/>
							<String ID="string_247" HPOS="484" VPOS="1334" WIDTH="119" HEIGHT="29" WC="0.96" CONTENT="befattning"/><SP WIDTH="16" VPOS="1334" HPOS="603"/>
							<String ID="string_248" HPOS="619" VPOS="1335" WIDTH="51" HEIGHT="22" WC="0.96" CONTENT="eller"/><SP WIDTH="15" VPOS="1335" HPOS="670"/>
							<String ID="string_249" HPOS="685" VPOS="1334" WIDTH="28" HEIGHT="22" WC="0.96" CONTENT="dä"/><SP WIDTH="17" VPOS="1334" HPOS="713"/>
							<String ID="string_250" HPOS="730" VPOS="1336" WIDTH="44" HEIGHT="21" WC="0.96" CONTENT="han"/><SP WIDTH="13" VPOS="1336" HPOS="774"/>
							<String ID="string_251" HPOS="787" VPOS="1336" WIDTH="8" HEIGHT="21" WC="0.93" CONTENT="i"/><SP WIDTH="15" VPOS="1336" HPOS="795"/>
							<String ID="string_252" HPOS="810" VPOS="1336" WIDTH="126" HEIGHT="30" WC="0.93" CONTENT="utöfningen"/>
						</TextLine>
						<TextLine ID="line_32" HPOS="183" VPOS="1368" WIDTH="753" HEIGHT="32">
							<String ID="string_253" HPOS="183" VPOS="1369" WIDTH="64" HEIGHT="23" WC="0.96" CONTENT="deraf"/><SP WIDTH="12" VPOS="1369" HPOS="247"/>
							<String ID="string_254" HPOS="259" VPOS="1370" WIDTH="64" HEIGHT="22" WC="0.72" CONTENT="stadd"/><SP WIDTH="14" VPOS="1370" HPOS="323"/>
							<String ID="string_255" HPOS="337" VPOS="1371" WIDTH="30" HEIGHT="25" WC="0.96" CONTENT="är,"/><SP WIDTH="17" VPOS="1371" HPOS="367"/>
							<String ID="string_256" HPOS="384" VPOS="1370" WIDTH="52" HEIGHT="22" WC="0.93" CONTENT="eller"/><SP WIDTH="13" VPOS="1370" HPOS="436"/>
							<String ID="string_257" HPOS="449" VPOS="1368" WIDTH="74" HEIGHT="29" WC="0.92" CONTENT="förgär"/><SP WIDTH="14" VPOS="1368" HPOS="523"/>
							<String ID="string_258" HPOS="537" VPOS="1370" WIDTH="33" HEIGHT="28" WC="0.96" CONTENT="sig"/><SP WIDTH="11" VPOS="1370" HPOS="570"/>
							<String ID="string_259" HPOS="581" VPOS="1370" WIDTH="48" HEIGHT="26" WC="0.96" CONTENT="den,"/><SP WIDTH="11" VPOS="1370" HPOS="629"/>
							<String ID="string_260" HPOS="640" VPOS="1377" WIDTH="46" HEIGHT="15" WC="0.93" CONTENT="som"/><SP WIDTH="10" VPOS="1377" HPOS="686"/>
							<String ID="string_261" HPOS="696" VPOS="1370" WIDTH="126" HEIGHT="23" WC="0.93" CONTENT="verkställer"/><SP WIDTH="14" VPOS="1370" HPOS="822"/>
							<String ID="string_262" HPOS="836" VPOS="1372" WIDTH="100" HEIGHT="28" WC="0.92" CONTENT="uppbörd"/>
						</TextLine>
						<TextLine ID="line_33" HPOS="184" VPOS="1404" WIDTH="751" HEIGHT="28">
							<String ID="string_263" HPOS="184" VPOS="1404" WIDTH="24" HEIGHT="22" WC="0.93" CONTENT="af"/><SP WIDTH="13" VPOS="1404" HPOS="208"/>
							<String ID="string_264" HPOS="221" VPOS="1404" WIDTH="110" HEIGHT="28" WC="0.90" CONTENT="broafgift,"/><SP WIDTH="15" VPOS="1404" HPOS="331"/>
							<String ID="string_265" HPOS="346" VPOS="1404" WIDTH="29" HEIGHT="28" WC="0.93" CONTENT="pä"/><SP WIDTH="13" VPOS="1404" HPOS="375"/>
							<String ID="string_266" HPOS="388" VPOS="1404" WIDTH="94" HEIGHT="22" WC="0.92" CONTENT="nämnde"/><SP WIDTH="15" VPOS="1404" HPOS="482"/>
							<String ID="string_267" HPOS="497" VPOS="1406" WIDTH="43" HEIGHT="20" WC="0.95" CONTENT="sätt"/><SP WIDTH="15" VPOS="1406" HPOS="540"/>
							<String ID="string_268" HPOS="555" VPOS="1406" WIDTH="56" HEIGHT="20" WC="0.93" CONTENT="emot"/><SP WIDTH="14" VPOS="1406" HPOS="611"/>
							<String ID="string_269" HPOS="625" VPOS="1406" WIDTH="97" HEIGHT="26" WC="0.91" CONTENT="resande,"/><SP WIDTH="12" VPOS="1406" HPOS="722"/>
							<String ID="string_270" HPOS="734" VPOS="1405" WIDTH="52" HEIGHT="23" WC="0.96" CONTENT="eller"/><SP WIDTH="10" VPOS="1405" HPOS="786"/>
							<String ID="string_271" HPOS="796" VPOS="1406" WIDTH="49" HEIGHT="22" WC="0.93" CONTENT="sker"/><SP WIDTH="15" VPOS="1406" HPOS="845"/>
							<String ID="string_272" HPOS="860" VPOS="1407" WIDTH="75" HEIGHT="22" WC="0.92" CONTENT="härvid"/>
						</TextLine>
						<TextLine ID="line_34" HPOS="183" VPOS="1439" WIDTH="753" HEIGHT="31">
							<String ID="string_273" HPOS="183" VPOS="1439" WIDTH="105" HEIGHT="31" WC="0.92" CONTENT="smädelse"/><SP WIDTH="19" VPOS="1439" HPOS="288"/>
							<String ID="string_274" HPOS="307" VPOS="1439" WIDTH="51" HEIGHT="23" WC="0.93" CONTENT="eller"/><SP WIDTH="17" VPOS="1439" HPOS="358"/>
							<String ID="string_275" HPOS="375" VPOS="1439" WIDTH="158" HEIGHT="28" WC="0.96" CONTENT="förolämpning"/><SP WIDTH="19" VPOS="1439" HPOS="533"/>
							<String ID="string_276" HPOS="552" VPOS="1440" WIDTH="49" HEIGHT="22" WC="0.93" CONTENT="med"/><SP WIDTH="14" VPOS="1440" HPOS="601"/>
							<String ID="string_277" HPOS="615" VPOS="1440" WIDTH="108" HEIGHT="28" WC="0.83" CONTENT="skymfligt"/><SP WIDTH="15" VPOS="1440" HPOS="723"/>
							<String ID="string_278" HPOS="738" VPOS="1442" WIDTH="106" HEIGHT="27" WC="0.93" CONTENT="yttrande,"/><SP WIDTH="16" VPOS="1442" HPOS="844"/>
							<String ID="string_279" HPOS="860" VPOS="1441" WIDTH="76" HEIGHT="23" WC="0.93" CONTENT="stände"/>
						</TextLine>
						<TextLine ID="line_35" HPOS="183" VPOS="1474" WIDTH="396" HEIGHT="28">
							<String ID="string_280" HPOS="183" VPOS="1474" WIDTH="41" HEIGHT="22" WC="0.93" CONTENT="den"/><SP WIDTH="14" VPOS="1474" HPOS="224"/>
							<String ID="string_281" HPOS="238" VPOS="1474" WIDTH="113" HEIGHT="28" WC="0.88" CONTENT="brottslige"/><SP WIDTH="14" VPOS="1474" HPOS="351"/>
							<String ID="string_282" HPOS="365" VPOS="1481" WIDTH="78" HEIGHT="15" WC="0.93" CONTENT="ansvar"/><SP WIDTH="14" VPOS="1481" HPOS="443"/>
							<String ID="string_283" HPOS="457" VPOS="1474" WIDTH="66" HEIGHT="28" WC="0.96" CONTENT="enligt"/><SP WIDTH="14" VPOS="1474" HPOS="523"/>
							<String ID="string_284" HPOS="537" VPOS="1474" WIDTH="42" HEIGHT="28" WC="0.96" CONTENT="lag."/>
						</TextLine>
					</TextBlock>
				</ComposedBlock>
			</PrintSpace>
		</Page>
	</Layout>
</alto>
