978 1720
243 171 44 16 1418
447 171 72 22 Nådiga
530 172 137 21 Propositionen
679 171 36 16 N:o
728 171 27 16 27.

287 235 138 28 lämpligaste
448 235 55 24 sätt;
525 233 40 22 och
579 233 40 22 bör
635 237 58 23 taxa,
709 233 109 29 hvarefter
828 233 121 29 färjpenni:

286 276 43 21 gar
343 269 117 28 uppbäras,
475 268 38 22 vid
521 268 139 29 färjestället
674 275 55 14 vara
744 269 109 28 anslagen.

604 331 48 28 $4

343 375 30 28 (1,
392 376 13 19 2
425 375 40 21 och
483 376 12 20 3
515 374 95 28 momm.)
639 374 147 29 Likalydande
806 374 50 22 med
872 381 77 21 propos

285 409 80 22 tionen.

344 442 23 29 (4
388 443 73 28 mom.)
491 441 134 23 Industriela
646 443 156 28 inrättningar
824 446 56 18 samt
898 442 51 22 land

286 477 128 26 handlande,
424 478 97 28 färgare
537 477 38 21 och
589 478 110 28 garfvare,
716 476 74 22 hvilka
804 477 89 29 deltaga
906 478 10 20 i
930 485 19 14 m

285 511 108 22 derhället
412 512 25 28 af
453 511 84 30 skiftad
556 512 74 28 byväg,
646 511 61 22 skola
722 512 76 21 dertill
813 512 95 28 bidraga
921 519 28 14 me

280 547 133 28 penningar,
425 553 51 20 som,
483 546 34 29 pä
528 547 45 20 sätt
583 547 79 27 vägens
671 546 98 29 delegare
779 546 170 30 öfverenskomm,

284 580 110 29 uppbäras
410 580 39 22 och
464 582 36 21 till
514 582 80 28 vägens
608 581 117 22 underhåll
741 581 117 22 användas.

601 636 13 28 $
622 635 25 29 5.

340 678 147 29 Likalydande
501 678 48 22 med
563 678 151 22 motsvarande
729 679 12 27 $
755 679 8 20 i
777 679 167 27 propositionen.

600 732 13 28 $
629 730 21 22 6.

337 776 21 28 (1
378 776 73 27 mom.)
480 774 37 22 Då
535 782 28 21 ny
579 775 105 28 landsväg
699 774 56 22 skall
771 775 79 30 byggas
866 777 52 20 eller
933 777 15 21 ä

282 810 39 21 dre
343 809 100 29 utvidgas
467 810 35 21 till
524 809 68 22 sådan
616 809 67 21 bredd
705 810 181 29 nästföregäende
904 811 12 28 $
932 811 17 22 b

281 845 108 25 stämmer,
407 845 42 19 läte
465 842 147 28 Guvernören,
624 844 55 28 efter
691 843 225 23 kommunalstämmas
927 846 22 20 he

280 878 75 26 rande,
379 878 38 20 vid
438 876 141 23 Häradsrätt
598 877 125 22 undersöka
741 885 34 14 om
790 878 96 29 behofvet
900 879 49 22 dera

281 912 109 29 äfvensom
405 912 112 22 huruledes
533 912 79 21 sädant
627 912 127 29 lämpligast
769 913 39 21 och
822 914 48 21 med
883 914 66 22 minst

281 946 91 22 kostnad
387 946 42 21 kan
443 947 93 28 utföras.

339 981 21 28 (2
376 981 73 27 mom.)
478 980 146 28 Likalydande
638 980 49 22 med
701 981 167 27 propositionen.

597 1036 13 27 $
628 1033 20 23 7.

335 1078 30 21 Af
382 1084 82 16 samma
481 1077 95 23 innehåll
590 1085 46 15 som
650 1079 151 22 motsvarande
816 1080 12 27 $
842 1080 8 20 i
864 1081 85 28 proposi

279 1112 79 21 tionen.

594 1150 13 28 $
623 1148 20 22 8.

336 1192 146 29 Landsvägar
497 1193 39 21 och
551 1194 35 20 till
600 1193 117 22 underhåll
732 1194 120 29 anbefallde
864 1194 83 30 byväga

278 1226 55 22 böra
347 1227 38 21 vid
400 1226 40 22 bar
454 1227 63 21 mark
532 1228 170 28 vidmagthållas
717 1228 98 26 sålunda,
831 1232 33 18 att
880 1236 33 14 om
923 1230 26 21 vå

277 1268 40 13 ren
335 1262 45 19 alla
398 1268 83 20 gropar
497 1262 38 20 och
550 1262 25 28 af
587 1265 74 17 vatten
669 1262 150 28 förorsakade
833 1263 116 21 utskärnin

276 1300 42 22 gar
327 1293 70 28 fyllas
412 1294 48 21 med
473 1301 60 21 grus,
549 1295 53 20 sand
617 1295 52 20 eller
681 1295 52 26 lera,
745 1296 68 20 innan
824 1297 70 27 vägen
908 1296 41 22 hun

275 1328 36 21 nit
329 1326 74 27 torka;
415 1328 43 29 för
473 1327 81 23 hvilket
569 1328 104 22 ändamål
687 1329 78 29 nödigt
780 1331 27 20 är
822 1333 34 18 att
872 1331 77 29 tjenlig

269 1363 180 29 fyllningsämne,
472 1363 38 21 der
533 1363 78 22 sådant
633 1364 19 29 ej
668 1364 72 28 finnes
758 1366 10 19 i
785 1366 79 28 vägens
879 1366 69 21 närhe

276 1401 33 17 att
325 1398 70 28 tillgå,
412 1405 34 13 om
460 1398 87 21 vintern
563 1398 107 30 anskaffas
683 1399 38 21 och
733 1400 37 20 vid
782 1400 102 29 lämpligt
895 1402 52 20 ställ

275 1432 38 22 vid
335 1434 68 27 vägen
417 1433 125 29 upplägges.
575 1432 74 23 Under
665 1442 121 14 sommaren
800 1436 35 20 må
851 1436 20 28 ej
885 1436 64 29 någor

275 1466 101 22 besväras
397 1468 48 20 med
467 1475 73 14 annan
555 1469 134 29 väglagning
705 1470 30 20 än
749 1470 46 26 den,
811 1478 45 13 som
871 1478 19 14 0.
906 1478 15 14 s.
937 1479 12 14 v

274 1501 66 29 enligt
354 1502 167 28 propositionen.
