981 1720
262 164 72 24 Nådiga
345 166 138 22 Propositionen
495 167 34 17 N:o
542 168 28 16 27.
726 168 44 17 1383

40 227 141 29 ringsidkare,
196 228 46 22 icke
256 229 84 23 komme
355 231 38 25 att,
408 230 8 21 i
430 231 87 27 hänsigt
527 231 34 21 till
571 231 54 26 dem,
636 231 64 21 träda
711 231 7 21 i
730 232 61 21 verk-

40 262 110 28 ställighet
171 262 45 22 förr
238 264 28 21 än
284 264 30 20 tio
334 263 25 22 år
377 264 54 21 efter
449 264 140 23 utfärdandet
603 265 24 21 af
638 266 95 21 nämnda
748 266 44 21 för-

40 296 98 28 ordning.

141 360 31 20 Af
184 360 111 22 Professor
311 360 88 22 Geitlin:

107 402 43 29 Jag
168 402 82 29 nödgas
265 410 110 16 reservera
389 404 44 28 mig
447 406 45 20 mot
507 405 231 27 grundlagsutskottets
753 406 36 22 be-

39 437 45 22 slut
97 437 8 22 i
120 437 140 22 förevarande
278 437 67 28 fråga,
361 437 25 23 så
399 439 45 21 vidt
459 439 40 22 den
514 440 37 20 rör
565 439 225 22 ecklesiastiskbostäl-

39 472 45 21 lens
100 471 120 29 skyldighet
235 474 32 19 att
282 472 85 29 deltaga
381 473 8 21 i
404 471 191 30 hållskjutsningen
610 473 28 28 på
653 474 79 22 landet.
758 475 32 22 De

38 507 54 26 skäl,
114 513 47 16 som
182 507 109 22 föranledt
307 507 44 28 mig
369 509 32 20 att
417 507 70 22 afvika
501 507 48 22 från
563 508 149 27 pluralitetens
727 507 61 30 åsigt,

39 543 39 20 äro
92 542 105 28 följande:

109 577 39 20 1:0.
177 576 32 21 De
224 574 23 23 åt
261 575 159 28 presterskapet
435 576 103 28 anslagna
552 575 105 23 boställen
671 578 77 26 utgöra
764 584 25 14 en

39 610 34 22 del
94 610 25 22 af
138 610 204 28 presteaflöningen;
365 612 32 19 att
419 609 93 29 pålägga
531 610 62 22 dessa
609 611 124 27 lägenheter
747 618 43 21 nya

40 652 71 20 onera,
134 644 49 22 från
204 644 72 22 hvilka
295 644 26 22 de
335 644 184 28 grundlagsenligt
534 646 37 20 äro
587 645 101 26 befriade,
704 647 26 19 är
744 645 45 21 det-

39 686 82 15 samma
143 686 46 15 som
211 681 32 19 att
264 677 118 23 förminska
403 678 74 28 hvarje
491 679 238 22 boställsinnehafvares
744 679 44 28 lag-

38 714 44 28 liga
103 714 103 26 inkomst;
228 720 49 15 men
299 713 33 21 till
351 715 30 19 ett
399 712 24 23 så
437 713 118 29 betänkligt
568 714 90 27 ingrepp
673 714 8 20 i
696 714 92 28 ägande-

38 749 83 21 rättens
143 748 64 28 helgd
228 748 94 22 hvarken
344 748 42 21 kan
407 748 52 21 eller
480 748 36 21 vill
532 748 38 28 jag
588 747 104 29 någonsin
707 748 81 22 bifalla.

38 783 42 22 Väl
98 784 40 21 har
156 790 50 14 man
225 784 54 27 sagt,
294 784 33 20 att
341 789 76 21 genom
432 782 73 28 hvarje
519 782 115 28 bevillning
649 790 82 15 samma
745 782 43 22 för-

38 817 101 23 hållande
160 816 96 29 uppstår,
281 817 88 21 emedan
387 817 56 21 ökad
458 818 64 27 utgift
537 819 24 20 är
576 817 98 22 minskad
688 818 100 26 inkomst,

38 860 50 14 men
106 852 144 21 förhållandet
264 852 49 21 med
327 851 116 28 bevillning
457 853 25 20 är
497 852 45 21 helt
557 854 72 19 annat.
658 852 79 27 Hvarje
753 852 35 21 be-

38 887 88 28 villning
148 888 25 20 är
194 886 100 27 tillfällig,
316 887 110 26 temporär
448 886 40 22 och
509 886 112 21 töranledd
643 885 24 23 af
683 887 106 21 särskilda

38 921 116 28 tvingande
176 921 187 28 omständigheter,
382 922 56 19 samt
453 920 96 29 erlägges
564 921 24 21 af
601 921 43 22 alla
658 921 84 22 landets
757 922 32 20 in-

38 955 107 23 nevänare
166 957 53 20 utan
237 955 119 28 undantag;
371 955 41 21 här
427 956 24 20 är
467 955 46 22 äter
528 955 62 28 fräga
605 963 33 14 om
653 963 27 14 en
694 956 96 28 ständigt

39 991 138 25 fortfarande,
201 990 75 21 endast
298 997 26 14 en
345 990 42 21 viss
409 989 57 22 klass
485 990 25 21 af
525 990 127 28 tjenstemän
671 990 118 28 oförskyldt

39 1022 80 32 pålagd
134 1024 74 26 börda,
223 1024 85 22 hvilken
323 1023 107 22 dessutom
444 1024 55 22 blott
509 1025 8 21 i
529 1024 82 28 ganska
622 1024 107 29 obetydlig
740 1024 50 22 män

39 1060 84 22 komme
142 1061 32 20 att
188 1058 91 29 bidraga
293 1058 33 22 till
341 1058 36 22 det
391 1058 88 22 dermed
494 1058 96 29 åsyftade
605 1058 105 23 ändamål.
740 1059 50 22 Med

39 1102 82 14 samma
136 1094 47 22 skäl
197 1100 46 16 som
257 1100 50 15 man
321 1093 37 21 vill
373 1093 77 28 ålägga
461 1094 159 27 presterskapet
631 1094 69 21 denna
711 1094 79 21 minsk-

39 1130 52 27 ning
109 1129 8 21 i
135 1128 69 26 lönen,
228 1128 73 25 borde,
321 1134 34 14 om
370 1128 89 21 rättvisa
474 1128 39 21 och
528 1128 99 28 billighet
640 1128 65 22 hafva
719 1127 71 29 någon

39 1163 116 29 betydelse,
175 1162 79 28 jemväl
277 1162 43 22 alla
343 1162 90 21 embets-
453 1162 39 22 och
507 1162 128 28 tjenstemän
649 1163 8 20 i
671 1162 79 26 landet,
766 1162 25 22 så

40 1198 66 27 högre
128 1204 46 14 som
195 1197 66 27 lägre,
283 1196 113 28 förpligtas
415 1198 32 19 att
465 1196 56 22 afstå
536 1203 25 14 en
577 1196 34 22 del
627 1197 23 20 af
662 1196 33 22 sin
710 1196 80 22 lönein-

40 1232 71 21 komst
125 1231 33 21 till
172 1230 120 22 mildrande
307 1230 24 22 af
343 1230 281 28 hållskjutsningsbesväret,
639 1232 23 26 ty
673 1231 43 21 alla
727 1230 65 22 hafva

41 1266 26 22 de
85 1272 82 15 samma
181 1264 69 22 fördel
265 1264 24 22 af
302 1265 372 28 kommunikations-inrättningarne
689 1266 7 20 i
711 1264 79 22 landet.

109 1302 41 19 2:0.
179 1299 124 22 Boställena
324 1300 38 21 äro
381 1299 93 28 kyrkans
492 1306 49 15 men
555 1299 46 21 icke
617 1299 25 21 de
657 1299 135 21 närvarande

40 1335 175 22 jnnehafvarenes
237 1333 110 28 egendom,
369 1334 72 21 hvilka
465 1334 74 21 endast
561 1335 38 19 äro
619 1333 135 26 disponenter
769 1333 24 20 af

40 1369 158 27 lägenheterna,
217 1367 40 22 och
272 1367 45 21 lika
330 1367 47 21 litet
392 1373 45 15 som
453 1373 26 14 en
494 1366 127 21 arrendator
634 1366 40 21 har
688 1366 102 27 rättighet

41 1404 33 20 att
87 1402 76 21 bifalla
177 1401 32 21 till
224 1409 26 13 en
265 1399 54 29 ärlig
334 1400 68 28 afgift,
418 1408 45 13 som
478 1400 47 21 frän
541 1400 41 21 den
597 1400 24 21 af
629 1401 79 20 honom
719 1400 71 27 dispo-

40 1436 94 23 nerande
156 1435 99 28 lägenhet
272 1435 8 21 i
299 1435 43 21 alla
362 1435 56 22 tider
438 1435 66 22 borde
523 1433 58 29 utgä,
597 1434 44 22 lika
655 1434 135 28 oberättigad

42 1473 24 21 är
88 1471 41 23 den
146 1470 124 23 nuvarande
288 1469 140 29 disponenten
443 1469 24 23 af
479 1471 31 20 ett
525 1469 153 22 ecklesiastiskt
692 1469 97 26 boställe,

700 1518 20 16 87
