1009 1725
307 164 72 23 Nådiga
391 166 137 22 Propositionen
540 166 35 17 N:o
588 166 27 17 25.
770 167 44 17 1209

82 228 48 27 icke
151 228 90 21 kommit
262 228 82 30 längre,
362 230 101 21 hvarföre
482 230 41 22 den
537 230 97 22 känbara
647 230 82 22 bristen
743 230 30 28 på
787 232 49 20 när-

82 269 60 14 mare
164 263 161 22 bestämmelser
339 264 8 21 i
362 264 59 22 detta
439 266 62 19 ämne
520 272 62 20 synas
597 265 107 21 föranledt
719 265 71 21 dertill
805 267 33 22 att

82 297 32 20 uti
137 297 26 20 de
183 297 24 21 af
224 297 93 28 Konung
337 297 52 22 Carl
408 299 41 20 den
467 297 37 22 IX
522 298 34 21 för
571 298 120 28 Göteborgs
706 299 48 20 stad
768 299 70 21 utfär-

84 330 55 24 dade
161 331 121 28 privilegier
303 331 42 22 fått
366 332 74 28 inflyta
458 332 47 22 icke
524 333 91 21 allenast
630 335 31 19 att
676 333 100 27 köpman,
792 340 46 16 som

84 365 78 23 idkade
184 365 82 28 sjöfart,
289 373 48 14 men
355 367 7 20 i
381 366 54 28 följd
450 366 24 22 af
488 367 185 27 olyckshändelser
688 366 63 22 råkat
765 367 8 21 i
788 367 49 22 obe-

83 398 69 27 stånd,
173 407 50 14 vore
241 399 122 29 berättigad
381 403 32 19 att
429 400 82 23 erhålla
527 401 80 22 ackord
621 401 24 22 af
658 402 45 23 sine
718 401 118 28 fordrings-

83 441 70 20 egare,
177 434 86 21 hvartill
281 434 136 23 erfordrades
435 437 33 20 att
487 435 26 22 de
528 435 60 22 fleste
603 435 136 28 borgenärer,
754 435 83 22 hvilkas

83 467 123 28 fordringar
228 468 69 21 tillika
318 469 100 27 utgjorde
441 471 79 20 största
540 469 106 28 beloppet,
667 469 70 22 dertill
752 470 85 27 bifallit,

82 504 54 20 utan
151 503 40 21 ock
206 505 33 20 att
253 503 67 22 andre
335 504 133 27 gäldenärer,
483 504 72 22 hvilka
570 505 57 20 ännu
641 505 47 21 icke
702 505 75 21 vunnit
787 499 51 27 bur-

83 537 61 29 skap,
160 537 71 22 kunde
245 539 8 20 i
267 539 58 21 vissa
339 538 38 21 fall
391 539 67 22 undfå
473 538 92 23 anstånd
579 539 49 21 med
643 539 109 28 betalning
767 539 24 22 af
804 540 34 21 sin

84 572 62 23 skuld
170 571 29 29 på
221 573 30 22 tio
274 572 30 23 år.
334 573 68 22 Dessa
420 574 122 28 privilegier
556 573 144 22 stadfästades
715 574 123 22 sedermera

85 607 25 23 af
124 606 81 30 Gustaf
214 606 28 22 II
251 608 75 29 Adolf,
339 608 67 27 jemte
422 609 36 21 det
472 608 96 23 tillstånd
583 608 142 27 meddelades,
741 610 43 26 ,att
799 608 38 29 all-

84 643 79 23 männa
184 642 120 28 Kejserliga
325 642 164 22 Nederländska
512 644 40 21 och
575 643 68 21 andra
665 643 71 27 lagar"
758 643 79 31 finge
825 638 15 40 i

83 676 175 24 förekommande
277 677 38 21 fall
333 677 114 29 tillämpas.
478 677 71 29 Något
563 684 60 14 mera
637 678 113 21 utvecklad
765 677 72 22 visade

84 711 32 28 sig
131 710 166 29 uppfattningen
312 719 34 14 om
361 712 228 22 konkursförfarandet
604 712 54 21 dock
672 712 67 21 redan
754 712 32 21 uti
802 712 36 21 det

84 746 25 24 af
128 745 211 28 Lagkommissionen
358 745 25 23 år
399 748 53 20 1643
470 746 81 28 afgifna
566 746 81 28 förslag
661 746 33 22 till
708 746 128 22 Rådstufvu-

84 787 94 22 process.
208 781 46 21 Här
276 781 91 23 omtalas
388 781 65 22 likväl
472 782 76 25 endast
563 781 95 28 frivilligt
673 782 128 22 afträdande
816 781 24 23 af

85 816 110 27 egendom.
217 815 62 22 Hade
294 816 113 28 gäldenärs
423 815 104 23 obestånd
541 817 134 27 uppkommit
690 823 77 21 genom
782 817 55 28 olyc-

84 851 46 24 kor,
154 850 67 22 skulle
243 851 43 21 han
308 858 52 14 vara
382 851 123 28 berättigad
524 853 33 20 att
571 850 84 29 åtnjuta
670 851 33 21 sin
718 851 65 21 frihet
797 852 40 21 och

84 885 126 28 undantaga
232 893 55 20 egna
309 888 55 19 samt
385 886 88 21 hustrus
493 887 40 20 och
547 886 66 21 barns
627 885 211 29 gångkläder.jemte

84 920 90 28 verktyg
189 920 40 21 och
244 920 100 28 redskap,
361 921 86 21 dermed
462 921 43 20 han
520 921 71 21 kunde
605 920 93 27 försörja
712 921 33 27 sig
760 921 40 21 och
812 921 26 21 de

85 955 53 25 sina,
161 961 49 15 men
227 961 40 15 var
285 955 96 21 deremot
396 955 100 27 ansvarig
511 955 33 21 för
559 953 122 24 återstoden
696 955 25 21 af
733 955 33 21 sin
781 955 56 27 gäld.

84 988 78 29 Någon
185 989 106 28 stämning
313 989 40 22 och
372 989 106 28 ordentlig
497 989 180 28 konkursprocess
692 989 67 21 finnes
774 989 66 22 likväl

86 1023 18 28 ej
128 1023 145 22 föreskrifven.
304 1023 65 22 Detta
391 1023 81 30 förslag
493 1023 46 22 blef
559 1023 117 22 emellertid
694 1023 47 21 icke
756 1023 82 22 stadfä-

86 1058 64 26 stadt,
166 1058 99 21 hvarföre
280 1058 71 21 lands-
366 1059 41 20 och
422 1057 159 28 stadslagarnes
595 1065 133 20 sparsamma
739 1057 101 28 stadgan-

86 1092 42 21 den
146 1093 8 20 i
172 1091 73 29 frågor
268 1099 35 14 om
323 1092 94 22 konkurs
440 1092 91 22 fortforo
551 1094 32 19 att
597 1099 52 14 vara
663 1092 107 28 gällande,
785 1092 56 22 intill

86 1127 48 21 dess
149 1134 78 21 genom
241 1127 70 27 kongl.
327 1127 144 22 resolutionen
487 1127 40 21 och
541 1127 146 28 förklaringen
701 1126 60 22 öfver
776 1128 64 20 samt-

86 1162 44 27 liga
152 1162 131 22 Ständernes
305 1161 144 28 fullmäktiges
471 1162 77 21 besvär
570 1161 40 22 den
630 1162 11 20 5
662 1162 95 22 Oktober
778 1163 62 29 1673,

86 1196 135 21 förklarades
243 1198 38 24 att,
305 1203 56 19 ,som
384 1196 45 20 ofta
451 1196 73 25 händt,
544 1197 32 19 att
590 1194 77 28 någon,
683 1202 46 14 som
743 1196 98 26 negotier

87 1231 45 23 rätt
153 1230 44 21 lärt
219 1230 39 22 och
281 1230 73 21 dervid
377 1230 29 20 all
424 1230 33 20 flit
472 1230 39 21 och
527 1229 134 27 försigtighet
676 1229 85 25 brukat,
777 1229 65 22 likväl

87 1264 125 21 förmedelst
229 1264 55 28 krig,
303 1264 112 28 sjöskador
430 1264 52 21 eller
496 1262 76 23 vådeld
587 1264 56 20 samt
657 1263 79 21 andras
751 1262 89 26 fallisse-

88 1301 83 19 menter
193 1297 65 23 råkar
279 1299 32 21 uti
333 1298 119 27 olägenhet,
475 1300 32 20 att
529 1298 44 21 han
592 1297 45 22 sine
651 1298 121 21 kreditorer
787 1297 54 22 efter

88 1333 107 24 åstundan
214 1333 18 27 ej
253 1333 85 27 förnöja
351 1332 53 26 kan;
420 1332 24 21 så
458 1333 38 21 vill
510 1332 77 27 Kongl.
603 1332 39 21 M:t
657 1331 66 28 derpå
738 1339 52 15 vara
804 1332 36 21 be-

88 1367 69 26 tänkt,
177 1368 32 19 att
223 1373 26 14 en
265 1366 67 21 sådan
347 1373 62 17 casus
425 1367 55 20 först
494 1366 49 21 med
557 1365 160 22 vederbörande
731 1365 36 21 mä
782 1366 58 22 kom-

89 1401 121 21 municeras
229 1401 40 20 och
289 1399 139 28 öfverläggas,
444 1400 106 21 huruvida
565 1406 25 14 en
605 1398 68 22 sådan
688 1399 53 21 efter
756 1398 84 29 föregå-

89 1435 54 23 ende
165 1434 151 28 Magistratens
335 1434 135 27 ransakning,
490 1434 35 21 för
539 1433 95 28 fängelse
649 1433 40 22 och
705 1441 71 20 annan
791 1441 50 14 van-

90 1470 67 25 heder
175 1469 35 22 må
224 1469 65 23 blifva
304 1469 89 25 befriad,
409 1470 52 20 enär
476 1469 43 21 han
534 1468 28 22 all
578 1469 32 20 sin
624 1467 99 22 behållne
738 1468 104 27 egendom

89 1504 34 25 till
144 1505 148 22 kreditorerne
314 1503 111 30 godvilligt
442 1502 101 29 upplåter
561 1503 40 22 och
620 1503 96 22 deremot
730 1502 35 23 för
780 1503 62 22 deras
