1700 1886
629 254 220 29 Nädipä-Propositionen
860 261 35 18 N:o
908 262 27 16 28.
1096 262 44 17 1495

417 324 49 27 »dér
481 325 43 31 han
540 326 93 27 antagen
647 326 35 21 är*
697 319 58 28 hålla
771 326 71 27 öppna
860 325 219 28 försäljningsställen,
1095 327 25 20 är
1136 325 33 22 sä-

418 359 82 22 tillvida
519 359 116 28 oegentlig,
654 367 46 14 som
718 359 62 22 dessa
797 360 163 28 näringsidkare
978 360 48 21 med
1045 359 124 23 skräväsen-

418 393 46 22 dets
478 394 141 27 upphörande
635 394 18 27 ej
672 394 73 21 kunna
759 402 128 14 anses:vara
901 395 34 21 för
951 395 126 27 betjenande
1092 395 24 21 af
1128 395 42 21 viss

417 430 35 21 ort
467 430 104 26 antagna;
586 431 53 19 utan
653 429 64 21 hafva
732 429 84 22 derföre
828 429 25 22 de
864 430 58 21 inom
934 430 174 21 citationstecken
1119 437 51 20 nyss

416 463 92 22 anförda
526 463 67 22 orden
611 463 70 22 blifvit
694 464 85 27 utbytta
798 466 56 19 emot
872 464 116 29 uttrycket:
1007 464 49 27 ,der
1074 465 43 20 han
1136 465 33 21 sin

416 498 80 22 rörelse
512 498 95 27 drifver",
620 499 40 21 och
675 501 9 19 1
698 506 63 15 mom.
774 499 23 22 af
809 500 12 27 &
837 494 122 33 derigenorh
975 499 84 22 erhållit
1075 499 94 28 följande

415 533 90 28 lydelse:
520 533 184 26 ,Fabriksidkare
723 534 39 21 och
780 533 158 22 handtverkare
957 541 35 21 ege
1007 535 10 20 i
1032 535 34 19 sin
1082 534 88 21 handte-

415 569 52 27 ring
486 567 98 30 begagna
602 568 25 21 de
646 567 116 29 redskaper
785 569 38 22 och
845 569 122 25 arbetssätt,
991 567 42 22 han
1049 569 121 28 förmonli-

414 606 52 26 gast
474 603 73 27 finner
563 603 39 21 och
614 603 43 28 för
675 603 125 29 afsättande
819 604 24 28 af
860 604 45 20 sine
921 603 168 28 tillverkningar
1104 604 10 20 i
1128 603 41 21 den

416 641 42 23 ort,
474 638 38 21 der
531 638 43 20 han
592 638 84 29 drifver
691 638 34 20 sin
743 638 89 26 rörelse,
848 638 61 21 hälla
924 639 71 27 öppna
1007 638 162 28 försäljnings-

416 673 98 21 ställen.*

484 707 86 22 Samma
589 707 150 28 anmärkning,
757 714 46 15 som
821 707 63 22 ofvan
906 707 124 22 framställts
1052 708 45 21 mot
1116 708 11 27 &
1147 708 19 26 8,

414 742 68 28 gäller
502 742 39 22 ock
558 742 7 20 i
584 742 100 22 afseende
703 740 13 23 å
734 742 129 28 stadgandet
880 743 8 20 i
907 742 10 28 $
934 744 19 24 9,
968 742 85 22 hvilken
1069 742 33 21 till
1117 741 51 29 följe

415 776 63 22 deraf
490 777 84 21 komme
589 778 32 20 att
635 776 60 29 lyda:
711 776 46 27 ,Pä
773 777 56 21 hvad
844 777 71 21 vilkor
928 777 128 26 handlande,
1066 776 102 30 fabriks-

413 811 78 22 ddkare
515 812 39 21 och
573 811 157 22 handtverkare
749 812 40 27 mä,
809 816 58 17 utom
886 812 40 21 den
945 815 42 23 ort,
1007 812 38 20 der
1064 812 43 20 han
1125 812 42 20 har

414 848 39 19 sitt
472 846 90 22 hemvist
581 846 38 22 och
637 847 96 21 inrättat
752 847 34 21 sin
805 846 169 29 hufvudrörelse,
994 847 35 21 till
1044 847 47 21 salu
1107 846 60 22 hålla

414 882 48 21 sina
477 888 67 14 varor
560 881 39 21 och
612 881 63 29 yrket
689 881 81 29 utöfva,
786 882 87 28 stadgas
888 882 10 20 i
913 882 12 27 $
940 880 53 22 20.5

483 917 69 21 Jemte
571 916 36 22 det
625 917 54 21 enka
698 916 53 22 efter
769 916 121 22 handlande
905 917 40 21 och
960 916 157 22 handtverkare
1130 916 9 21 i
1154 918 11 19 1

413 959 63 14 mom.
494 951 26 30 af
536 952 11 27 $
568 953 25 19 10
613 951 115 28 medgifves
747 952 32 20 att
797 951 100 22 fortsätta
916 951 40 21 den
975 951 86 25 rörelse,
1080 950 86 22 hvartill

413 993 92 14 mannen
523 986 8 21 i
548 985 94 22 lifstiden
660 986 55 21 varit
732 986 129 27 berättigad,
880 986 142 21 förekommer
1040 985 7 21 i
1067 987 12 19 2
1102 993 63 13 mom.

397 1033 3 2 -
414 1020 24 23 af
451 1027 82 16 samma
548 1021 11 28 $
575 1023 32 19 att
622 1021 67 21 andra
704 1021 198 28 sterbhusdelegare
914 1020 53 21 efter
979 1019 79 22 sädane
1069 1020 98 27 närings-

413 1055 75 22 idkare
502 1054 81 23 tillätas
601 1056 8 20 i
625 1057 30 20 ett
669 1054 36 23 ärs
719 1055 32 21 tid
767 1055 52 22 efter
835 1055 113 22 dödsfallet
963 1054 91 22 fortfara
1068 1054 48 21 med
1131 1062 35 20 yr-

412 1091 47 20 kets
474 1090 98 27 utöfning
587 1090 109 21 äfvensom
709 1090 8 21 i
733 1091 12 20 3
760 1097 63 14 mom.
839 1092 32 19 att
886 1090 54 21 enka
955 1089 40 22 och
1011 1089 109 27 arfvingar
1135 1089 29 21 ef-

414 1127 34 20 ter
467 1125 78 22 afliden
564 1124 156 22 fabriksidkare
738 1124 36 22 mä
795 1125 101 21 fortsätta
916 1124 183 26 fabriksrörelsen,
1118 1123 49 22 bäst

413 1160 27 21 de
458 1160 60 27 gitta.
547 1159 112 28 Mängärig
678 1159 121 21 erfarenhet
817 1160 39 20 har
875 1158 114 29 ädagalagt
1007 1158 67 21 behof
1090 1159 24 20 af
1126 1158 40 21 lik-

413 1194 62 22 artad
493 1193 86 22 förmon
593 1194 35 21 vid
646 1193 119 22 utredande
783 1193 24 21 af
823 1193 112 28 gäldenärs
954 1193 33 21 till
1001 1193 94 21 konkurs
1110 1200 54 19 upp-

412 1228 60 22 lätna
487 1228 37 27 bo;
542 1229 39 20 och
596 1228 65 21 hafva
675 1228 121 22 Ständerna
809 1228 8 21 i
832 1229 12 26 &
861 1230 26 19 10
901 1227 66 22 infört
983 1229 30 19 ett
1028 1227 87 21 dermed
1134 1227 30 21 öf-

411 1262 210 22 verensstämmande
643 1262 117 27 stadgande
778 1262 68 22 under
864 1262 100 22 särskildt
986 1263 99 24 moment,
1109 1260 55 28 säly-

412 1298 80 21 dande:
504 1297 26 26 ,I
542 1298 85 27 afträdt
639 1297 24 21 bo
675 1297 36 20 mä
721 1297 118 28 gäldenärs
852 1297 97 20 handels-
960 1296 53 21 eller
1025 1295 139 21 handtverks-

412 1332 82 21 rörelse
514 1332 24 27 af
555 1331 158 28 borgenärerne
724 1331 120 29 fortsättas
860 1335 30 16 ett
905 1331 26 20 är
946 1331 54 28 efter
1016 1330 35 21 det
1066 1330 47 21 boet
1129 1330 36 21 till

412 1367 47 20 dem
473 1367 112 27 upplätits,
602 1369 55 20 samt
669 1365 171 29 fabriksrörelse
855 1365 84 29 drifvas
956 1365 88 28 sälänge
1060 1364 104 29 borgenä-

412 1408 63 13 rerne
486 1400 63 27 finna
564 1401 78 21 sädant
653 1400 47 21 med
715 1401 34 20 sin
757 1400 78 29 fördel
843 1400 132 29 förenligt.*

480 1435 58 20 Enär
557 1435 160 27 lagstiftningen
737 1442 34 14 om
789 1434 134 26 tillverkning
943 1434 39 20 och
1001 1433 125 26 försäljning
1142 1432 24 21 af

412 1468 90 21 bränvin
520 1468 123 21 ankommer
662 1467 13 21 å
692 1468 69 27 bägge
779 1467 175 21 staismakternes
972 1466 117 27 afgörande
1107 1467 57 20 samt

411 1503 92 21 nämnde
513 1502 135 27 handtering,
661 1501 87 29 enligt
740 1494 11 40 $
762 1503 32 25 11,
806 1501 63 21 hörer
884 1501 33 21 till
932 1501 25 20 de
972 1500 109 28 näringar,
1096 1498 68 23 hvarä

412 1537 40 22 den
467 1536 146 29 föreliggande
627 1536 153 29 författningen
795 1536 78 22 saknar
887 1535 140 28 tillämpning,
1044 1535 40 21 har
1098 1535 7 20 i
1122 1535 40 21 den

411 1572 136 28 hänvisning,
558 1578 53 23 som
627 1572 7 20 i
649 1571 64 21 slutet
728 1571 24 21 af
765 1571 11 28 &
791 1571 147 25 förekommer,
955 1570 65 21 orden
1035 1569 34 27 ,af
1083 1569 79 28 Styrel-

412 1610 47 19 sen*
475 1608 81 21 ansetts
571 1606 54 22 böra
638 1606 111 26 uteslutas,
761 1606 40 22 och
816 1604 120 23 Ständerna
951 1604 33 22 för
999 1604 70 22 denna
1084 1605 11 27 $
1111 1604 51 27 god-

1069 1645 23 17 94
