978 1725
262 151 71 24 Nådiga
344 153 138 22 Propositionen
492 154 35 16 N:o
539 154 29 16 27.
734 155 43 17 1397

49 214 18 29 ej
83 215 43 21 kan
143 214 182 29 tillvägabringas,
345 216 36 22 det
398 216 85 22 ändock
497 216 19 28 ej
532 217 41 21 bör
586 217 108 22 förmenas
709 218 42 21 den
765 218 35 22 del

49 249 24 21 af
85 249 132 28 skjutslaget,
233 257 47 14 som
293 249 25 22 så
333 250 84 27 önskar,
436 252 33 20 att
485 249 30 29 på
533 251 67 28 dylikt
617 252 44 21 sätt
679 252 121 28 ombesörja

49 283 32 22 sin
96 283 257 29 skjutsningsskyldighet.

116 318 59 21 Enär
197 318 230 29 skjutsningsbesväret
444 319 7 21 i
470 327 25 14 en
517 322 46 19 stor
581 319 34 22 del
636 320 24 21 af
679 319 74 23 landet
775 321 25 20 är

47 352 94 22 ordnadt
155 353 53 21 efter
226 353 121 28 tingslaget,
365 353 41 22 har
423 354 163 21 bestämmelsen
600 355 8 20 i
623 355 11 27 &
650 356 12 19 5
679 355 73 21 derom
767 356 33 21 att

49 387 127 28 skjutslaget
194 387 54 22 skall
265 389 88 26 utgöras
371 387 25 22 af
412 389 95 26 häradet,
527 388 25 22 af
567 388 104 23 utskottet
689 389 110 22 ändrats
787 383 15 37 i

49 423 35 21 det
98 422 56 28 syfte
168 424 32 20 att
215 421 192 30 skjutshållningen
418 423 7 21 i
436 423 92 22 nämnde
543 425 58 20 orter
615 424 62 22 äfven
692 424 107 29 framgent

47 455 36 23 må
104 456 73 22 kunna
198 457 135 28 tingslagsvis
355 457 138 29 ombesörjas,
510 458 67 28 jemte
599 457 35 23 det
656 459 105 21 utskottet
779 459 18 28 ej

46 491 57 22 velat
117 491 129 22 tillerkänna
260 491 138 22 Guvernören
413 492 128 28 befogenhet
556 495 32 19 att
602 492 103 22 förordna
716 500 35 14 om
762 500 37 15 an-

46 527 39 21 nat
99 525 88 22 område
201 525 34 23 för
249 526 127 28 skjutslaget
390 528 28 20 än
432 527 97 26 häradet,
540 526 90 23 såframt
644 527 19 28 ej
680 527 27 22 de
721 527 77 29 skjuts-

47 560 158 29 ningsskyldige
220 561 74 21 derom
309 561 190 22 öfverenskommit.

114 595 43 22 Vid
172 595 155 28 öfvervägande
341 595 24 22 af
378 596 127 28 stadgandet
519 596 8 21 i
542 596 89 22 sednare
645 604 64 14 mom.
722 596 24 22 af
754 597 12 27 $
777 598 21 25 6,

44 630 104 28 jemfördt
162 630 49 21 med
226 630 11 28 &
253 631 20 25 8,
287 630 41 21 har
345 630 104 22 utskottet
466 630 66 22 fästat
547 631 190 27 uppmärksamhet
752 631 47 22 der-

47 664 35 22 vid
97 666 32 20 att
143 665 65 21 sättet
225 664 34 22 för
277 664 171 22 bestämmandet
465 664 24 22 af
506 665 36 21 det
560 665 58 22 antal
636 666 81 26 hästar,
735 666 63 21 hvar-

47 700 48 21 med
110 698 193 30 skjutshällningen
317 699 54 22 skall
385 699 158 28 upprätthällas
561 699 35 22 vid
615 700 129 28 gästgifveri,
761 700 38 22 der

48 734 124 22 densamma
190 734 89 22 medelst
298 735 141 27 entreprenad
458 734 136 28 ombesörjes,
612 736 26 20 är
652 735 146 29 väsendtligen

48 768 57 22 olika
119 768 49 22 från
183 769 56 21 hvad
253 769 34 21 för
301 768 69 22 andra
385 769 146 28 gästgifverier
547 770 24 20 är
585 768 122 29 föreslaget.
737 769 10 21 I
763 770 35 21 det

47 803 60 22 förra
121 802 61 22 fallet
198 802 68 22 skulle
285 802 35 23 det
337 804 115 21 ankomma
469 803 28 28 pä
516 803 110 22 Guvernör
644 806 33 20 att
695 804 54 21 efter
766 804 32 21 in-

47 837 101 23 hemtade
162 844 125 22 noggranna
301 838 155 28 upplysningar
469 838 104 22 förordna
587 845 35 15 om
637 838 36 22 det
687 838 60 22 antal
761 838 38 22 hä-

48 874 51 25 star,
115 879 46 15 som
176 873 34 20 vid
225 873 123 27 gästgifveri
362 873 59 21 inom
439 873 78 28 dygnet
534 873 41 21 bör
591 872 69 22 finnas
681 875 32 19 att
726 872 71 29 tillgä;

48 907 111 22 hvaremot
176 907 8 21 i
202 907 36 22 det
256 907 89 22 sednare
364 907 75 21 endast
453 907 69 22 blifvit
536 907 113 26 bestämdt,
666 909 32 20 att
711 907 36 22 vid
761 908 37 21 be-

47 941 40 22 hof
99 941 24 22 af
135 941 106 28 reglering
260 941 24 22 af
299 940 146 29 hällskjutsen,
464 941 145 28 kronofogden
626 942 57 21 hade
697 944 33 19 att
743 949 55 20 upp-

48 977 59 20 rätta
123 976 141 28 skjutslängd,
283 983 46 15 som
347 976 54 21 efter
419 976 34 21 vid
471 976 157 21 Häradsrätten
645 975 153 29 undergången

48 1010 131 29 granskning
197 1011 67 21 borde
283 1011 24 22 af
322 1010 138 22 Guvernören
478 1010 124 22 fastställas.
631 1011 110 22 Utskottet
758 1011 40 21 har

48 1045 55 22 dock
117 1047 70 20 ansett
201 1045 63 22 dessa
278 1045 122 28 skiljaktiga
414 1045 160 28 bestämningar
585 1045 115 28 olämpliga
711 1045 40 22 och
762 1053 36 14 en-

48 1080 37 22 het
102 1080 8 21 i
127 1080 134 22 törfarandet
281 1080 75 21 härvid
371 1087 52 14 vara
445 1080 110 21 önskvärd.
585 1080 11 21 I
618 1080 60 21 detta
699 1080 100 22 afseende

48 1114 40 22 har
105 1114 110 26 utskottet,
234 1122 46 14 som
295 1114 80 28 jemväl
392 1114 71 22 funnit
481 1115 36 21 det
533 1114 34 21 för
586 1115 139 26 entreprenör
742 1115 55 21 före-

49 1149 76 28 slagna
147 1148 112 29 äliggande
281 1150 38 25 att,
339 1149 65 22 sedan
423 1149 26 22 de
467 1149 33 21 för
523 1149 144 28 gästgifveriet
689 1149 109 22 bestämde

49 1184 74 21 hästar
141 1183 76 28 utgätt,
237 1184 57 21 inom
317 1190 26 15 en
360 1184 73 21 timme
455 1184 54 21 efter
530 1184 122 27 tillsägelse,
674 1184 124 28 ytterligare

49 1218 98 22 anskaffa
162 1220 30 20 ett
206 1218 144 28 obegränsadt
364 1218 60 22 antal
437 1218 74 22 hästar
525 1217 34 22 för
573 1218 101 22 resandes
685 1218 113 22 fortkomst

48 1259 53 15 vara
115 1252 115 28 hinderligt
243 1252 35 22 för
291 1252 216 28 tillvägabringandet
525 1252 24 21 af
561 1252 142 28 entreprenad
717 1251 30 29 pä
761 1259 37 14 an-

48 1286 82 29 tagliga
144 1287 73 27 vilkor,
236 1287 65 21 bordt
317 1286 88 22 förorda
423 1289 32 19 att
473 1286 116 26 Guvernör,
609 1286 53 22 efter
679 1286 119 22 inhemtadt

48 1321 101 29 yttrande
167 1321 23 22 af
205 1322 214 21 kommunalstämma
438 1322 40 21 och
495 1321 36 22 vid
548 1321 156 21 Häradsrätten
721 1321 77 28 försig-

49 1355 84 28 gången
147 1356 164 26 undersökning,
327 1356 52 26 egde
393 1356 49 20 med
457 1355 100 21 afseende
572 1355 13 20 ä
598 1356 102 20 trafikens
713 1355 85 21 beskaf-

48 1389 73 21 fenhet
135 1389 118 21 bestämma
268 1389 36 21 det
318 1389 59 21 antal
391 1389 80 26 hästar,
486 1388 102 22 hvarmed
602 1388 147 28 skjutsningen
763 1388 35 22 vid

49 1423 74 29 hvarje
142 1423 122 29 gästgifveri
282 1422 29 29 pä
329 1423 73 22 landet
420 1422 55 23 skall
488 1422 164 28 upprätthällas,
668 1422 41 23 och
724 1422 34 23 för
773 1422 26 23 de

49 1458 152 29 gästgifverier,
218 1458 37 22 der
270 1458 146 28 skjutsningen
431 1457 90 22 medelst
535 1458 141 27 entreprenad
691 1458 107 21 ombesör-

47 1493 40 28 jes,
103 1493 80 28 jemväl
200 1493 90 28 urskilja
307 1493 56 22 huru
380 1491 79 30 mänga
478 1492 24 23 af
518 1491 36 23 det
571 1491 129 23 föreskrifna
717 1492 82 23 antalet
