981 1714
257 169 73 24 Nådiga
341 171 137 21 Propositionen
489 171 35 17 N:o
536 171 28 17 27.
718 171 44 18 1385

33 232 33 22 till
87 234 65 25 rätta,
174 234 28 21 än
224 240 77 21 genom
322 233 220 23 öfverändakastande
560 234 25 21 af
596 235 132 27 grundlagar
743 235 40 20 och

29 262 131 54 privilegier.

135 328 30 21 Af
178 328 56 21 Herr
248 328 24 22 P.
289 323 98 34 Östring:

101 370 34 22 Då
155 371 39 28 jag
211 371 83 28 nödgas
311 378 111 15 reservera
440 373 42 27 mig
497 374 45 20 mot
557 373 36 21 det
608 373 76 26 beslut,
699 373 85 22 hvaruti

32 405 138 28 pluraliteten
184 405 8 22 i
206 405 222 29 grundlagsutskottet
443 408 86 20 stannat
544 406 110 28 angående
666 407 119 22 ordnandet

33 440 24 22 af
77 439 198 29 skjutshållningen,
298 441 48 21 sker
368 441 36 21 det
422 442 89 21 emedan
523 441 39 28 jag
577 449 68 18 anser,
662 444 32 19 att
708 442 36 21 det
759 443 25 20 är

32 474 56 23 både
106 473 70 29 -billigt
191 475 40 21 och
246 475 66 26 klokt,
328 477 32 20 att
374 475 30 28 på
419 475 40 22 den
474 476 76 21 hittills
564 476 162 27 privilegierade
738 477 46 27 jor-

33 509 41 22 den
96 509 63 22 ställa
181 509 99 28 måttliga
298 509 129 28 fordringar,
442 509 29 28 på
485 510 37 21 det
536 512 32 19 att
583 510 74 27 hvarje
671 511 112 21 förevänd-

32 543 52 28 ning
105 544 33 21 till
160 543 78 28 klagan
260 543 36 22 må
316 544 110 27 undvikas,
446 552 48 14 men
510 545 54 21 dock
579 545 42 21 den
634 545 150 27 utsträckning

32 578 25 21 af
72 578 156 28 privilegierna,
248 585 47 14 som
308 577 92 29 uppstår
414 579 75 28 hvarje
504 578 56 29 gång
576 586 26 14 en
617 580 57 21 skatt
688 580 96 27 förhöjes

33 612 52 22 eller
99 619 27 14 en
140 619 28 21 ny
182 611 110 29 pälägges,
307 619 27 14 en
349 611 57 29 gång
420 612 66 22 måtte
500 614 110 27 upphöra;
625 615 23 27 ty
661 613 35 22 för
710 614 74 27 hvarje

32 646 57 28 gång
112 646 26 22 de
160 646 164 29 privilegierade
345 647 111 22 klasserna
479 648 67 28 draga
564 648 69 22 fördel
648 648 24 21 af
684 648 41 22 den
740 648 43 22 för-

33 681 69 22 ökade
124 682 100 21 säkerhet
243 682 41 21 och
302 682 158 28 beqvämlighet
478 684 56 20 samt
548 682 26 22 de
588 684 92 26 utvägar
694 682 33 22 till
741 683 43 21 för-

32 716 53 27 värf,
106 723 46 15 som
168 723 26 15 en
208 716 123 22 förbättrad
346 716 201 28 samhällsbyggnad
562 716 107 28 erbjuder,
683 710 57 29 utan
752 719 32 19 att

33 750 27 22 de
81 750 33 22 till
136 751 70 21 denna
228 750 91 28 bidraga
336 750 49 22 med
404 750 45 22 strå
463 751 8 21 i
485 752 57 25 kors,
556 753 53 26 taga
623 752 26 21 de
663 759 27 13 ur
705 752 79 22 andras

32 785 73 27 fickor,
128 785 57 22 hvad
206 792 47 14 som
274 785 65 21 bordt
360 784 53 28 utgå
434 793 26 14 ur
479 786 61 22 deras
560 793 60 21 egna.
650 786 40 22 Om
705 786 78 28 skjuts-

33 820 144 28 ningstungan
195 819 126 23 fördubblas
340 820 40 21 och
397 820 69 22 denna
480 820 113 28 tillökning
607 820 8 21 i
630 821 58 21 skatt
702 820 80 22 åhvälf-

33 861 35 15 ves
90 861 27 14 en
139 854 35 21 del
193 854 122 27 jordegare,
338 854 68 21 under
428 854 36 22 det
482 857 31 19 att
532 855 68 21 andra
614 854 66 22 blifva
694 855 48 26 fria,
758 856 26 20 är

34 889 35 21 det
90 890 31 20 ett
142 888 90 28 ingrepp
252 888 24 22 af
292 888 62 22 dessa
368 889 32 20 uti
416 888 26 22 de
456 888 70 22 förras
542 888 82 28 egande
637 890 54 20 rätt:
708 896 34 14 om
758 896 26 14 en

34 922 109 22 adelsman
164 922 68 28 köper
254 930 27 14 en
302 922 114 28 stadsgård
439 923 40 21 och
495 923 87 21 dermed
596 923 74 21 vinner
684 923 99 21 befrielse

34 956 48 22 från
100 956 116 28 utskylder,
232 964 46 14 som
294 956 71 28 ålegat
380 956 87 28 gården,
483 956 24 22 så
522 956 22 22 få
559 957 69 21 andra
641 957 73 21 betala
730 958 53 20 dem.

34 992 64 22 Detta
120 993 24 19 är
166 991 47 22 icke
236 993 32 20 att
289 991 51 27 vilja
358 990 108 23 bibehålla
481 992 47 21 sina
542 992 127 27 privilegier,
684 993 52 20 utan
752 993 32 19 att

35 1026 109 22 utsträcka
166 1026 54 21 dem.
245 1026 47 21 -Att
310 1026 47 27 just
378 1026 45 21 tala
446 1033 35 14 om
502 1027 98 25 attentat,
624 1026 160 27 expropriation

35 1061 39 21 och
88 1060 100 27 ingrepp,
202 1061 42 19 när
259 1060 36 21 det
310 1059 68 28 gäller
393 1060 26 21 de
433 1060 163 27 privilegierade
607 1060 121 22 klassernas
740 1060 43 21 del-

36 1094 119 28 tagande.
146 1089 13 37 i
174 1094 115 25 skatterna,
313 1095 25 19 är
359 1095 33 19 att
412 1095 96 27 negativt
528 1094 74 22 bevisa
622 1094 161 28 privilegiernas

36 1128 124 28 orimlighet,
183 1130 23 26 ty
228 1128 36 22 det
286 1129 26 19 är
330 1128 100 27 orimligt.
459 1128 42 22 Det
516 1130 24 19 är
555 1127 82 23 således
652 1130 57 20 ännu
723 1135 60 15 mera

36 1165 42 19 mot
99 1162 147 22 minoritetens
269 1162 95 22 sträfvan
386 1164 32 19 att
440 1162 111 22 utsträcka
564 1162 157 28 privilegierna,
737 1170 45 14 som

36 1196 34 28 jag
84 1196 68 22 måste
166 1196 116 27 uppträda.

102 1230 87 21 Skatter
210 1230 46 21 afse
277 1229 79 22 allmän
378 1232 70 26 nytta;
468 1230 268 22 samhällsmedlemmarna
750 1238 32 13 er-

37 1263 55 23 hålla
113 1264 40 21 full
175 1264 73 21 valuta
269 1264 34 22 för
326 1264 53 26 dem,
398 1272 48 14 men
466 1264 40 22 den
521 1271 45 15 som
580 1264 37 21 vill
632 1264 68 28 draga
713 1264 69 22 fördel

38 1298 63 27 deraf,
120 1300 53 20 utan
191 1300 32 19 att
237 1298 91 27 bidraga
344 1298 76 26 dertill,
436 1298 41 22 den
491 1298 37 22 vill
542 1300 33 20 att
590 1298 68 22 andra
672 1298 61 22 skola
746 1298 37 22 be-

38 1332 40 21 tala
100 1332 34 21 för
155 1333 86 20 honom.
270 1332 42 21 Det
330 1334 25 19 är
372 1332 45 21 han
435 1340 46 13 som
496 1334 38 25 gör
549 1334 31 19 ett
593 1333 91 26 ingrepp
699 1332 31 21 uti
745 1340 37 13 an-

38 1366 46 21 Aras
108 1365 81 28 egande
210 1367 50 24 rätt,
282 1366 47 21 icke
351 1367 98 20 tvärtom.
478 1366 42 21 Det
541 1367 25 20 är
584 1373 27 13 en
629 1367 63 26 ringa
705 1366 77 26 början

38 1399 29 22 till
88 1401 32 20 ett
141 1400 43 21 slut
204 1399 30 28 pä
255 1401 31 20 ett
308 1399 78 22 sådant
402 1398 102 27 tillstånd,
524 1406 46 15 som
588 1399 59 22 Hans
662 1399 120 28 Kejserliga

38 1434 97 29 Majestät
150 1434 64 22 afsett
228 1434 31 22 uti
275 1434 41 22 den
330 1433 80 29 nädiga
423 1433 167 29 propositionen.

102 1469 62 22 Hvad
183 1469 151 28 grundskatter
353 1469 136 26 vidkommer,
504 1469 55 22 böra
574 1469 62 21 dessa
649 1469 47 21 icke
710 1468 72 22 förän-

40 1504 52 27 Iras,
110 1504 94 22 hvarken
219 1504 84 29 jemkas
321 1503 51 22 eller
390 1503 103 28 förhöjas.
522 1503 77 22 Denna
615 1503 85 28 princip
719 1503 63 28 skyd-
