1020 1725
286 160 71 23 Nådiga
369 162 138 22 Propositionen
519 162 33 17 N:o
566 162 27 17 31.
754 162 42 17 1591

139 224 49 21 Med
203 224 99 22 afseende
317 224 14 21 å
346 224 25 22 de
387 225 150 28 förändringar
551 226 7 21 i
570 225 250 29 rättegångsordningen,

70 264 47 14 som
135 258 120 28 föreslagits
274 259 31 20 uti
319 259 61 21 Hans
395 259 119 28 Kejserliga
529 259 110 27 Majestäts
654 259 33 21 till
702 258 119 22 Ständerne

70 291 80 22 aflåtne
170 291 80 29 nådiga
271 293 134 27 proposition
424 301 34 14 om
476 293 116 22 Kämners-
611 293 40 22 och
669 293 151 27 Lagmansrät-

70 328 71 19 ternes
156 325 128 29 indragning
298 335 28 12 m.
341 335 36 17 m.,
393 327 40 22 och
448 327 131 22 Ständernas
595 327 45 21 deri
651 327 81 21 fattade
744 327 76 25 beslut,

70 361 62 21 torde
147 361 36 21 det
197 361 7 20 i
221 362 26 20 14
262 361 11 28 $
289 361 24 21 af
326 361 71 22 denna
409 360 81 29 nådiga
499 362 134 27 proposition
644 361 122 28 föreslagna
778 362 43 20 sät-

70 397 32 20 tet
116 395 34 21 för
165 395 196 28 ändringssökande
376 396 6 20 i
394 395 98 22 Hofrätts
503 396 71 27 utslag
585 396 54 21 böra
649 396 8 21 i
669 396 93 28 enlighet
773 395 48 22 med

71 429 131 22 Ständernas
224 430 92 21 nämnde
338 430 70 22 beslut
426 430 78 22 ändras
524 431 40 21 och
583 430 82 22 säledes
679 431 41 21 här
734 430 88 28 stadgas

71 465 33 20 att
123 464 91 28 ändring
228 465 7 20 i
252 465 97 21 Hofrätts
364 465 71 28 utslag
450 465 54 21 skall
519 465 63 22 sökas
596 465 8 21 i
619 465 41 22 den
675 465 90 28 ordning
783 466 9 19 1
810 465 11 27 $

71 499 28 20 30
115 499 49 27 kap.
180 499 24 21 R.
220 499 24 21 B.
260 499 141 21 föreskrifver.

140 533 138 22 Beträffande
295 534 66 25 tiden,
381 533 49 22 frän
448 533 87 30 hvilken
549 541 30 14 nu
596 533 165 28 ifrägavarande
779 529 45 26 för-

71 567 93 29 fattning
182 568 55 21 skall
254 567 66 22 blifva
339 567 105 29 gällande,
463 569 25 20 är
507 568 68 28 dagen
591 568 71 22 derför
676 568 8 21 i
701 569 24 20 16
742 568 10 28 $
768 575 54 21 upp-

71 604 65 26 tagen
151 602 32 21 till
199 602 40 22 den
256 604 10 19 1
283 602 90 22 Januari
389 604 64 25 1868;
470 603 54 21 dock
539 610 45 14 som
597 603 68 21 denna
677 602 32 22 tid
721 602 39 22 bör
771 609 52 15 vara

71 636 107 22 beroende
197 636 24 22 af
238 637 41 21 den
297 637 48 28 dag,
365 636 28 22 dä
411 637 153 28 författningen
582 637 43 21 kan
639 637 66 21 hinna
719 636 67 22 blifva
800 637 25 21 af

71 670 61 22 Hans
150 671 120 28 Kejserliga
288 671 100 28 Majestät
406 671 107 22 fastställd
528 672 40 21 och
583 672 66 21 sedan
663 671 158 28 promulgerad,

71 706 63 21 torde
153 706 35 21 det
206 705 122 29 lämpligast
346 706 53 22 böra
417 706 33 22 till
468 706 59 21 Hans
542 705 121 29 Kejserliga
677 706 101 27 Majestät
793 706 31 21 öf-

71 740 119 22 verlemnas
206 742 32 20 att
252 741 7 21 i
275 741 58 21 detta
348 741 99 21 afseende
461 740 119 22 bestämma
594 741 64 26 tiden,
674 740 49 22 från
737 740 86 22 hvilken

72 774 166 29 författningens
254 776 100 28 gällande
367 776 60 21 kraft
440 775 102 29 vidtager.

141 810 50 22 Med
210 810 113 28 anledning
343 810 24 22 af
378 810 57 22 hvad
449 810 104 22 utskottet
568 810 40 22 här
623 810 63 22 ofvan
700 810 122 26 framställt,

73 843 34 23 får
121 844 103 23 utskottet
238 845 110 22 vördsamt
361 844 80 23 föreslå

198 880 35 21 det
248 881 51 20 ville
315 880 82 21 landets
414 879 102 27 Ständer,
532 880 47 21 med
583 879 149 29 förklarande
744 883 33 18 att
788 879 35 22 det

142 914 83 28 nådiga
240 915 258 28 författningsförslaget
519 914 46 21 icke
589 913 68 22 kunde
676 913 147 30 oförändradt

141 952 98 25 antagas,
249 949 42 28 för
306 950 34 20 sin
355 949 35 21 del
405 948 82 22 besluta
499 949 35 21 till
546 956 24 13 en
576 949 140 28 författning
728 949 96 21 rörande

142 984 172 29 ifrågavarande
330 985 61 20 ämne
407 984 26 27 af
438 983 104 30 följande
558 983 90 28 lydelse:

160 1098 150 33 Förordning
327 1097 122 34 angående
466 1099 129 32 gäldenärs
613 1098 138 33 skyldighet
768 1098 42 32 att,

185 1141 40 26 vid
243 1141 123 27 bristande
383 1139 241 35 betalningstillgång
641 1140 91 34 aftjena
749 1140 39 26 sin

215 1184 72 27 skuld
303 1184 52 26 med
373 1184 83 26 arbete
474 1184 60 26 eller
552 1184 96 26 derföre
666 1182 109 34 undergå

411 1226 145 33 bysättning.

201 1298 138 28 Inledningen
354 1298 136 21 oförändrad.

463 1351 45 27 $1.

201 1390 35 24 Är
254 1394 73 28 någon
343 1400 77 21 genom
435 1394 51 27 laga
501 1392 61 29 kraft
578 1393 80 27 egande
674 1392 93 22 domslut
776 1392 52 29 för-

139 1428 91 30 pligtad
248 1431 33 18 att
300 1427 117 29 återgälda
432 1426 99 23 erhållen
540 1426 172 30 försträckning
727 1427 53 22 eller
794 1430 34 18 ut-

143 1465 62 28 gifva
224 1464 129 27 ersättning,
375 1463 38 20 och
421 1463 71 26 finnes
508 1463 36 20 vid
559 1463 124 27 utmätning
698 1461 37 22 hos
751 1461 77 22 honom

141 1500 21 28 ej
180 1499 95 28 tillgång
298 1499 35 20 till
353 1497 68 22 sådan
442 1497 120 28 betalnings
572 1497 154 29 fullgörande;
740 1497 36 21 må
791 1497 37 20 ho-

726 1538 32 15 100
