1020 1720
212 155 44 15 1746
409 153 71 22 Nådiga
492 154 136 21 Propositionen
641 153 33 17 N:o
688 154 27 17 35.

325 216 107 21 huruvida
450 216 189 29 jernvägsarbetet
661 215 57 22 skall
729 217 43 29 för
790 219 80 18 statens
885 216 52 21 räk-

323 251 54 28 ning
391 251 88 21 medelst
492 250 114 22 utländskt
621 251 36 20 lån
671 251 86 28 utföras
772 251 52 20 eller
840 250 37 22 ock
889 250 47 21 hela

323 287 162 28 anläggningen
500 289 55 18 emot
570 286 154 27 räntegaranti
736 285 118 29 öfverlåtas
867 285 23 22 åt
901 293 34 13 en-

323 319 68 22 skildt
410 320 68 28 bolag,
494 327 44 14 som
554 320 41 21 kan
611 320 93 27 befinnas
719 321 73 28 villigt
807 323 33 18 att
850 320 33 28 på
899 328 36 13 an-

323 355 85 28 tagliga
419 355 71 21 vilkor
502 356 113 27 öfvertaga
627 355 90 28 affären.
738 354 62 21 Dock
812 357 32 18 att
857 357 9 18 i
873 355 62 20 hvar-

323 389 54 21 dera
389 389 67 29 fallet
475 390 35 20 det
528 389 109 28 billigaste
653 389 187 28 byggnadssystem
854 388 81 21 iaktta-

321 431 43 20 ges,
380 431 45 13 som
435 424 92 28 pröfvas
542 431 54 13 vara
611 424 47 20 med
673 423 67 29 nödig
752 423 99 21 säkerhet
858 424 40 27 för
909 423 26 21 de

322 458 89 21 resande
423 462 55 17 samt
490 458 74 28 öfriga
568 458 137 28 fordringar
712 458 33 28 på
757 464 25 14 en
794 457 75 29 duglig
875 458 59 28 jern-

321 494 43 26 väg
373 492 117 29 förenligt.

253 526 11 22 I
283 527 153 27 sammanhang
455 526 89 22 härmed
559 534 62 14 anser
635 527 104 21 utskottet
753 526 33 28 sig
800 526 54 22 böra
869 526 65 22 fram-

185 560 59 23 hålla
262 561 101 22 hurusom
382 561 60 22 Hans
460 561 120 28 Kejserliga
598 561 100 27 Majestät
712 561 8 21 i
735 560 41 22 den
790 560 80 29 nådiga
883 568 50 20 pro-

185 596 120 27 positionen
323 596 105 21 förklarat
446 596 32 27 sig
492 594 70 23 tillåta
577 597 42 26 ,att
634 595 64 22 också
714 596 40 21 den
770 596 34 20 del
818 595 24 21 af
854 595 79 28 ifråga-

184 631 96 21 varande
298 631 113 27 jernbana,
434 638 45 14 som
501 631 83 21 komme
606 633 33 18 att
657 631 33 21 för
709 631 68 21 finska
795 631 137 21 statsverkets

184 665 92 27 räkning
297 665 82 28 byggas
400 664 48 22 från
470 667 92 26 gränsen
580 667 57 19 emot
654 665 161 27 Kejsaredömet
830 665 55 21 fram
899 665 34 21 till

185 698 32 22 S:t
238 699 137 28 Petersburg,
398 698 35 22 må
454 699 118 28 underlyda
589 699 55 21 finsk
662 699 95 28 styrelse,
775 699 29 27 på
820 699 112 22 enahanda

184 733 74 26 vilkor,
282 741 45 14 som
349 733 33 22 för
404 733 96 22 enskilda
522 733 121 28 aktiebolag
664 733 51 22 eller
733 741 108 19 personer,
860 734 72 22 hvilka

184 767 58 22 inom
256 767 163 28 Kejsaredömet
433 768 113 27 öfvertagit
558 767 126 28 jernvägars
699 768 113 28 byggande
823 768 40 21 och
873 768 58 21 trafi-

183 801 101 27 kerande,
302 801 69 22 finnas
390 802 128 21 bestämda."
549 802 108 21 Utskottet
674 802 43 21 kan
730 802 47 21 icke
792 803 140 21 underskatta

183 836 95 21 hvarken
293 836 41 22 den
349 837 7 20 i
371 837 107 26 praktiskt
491 837 121 22 hänseende
627 839 58 19 stora
700 837 84 21 förmon
796 837 34 21 det
841 837 89 26 medför,

184 869 28 23 då
230 870 49 22 hela
297 870 71 22 banan
386 870 34 22 får
438 870 51 28 lyda
506 871 68 21 under
589 878 82 14 samma
685 870 177 27 administration,
878 871 53 21 eller

184 904 36 22 det
240 904 59 22 bevis
316 904 30 28 på
363 904 75 28 nådigt
459 904 128 27 förtroende,
605 905 94 21 berörda
716 904 99 22 tillåtelse
833 905 96 27 innebär,

183 939 41 22 och
238 938 34 23 får
287 939 84 22 derföre
385 939 109 22 vördsamt
508 938 78 23 föreslå

375 977 33 17 att
423 973 125 22 Ständerna
563 975 10 19 i
587 974 36 20 det
635 974 125 29 afgifvande
771 978 73 18 svaret
854 975 14 21 å
876 982 54 21 pro-

315 1008 125 28 positionen
455 1009 49 20 ville
514 1009 42 28 för
572 1007 61 22 Hans
645 1008 125 28 Kejserliga
780 1008 105 29 Majestät
896 1012 33 18 ut-

319 1043 46 20 tala
387 1042 40 21 den
448 1042 108 27 erkänsla,
574 1041 62 22 Hans
655 1042 114 29 Majestäts
787 1043 82 28 nådiga
885 1044 44 20 till-

318 1076 80 26 låtelse,
421 1080 33 17 att
476 1076 62 22 också
556 1077 40 21 den
615 1076 34 22 del
668 1077 25 28 af
706 1077 120 28 jernvägen
842 1078 35 20 till
892 1076 37 22 S:t

317 1110 140 29 Petersburg,
477 1118 44 14 som
532 1111 71 27 faller
621 1111 59 20 inom
699 1110 171 30 Kejsaredömets
885 1119 44 13 om-

317 1144 60 26 råde,
392 1145 36 21 må
442 1145 120 29 underlyda
571 1144 59 28 finsk
645 1146 94 27 styrelse,
755 1146 37 20 hos
803 1145 126 22 Ständerna

310 1178 140 29 framkallat.

248 1274 105 28 Slutligen
367 1275 96 22 anhåller
478 1276 104 22 utskottet
595 1278 33 20 att
642 1276 22 22 få
679 1278 69 21 uttala
762 1278 33 21 sin
810 1276 56 29 åsigt
879 1278 8 21 i
900 1284 27 15 en

178 1307 63 29 fråga
256 1315 45 14 som
315 1309 49 20 med
379 1309 141 22 omförmälda
531 1311 79 21 ärende
621 1310 45 22 står
676 1312 8 20 i
695 1313 109 20 närmaste
814 1311 111 22 samband.

178 1343 61 22 Inom
256 1343 104 22 utskottet
377 1344 41 22 har
436 1346 102 21 stämmor
556 1345 57 28 höjts
628 1345 33 22 till
675 1345 155 23 framhållande
846 1345 23 23 af
881 1346 44 28 vig-

178 1379 36 21 ten
236 1378 67 26 deraf,
323 1380 32 20 att
372 1386 35 14 om
427 1379 119 23 Ständerna
564 1380 113 22 framdeles
696 1380 60 22 skola
770 1383 52 26 taga
835 1381 8 21 i
858 1381 67 22 öfver-

177 1413 97 28 vägande
295 1413 80 29 förslag
397 1414 34 22 till
443 1415 212 29 jernvägsbyggnad,
678 1414 82 24 sådana
780 1416 81 28 förslag
878 1416 48 22 icke

177 1447 67 23 måtte
259 1448 108 22 meddelas
382 1449 89 23 enstaka
485 1450 40 22 och
540 1450 93 28 spridda,
649 1458 48 14 men
713 1452 32 21 att
759 1451 34 21 för
804 1450 121 23 Ständerna

177 1482 37 22 må
234 1483 132 29 framläggas
387 1484 51 28 plan
456 1484 33 22 till
508 1487 30 20 ett
553 1485 134 29 fullständigt
702 1488 78 26 system
795 1486 23 21 af
831 1486 92 22 stamba-
