1003 1720
227 164 42 32 1242
278 179 2 5 .
432 168 72 24 Nädiga
514 170 138 21 Propositionen
664 170 34 16 N:o
711 170 28 16 25.

202 240 41 20 gen
265 232 54 22 skall
341 232 43 27 ske,
407 233 40 21 och
469 239 27 14 en
513 232 119 28 bevakning
651 232 39 21 hos
705 232 73 28 hvarje
793 232 24 21 af
830 232 47 21 dess
893 232 58 22 med-

201 267 90 22 lemmar
305 266 47 22 icke
366 267 67 26 torde,
449 266 71 22 såsom
535 267 80 27 ogiltig,
631 266 22 21 få
667 266 133 22 förutsättas.

269 309 137 23 Beträffande
428 310 118 28 ansökning
564 317 35 14 om
617 308 148 28 ärsproklama
783 309 86 28 stadgas
887 310 8 20 i
911 311 11 19 7
938 310 12 28 8

202 346 32 20 att
252 344 123 22 densamma
394 344 54 22 skall
465 344 105 22 inlemnas
588 344 32 21 till
636 344 41 21 den
691 344 57 26 Rätt,
764 344 121 21 hvarunder
899 344 51 22 boet

200 379 7 21 i
226 378 138 22 konkursmål
377 378 66 29 lyder,
459 386 48 14 men
522 378 109 22 föreskrift
645 378 78 22 saknas
739 378 72 22 derom
826 380 33 20 att
873 378 76 22 ansök-

200 414 78 27 ningen
300 414 40 21 bör
362 420 51 15 vara
434 413 92 28 skriftlig
549 414 40 21 och
607 414 32 20 att
657 414 8 19 i
683 412 99 22 afseende
798 412 11 22 å
825 413 47 21 dess
887 412 62 29 ingif-

200 448 69 21 vande
284 448 61 27 eljest
360 447 74 22 länder
448 447 33 21 till
497 447 146 25 efterrättelse,
659 447 56 22 hvad
730 447 34 22 för
778 447 170 22 konkursansök-

199 483 78 27 ningar
291 484 25 19 är
330 481 110 28 påbjudet,
456 482 24 21 af
492 482 84 21 hvilken
592 482 114 27 anledning
721 481 104 22 utskottet
836 483 70 20 ansett
917 483 32 20 att

199 517 8 21 i
223 517 70 21 denna
299 512 14 37 &
335 519 30 19 ett
379 517 75 27 tillägg
469 517 73 21 derom
557 516 66 22 borde
638 516 88 22 införas.

268 560 11 20 I
298 560 25 20 10
343 560 12 27 8
371 560 87 26 stadgas
473 561 32 19 att
519 559 92 21 kronans
628 559 140 21 ombudsman
783 559 7 20 i
805 561 61 19 orten
880 558 68 23 borde

199 600 35 15 om
255 592 102 23 utfärdad
379 594 112 27 proklama
513 594 106 26 stämning
640 594 143 20 underrättas.
813 593 10 21 I
842 593 105 21 öfverens-

199 628 120 22 stämmelse
341 628 48 21 med
407 628 55 21 hvad
482 634 34 14 om
530 627 202 27 konkursstämning
747 628 25 20 är
786 627 115 27 föreslaget
916 629 32 19 att

199 663 58 27 gälla
274 663 40 21 och
333 662 33 22 till
380 662 135 22 undvikande
530 662 24 21 af
566 661 156 27 missförstånd,
737 662 41 21 har
792 662 103 21 utskottet
910 669 37 14 an-

199 699 41 19 sett
255 699 32 19 att
301 696 155 22 underrättelse
472 704 34 14 om
520 695 164 29 ifrågavarande
698 696 107 28 stämning
820 696 55 22 skall
889 696 58 22 med-

199 732 59 21 delas
271 731 160 22 vederbörande
446 730 111 22 Guvernör
572 730 40 22 och
626 731 8 20 i
650 731 93 28 enlighet
758 730 86 22 dermed
859 730 88 22 föresla-

197 766 32 27 git
243 773 26 15 en
284 766 125 27 förändring
424 766 7 20 i
447 765 69 21 denna
530 765 109 27 paragraf.

264 806 73 28 Enligt
354 807 25 20 19
394 807 11 27 $
421 807 38 20 äro
474 806 122 27 fordringar
610 806 39 21 hos
663 806 58 21 bank
733 805 51 22 eller
795 806 89 21 allmänt
894 813 51 21 pen-

196 840 121 27 ningeverk,
341 840 53 21 efter
412 840 58 21 sedel
489 840 51 21 eller
555 847 70 14 annan
640 840 94 27 löpande
748 840 135 26 förbindelse,
899 848 46 13 som

195 874 71 28 tryckt
281 874 52 21 eller
348 873 103 28 graverad
466 873 96 28 utgifves,
578 874 138 27 undantagne
726 873 49 22 från
786 873 159 22 föreskrifterne

196 915 35 14 om
253 907 78 28 tioårig
353 908 144 27 preskription
520 908 38 21 och
581 908 120 27 bevakning
723 907 54 22 efter
794 907 150 28 årsstämning.

194 942 35 21 Då
251 942 117 21 emellertid
386 942 124 21 kommuner
525 943 40 21 och
580 942 70 27 bolag,
666 941 71 22 såsom
752 943 127 27 exempelvis
893 943 51 21 Hel-

194 977 93 27 singfors
309 976 59 22 stads
389 977 101 20 kommun
512 977 40 21 och
575 977 215 28 brandstodsbolaget
811 977 34 22 för
864 977 79 26 landet,

194 1010 86 22 undfätt
295 1009 96 23 tillstånd
406 1013 33 19 att
454 1011 87 21 utfärda
555 1011 92 27 löpande
663 1011 146 28 obligationer,
824 1012 71 21 hvilka
910 1013 33 20 ut-

194 1044 68 28 gifvas
284 1045 89 27 tryckte,
395 1045 61 21 torde
474 1044 163 28 ifrågavarande
655 1045 110 28 undantag
783 1045 54 22 böra
851 1047 92 21 utsträc-

193 1079 39 21 kas
247 1080 62 20 äfven
323 1078 33 22 till
371 1079 72 28 dylika
457 1079 143 22 förbindelser
615 1080 39 21 och
671 1081 25 19 19
713 1081 11 27 8
739 1080 8 20 i
762 1079 53 29 följd
831 1080 62 21 deraf
906 1081 37 21 än-

193 1113 50 21 dras
265 1112 96 27 sålunda,
385 1115 31 19 att
438 1114 66 27 sagde
521 1114 110 27 undantag
649 1114 84 21 komme
748 1116 33 20 att
796 1116 90 20 omfatta
900 1115 43 21 alla

192 1147 93 27 löpande
299 1147 141 21 förbindelser
456 1148 24 21 af
491 1148 41 21 här
546 1148 74 21 afsedd
635 1148 152 22 beskaffenhet.

261 1187 103 27 Slutligen
386 1188 41 20 har
448 1188 104 21 utskottet
574 1190 69 19 ansett
664 1189 33 27 sig
719 1188 54 22 böra
790 1188 79 22 föreslå
888 1189 53 21 att
929 1183 15 37 i

193 1222 26 20 20
238 1222 11 27 8
270 1221 25 22 de
314 1221 196 27 hufvudsakligaste
524 1222 82 27 lagrum
624 1223 40 20 och
679 1222 152 28 författningar
845 1223 95 27 uttryck-

190 1256 58 26 ligen
269 1256 130 26 uppräknas,
422 1256 72 20 hvilka
516 1264 75 18 genom
609 1264 30 12 nu
653 1256 147 28 ifrågakomne
815 1257 125 27 förordning

191 1288 85 22 komma
291 1291 32 18 att
337 1288 79 21 ändras
432 1289 40 20 och
486 1289 125 27 upphäfvas.

258 1329 97 21 Emedan
373 1329 40 21 den
431 1327 79 29 nådiga
525 1329 161 28 propositionen
700 1329 117 23 innehåller
833 1329 106 30 åtskilliga

190 1364 156 27 förbättringar
368 1363 39 22 och
426 1363 74 28 tillägg
515 1364 33 21 till
562 1364 55 21 hvad
632 1371 29 14 nu
676 1365 100 27 gällande
790 1365 35 28 lag
840 1365 40 22 och
895 1365 43 23 för-

189 1399 118 27 fattningar
329 1399 91 20 rörande
442 1399 144 27 preskription
603 1399 7 21 i
629 1399 151 28 fordringsmål
799 1401 39 21 och
854 1399 85 29 årspro-

189 1433 72 22 klama
275 1432 127 22 föreskrifva
414 1433 66 27 jemte
495 1433 95 22 fördelen
606 1433 62 22 deraf
681 1436 32 19 att
728 1435 188 22 bestämmelserna
930 1436 8 21 i

189 1467 92 22 nämnde
296 1469 75 19 ämnen
387 1467 83 21 komme
485 1469 31 19 att
531 1467 65 22 blifva
611 1469 6 19 i
633 1475 26 14 en
674 1469 56 21 enda
744 1469 127 29 författning
882 1477 55 15 sam-

188 1501 118 26 manförde,
322 1500 33 22 får
369 1502 104 21 utskottet
487 1502 109 22 vördsamt
609 1502 81 22 föreslå
