978 1717
241 148 44 16 1420
439 146 71 23 Nådiga
521 147 138 22 Propositionen
671 147 35 16 N:o
719 148 27 15 27.

286 210 40 21 bör
342 210 90 21 beslutet
447 208 151 23 Guvernörens
611 210 106 28 pröfning
733 209 39 21 och
783 208 137 30 stadfästelse
930 215 20 14 w

286 244 124 21 derställas.
439 243 48 22 Den
510 244 130 27 ersättning,
660 250 45 15 som
715 243 41 28 för
771 244 107 27 vägarnes
892 242 58 22 unde:

286 278 47 21 håll
354 279 107 20 vintertid
483 278 43 21 kan
549 278 104 28 betingas,
671 278 102 29 fördelas
795 284 19 15 o.
834 285 17 14 s.
870 284 18 14 v.
904 276 46 27 enlij

287 313 167 27 propositionen.

345 347 22 27 (2
383 347 74 27 mom.)
486 345 146 30 Likalydande
646 345 54 23 med.
709 345 168 28 propositionen.

600 398 12 29 8
625 397 31 22 15.

345 435 43 21 För
410 435 66 28 öfrigt
493 434 137 29 likalydande
644 435 50 22 med
708 431 151 25 motsvarande
874 434 11 28 $
900 434 8 21 i
922 441 29 21 pr

287 469 123 28 positionen
424 471 61 20 utom
499 471 32 20 att
546 469 52 22 sista
612 469 114 28 meningen
740 467 70 30 utgär.

599 521 13 27 $
627 519 33 22 16.

346 557 107 28 Delegare
471 558 10 20 i
499 557 39 22 bro
557 557 14 22 &
592 557 106 28 landsväg
714 557 71 21 kunna
799 558 10 20 i
824 557 40 22 den
880 557 72 21 ordni

289 592 71 21 nedan
374 591 145 29 föreskrifves
538 592 66 21 vinna
622 592 108 28 rättighet
745 595 34 17 att
793 592 26 28 af
832 592 53 27 dem,
901 591 52 22 hvili

290 626 48 20 med
354 626 72 20 äkdon
434 626 84 28 färdas
535 625 59 29 öfver
611 624 60 27 bron,
687 625 100 29 uppbära
801 627 44 19 viss
859 626 94 28 penning

291 660 74 28 afgift,
384 667 45 14 som
447 660 102 28 tillfaller
568 660 40 20 den
623 660 53 20 eller
691 660 26 20 de
733 659 129 26 kommuner,
879 659 74 21 hvilka

291 694 167 28 brobyggnaden
480 694 88 28 deltaga
590 694 38 20 och
647 693 40 21 bör
703 693 26 29 af
741 692 161 22 vederbörande
918 692 35 22 kor

290 736 52 13 mun
364 729 36 20 till
423 728 64 21 brons
508 727 116 22 underhäll
646 727 117 21 användas.
792 727 130 29 Ansökning
942 735 11 13 o

292 762 43 22 slik
351 762 104 29 förmäns
477 762 196 30 tillgodonjutande
691 763 106 20 inlemnas
814 762 36 21 till
866 760 87 24 Guvern

291 804 40 14 ren
345 798 10 19 i
370 797 59 21 länet
445 800 54 17 samt
515 796 87 30 ätföljes
617 797 25 27 af
656 803 31 19 en,
704 797 72 21 sävidt
786 797 89 29 möjligt
886 798 34 24 är,
932 798 22 20 ti.

286 831 104 28 förlitlig
412 831 117 28 utredning
553 838 33 14 om
608 830 40 22 den
671 830 99 26 kostnad,
793 838 45 14 som
857 832 37 20 till
912 830 43 22 bro:

291 865 137 28 uppförande
444 865 131 29 erfordrats.
596 864 101 29 Pröfvar
711 863 141 23 Guvernören
863 868 33 18 att
908 865 47 22 dem

294 899 91 21 kostnad
406 899 47 21 icke
475 900 92 28 uppgått
587 900 35 20 till
638 900 92 20 tiotusen
745 899 69 27 mark,
830 906 50 22 eger
896 898 58 23 Guve

293 936 69 20 nören
377 941 19 14 o.
412 940 16 15 s.
443 941 19 14 v.
479 934 66 27 enligt
559 934 168 27 propositionen.

604 979 12 28 $
632 978 33 22 17.

351 1016 46 21 Der
410 1017 36 21 till
456 1016 119 30 broafgifts
586 1016 133 29 erläggande
725 1017 139 29 förordnats,
874 1020 39 26 ega
921 1016 35 22 kor

294 1058 111 19 munerna,
429 1058 44 14 som
491 1052 9 20 i
519 1051 166 28 brobyggnaden
703 1052 97 28 deltaga,
813 1058 34 15 om
862 1053 66 19 sättet
936 1052 20 29 fi

296 1085 198 28 bropenningarnes
511 1085 141 29 uppdärande
672 1085 25 29 af
714 1086 25 21 de
758 1086 136 29 väyfarande
910 1087 47 28 öfve

296 1119 121 22 enskomma
432 1120 38 21 och
486 1119 87 27 besluta,
589 1120 53 21 dock
657 1120 48 21 med
719 1121 71 20 vilkor
806 1124 33 17 att
852 1121 105 28 uppbörd.

295 1154 128 21 verkställes
439 1155 62 20 invid
515 1155 55 20 bron
585 1158 55 17 samt
655 1159 39 22 att,
711 1156 103 27 antingen
828 1155 97 28 slagbom
941 1155 14 21 d

296 1189 96 20 inrättas
416 1189 51 20 eller
491 1189 25 28 ej,
535 1189 125 28 uppbörden
680 1189 48 20 sker
746 1190 30 27 pä
791 1192 30 17 ett
830 1189 42 29 för
889 1189 68 27 trafik

297 1222 98 29 begvämt
417 1224 55 23 sätt;
491 1223 116 28 hvaröfver
623 1221 142 23 Guvernören
780 1224 85 27 åligger
881 1227 32 16 att
928 1231 27 13 no

297 1263 72 20 grann
392 1257 75 27 tillsyn
489 1257 66 20 hålla.
586 1252 72 25 Önska
680 1257 138 28 brodelegare
842 1261 33 16 att
884 1257 30 27 få
928 1265 30 20 up

298 1289 56 21 bära
369 1289 187 28 bropenningarne
567 1290 33 28 på
616 1294 67 17 annat
699 1291 62 20 ställe
778 1292 28 19 än
820 1291 38 21 vid
874 1291 60 26 bron,
946 1298 12 13 n

299 1323 68 22 sådan
390 1323 82 22 önskan
495 1325 97 20 anmälas
615 1325 37 20 hos
672 1322 146 30 Guvernören,
834 1332 45 14 som
888 1324 69 30 föror

298 1359 69 21 nande
383 1358 134 22 härutinnan
533 1359 53 29 efter
602 1360 214 29 omständigheterna
830 1360 116 22 meddelar.

608 1406 12 28 $
636 1404 33 22 18.

356 1442 29 21 Af
402 1442 111 22 enahanda
531 1442 79 29 lydelse
625 1443 49 21 med
688 1444 150 21 motsvarande
854 1445 11 27 &
880 1445 8 20 i
903 1451 54 21 prop

299 1476 97 21 sitionen.
