<?xml version="1.0" encoding="UTF-8"?>
<alto xmlns="http://www.loc.gov/standards/alto/ns-v3#" xmlns:xlink="http://www.w3.org/1999/xlink" xmlns:xsi="http://www.w3.org/2001/XMLSchema-instance" xsi:schemaLocation="http://www.loc.gov/standards/alto/ns-v3# http://www.loc.gov/alto/v3/alto-3-0.xsd">
	<Description>
		<MeasurementUnit>pixel</MeasurementUnit>
		<sourceImageInformation>
			<fileName>/tmp/tess_b5op612j_input.PNG</fileName>
		</sourceImageInformation>
		<OCRProcessing ID="OCR_0">
			<ocrProcessingStep>
				<processingSoftware>
					<softwareName>tesseract 5.3.4</softwareName>
				</processingSoftware>
			</ocrProcessingStep>
		</OCRProcessing>
	</Description>
	<Layout>
		<Page WIDTH="1700" HEIGHT="1875" PHYSICAL_IMG_NR="0" ID="page_0">
			<PrintSpace HPOS="0" VPOS="0" WIDTH="1700" HEIGHT="1875">
				<ComposedBlock ID="cblock_0" HPOS="658" VPOS="230" WIDTH="504" HEIGHT="24">
					<TextBlock ID="block_0" HPOS="658" VPOS="230" WIDTH="504" HEIGHT="24">
						<TextLine ID="line_0" HPOS="658" VPOS="230" WIDTH="504" HEIGHT="24">
							<String ID="string_0" HPOS="658" VPOS="230" WIDTH="71" HEIGHT="24" WC="0.89" CONTENT="Nådiga"/><SP WIDTH="12" VPOS="230" HPOS="729"/>
							<String ID="string_1" HPOS="741" VPOS="232" WIDTH="137" HEIGHT="21" WC="0.96" CONTENT="Propositionen"/><SP WIDTH="12" VPOS="232" HPOS="878"/>
							<String ID="string_2" HPOS="890" VPOS="232" WIDTH="35" HEIGHT="16" WC="0.96" CONTENT="N:o"/><SP WIDTH="12" VPOS="232" HPOS="925"/>
							<String ID="string_3" HPOS="937" VPOS="233" WIDTH="28" HEIGHT="16" WC="0.95" CONTENT="33."/><SP WIDTH="154" VPOS="233" HPOS="965"/>
							<String ID="string_4" HPOS="1119" VPOS="233" WIDTH="43" HEIGHT="16" WC="0.96" CONTENT="1635"/>
						</TextLine>
					</TextBlock>
				</ComposedBlock>
				<ComposedBlock ID="cblock_1" HPOS="403" VPOS="294" WIDTH="783" HEIGHT="543">
					<TextBlock ID="block_1" HPOS="403" VPOS="294" WIDTH="783" HEIGHT="543">
						<TextLine ID="line_1" HPOS="501" VPOS="294" WIDTH="684" HEIGHT="29">
							<String ID="string_5" HPOS="501" VPOS="295" WIDTH="11" HEIGHT="21" WC="0.96" CONTENT="I"/><SP WIDTH="15" VPOS="295" HPOS="512"/>
							<String ID="string_6" HPOS="527" VPOS="294" WIDTH="155" HEIGHT="28" WC="0.96" CONTENT="sammanhang"/><SP WIDTH="10" VPOS="294" HPOS="682"/>
							<String ID="string_7" HPOS="692" VPOS="294" WIDTH="90" HEIGHT="22" WC="0.93" CONTENT="härmed"/><SP WIDTH="10" VPOS="294" HPOS="782"/>
							<String ID="string_8" HPOS="792" VPOS="294" WIDTH="89" HEIGHT="28" WC="0.92" CONTENT="utbedja"/><SP WIDTH="13" VPOS="294" HPOS="881"/>
							<String ID="string_9" HPOS="894" VPOS="295" WIDTH="33" HEIGHT="28" WC="0.93" CONTENT="sig"/><SP WIDTH="12" VPOS="295" HPOS="927"/>
							<String ID="string_10" HPOS="939" VPOS="295" WIDTH="120" HEIGHT="21" WC="0.92" CONTENT="Ständerna"/><SP WIDTH="11" VPOS="295" HPOS="1059"/>
							<String ID="string_11" HPOS="1070" VPOS="296" WIDTH="32" HEIGHT="20" WC="0.96" CONTENT="att"/><SP WIDTH="11" VPOS="296" HPOS="1102"/>
							<String ID="string_12" HPOS="1113" VPOS="294" WIDTH="22" HEIGHT="22" WC="0.93" CONTENT="få"/><SP WIDTH="11" VPOS="294" HPOS="1135"/>
							<String ID="string_13" HPOS="1146" VPOS="302" WIDTH="39" HEIGHT="14" WC="0.92" CONTENT="un-"/>
						</TextLine>
						<TextLine ID="line_2" HPOS="434" VPOS="327" WIDTH="752" HEIGHT="29">
							<String ID="string_14" HPOS="434" VPOS="327" WIDTH="124" HEIGHT="28" WC="0.90" CONTENT="derdånigst"/><SP WIDTH="19" VPOS="327" HPOS="558"/>
							<String ID="string_15" HPOS="577" VPOS="328" WIDTH="85" HEIGHT="21" WC="0.93" CONTENT="anmäla"/><SP WIDTH="17" VPOS="328" HPOS="662"/>
							<String ID="string_16" HPOS="679" VPOS="328" WIDTH="121" HEIGHT="26" WC="0.90" CONTENT="huruledes,"/><SP WIDTH="19" VPOS="328" HPOS="800"/>
							<String ID="string_17" HPOS="819" VPOS="328" WIDTH="36" HEIGHT="21" WC="0.96" CONTENT="vid"/><SP WIDTH="15" VPOS="328" HPOS="855"/>
							<String ID="string_18" HPOS="870" VPOS="329" WIDTH="99" HEIGHT="21" WC="0.96" CONTENT="ärendets"/><SP WIDTH="15" VPOS="329" HPOS="969"/>
							<String ID="string_19" HPOS="984" VPOS="329" WIDTH="136" HEIGHT="27" WC="0.93" CONTENT="behandling,"/><SP WIDTH="16" VPOS="329" HPOS="1120"/>
							<String ID="string_20" HPOS="1136" VPOS="328" WIDTH="50" HEIGHT="21" WC="0.92" CONTENT="Rid-"/>
						</TextLine>
						<TextLine ID="line_3" HPOS="434" VPOS="361" WIDTH="752" HEIGHT="28">
							<String ID="string_21" HPOS="434" VPOS="362" WIDTH="114" HEIGHT="27" WC="0.92" CONTENT="derskapet"/><SP WIDTH="15" VPOS="362" HPOS="548"/>
							<String ID="string_22" HPOS="563" VPOS="362" WIDTH="39" HEIGHT="21" WC="0.93" CONTENT="och"/><SP WIDTH="17" VPOS="362" HPOS="602"/>
							<String ID="string_23" HPOS="619" VPOS="362" WIDTH="68" HEIGHT="21" WC="0.92" CONTENT="Adeln"/><SP WIDTH="15" VPOS="362" HPOS="687"/>
							<String ID="string_24" HPOS="702" VPOS="364" WIDTH="56" HEIGHT="19" WC="0.93" CONTENT="samt"/><SP WIDTH="14" VPOS="364" HPOS="758"/>
							<String ID="string_25" HPOS="772" VPOS="363" WIDTH="106" HEIGHT="26" WC="0.92" CONTENT="Borgare-"/><SP WIDTH="17" VPOS="363" HPOS="878"/>
							<String ID="string_26" HPOS="895" VPOS="362" WIDTH="42" HEIGHT="22" WC="0.93" CONTENT="och"/><SP WIDTH="9" VPOS="362" HPOS="937"/>
							<String ID="string_27" HPOS="946" VPOS="361" WIDTH="171" HEIGHT="27" WC="0.91" CONTENT="Bondestånden,"/><SP WIDTH="11" VPOS="361" HPOS="1117"/>
							<String ID="string_28" HPOS="1128" VPOS="363" WIDTH="8" HEIGHT="19" WC="0.96" CONTENT="i"/><SP WIDTH="10" VPOS="363" HPOS="1136"/>
							<String ID="string_29" HPOS="1146" VPOS="362" WIDTH="40" HEIGHT="20" WC="0.96" CONTENT="full"/>
						</TextLine>
						<TextLine ID="line_4" HPOS="403" VPOS="395" WIDTH="783" HEIGHT="28">
							<String ID="string_30" HPOS="403" VPOS="397" WIDTH="14" HEIGHT="1" WC="0.82" CONTENT="—"/><SP WIDTH="15" VPOS="397" HPOS="417"/>
							<String ID="string_31" HPOS="432" VPOS="396" WIDTH="110" HEIGHT="27" WC="0.92" CONTENT="tillförsigt"/><SP WIDTH="18" VPOS="396" HPOS="542"/>
							<String ID="string_32" HPOS="560" VPOS="398" WIDTH="38" HEIGHT="18" WC="0.96" CONTENT="att"/><SP WIDTH="13" VPOS="398" HPOS="598"/>
							<String ID="string_33" HPOS="611" VPOS="396" WIDTH="25" HEIGHT="20" WC="0.96" CONTENT="E."/><SP WIDTH="19" VPOS="396" HPOS="636"/>
							<String ID="string_34" HPOS="655" VPOS="396" WIDTH="26" HEIGHT="20" WC="0.93" CONTENT="K."/><SP WIDTH="16" VPOS="396" HPOS="681"/>
							<String ID="string_35" HPOS="697" VPOS="396" WIDTH="38" HEIGHT="20" WC="0.93" CONTENT="M:t"/><SP WIDTH="17" VPOS="396" HPOS="735"/>
							<String ID="string_36" HPOS="752" VPOS="391" WIDTH="78" HEIGHT="37" WC="0.91" CONTENT="täckes"/><SP WIDTH="9" VPOS="391" HPOS="830"/>
							<String ID="string_37" HPOS="839" VPOS="391" WIDTH="94" HEIGHT="37" WC="0.90" CONTENT="Nädigst"/><SP WIDTH="11" VPOS="391" HPOS="933"/>
							<String ID="string_38" HPOS="944" VPOS="391" WIDTH="94" HEIGHT="37" WC="0.92" CONTENT="upptaga"/><SP WIDTH="16" VPOS="391" HPOS="1038"/>
							<String ID="string_39" HPOS="1054" VPOS="396" WIDTH="84" HEIGHT="21" WC="0.83" CONTENT="landets"/><SP WIDTH="7" VPOS="396" HPOS="1138"/>
							<String ID="string_40" HPOS="1145" VPOS="391" WIDTH="41" HEIGHT="37" WC="0.84" CONTENT="lif-"/>
						</TextLine>
						<TextLine ID="line_5" HPOS="432" VPOS="430" WIDTH="753" HEIGHT="28">
							<String ID="string_41" HPOS="432" VPOS="430" WIDTH="45" HEIGHT="27" WC="0.93" CONTENT="liga"/><SP WIDTH="15" VPOS="430" HPOS="477"/>
							<String ID="string_42" HPOS="492" VPOS="430" WIDTH="82" HEIGHT="21" WC="0.93" CONTENT="önskan"/><SP WIDTH="15" VPOS="430" HPOS="574"/>
							<String ID="string_43" HPOS="589" VPOS="432" WIDTH="32" HEIGHT="19" WC="0.96" CONTENT="att"/><SP WIDTH="14" VPOS="432" HPOS="621"/>
							<String ID="string_44" HPOS="635" VPOS="430" WIDTH="34" HEIGHT="20" WC="0.93" CONTENT="för"/><SP WIDTH="15" VPOS="430" HPOS="669"/>
							<String ID="string_45" HPOS="684" VPOS="430" WIDTH="109" HEIGHT="28" WC="0.92" CONTENT="möjligast"/><SP WIDTH="14" VPOS="430" HPOS="793"/>
							<String ID="string_46" HPOS="807" VPOS="430" WIDTH="74" HEIGHT="27" WC="0.90" CONTENT="billiga"/><SP WIDTH="15" VPOS="430" HPOS="881"/>
							<String ID="string_47" HPOS="896" VPOS="431" WIDTH="44" HEIGHT="26" WC="0.93" CONTENT="pris"/><SP WIDTH="15" VPOS="431" HPOS="940"/>
							<String ID="string_48" HPOS="955" VPOS="430" WIDTH="72" HEIGHT="21" WC="0.93" CONTENT="kunna"/><SP WIDTH="11" VPOS="430" HPOS="1027"/>
							<String ID="string_49" HPOS="1038" VPOS="430" WIDTH="104" HEIGHT="21" WC="0.92" CONTENT="förskaffa"/><SP WIDTH="11" VPOS="430" HPOS="1142"/>
							<String ID="string_50" HPOS="1153" VPOS="430" WIDTH="32" HEIGHT="27" WC="0.96" CONTENT="sig"/>
						</TextLine>
						<TextLine ID="line_6" HPOS="432" VPOS="463" WIDTH="753" HEIGHT="29">
							<String ID="string_51" HPOS="432" VPOS="464" WIDTH="92" HEIGHT="22" WC="0.92" CONTENT="nämnde"/><SP WIDTH="15" VPOS="464" HPOS="524"/>
							<String ID="string_52" HPOS="539" VPOS="464" WIDTH="227" HEIGHT="27" WC="0.92" CONTENT="nödvändighetsvara,"/><SP WIDTH="16" VPOS="464" HPOS="766"/>
							<String ID="string_53" HPOS="782" VPOS="463" WIDTH="64" HEIGHT="29" WC="0.96" CONTENT="vågat"/><SP WIDTH="13" VPOS="463" HPOS="846"/>
							<String ID="string_54" HPOS="859" VPOS="464" WIDTH="34" HEIGHT="21" WC="0.96" CONTENT="till"/><SP WIDTH="14" VPOS="464" HPOS="893"/>
							<String ID="string_55" HPOS="907" VPOS="465" WIDTH="24" HEIGHT="21" WC="0.96" CONTENT="E."/><SP WIDTH="17" VPOS="465" HPOS="931"/>
							<String ID="string_56" HPOS="948" VPOS="464" WIDTH="26" HEIGHT="21" WC="0.93" CONTENT="K."/><SP WIDTH="15" VPOS="464" HPOS="974"/>
							<String ID="string_57" HPOS="989" VPOS="464" WIDTH="49" HEIGHT="22" WC="0.92" CONTENT="M:ts"/><SP WIDTH="15" VPOS="464" HPOS="1038"/>
							<String ID="string_58" HPOS="1053" VPOS="463" WIDTH="85" HEIGHT="29" WC="0.92" CONTENT="Nädiga"/><SP WIDTH="10" VPOS="463" HPOS="1138"/>
							<String ID="string_59" HPOS="1148" VPOS="464" WIDTH="37" HEIGHT="21" WC="0.93" CONTENT="be-"/>
						</TextLine>
						<TextLine ID="line_7" HPOS="432" VPOS="498" WIDTH="754" HEIGHT="28">
							<String ID="string_60" HPOS="432" VPOS="498" WIDTH="112" HEIGHT="28" WC="0.91" CONTENT="hjertande"/><SP WIDTH="15" VPOS="498" HPOS="544"/>
							<String ID="string_61" HPOS="559" VPOS="498" WIDTH="155" HEIGHT="28" WC="0.92" CONTENT="underdänigst"/><SP WIDTH="15" VPOS="498" HPOS="714"/>
							<String ID="string_62" HPOS="729" VPOS="498" WIDTH="129" HEIGHT="22" WC="0.93" CONTENT="öfverlemna"/><SP WIDTH="14" VPOS="498" HPOS="858"/>
							<String ID="string_63" HPOS="872" VPOS="499" WIDTH="8" HEIGHT="20" WC="0.93" CONTENT="i"/><SP WIDTH="14" VPOS="499" HPOS="880"/>
							<String ID="string_64" HPOS="894" VPOS="498" WIDTH="56" HEIGHT="22" WC="0.95" CONTENT="hvad"/><SP WIDTH="14" VPOS="498" HPOS="950"/>
							<String ID="string_65" HPOS="964" VPOS="498" WIDTH="50" HEIGHT="22" WC="0.93" CONTENT="män"/><SP WIDTH="11" VPOS="498" HPOS="1014"/>
							<String ID="string_66" HPOS="1025" VPOS="498" WIDTH="161" HEIGHT="22" WC="0.38" CONTENT="hibehällandet"/>
						</TextLine>
						<TextLine ID="line_8" HPOS="433" VPOS="532" WIDTH="752" HEIGHT="28">
							<String ID="string_67" HPOS="433" VPOS="533" WIDTH="25" HEIGHT="22" WC="0.95" CONTENT="af"/><SP WIDTH="16" VPOS="533" HPOS="458"/>
							<String ID="string_68" HPOS="474" VPOS="534" WIDTH="36" HEIGHT="21" WC="0.93" CONTENT="det"/><SP WIDTH="17" VPOS="534" HPOS="510"/>
							<String ID="string_69" HPOS="527" VPOS="533" WIDTH="115" HEIGHT="27" WC="0.86" CONTENT="tullskydd,"/><SP WIDTH="20" VPOS="533" HPOS="642"/>
							<String ID="string_70" HPOS="662" VPOS="533" WIDTH="40" HEIGHT="21" WC="0.93" CONTENT="den"/><SP WIDTH="18" VPOS="533" HPOS="702"/>
							<String ID="string_71" HPOS="720" VPOS="533" WIDTH="111" HEIGHT="22" WC="0.93" CONTENT="inhemska"/><SP WIDTH="15" VPOS="533" HPOS="831"/>
							<String ID="string_72" HPOS="846" VPOS="533" WIDTH="206" HEIGHT="27" WC="0.91" CONTENT="jernproduktionen"/><SP WIDTH="18" VPOS="533" HPOS="1052"/>
							<String ID="string_73" HPOS="1070" VPOS="540" WIDTH="29" HEIGHT="14" WC="0.93" CONTENT="nu"/><SP WIDTH="16" VPOS="540" HPOS="1099"/>
							<String ID="string_74" HPOS="1115" VPOS="532" WIDTH="70" HEIGHT="28" WC="0.92" CONTENT="ätnju-"/>
						</TextLine>
						<TextLine ID="line_9" HPOS="433" VPOS="567" WIDTH="751" HEIGHT="29">
							<String ID="string_75" HPOS="433" VPOS="570" WIDTH="39" HEIGHT="24" WC="0.96" CONTENT="ter,"/><SP WIDTH="16" VPOS="570" HPOS="472"/>
							<String ID="string_76" HPOS="488" VPOS="568" WIDTH="43" HEIGHT="21" WC="0.96" CONTENT="kan"/><SP WIDTH="15" VPOS="568" HPOS="531"/>
							<String ID="string_77" HPOS="546" VPOS="568" WIDTH="34" HEIGHT="21" WC="0.96" CONTENT="för"/><SP WIDTH="15" VPOS="568" HPOS="580"/>
							<String ID="string_78" HPOS="595" VPOS="567" WIDTH="114" HEIGHT="22" WC="0.96" CONTENT="framtiden"/><SP WIDTH="16" VPOS="567" HPOS="709"/>
							<String ID="string_79" HPOS="725" VPOS="575" WIDTH="52" HEIGHT="14" WC="0.96" CONTENT="vara"/><SP WIDTH="14" VPOS="575" HPOS="777"/>
							<String ID="string_80" HPOS="791" VPOS="568" WIDTH="24" HEIGHT="21" WC="0.93" CONTENT="af"/><SP WIDTH="14" VPOS="568" HPOS="815"/>
							<String ID="string_81" HPOS="829" VPOS="575" WIDTH="112" HEIGHT="21" WC="0.93" CONTENT="omsorgen"/><SP WIDTH="15" VPOS="575" HPOS="941"/>
							<String ID="string_82" HPOS="956" VPOS="568" WIDTH="33" HEIGHT="21" WC="0.96" CONTENT="för"/><SP WIDTH="16" VPOS="568" HPOS="989"/>
							<String ID="string_83" HPOS="1005" VPOS="567" WIDTH="26" HEIGHT="22" WC="0.96" CONTENT="de"/><SP WIDTH="14" VPOS="567" HPOS="1031"/>
							<String ID="string_84" HPOS="1045" VPOS="567" WIDTH="69" HEIGHT="21" WC="0.93" CONTENT="finska"/><SP WIDTH="12" VPOS="567" HPOS="1114"/>
							<String ID="string_85" HPOS="1126" VPOS="567" WIDTH="58" HEIGHT="27" WC="0.92" CONTENT="jern-"/>
						</TextLine>
						<TextLine ID="line_10" HPOS="433" VPOS="601" WIDTH="753" HEIGHT="28">
							<String ID="string_86" HPOS="433" VPOS="603" WIDTH="89" HEIGHT="21" WC="0.92" CONTENT="verkens"/><SP WIDTH="18" VPOS="603" HPOS="522"/>
							<String ID="string_87" HPOS="540" VPOS="601" WIDTH="92" HEIGHT="23" WC="0.87" CONTENT="beständ"/><SP WIDTH="19" VPOS="601" HPOS="632"/>
							<String ID="string_88" HPOS="651" VPOS="601" WIDTH="116" HEIGHT="28" WC="0.91" CONTENT="päkalladt,"/><SP WIDTH="20" VPOS="601" HPOS="767"/>
							<String ID="string_89" HPOS="787" VPOS="602" WIDTH="88" HEIGHT="22" WC="0.91" CONTENT="hvarvid"/><SP WIDTH="14" VPOS="602" HPOS="875"/>
							<String ID="string_90" HPOS="889" VPOS="602" WIDTH="157" HEIGHT="27" WC="0.92" CONTENT="Ridderskapet"/><SP WIDTH="15" VPOS="602" HPOS="1046"/>
							<String ID="string_91" HPOS="1061" VPOS="602" WIDTH="40" HEIGHT="21" WC="0.93" CONTENT="och"/><SP WIDTH="15" VPOS="602" HPOS="1101"/>
							<String ID="string_92" HPOS="1116" VPOS="601" WIDTH="70" HEIGHT="22" WC="0.92" CONTENT="Adeln"/>
						</TextLine>
						<TextLine ID="line_11" HPOS="434" VPOS="635" WIDTH="752" HEIGHT="28">
							<String ID="string_93" HPOS="434" VPOS="639" WIDTH="56" HEIGHT="19" WC="0.93" CONTENT="samt"/><SP WIDTH="20" VPOS="639" HPOS="490"/>
							<String ID="string_94" HPOS="510" VPOS="636" WIDTH="161" HEIGHT="22" WC="0.91" CONTENT="Bondeständet"/><SP WIDTH="18" VPOS="636" HPOS="671"/>
							<String ID="string_95" HPOS="689" VPOS="637" WIDTH="78" HEIGHT="21" WC="0.92" CONTENT="uttalat"/><SP WIDTH="20" VPOS="637" HPOS="767"/>
							<String ID="string_96" HPOS="787" VPOS="636" WIDTH="40" HEIGHT="22" WC="0.93" CONTENT="den"/><SP WIDTH="15" VPOS="636" HPOS="827"/>
							<String ID="string_97" HPOS="842" VPOS="635" WIDTH="148" HEIGHT="28" WC="0.92" CONTENT="underdäniga"/><SP WIDTH="15" VPOS="635" HPOS="990"/>
							<String ID="string_98" HPOS="1005" VPOS="636" WIDTH="82" HEIGHT="21" WC="0.92" CONTENT="önskan"/><SP WIDTH="15" VPOS="636" HPOS="1087"/>
							<String ID="string_99" HPOS="1102" VPOS="637" WIDTH="32" HEIGHT="20" WC="0.96" CONTENT="att"/><SP WIDTH="16" VPOS="637" HPOS="1134"/>
							<String ID="string_100" HPOS="1150" VPOS="636" WIDTH="36" HEIGHT="21" WC="0.96" CONTENT="det"/>
						</TextLine>
						<TextLine ID="line_12" HPOS="434" VPOS="669" WIDTH="751" HEIGHT="30">
							<String ID="string_101" HPOS="434" VPOS="671" WIDTH="112" HEIGHT="22" WC="0.95" CONTENT="efterhand"/><SP WIDTH="18" VPOS="671" HPOS="546"/>
							<String ID="string_102" HPOS="564" VPOS="671" WIDTH="92" HEIGHT="22" WC="0.93" CONTENT="skeende"/><SP WIDTH="19" VPOS="671" HPOS="656"/>
							<String ID="string_103" HPOS="675" VPOS="671" WIDTH="129" HEIGHT="28" WC="0.93" CONTENT="aflyftandet"/><SP WIDTH="19" VPOS="671" HPOS="804"/>
							<String ID="string_104" HPOS="823" VPOS="671" WIDTH="24" HEIGHT="22" WC="0.93" CONTENT="af"/><SP WIDTH="12" VPOS="671" HPOS="847"/>
							<String ID="string_105" HPOS="859" VPOS="671" WIDTH="136" HEIGHT="27" WC="0.87" CONTENT="jernskatten"/><SP WIDTH="18" VPOS="671" HPOS="995"/>
							<String ID="string_106" HPOS="1013" VPOS="670" WIDTH="66" HEIGHT="21" WC="0.95" CONTENT="måtte"/><SP WIDTH="19" VPOS="670" HPOS="1079"/>
							<String ID="string_107" HPOS="1098" VPOS="669" WIDTH="87" HEIGHT="29" WC="0.96" CONTENT="åtföljas"/>
						</TextLine>
						<TextLine ID="line_13" HPOS="434" VPOS="705" WIDTH="751" HEIGHT="28">
							<String ID="string_108" HPOS="434" VPOS="706" WIDTH="24" HEIGHT="21" WC="0.96" CONTENT="af"/><SP WIDTH="21" VPOS="706" HPOS="458"/>
							<String ID="string_109" HPOS="479" VPOS="713" WIDTH="25" HEIGHT="14" WC="0.96" CONTENT="en"/><SP WIDTH="22" VPOS="713" HPOS="504"/>
							<String ID="string_110" HPOS="526" VPOS="706" WIDTH="105" HEIGHT="21" WC="0.96" CONTENT="successiv"/><SP WIDTH="18" VPOS="706" HPOS="631"/>
							<String ID="string_111" HPOS="649" VPOS="706" WIDTH="136" HEIGHT="27" WC="0.95" CONTENT="nedsättning"/><SP WIDTH="19" VPOS="706" HPOS="785"/>
							<String ID="string_112" HPOS="804" VPOS="706" WIDTH="24" HEIGHT="21" WC="0.93" CONTENT="af"/><SP WIDTH="16" VPOS="706" HPOS="828"/>
							<String ID="string_113" HPOS="844" VPOS="705" WIDTH="156" HEIGHT="22" WC="0.92" CONTENT="införseltullen"/><SP WIDTH="18" VPOS="705" HPOS="1000"/>
							<String ID="string_114" HPOS="1018" VPOS="705" WIDTH="34" HEIGHT="21" WC="0.96" CONTENT="för"/><SP WIDTH="19" VPOS="705" HPOS="1052"/>
							<String ID="string_115" HPOS="1071" VPOS="705" WIDTH="38" HEIGHT="21" WC="0.95" CONTENT="allt"/><SP WIDTH="18" VPOS="705" HPOS="1109"/>
							<String ID="string_116" HPOS="1127" VPOS="705" WIDTH="58" HEIGHT="27" WC="0.95" CONTENT="slags"/>
						</TextLine>
						<TextLine ID="line_14" HPOS="434" VPOS="738" WIDTH="752" HEIGHT="29">
							<String ID="string_117" HPOS="434" VPOS="740" WIDTH="65" HEIGHT="21" WC="0.92" CONTENT="smidt"/><SP WIDTH="19" VPOS="740" HPOS="499"/>
							<String ID="string_118" HPOS="518" VPOS="740" WIDTH="55" HEIGHT="27" WC="0.92" CONTENT="jern,"/><SP WIDTH="19" VPOS="740" HPOS="573"/>
							<String ID="string_119" HPOS="592" VPOS="742" WIDTH="56" HEIGHT="19" WC="0.93" CONTENT="samt"/><SP WIDTH="17" VPOS="742" HPOS="648"/>
							<String ID="string_120" HPOS="665" VPOS="739" WIDTH="181" HEIGHT="28" WC="0.92" CONTENT="Borgareståndet"/><SP WIDTH="18" VPOS="739" HPOS="846"/>
							<String ID="string_121" HPOS="864" VPOS="740" WIDTH="115" HEIGHT="21" WC="0.95" CONTENT="framställt"/><SP WIDTH="18" VPOS="740" HPOS="979"/>
							<String ID="string_122" HPOS="997" VPOS="739" WIDTH="67" HEIGHT="22" WC="0.93" CONTENT="sådan"/><SP WIDTH="15" VPOS="739" HPOS="1064"/>
							<String ID="string_123" HPOS="1079" VPOS="738" WIDTH="107" HEIGHT="22" WC="0.91" CONTENT="underdå-"/>
						</TextLine>
						<TextLine ID="line_15" HPOS="434" VPOS="773" WIDTH="752" HEIGHT="29">
							<String ID="string_124" HPOS="434" VPOS="775" WIDTH="37" HEIGHT="27" WC="0.96" CONTENT="nig"/><SP WIDTH="19" VPOS="775" HPOS="471"/>
							<String ID="string_125" HPOS="490" VPOS="773" WIDTH="107" HEIGHT="28" WC="0.96" CONTENT="anhållan,"/><SP WIDTH="16" VPOS="773" HPOS="597"/>
							<String ID="string_126" HPOS="613" VPOS="776" WIDTH="32" HEIGHT="19" WC="0.96" CONTENT="att"/><SP WIDTH="14" VPOS="776" HPOS="645"/>
							<String ID="string_127" HPOS="659" VPOS="775" WIDTH="106" HEIGHT="21" WC="0.96" CONTENT="tullfrihet"/><SP WIDTH="14" VPOS="775" HPOS="765"/>
							<String ID="string_128" HPOS="779" VPOS="775" WIDTH="115" HEIGHT="21" WC="0.96" CONTENT="successivt"/><SP WIDTH="14" VPOS="775" HPOS="894"/>
							<String ID="string_129" HPOS="908" VPOS="773" WIDTH="67" HEIGHT="22" WC="0.95" CONTENT="måtte"/><SP WIDTH="14" VPOS="773" HPOS="975"/>
							<String ID="string_130" HPOS="989" VPOS="774" WIDTH="88" HEIGHT="27" WC="0.93" CONTENT="beviljas"/><SP WIDTH="16" VPOS="774" HPOS="1077"/>
							<String ID="string_131" HPOS="1093" VPOS="773" WIDTH="13" HEIGHT="22" WC="0.92" CONTENT="å"/><SP WIDTH="15" VPOS="773" HPOS="1106"/>
							<String ID="string_132" HPOS="1121" VPOS="773" WIDTH="65" HEIGHT="21" WC="0.92" CONTENT="smidt"/>
						</TextLine>
						<TextLine ID="line_16" HPOS="435" VPOS="809" WIDTH="339" HEIGHT="28">
							<String ID="string_133" HPOS="435" VPOS="809" WIDTH="40" HEIGHT="22" WC="0.92" CONTENT="och"/><SP WIDTH="15" VPOS="809" HPOS="475"/>
							<String ID="string_134" HPOS="490" VPOS="809" WIDTH="83" HEIGHT="22" WC="0.91" CONTENT="valsadt"/><SP WIDTH="14" VPOS="809" HPOS="573"/>
							<String ID="string_135" HPOS="587" VPOS="809" WIDTH="49" HEIGHT="28" WC="0.92" CONTENT="jern"/><SP WIDTH="15" VPOS="809" HPOS="636"/>
							<String ID="string_136" HPOS="651" VPOS="811" WIDTH="55" HEIGHT="20" WC="0.96" CONTENT="samt"/><SP WIDTH="15" VPOS="811" HPOS="706"/>
							<String ID="string_137" HPOS="721" VPOS="809" WIDTH="53" HEIGHT="28" WC="0.96" CONTENT="spik."/>
						</TextLine>
					</TextBlock>
				</ComposedBlock>
				<ComposedBlock ID="cblock_2" HPOS="733" VPOS="882" WIDTH="350" HEIGHT="20">
					<TextBlock ID="block_2" HPOS="733" VPOS="882" WIDTH="350" HEIGHT="20">
						<TextLine ID="line_17" HPOS="733" VPOS="882" WIDTH="350" HEIGHT="20">
							<String ID="string_138" HPOS="733" VPOS="883" WIDTH="90" HEIGHT="19" WC="0.93" CONTENT="Finlands"/><SP WIDTH="13" VPOS="883" HPOS="823"/>
							<String ID="string_139" HPOS="836" VPOS="883" WIDTH="80" HEIGHT="19" WC="0.92" CONTENT="Ständer"/><SP WIDTH="11" VPOS="883" HPOS="916"/>
							<String ID="string_140" HPOS="927" VPOS="882" WIDTH="109" HEIGHT="20" WC="0.93" CONTENT="framhärda"/><SP WIDTH="12" VPOS="882" HPOS="1036"/>
							<String ID="string_141" HPOS="1048" VPOS="884" WIDTH="35" HEIGHT="18" WC="0.92" CONTENT="ete."/>
						</TextLine>
					</TextBlock>
				</ComposedBlock>
				<ComposedBlock ID="cblock_3" HPOS="503" VPOS="949" WIDTH="377" HEIGHT="29">
					<TextBlock ID="block_3" HPOS="503" VPOS="949" WIDTH="377" HEIGHT="29">
						<TextLine ID="line_18" HPOS="503" VPOS="949" WIDTH="377" HEIGHT="29">
							<String ID="string_142" HPOS="503" VPOS="950" WIDTH="141" HEIGHT="28" WC="0.96" CONTENT="Helsingfors,"/><SP WIDTH="16" VPOS="950" HPOS="644"/>
							<String ID="string_143" HPOS="660" VPOS="949" WIDTH="41" HEIGHT="21" WC="0.96" CONTENT="den"/><SP WIDTH="16" VPOS="949" HPOS="701"/>
							<String ID="string_144" HPOS="717" VPOS="950" WIDTH="25" HEIGHT="20" WC="0.96" CONTENT="25"/><SP WIDTH="16" VPOS="950" HPOS="742"/>
							<String ID="string_145" HPOS="758" VPOS="949" WIDTH="43" HEIGHT="28" WC="0.96" CONTENT="Maj"/><SP WIDTH="18" VPOS="949" HPOS="801"/>
							<String ID="string_146" HPOS="819" VPOS="950" WIDTH="61" HEIGHT="20" WC="0.96" CONTENT="1867."/>
						</TextLine>
					</TextBlock>
				</ComposedBlock>
			</PrintSpace>
		</Page>
	</Layout>
</alto>
