1020 1723
319 138 72 23 Nådiga
402 140 138 21 Propositionen
552 140 34 17 N:o
599 141 28 15 31.
783 140 43 16 1603

97 202 53 22 kasä
164 202 62 22 torde
241 202 37 22 det
292 204 46 20 icke
354 204 66 21 heller
434 204 72 21 kunna
521 204 71 26 nekas,
608 205 32 19 att
656 203 41 21 den
708 202 84 23 felande
804 203 44 28 gäl-

99 238 99 25 denären,
222 237 66 22 sedan
311 238 43 21 han
377 245 77 20 genom
475 238 94 22 straffets
587 236 151 29 undergäende
753 238 97 21 försonat

97 272 33 21 sin
152 272 107 26 förseelse,
278 272 7 20 i
304 272 95 28 rättsligt
420 272 121 22 hänseende
564 271 44 23 stär
631 272 33 21 till
685 272 134 28 borgenären
842 272 7 20 i

97 314 82 14 samma
192 306 142 26 förhällande,
351 314 45 14 som
412 306 40 21 den
467 307 81 27 redlige
563 306 139 28 gäldenären.
722 306 11 22 I
744 306 106 22 anseende

97 341 74 22 härtill
193 342 40 21 och
253 341 28 22 dä
299 342 36 21 det
352 341 111 28 rimligtvis
481 342 47 21 icke
546 341 42 21 kan
607 341 86 21 komma
711 342 8 20 i
738 340 62 28 fräga
818 342 32 20 att

97 376 135 28 borgenären
251 376 132 22 omedelbart
402 383 75 20 genom
496 376 140 28 gäldenärens
654 375 122 22 insättande
791 375 8 26 i
812 375 38 27 by-

97 411 171 27 sättningshäkte
283 411 42 26 kan
341 412 52 26 göra
408 411 31 27 sig
455 411 34 20 för
501 411 32 20 sin
545 410 87 21 fordran
644 410 79 26 betald,
734 411 52 20 enär
798 409 51 21 fast-

97 446 54 20 mer'
165 444 78 22 dennes
262 443 154 30 gvarhällande
431 445 7 20 i
453 445 95 28 fängelse
566 444 34 21 för
618 444 134 28 borgenären
766 443 84 22 medför

97 479 68 22 ökade
180 479 94 28 utgifter,
290 479 64 22 hafva
369 479 121 21 Ständerna
504 479 70 21 funnit
589 480 32 20 att
631 479 8 20 i
650 479 144 27 borgenärens
805 479 45 20 rätt

97 516 32 19 att
143 514 8 21 i
165 513 199 30 bysättningshäkte
382 514 79 21 insätta
481 513 102 28 gäldenär
599 525 24 3 —
640 513 49 22 med
703 513 110 26 undantag
829 512 24 21 af

97 549 27 21 de
143 548 38 22 fall
200 547 27 22 dä
245 548 123 28 bysättning
384 555 50 21 eger
448 556 48 13 rum
510 548 34 21 för
559 547 59 22 vexel
634 547 52 22 eller
699 547 93 27 löpande
806 546 44 21 för-

97 582 111 28 skrifning,
224 583 88 21 hvarom
327 589 29 14 nu
371 583 18 27 ej
406 584 25 19 är
445 582 68 28 fråga,
528 595 28 3 —
571 582 47 21 icke
632 581 57 28 finge
703 581 97 28 inläggas
813 580 37 22 nä-

97 619 38 26 got
153 619 67 19 annat
239 615 106 27 ändamål,
365 617 27 20 än
411 618 32 19 att
458 615 117 29 dymedelst
589 615 70 22 förmå
673 615 130 28 gäldenären
819 615 32 21 till

97 651 93 22 konkurs
206 651 52 22 eller
273 653 32 19 att
320 650 125 22 framlemna
461 650 116 27 befintliga,
592 657 48 14 men
655 649 138 22 undandolda
808 649 42 22 till-

97 685 88 28 gångar.
215 686 76 21 Denna
312 685 149 22 bestämmelse
479 685 34 21 för
531 685 151 27 hbysättningen
697 691 61 20 synes
774 683 76 22 dock
837 679 16 38 i

98 719 41 22 den
160 719 80 28 nådiga
262 719 160 28 propositionen
443 719 47 21 icke
512 719 64 22 hafva
594 719 70 21 blifvit
682 718 33 21 till
733 717 43 22 alla
791 718 60 21 delar

98 754 130 28 följdriktigt
243 753 131 28 genomförd.

166 806 110 22 Ehuruväl
290 805 116 29 medgifvas
422 805 67 22 mäste
505 807 31 20 att
551 805 107 28 ätskilliga
673 805 25 22 af
711 805 25 22 de
752 805 98 22 anmärk-

99 841 84 27 ningar,
202 848 45 14 som
263 840 57 28 gälla
334 840 245 29 bysättningsfängelset,
596 840 61 22 äfven
673 841 37 20 äro
725 839 29 29 pä
770 840 82 22 arbets-

97 874 88 29 tvånget
207 876 134 27 tillämpliga,
364 875 143 21 förekommer
529 875 54 21 dock
602 876 32 20 att
652 874 131 28 gäldenären
797 875 7 21 i
820 874 31 22 öf-

99 910 117 22 verskottet
235 910 23 21 af
271 911 32 21 sin
318 909 174 27 arhetsförtjenst
507 917 49 21 eger
571 916 26 14 en
612 908 97 29 tillgång,
724 909 28 28 pä
767 909 85 22 hvilken

98 944 135 27 borgenären
251 944 41 21 bör
310 950 62 15 anses
390 943 65 21 hafva
469 944 82 27 skäliga
566 942 100 29 anspråk.
695 943 11 20 I
721 944 53 27 följd
789 943 65 21 häraf

98 978 62 22 torde
180 978 36 21 det
234 979 18 27 ej
273 978 66 21 sakna
358 977 28 22 all
404 977 128 28 befogenhet
547 979 32 20 att
593 979 65 26 utväg
673 979 66 20 sättes
754 978 7 21 i
776 978 76 27 borge-

99 1014 104 20 närernas
225 1013 83 20 händer
330 1013 32 20 att
382 1012 143 28 tillgodogöra
547 1012 32 28 sig
602 1012 70 21 denna
690 1011 96 29 tillgäng,
802 1012 7 21 i
826 1012 26 21 de

100 1047 38 21 fall
158 1045 27 22 dä
204 1047 129 26 gäldenären
349 1046 101 27 antingen
465 1047 47 21 icke
527 1047 56 21 visar
597 1045 43 28 häg
656 1047 39 20 och
711 1047 43 21 lust
770 1048 31 20 att
816 1053 36 21 ge-

99 1088 51 14 nom
169 1080 97 28 frivilligt
285 1080 73 21 arbete
376 1080 59 25 söka,
450 1079 69 23 sävidt
533 1081 8 20 i
555 1081 53 20 hans
624 1080 98 28 förmåga
736 1080 52 27 står,
803 1081 50 21 full-

100 1117 53 26 göra
171 1115 47 21 sina
236 1114 148 26 förbindelser,
404 1113 51 23 eller
472 1115 152 28 undandrager
642 1115 33 28 sig
690 1117 32 20 att
736 1115 116 23 tillhanda-

99 1149 59 22 hälla
169 1149 135 28 borgenären
316 1149 35 21 det
359 1149 117 22 öfverskott
484 1150 53 21 hans
545 1149 172 28 arbetsförtjenst
725 1150 41 21 kan
774 1150 78 21 lemna.

100 1183 60 22 Dock
176 1191 61 20 synes
253 1184 69 21 denna
338 1183 199 28 arbetsskyldighet,
552 1183 29 28 pä
595 1185 43 20 sätt
649 1185 160 26 propositionen
822 1184 31 21 äf-

100 1225 40 14 ven
162 1217 125 26 innehäller,
305 1217 47 21 icke
370 1217 72 22 kunna
461 1217 87 28 äläggas
567 1218 104 27 gäldenär
685 1219 34 20 för
734 1218 74 26 andra,
824 1219 29 20 än

100 1252 54 21 hans
177 1259 54 20 egna
250 1251 83 22 direkta
351 1251 147 27 förbindelser,
519 1251 51 22 eller
584 1252 8 20 i
606 1251 66 29 något
691 1252 38 21 fall
744 1251 108 23 ähvälfvas

102 1287 80 21 honom
196 1285 29 28 pä
240 1293 26 14 en
281 1286 135 27 obegränsad
431 1287 37 20 tid.

168 1337 11 21 I
201 1337 100 21 afseende
320 1336 13 22 å
351 1337 153 28 försäljningen
522 1337 24 22 af
566 1338 117 27 imättagen
701 1338 101 27 fastighet
820 1339 32 20 in-

100 1369 98 23 nehäller
218 1371 35 20 det
271 1370 69 27 tredje
357 1371 25 20 af
394 1370 165 28 ifrägavarande
574 1371 218 28 författningsförslag
807 1373 45 19 sär-

101 1404 70 21 skilda
185 1404 141 21 härförinnan
338 1405 94 21 saknade
443 1406 100 19 närmare
554 1404 132 22 föreskrifter
697 1405 81 26 härom,
790 1406 62 20 hvar-

99 1439 67 27 jemte
188 1438 117 28 ändringar
323 1439 7 21 i
348 1446 30 14 nu
400 1439 99 27 gällande
517 1439 133 28 stadganden
669 1447 35 14 om
719 1439 134 22 förfarandet

102 1473 34 22 vid
155 1473 57 29 dylik
227 1472 126 28 försäljning
367 1473 83 26 införts,
466 1474 7 20 i
488 1472 100 23 ändamål
603 1475 32 21 att
649 1472 111 30 påskynda
775 1474 77 22 exeku-
