1017 1717
307 128 72 24 Nädiga
391 130 139 22 Propositionen
543 130 34 17 N:o
589 130 28 17 34.
772 129 44 17 1695

86 194 53 22 rade
160 194 107 28 upplåtas,
290 196 57 20 samt
368 194 69 22 andra
459 194 158 22 försummelser
639 192 48 22 från
708 192 132 22 husvärdens

87 228 53 26 sida,
160 229 18 27 ej
198 228 36 22 må
252 229 39 21 hos
310 228 69 22 denne
396 230 94 20 utmätas
507 229 8 20 i
533 236 72 14 annan
625 228 92 29 ordning
736 228 28 20 än
782 226 58 29 lag
828 222 16 39 i

87 262 118 22 allmänhet
219 263 95 27 stadgar.

156 296 138 22 Beträffande
312 297 82 21 antalet
408 296 25 22 af
445 304 109 20 personer,
572 304 46 14 som
633 295 66 29 enligt
714 296 12 28 $
743 296 26 20 66
784 294 57 29 finge

88 330 41 22 åka
148 331 53 21 efter
220 338 26 14 en
261 330 55 27 häst,
331 330 143 22 förekommer
489 330 68 22 sådan
571 330 80 22 olikhet
665 330 91 21 emellan
771 329 27 21 de
812 327 30 29 på

88 364 90 22 svenska
194 365 40 21 och
249 364 71 22 finska
335 363 93 29 språken
443 365 8 21 i
465 365 61 27 tryck
539 364 84 28 utgifna
634 364 109 27 förslagen
753 363 34 21 till
798 363 43 21 för-

89 398 93 28 fattning
197 398 7 21 i
219 400 79 25 ämnet,
313 400 33 20 att
361 399 66 27 sagde
442 399 59 21 antal
515 399 33 21 uti
563 398 26 22 de
604 398 90 22 svenska
705 398 137 27 exemplaren

89 434 25 21 är
133 433 108 21 bestämdt
259 433 33 21 till
309 434 41 25 tre,
368 440 49 14 men
431 433 8 21 i
455 433 25 22 de
494 433 70 21 finska
578 433 33 21 till
626 431 35 23 två
675 439 110 20 personer,
800 431 42 22 den

88 467 125 28 skjutsande
227 467 7 21 i
249 467 108 22 hvardera
377 467 61 22 fallet
460 467 133 26 oberäknad;
613 467 40 21 och
673 474 46 14 som
738 466 104 21 utskottet

88 502 34 22 för
137 502 33 21 sin
186 501 35 23 del
236 501 76 27 funnit,
328 504 38 24 att,
381 502 34 21 till
429 501 134 22 undvikande
578 501 25 22 af
615 501 181 28 skjutshästarnes
811 499 31 22 öf-

90 537 203 28 veransträngande,
309 536 19 28 ej
344 536 52 22 flere
411 537 28 20 än
453 535 36 23 två
500 543 109 21 personer,
621 537 60 20 utom
691 534 151 29 skjutskarlen,

89 571 8 21 i
112 570 66 29 något
192 571 39 21 fall
245 570 36 23 må
295 571 74 22 färdas
385 571 53 22 efter
453 578 26 15 en
494 571 55 26 häst,
565 572 24 20 är
601 571 12 28 $
625 571 26 20 66
663 571 7 20 i
681 570 162 21 öfverensstäm-

90 605 66 22 melse
170 605 90 22 härmed
275 605 89 22 ändrad.

158 639 74 28 Enligt
246 641 12 26 &
275 641 26 20 67
317 641 25 20 är
357 640 36 21 det
407 639 78 22 tillåtet
497 639 164 27 militärperson,
672 645 47 15 som
728 637 114 22 beordrats

89 673 50 22 med
157 673 185 28 transportskjuts,
358 675 33 20 att
405 673 74 22 färdas
494 673 49 22 med
558 680 26 14 en
599 673 108 27 hastighet
721 673 25 20 af
759 673 13 20 8
787 672 14 21 ä
817 673 25 20 10

89 709 58 21 verst
161 708 7 21 i
183 708 97 26 timmen;
300 715 48 14 men
363 708 90 21 emedan
467 707 108 22 afständet
589 707 91 22 emellan
695 706 148 29 ombytesstäl-

89 742 50 22 lena
160 743 43 21 kan
225 741 74 29 uppgä
321 742 56 21 ända
396 742 34 21 till
445 744 26 19 30
486 744 57 20 verst
562 742 41 21 och
617 741 153 28 undantagsvis
785 742 59 21 ännu

90 777 129 26 derutöfver,
239 784 64 15 anser
320 777 105 21 utskottet
443 779 32 19 att
493 783 90 21 svagare
597 776 81 26 hästar,
693 776 47 21 icke
755 782 37 15 ens
808 782 34 15 om

90 811 27 22 de
132 811 32 21 till
178 811 125 28 ytterlighet
317 812 134 27 ansträngas,
464 811 61 22 skola
536 809 69 23 förmä
616 809 29 29 pä
657 810 70 22 denna
736 809 108 28 väglängd

90 846 105 22 framföra
210 847 25 21 de
250 845 84 23 äkande
349 846 48 21 med
413 853 26 14 en
453 846 108 27 hastighet
575 846 25 21 af
615 846 25 20 10
655 847 57 19 verst
726 845 8 20 i
748 844 95 25 timmen,

90 882 54 20 utan
158 880 68 21 finner
240 881 105 21 utskottet
360 881 35 21 det
410 880 53 22 böra
478 880 88 28 stadgas
577 881 32 20 att
621 879 7 22 i
639 887 29 14 nu
679 878 165 29 ifrägavarande

91 915 39 21 fall
148 915 135 28 hastigheten
302 915 18 27 ej
339 914 36 22 mä
390 915 114 28 öfverstiga
519 917 13 19 8
547 915 58 21 verst
619 914 7 21 i
641 914 94 21 timmen.
753 908 14 39 I
790 912 54 28 följd

90 949 25 22 af
128 949 42 22 den
184 949 34 21 för
232 950 12 27 &
261 951 26 19 66
303 949 122 28 föreslagna
439 949 130 22 förändrade
583 948 120 26 redaktion,
714 947 85 22 komme
810 947 34 21 för

90 984 66 28 öfrigt
171 983 157 28 slutmeningen
343 984 8 20 i
365 985 12 26 $
393 985 26 20 67
435 985 32 20 att
481 983 59 28 utgå.

159 1018 11 21 I
188 1019 95 27 enlighet
300 1018 49 21 med
367 1018 56 21 hvad
443 1018 104 21 utskottet
561 1016 91 23 sålunda
665 1018 68 27 yttrat
747 1016 41 22 och
802 1015 43 22 till-

90 1053 70 28 styrkt
177 1053 84 22 komme
279 1051 164 30 ifrågavarande
461 1052 126 28 författning
606 1053 32 20 att
653 1050 82 23 erhålla
749 1049 97 29 följande

90 1087 92 29 lydelse:

173 1150 155 33 Reglemente
347 1149 123 34 angående
487 1149 168 34 inqvartering
673 1149 61 26 samt
751 1149 77 26 trans-

245 1191 56 33 port
318 1191 29 26 af
359 1191 104 33 trupper
480 1191 44 25 och
541 1189 224 34 militärpersedlar.

434 1251 104 23 Artikeln
559 1251 14 23 1.

405 1300 34 21 Om
453 1300 152 27 inqvartering.

444 1346 79 21 Kap.
541 1346 22 15 1.

389 1388 93 21 Allmänna
500 1387 119 21 föreskrifter.

483 1430 45 29 81.

436 1468 142 23 Oförändrad.
