1700 1873
629 221 71 23 Nådiga
710 223 137 21 Propositionen
857 223 35 17 N:o
905 223 28 16 28.
1098 222 43 16 1487

791 286 12 27 $
819 284 37 22 36.

539 327 43 21 För
600 327 65 27 öfrigt
683 328 136 25 oförändrad,
833 330 60 19 utom
911 322 33 27 att
961 327 62 22 ordet
1037 328 105 26 ,derföre*
1157 328 8 20 i

482 360 65 22 slutet
561 361 25 21 af
598 362 11 27 $
624 361 85 28 utbytes
724 364 57 19 emot
795 362 83 28 derför.

790 422 12 27 $
818 419 38 23 37.

753 464 142 22 Oförändrad.

795 525 12 27 s
822 523 37 22 38.

540 566 76 26 Böter,
635 566 91 22 hvartill
747 567 73 28 någon
842 568 68 28 enligt
932 567 69 21 denna
1023 566 143 30 Förordning

484 600 73 29 blifvit
569 600 69 28 fälld,
655 601 60 21 skola
729 602 30 27 gå
775 602 35 20 till
826 602 107 28 treskiftes
949 602 38 20 och
1002 602 37 20 vid
1054 602 112 20 bristande

484 634 217 30 betalningstillgång
710 636 133 29 förvandlas
859 637 68 28 enligt
941 636 83 21 allmän
1039 636 43 28 lag.

752 715 79 23 Kap.
847 716 48 18 VI.

717 750 94 46 Särskilta
821 765 118 27 stadganden.

760 819 25 28 $$
801 817 92 23 39—41.

749 861 154 23 Oförändrade.

485 978 50 23 Med
546 979 115 28 bifogande
672 979 24 21 af
704 977 69 30 några
783 979 221 22 utskottsledamöters
1018 980 8 21 i
1040 980 57 21 vissa
1107 980 61 21 delar

416 1013 82 28 afgifna
513 1013 122 28 skiljaktiga
650 1014 120 28 yttranden,
785 1013 34 22 får
829 1015 104 20 utskottet
945 1015 52 20 äran
1008 1015 113 21 hemställa
1133 1023 35 13 om

414 1048 48 21 icke
477 1048 121 21 Ständerna
612 1048 111 27 behagade
738 1049 32 20 till
785 1049 59 21 Hans
859 1049 120 27 Kejserliga
993 1049 100 27 Majestät
1107 1049 8 21 i
1129 1056 39 14 un-

416 1082 141 28 derdänighet
579 1083 129 21 öfverlemna
730 1085 32 19 att
783 1083 118 22 bestämma
923 1083 59 21 tiden
1003 1085 40 20 när
1061 1083 107 28 ifrägava-

416 1117 67 21 rande
498 1117 125 28 förordning
638 1117 39 21 bör
691 1117 64 22 träda
769 1118 8 20 i
791 1118 144 26 verksamhet;
951 1118 91 22 hvarhos
1057 1118 111 26 utskottet,

416 1151 8 21 i
445 1151 101 21 händelse
566 1151 47 21 dess
631 1151 35 21 vid
685 1152 11 27 $
717 1153 24 19 13
761 1152 77 27 gjorda
855 1152 158 27 framställning
1034 1160 34 13 om
1086 1153 82 20 undan-

415 1185 105 28 rödjande
539 1186 23 20 af
579 1187 57 19 ännu
658 1186 141 27 gvarstäende
820 1187 75 21 hinder
917 1187 8 20 i
947 1187 222 27 landtmannafartygs

416 1220 181 28 seglationsfrihet
611 1220 74 21 vinner
704 1220 130 22 Ständernas
852 1220 67 27 bifall,
933 1221 65 21 bordt
1012 1221 109 21 vördsamt
1135 1223 34 19 ut-

416 1254 65 28 bedja
496 1254 32 28 sig
542 1256 33 20 att
590 1254 119 22 Ständerna
724 1255 48 21 ville
787 1255 7 21 i
810 1256 61 20 deras
886 1262 49 14 svar
950 1254 13 22 &
977 1255 140 22 förevarande
1131 1254 38 22 nä-

417 1288 51 28 diga
485 1289 133 27 proposition
636 1289 39 21 hos
690 1289 59 21 Hans
764 1289 119 28 Kejserliga
897 1290 101 27 Majestät
1015 1288 155 29 underdänigst

417 1322 87 22 anhälla
519 1325 32 19 att
565 1323 77 21 redare
656 1323 7 21 i
678 1323 210 29 landtmannafartyg
903 1323 66 22 mätte
984 1324 85 21 komma
1080 1324 7 20 i
1099 1323 70 28 ätnju-

417 1357 65 21 tande
497 1358 24 20 af
534 1357 125 21 oinskränkt
673 1358 223 27 seglationsrättighet,
912 1358 48 21 med
975 1358 68 21 vilkor
1058 1360 32 19 att
1108 1358 62 27 skep-

417 1398 53 20 pare
489 1391 40 21 och
548 1393 100 26 styrmän,
668 1399 45 13 som
728 1392 109 27 begagnas
856 1392 13 21 å
888 1392 71 28 dylika
974 1392 71 28 fartyg
1060 1392 35 21 vid
1110 1399 60 14 resor

418 1424 29 27 pä
465 1424 120 28 aflägsnare
603 1426 106 20 farvatten
727 1427 27 19 än
773 1426 113 26 Nordsjön,
905 1426 66 27 aflagt
989 1426 34 21 för
1042 1426 67 21 sädan
1128 1426 42 27 sjö-

418 1458 44 22 fart
476 1458 128 22 föreskrifna
619 1459 164 27 kunskapsprotf.

486 1512 140 28 Helsingfors,
643 1513 40 21 den
700 1514 25 20 17
740 1513 43 27 Maj
802 1514 61 20 1867.
