1017 1734
309 152 72 24 Nådiga
391 154 138 23 Propositionen
542 154 35 18 N:o
589 155 28 16 31.
772 154 42 17 1577

88 218 87 22 skrifter
193 225 35 15 om
245 218 127 28 försäljning
390 218 25 22 af
429 220 80 20 utmätt
526 218 101 29 fastighet
641 218 14 22 å
668 218 79 28 landet,
763 219 77 22 varder

88 253 125 28 härigenom
228 252 102 29 stadgadt
343 253 41 22 och
398 253 128 22 förordnadt
541 260 46 15 som
601 252 73 29 följer:

441 314 12 27 8
469 315 19 20 1.

156 355 34 23 Då
207 357 39 21 hos
263 356 110 23 Guvernör
391 357 119 29 ansökning
528 358 63 28 göres
605 359 32 20 att
651 358 102 28 fastighet
768 356 12 23 å
794 358 46 21 lan-

89 391 37 23 det
142 390 37 24 må
197 391 33 23 för
249 391 50 28 gäld
316 393 62 26 tagas
395 392 8 21 i
421 393 46 21 mät
485 392 40 22 och
543 398 76 22 genom
637 392 87 22 auktion
739 392 101 29 utbjudas

88 426 33 23 till
138 426 137 29 försäljning,
294 426 65 23 varde
381 426 129 29 gäldenären
533 426 97 23 deröfver
651 427 65 27 hörd;
739 427 41 22 och
803 434 38 21 ege

89 460 59 24 såväl
163 461 94 22 sökande
272 469 47 14 som
333 461 102 28 gäldenär
449 461 168 28 tillkännagifva,
633 462 105 21 hvardera
752 462 34 21 för
801 462 39 28 sig,

90 504 34 15 om
142 497 44 20 han
203 496 37 22 vill
258 496 65 22 hafva
341 496 114 22 auktionen
473 496 106 22 förrättad
594 495 13 22 å
621 496 155 23 landskansliet
790 497 52 22 eller

90 530 13 23 å
118 531 75 28 sjelfva
207 531 135 28 fastigheten,
357 531 52 22 eller
425 530 13 22 å
453 533 66 20 annat
532 531 99 28 lämpligt
645 531 62 22 ställe
721 532 8 21 i
744 531 41 22 den
800 533 40 26 ort,

90 566 38 21 der
142 565 129 28 fastigheten
287 567 24 20 är
325 565 96 28 belägen.

442 626 11 28 8
470 627 20 20 2.

158 669 70 23 Hafva
246 669 109 22 sökanden
374 669 39 22 och
432 669 130 28 gäldenären
579 669 9 22 i
605 669 82 29 förslag
704 677 36 15 om
757 669 85 29 försälj-

90 705 125 28 ningsställe
233 705 33 28 sig
284 704 95 27 förenat;
393 705 66 21 varde
477 705 115 22 auktionen
608 705 37 21 der
659 705 113 22 förrättad.
802 705 40 22 Fö-

91 739 69 23 reslär
174 740 111 21 sökanden
300 741 31 20 ett
345 739 206 28 försäljningsställe,
562 747 48 14 men
625 739 130 28 gäldenären
766 741 76 26 annat;

90 774 67 29 gifves
179 773 140 30 gäldenärens
345 774 80 28 förslag
447 774 114 22 företräde.
597 774 47 22 Har
666 774 75 23 endast
763 775 79 22 endera

90 809 81 28 förslag
190 809 32 21 till
239 808 201 29 försäljningsställe
459 809 109 28 aflemnat;
587 809 65 22 varde
670 809 36 22 det
720 809 25 22 sä
760 809 82 28 ansedt,

91 851 46 15 som
151 843 57 23 hade
223 844 41 21 den
278 843 69 22 andra
362 844 71 22 dertill
447 844 84 22 hifallit.

444 906 11 28 8
472 907 18 20 3.

160 948 130 23 Underläter
304 947 55 24 bäde
377 949 95 21 sökande
487 949 40 22 och
541 948 104 29 gäldenär
659 950 32 21 att
706 948 79 23 föreslä
799 949 44 22 för-

91 984 173 29 säljningsställe,
283 990 39 22 ege
341 983 137 23 Guvernören
496 984 102 22 förordna
612 985 33 21 att
659 984 116 22 auktionen
789 984 55 22 skall

92 1019 14 23 &
120 1019 163 23 Landskansliet
298 1019 109 22 förrättas.
437 1019 45 27 Lag
500 1026 82 15 samma
595 1026 52 14 vare
665 1026 34 14 om
717 1021 57 19 emot
792 1020 52 21 auk-

92 1056 84 23 tionens
190 1055 107 25 hållande,
314 1054 37 22 der
369 1054 41 22 den
429 1054 65 28 enligt
509 1055 10 27 $
536 1055 12 20 2
563 1053 67 23 borde
645 1054 42 26 ske,
702 1053 143 23 förekommer

92 1090 67 29 nägot
174 1090 117 28 synnerligt
305 1089 82 27 hinder,
402 1088 81 22 hvilket
496 1089 8 20 i
519 1088 78 22 sädant
610 1088 39 22 fall
662 1088 40 22 bör
716 1088 8 21 i
735 1088 110 22 Guvernö-

92 1133 50 14 rens
164 1125 71 22 beslut
256 1132 35 14 om
313 1124 114 22 auktionen
448 1124 98 21 utsättas.
575 1122 77 22 Bestär
670 1123 110 28 egendom,
799 1130 47 14 som

94 1160 54 22 skall
167 1159 13 23 &
198 1158 219 29 utmätningsauktion
436 1157 105 29 försäljas,
557 1157 24 23 af
594 1164 45 14 mer
654 1159 27 20 än
697 1156 46 23 ätta
756 1158 88 26 mantal,

94 1195 52 22 eller
164 1194 25 22 af
204 1194 124 28 lägenheter
345 1193 8 22 i
371 1193 58 21 olika
445 1193 103 27 tingslag;
567 1192 112 22 ankomme
693 1191 29 28 pä
737 1192 109 22 Guvernö-

94 1236 39 15 ren
152 1230 32 20 att
200 1228 77 28 pröfva
295 1234 35 15 om
347 1227 126 21 auktionens
488 1226 133 22 förrättande
635 1226 141 22 annorstädes
791 1227 28 20 än
833 1224 14 23 &

94 1262 154 24 landskansliet
262 1261 37 22 mä
313 1260 86 23 tillätas.

447 1321 12 28 8
475 1323 19 20 4.

164 1366 102 20 Kommer
284 1364 88 21 auktion
389 1364 34 20 till
440 1363 127 27 försäljning
585 1363 25 20 af
625 1364 78 19 utmätt
718 1363 102 26 fastighet
834 1362 14 21 ä

96 1399 74 22 landet
184 1400 33 20 att
231 1399 37 21 ske
283 1397 140 22 annorstädes
438 1398 27 19 än
477 1395 13 22 &
501 1396 163 26 landskansliet;
679 1395 55 22 skall
748 1396 42 21 den
804 1396 43 21 för-

96 1435 70 20 rättas
179 1433 25 22 af
216 1431 159 23 vederbörande
390 1430 138 29 Kronofogde
541 1431 8 20 i
563 1431 92 21 närvaro
670 1430 24 22 af
705 1429 38 23 tvä
757 1430 91 28 ojäfvige

97 1466 234 24 Häradsnämndemän.
354 1461 30 26 Är
395 1465 153 28 Kronofogden
558 1465 49 21 med
622 1465 226 28 utmätningssökande

98 1503 52 22 eller
168 1502 104 29 gäldenär
289 1501 8 22 i
315 1500 68 23 sädan
401 1500 114 29 skyldskap
534 1499 52 22 eller
601 1499 135 29 svägerskap,
751 1507 47 15 som
813 1507 35 15 en-
