1023 1714
334 142 85 17 Finlands
431 142 85 17 Ständers
528 142 66 17 Beslut.
773 142 44 16 1775

90 204 129 27 ärenderna;
234 206 33 20 att
280 206 97 27 upptaga
388 206 41 21 och
439 206 49 21 leda
499 205 222 28 öfverläggningarne;
733 206 32 20 att
776 204 64 22 fram-

90 238 64 22 ställa
171 239 133 27 proposition
322 238 34 22 för
370 239 80 21 besluts
465 239 102 26 fattande,
582 238 154 22 vidmakthålla
750 238 91 28 ordning

89 272 36 22 vid
140 272 172 22 sammanträden
328 273 40 21 och
383 273 80 27 jemväl
477 274 8 20 i
499 273 65 27 öfrigt
578 273 55 21 vaka
648 273 97 21 deröfver
760 275 32 19 att
806 272 34 22 så-

91 306 53 21 dant
161 313 47 14 som
226 306 78 21 strider
318 308 44 20 mot
380 306 84 22 landets
479 307 131 27 grundlagar
623 307 47 21 icke
684 306 36 22 må
734 307 7 21 i
756 306 86 22 ståndet

91 340 69 21 under
175 340 160 28 öfverläggning
350 340 90 26 komma,
457 340 108 22 äfvensom
579 342 32 20 att
626 340 79 22 afsluta
719 341 93 27 plenum.

158 374 179 22 Landtmarskalk
348 375 51 21 eller
413 376 82 21 talman
510 374 35 23 må
559 375 65 21 likväl
639 375 18 27 ej
673 378 51 25 taga
739 375 34 21 del
788 376 7 20 i
810 375 31 21 öf-

91 409 139 27 verläggning
246 409 51 21 eller
312 410 137 27 omröstning,
466 410 39 21 och
521 410 18 28 ej
558 409 68 22 heller
640 409 79 22 föreslå
734 411 66 20 annat
814 411 27 20 än

92 443 41 26 det,
149 450 45 14 som
210 443 108 21 erfordras
332 443 33 21 till
379 444 161 27 verkställighet
554 444 24 21 af
591 444 164 28 grundlagarne,
771 443 71 22 äfven-

92 484 46 15 som
152 477 26 21 af.
190 477 130 22 Ständernas
335 478 51 21 eller
401 477 100 22 ståndens
516 478 106 22 särskilda
640 478 70 21 beslut
724 478 40 21 och
780 478 23 21 af
816 478 26 20 de

91 511 34 22 för
139 511 244 28 landtdagsärendernas
398 512 130 29 behandling
543 512 24 22 af
579 511 90 23 stånden
684 513 94 27 antagna
793 512 48 21 ord-

92 546 77 27 ningar
185 546 39 21 och
239 546 94 27 stadgar.

162 579 105 22 Ständens
282 580 186 28 öfverläggningar
483 582 37 20 äro
536 581 117 27 offentliga,
668 580 77 22 utom
734 575 13 38 i
758 580 26 21 de
798 581 45 20 sär-

94 614 69 21 skilda
178 614 44 26 fall,
238 613 27 22 dä
279 613 67 29 nägot
360 613 63 22 ständ
437 615 34 21 för
485 615 94 21 tillfället
594 614 134 22 annorlunda
742 614 100 22 besluter.

162 648 93 22 Kallelse
269 648 33 22 till
316 648 87 28 plenum
418 648 71 22 ansläs
504 649 69 28 dagen
588 648 46 22 före
649 648 173 22 sammanträdet.

440 709 11 27 8
467 710 34 20 46.

162 751 43 22 Vid
223 751 86 28 plenum
328 759 49 20 eger
395 751 74 28 hvarje
490 751 74 22 ständs
585 751 94 22 ledamot
696 753 45 20 rätt
759 754 32 19 att
812 752 34 21 till

94 786 130 27 protokollet
245 786 47 21 fritt
312 786 46 21 tala
376 787 39 20 och
433 787 58 26 yttra
508 786 33 27 sig
559 786 7 21 i
585 786 43 21 alla
646 785 80 28 frägor,
749 793 45 14 som
818 785 28 22 dä

94 820 139 27 handläggas,
252 821 41 20 och
311 827 34 14 om
363 820 129 27 lagligheten
511 820 24 21 af
552 820 44 26 allt,
616 827 44 14 som
682 820 58 21 inom
761 819 85 22 ständet

95 854 112 28 tilldrager
229 855 38 27 sig.
297 855 33 20 En
351 854 53 22 hvar
426 856 69 26 yttrar
517 855 38 27 sig,
578 853 88 22 stäende
688 855 40 21 och
747 854 47 21 frän
814 855 32 20 sin

95 889 63 28 plats,
177 890 7 20 i
204 889 40 21 den
263 889 90 28 ordning
370 889 43 21 han
433 889 70 21 dertill
521 889 81 21 anmält
620 889 32 28 sig
671 889 40 22 och
732 889 114 28 uppropad

95 923 87 27 blifver;
198 924 40 21 och
253 923 35 22 mä
303 923 18 28 ej
336 922 71 29 någon
421 931 53 14 vara
488 923 122 28 berättigad
621 925 31 20 att
663 923 45 22 tala
722 925 59 20 utom
796 931 51 20 pro-

96 958 96 22 tokollet.

164 993 67 27 Ingen
242 992 68 22 tilläte
321 993 33 27 sig
365 992 167 28 förolämpande,
544 992 92 28 spefulla
648 992 51 22 eller
710 992 61 28 eljest
787 999 61 20 opas-

98 1026 66 22 sande
181 1027 85 27 uttryck
286 1034 34 14 om
339 1027 107 28 Styrelsen
469 1027 51 22 eller
542 1027 94 21 enskilde
657 1034 108 20 personer.
796 1026 53 22 Sker

98 1061 42 26 det,
159 1060 35 22 mä
212 1061 62 21 ordet
291 1061 73 21 kunna
381 1062 78 20 honom
479 1062 24 21 af
518 1061 206 21 Landtmarskalken
743 1061 51 21 eller
808 1061 40 21 tal-

98 1102 92 14 mannen
208 1095 95 27 betagas,
322 1096 39 20 och
380 1096 73 26 pröfve
472 1096 65 21 sedan
552 1094 85 22 ständet
651 1096 105 20 huruvida
770 1095 42 21 han
828 1095 21 21 af

97 1129 206 21 Landtmarskalken
321 1129 51 21 eller
392 1130 123 21 talmannen
537 1129 39 21 bör
599 1128 81 22 erhälla
702 1129 148 27 föreställning

98 1164 40 21 och
156 1164 99 27 varning,
275 1163 51 22 eller
344 1170 35 14 om
397 1164 66 20 saken
481 1164 39 21 bör
538 1163 34 22 till
595 1163 102 22 domstols
719 1163 131 27 behandling

99 1198 140 21 öfverlemnas
255 1198 51 20 eller
321 1198 39 20 ock
376 1197 21 21 få
412 1198 91 21 förfalla.

445 1259 10 26 8
472 1260 33 19 47.

170 1299 95 22 Ständen
283 1300 73 21 kunna
373 1299 28 28 pä
420 1302 31 19 ett
468 1308 48 13 rum
535 1300 159 22 sammanträda
716 1300 32 21 till
768 1307 83 21 gemen-

101 1341 45 14 sam
169 1334 161 27 öfverläggning
355 1334 92 21 rörande
473 1334 79 21 allmän
573 1334 36 21 vid
630 1334 130 27 landtdagen
784 1334 68 21 under

100 1367 160 28 handläggning
277 1367 93 22 varande
389 1367 70 28 fräga,
478 1367 66 22 likväl
561 1369 53 19 utan
636 1368 103 27 rättighet
761 1370 31 19 att
815 1368 38 21 der

100 1401 91 26 besluta,
214 1401 40 21 och
277 1401 56 22 föres
356 1401 72 22 dervid
451 1401 60 22 ordet
530 1401 24 21 af
570 1401 206 22 Landtmarskalken
794 1401 58 26 eller,

102 1443 34 15 om
154 1436 44 21 han
216 1437 24 20 är
258 1435 98 27 hindrad,
372 1436 23 21 af
412 1436 40 21 den
470 1435 135 22 närvarande
624 1436 87 26 talman,
727 1443 45 14 som
788 1435 66 28 enligt

104 1471 40 22 den
159 1471 7 21 i
183 1472 9 20 1
210 1471 11 27 &
240 1471 79 21 mellan
338 1469 89 23 ständen
445 1471 111 27 iakttagna
575 1470 89 28 ordning
680 1471 24 21 är
720 1470 70 22 dertill
804 1471 50 20 när-
