998 1723
204 170 44 16 1274

410 168 71 24 Nådiga
493 170 138 21 Propositionen
643 169 34 17 N:o
691 170 27 16 25.

254 232 72 22 skilda
338 233 183 28 omständigheter
533 233 175 28 oundgängligen
719 232 80 30 kräfva
811 234 76 26 längre
896 232 39 27 tid,

254 267 63 28 högst
336 274 35 13 sex
393 268 110 25 månader,
525 268 38 20 vid
584 267 172 28 Rädstufvurätt
771 268 53 28 före
847 267 90 21 klockan

255 302 43 28 tolf
309 301 33 28 på
360 301 70 28 dagen
448 302 38 20 och
505 302 36 20 vid
556 300 141 22 Häradsrätt
715 302 68 20 innan
798 301 90 21 klockan
903 301 34 28 sju

255 343 34 13 om
304 336 93 28 aftonen,
414 337 32 27 sig
466 336 37 20 hos
518 335 81 21 Rätten
617 336 91 21 inställa
724 336 37 20 och
777 336 48 20 sina
834 336 103 28 fordrin-

254 377 42 21 gar
311 370 25 21 så
351 371 87 20 anmäla
454 370 38 21 och
507 370 86 26 bevaka,
609 377 44 14 som
668 371 9 20 i
691 370 71 21 denna
777 370 78 28 stadga
870 371 67 27 säges,

255 404 38 21 vid
305 404 86 28 förlust
410 404 24 29 af
448 405 30 21 all
496 406 48 19 rätt
563 406 36 20 till
617 404 111 29 betalning
745 412 28 14 ur
792 405 25 21 de
832 405 106 28 afträdda

256 439 159 28 tillgångarne;
434 439 38 21 och
488 439 81 29 besörje
586 439 87 26 Rätten,
689 443 34 17 att
737 440 70 21 denna
822 440 116 27 stämning,

256 473 65 24 hvari
339 473 56 22 skall
412 475 90 20 nämnas
521 475 75 27 dagen,
616 474 29 21 då
664 474 120 21 konkursen
807 474 78 29 börjad
905 475 34 26 är,

256 512 76 25 genast
346 509 80 20 varder
442 509 13 20 &
470 508 92 21 Rättens
580 509 55 21 dörr
655 509 103 28 anslagen
777 509 38 21 och
835 513 32 16 tre
885 509 54 28 gän-

256 543 39 21 der
309 544 10 20 i
334 544 110 20 allmänna
463 543 140 28 tidningarne
621 544 83 28 införd,
724 544 68 28 tredje
810 544 86 28 gången
914 551 25 14 en

256 578 80 21 mänad
346 578 53 29 före
414 578 195 29 inställelsedagen.

567 645 12 28 $
594 643 39 22 20.

314 687 82 22 Rätten
415 688 85 28 åligger
519 691 33 17 att
570 695 33 13 om
625 687 106 30 utfärdad
754 688 99 29 offentlig
876 689 65 20 stäm-

258 724 53 27 ning
326 723 132 21 underrätta
472 722 160 21 vederbörande
646 721 120 28 Guvernör,
783 723 104 29 äklagare
903 723 38 22 och

259 758 107 21 allmänne
385 757 168 28 uppbördsmän,
573 757 113 21 hvarutom
708 759 41 20 alle
771 759 103 28 uppgifne
893 759 48 21 bor-

258 793 94 27 genärer
375 792 39 20 och
434 791 234 29 inteckningshafvare,
687 800 44 13 som
749 793 10 20 i
777 793 73 21 landet
868 794 74 25 vistas,

260 820 60 27 skola
338 826 74 21 derom
430 826 86 21 erhälla
535 826 118 21 kännedom
672 833 75 22 genom
766 827 111 21 särskilda
897 827 45 22 kal-

260 861 68 31 lelser,
345 860 74 22 hvilka
438 860 54 21 böra
510 861 24 21 sä
553 860 67 28 tidigt
637 861 108 29 utfärdas,
762 865 33 17 att
810 861 57 22 bevis
883 862 60 29 öfver

260 895 121 29 delfäendet
393 894 43 22 kan
447 896 13 20 å
474 895 190 29 inställelsedagen
679 903 55 13 vara
749 897 36 20 till
799 896 75 22 hands.

537 958 25 28 $$
577 957 94 22 21—23.

525 1001 155 22 Oförändrade.

571 1065 12 27 $
599 1064 34 21 24.

319 1098 22 29 Ä
356 1107 169 27 inställelsedag,
541 1107 92 21 hvartill
650 1108 135 27 gäldenären
803 1108 56 22 skall
874 1108 70 22 kallas

264 1144 33 17 att
310 1141 142 27 personligen
469 1142 104 24 närvara,
591 1141 42 21 läte
652 1141 81 21 Rätten
751 1142 126 28 offentligen
892 1150 53 21 upp-

264 1176 47 20 läsa
326 1175 143 28 gäldenärens
485 1175 97 21 ansökan
600 1176 59 25 eller,
675 1176 38 20 der
732 1176 53 21 hans
800 1178 101 26 egendom
916 1178 29 28 ef-

264 1212 33 17 ter
320 1208 118 28 borgenärs
460 1209 95 28 yrkande
578 1210 107 27 afträdes,
709 1210 88 21 beslutet
818 1211 80 27 derom,
921 1212 24 20 sä

265 1242 37 21 ock
319 1243 70 28 öfrige
405 1243 138 27 handlingar,
561 1244 80 27 hvaraf
651 1244 158 27 borgenärerne
825 1244 72 21 kunna
912 1253 33 13 om

264 1276 64 20 saken
342 1276 67 28 nödig
425 1276 96 28 kunskap
534 1277 35 27 få.
599 1276 73 21 Sedan
689 1278 58 28 gifve
767 1278 54 20 hvar
837 1278 108 29 borgenär

264 1310 125 28 skriftligen
403 1318 43 20 upp
462 1312 34 19 sin
509 1311 99 28 fordran
623 1312 46 20 med
684 1312 40 20 den
739 1314 48 18 rätt
802 1313 42 20 han
855 1314 91 27 pästär;

265 1345 63 27 lägge
344 1344 37 21 ock
397 1344 25 21 de
438 1344 132 29 handlingar
585 1346 30 26 in,
633 1346 30 28 pä
681 1346 74 22 hvilka
774 1347 42 21 han
835 1349 34 20 sin
885 1349 61 20 talan

264 1379 106 29 grundar.
405 1378 139 23 Obemedlade
564 1384 83 24 parter,
671 1388 45 14 som
737 1382 20 28 ej
779 1383 72 28 sjelfjve
875 1383 71 21 kunna

265 1414 90 29 skrifva,
370 1421 51 14 vare
436 1414 53 22 dock
505 1416 81 20 tillåtet
601 1419 33 17 att
648 1417 48 20 sina
709 1417 136 29 fordringar
860 1419 87 21 muntli-

264 1456 41 21 gen
320 1450 94 20 anmäla.

322 1492 74 22 Andra
410 1492 40 22 och
465 1492 69 28 tredje
548 1500 63 23 mom.
627 1494 149 23 oförändrade.
