1014 1720
213 161 44 17 1186
415 160 72 23 Nädiga
497 160 139 22 Propositionen
648 160 35 17 N:o
696 161 28 16 25.

188 214 119 23 bekostnad
315 209 11 39 .
328 214 119 27 beramadt,
466 215 38 21 der
522 215 18 28 ej
558 215 90 28 lagtima
669 214 46 28 ting
736 214 85 22 infaller
839 213 13 22 &
870 213 68 24 sådan

185 244 42 37 tid,
242 251 36 20 att
295 248 96 23 förhöret
409 249 42 23 kan
470 248 73 23 dervid
561 249 38 22 ske
616 249 49 21 med
686 249 139 28 iakttagande
842 249 25 21 af
887 249 27 22 de
931 249 8 21 i

189 284 66 27 sagde
270 284 11 27 &
296 283 126 22 meddelade
435 283 139 22 föreskrifter.
597 283 43 22 För
654 285 66 20 annat
733 283 75 22 förhör
824 283 52 22 eller
889 284 50 21 bor-

189 319 101 27 genärers
311 317 123 27 inställelse,
457 318 52 21 eller
529 325 92 21 upprop,
644 318 52 21 eller
717 317 76 22 sakens
814 317 125 28 afgörande,

189 353 55 22 skall
262 352 101 22 likaledes
381 353 80 20 urtima
478 352 46 28 ting
542 353 24 21 af
581 353 180 21 konkursmassan
779 352 106 26 bekostas,
902 353 38 22 der

190 387 18 28 ej
227 387 93 21 flertalet
337 386 66 22 bland
421 387 162 27 borgenärerne,
603 387 54 21 efter
675 387 41 21 den
734 387 8 21 i
759 387 13 28 &
790 388 27 20 69
836 387 104 27 stadgade

188 421 207 28 beräkningsgrund,
413 421 86 21 förenar
517 421 32 28 sig
567 421 80 26 derom,
662 423 33 19 att
711 421 49 21 med
778 421 76 22 sakens
872 421 68 22 hand-

188 456 103 27 läggning
308 454 36 22 mä
361 455 34 21 till
413 454 89 29 lagtima
518 456 48 27 ting
583 454 69 23 anstä.
680 450 70 27 Äskas
764 456 80 21 urtima
857 456 47 27 ting
918 454 25 23 af

190 497 27 15 en
231 489 52 22 eller
297 488 69 29 nägra
380 489 136 27 borgenärer,
532 496 46 15 som
592 489 83 22 mindre
689 489 123 29 fordringar
826 489 71 26 hafva,
913 489 28 22 dä

190 524 26 22 de
230 523 67 22 andre
312 523 36 22 det
362 523 102 26 bestrida,
479 522 52 23 eller
545 524 40 21 ock
603 523 34 21 för
654 523 158 29 behandlingen
830 523 24 22 af
868 523 73 28 någon

190 557 67 29 fråga,
272 565 47 15 som
334 558 27 22 de
374 558 95 21 sökande
484 557 100 23 särskildt
601 558 71 26 rörer;
692 556 28 23 dä
734 556 36 23 mä
784 558 36 21 det
833 557 29 29 pä
877 558 63 22 deras

190 592 96 22 enskilda
300 592 92 22 kostnad
406 591 75 23 hällas.

527 639 11 28 s
555 639 47 21 112.

258 681 50 22 Alla
325 681 67 28 enligt
410 681 69 21 denna
501 681 76 28 stadga
598 679 29 29 pä
648 681 90 22 Rättens
756 681 130 22 ordförande
904 688 37 14 an-

189 715 129 22 kommande
332 715 156 22 förberedande
502 714 101 29 ätgärder
617 715 7 20 i
639 714 138 23 konkursmäl
795 722 38 21 ege
850 716 45 20 han
909 717 33 20 att

189 751 93 26 vidtaga,
298 749 72 22 fastän
386 749 44 22 han
447 749 69 21 finner
534 749 33 28 sig
581 756 52 15 vara
648 749 69 28 jäfvig
734 751 34 19 att
781 749 8 21 i
803 749 102 28 pröfning
919 749 25 22 af

189 785 66 21 saken
272 783 60 29 ingä:
351 791 49 14 men
418 785 25 20 är
461 783 19 28 ej
499 784 85 25 Rätten,
598 785 61 20 utom
677 783 41 22 den
734 783 80 28 jäfvige
829 783 112 22 ordföran-

190 819 41 21 den
250 818 89 26 domför,
355 817 54 22 skall
428 817 143 22 förhållandet
587 817 24 22 af
626 817 79 22 honom
719 819 53 20 utan
786 817 103 28 dröjsmål
904 825 37 14 an-

189 853 68 21 mälas
275 853 40 21 hos
329 852 122 26 Hofrätten,
468 851 30 28 pä
515 851 36 22 det
569 851 79 28 ojäfvig
667 851 130 22 ordförande
814 851 34 22 för
865 851 76 23 mälets

190 886 130 28 behandling
334 886 36 21 vid
385 886 126 26 domstolen,
525 884 36 23 mä
575 885 153 23 tilförordnas.

530 940 11 27 8
558 941 47 20 113.

258 983 34 23 Då
306 984 89 21 Rättens
413 983 130 22 ordförande
560 982 91 29 vidtagit
668 982 78 28 åtgärd
765 983 51 22 eller
834 983 108 22 meddelat

189 1018 72 23 beslut
274 1019 8 21 i
296 1017 44 27 fall,
357 1017 38 22 der
413 1017 77 22 sådant
508 1017 65 27 enligt
592 1017 70 22 denna
679 1018 77 27 stadga
774 1018 78 21 honom
870 1018 72 21 tillhö-

190 1060 42 19 rer,
246 1051 37 23 må
296 1052 80 28 klagan
391 1051 97 22 deröfver
502 1052 7 20 i
524 1051 87 22 Hofrätt
628 1051 59 22 föras
705 1052 7 20 i
732 1051 40 22 den
791 1052 91 28 ordning
901 1052 41 22 och

190 1087 58 21 inom
266 1086 41 23 den
324 1086 38 26 tid,
378 1093 47 15 som
442 1086 33 21 för
493 1086 76 21 besvär
587 1085 59 22 öfver
660 1086 129 22 Underrätts
807 1086 7 21 i
833 1088 61 20 orten
908 1088 34 20 ut-

190 1121 47 28 slag
255 1122 25 20 är
298 1120 8 22 i
323 1120 37 28 lag
380 1120 117 22 fastställd:
519 1127 48 14 men
589 1120 93 22 beslutet
705 1120 69 28 gånge
796 1120 117 22 emellertid
935 1120 8 22 i

190 1155 166 27 verkställighet,
372 1162 35 14 om
422 1155 18 27 ej
456 1154 78 22 förbud
549 1154 95 22 deremot
659 1154 48 22 från
722 1154 114 22 Hofrätten
853 1155 89 21 mellan-

190 1190 102 21 kommer.
321 1188 112 22 Likaledes
448 1188 61 22 skola
523 1188 43 22 alla
580 1188 25 22 af
617 1188 117 22 domstolen
752 1188 68 22 under
834 1188 108 28 rättegån-

192 1231 41 21 gen
247 1224 8 20 i
269 1222 138 22 konkursmål
426 1223 81 21 fattade
525 1223 76 26 beslut,
621 1222 57 22 ändå
696 1225 33 19 att
747 1223 26 22 de
787 1224 7 20 i
808 1223 88 22 Hofrätt
911 1223 31 21 öf-

191 1258 119 26 verklagas,
325 1257 59 27 tjena
397 1256 33 22 till
445 1256 112 28 efterföljd,
572 1257 33 21 till
617 1257 48 21 dess
675 1257 115 21 Hofrätten
800 1257 59 21 öfver
868 1257 74 27 klago-

191 1290 65 22 målet
271 1291 32 26 sig
317 1290 82 21 utlåtit:
414 1290 97 21 härifrån
525 1290 64 21 likväl
604 1290 137 27 undantagne
756 1290 73 28 frågor
841 1298 35 14 om
887 1291 55 27 gode

191 1325 61 21 mäns
267 1324 51 22 eller
333 1323 128 29 sysslomäns
476 1324 79 22 arvode
569 1323 34 22 för
618 1324 177 22 konkursmassas
806 1324 135 29 förvaltning,

191 1359 33 22 uti
244 1359 72 22 hvilka
340 1357 79 29 frågor,
443 1359 37 22 der
502 1358 26 22 de
549 1358 141 23 underkastas
712 1359 98 23 Hofrätts
831 1360 111 28 pröfning,

166 1396 4 5 *
192 1394 124 22 Hofrättens
330 1393 145 23 förordnande
490 1393 85 23 afbidas
591 1394 60 22 skall.

529 1449 11 28 S
557 1450 46 21 114.

261 1492 49 22 Alla
328 1492 87 22 skrifter
433 1493 40 21 och
491 1492 128 28 handlingar
636 1493 8 21 i
662 1492 137 23 konkursmä!
820 1493 62 23 skola
898 1496 44 20 tve-
