978 1725
202 148 43 16 1438
406 147 71 23 Nådiga
489 148 137 22 Propositionen
638 148 34 17 N:o
686 148 27 16 27.

177 210 131 22 förändrade
328 210 90 28 lydelse:
448 210 57 27 ,För
521 210 131 30 fördelning
675 210 26 28 af
717 210 41 21 den
775 210 154 28 gästgifvare-,

178 250 81 15 reserv-
283 244 38 22 och
344 244 175 30 hållskjutsning,
543 252 43 14 som
610 245 25 28 af
652 244 129 29 skjutslaget
799 243 131 23 omedelbart

178 280 94 28 utgöres,
291 280 103 28 upprätte
413 279 138 29 kronofogde,
567 280 10 20 i
590 279 89 22 samråd
697 279 47 21 med
761 279 76 22 ombud
846 279 43 28 för
904 278 26 22 de

179 314 35 21 till
236 313 128 29 skjutslaget
387 314 97 21 hörande
507 314 129 26 kommuner,
660 313 97 22 särskild
777 314 72 28 längd,
866 313 64 21 hvari

172 348 43 28 för
231 348 75 29 hvarje
321 349 133 29 gästgifveri
467 352 104 25 upptages
587 348 56 22 huru
654 348 81 28 många
747 348 77 21 hästar
835 348 95 29 gästgif-

178 390 67 13 varen
269 383 40 21 bör
331 384 60 20 hålla
411 387 54 17 samt
485 383 74 21 hvilka
577 383 124 29 lägenheter
717 384 40 20 äro
773 384 106 27 anslagna
894 383 36 21 till

178 418 121 27 utgörande
319 418 25 28 af
360 424 82 14 reserv-
461 418 52 21 eller
533 417 115 29 hållskjuts
668 417 109 27 äfvensom
794 418 83 20 antalet
892 417 38 21 hä-

179 455 53 23 star,
255 459 45 14 som
313 452 57 29 från
387 452 74 29 hvarje
479 452 98 29 lägenhet
590 452 74 28 utgår.
695 452 102 21 Börande
812 451 119 29 skjutsnin-

177 493 41 21 gen
240 487 91 21 emellan
350 486 61 22 dessa
431 488 122 27 lägenheter
563 486 101 29 fördelas
684 486 91 22 sålunda
791 490 33 18 att
838 486 92 22 nämnde

178 520 77 22 besvär
271 521 97 21 drabbar
383 522 53 26 dem,
452 522 72 21 såvidt
538 521 88 29 möjligt
642 522 33 25 är,
691 522 9 20 i
711 522 70 28 jemnt
785 521 146 29 förhållande

179 555 35 21 till
233 555 64 22 deras
315 556 83 21 mantal
417 560 54 17 samt
487 556 226 29 skjutsningsdygnens
729 556 61 21 antal
798 556 43 29 för
856 556 74 29 hvarje

179 590 100 28 lägenhet
293 591 10 20 i
319 591 217 28 öfverensstämmelse
556 590 85 21 dermed
659 589 121 22 uträknas:
798 590 38 22 och
851 590 57 21 skall
922 591 10 20 i

172 624 135 29 förberörde
331 625 66 28 längd
417 625 64 29 äfven
499 626 87 27 intagas
602 625 41 21 den
658 625 102 28 ordning,
777 625 53 28 efter
846 624 86 22 hvilken

179 659 88 27 enhvar,
290 667 45 14 som
356 660 36 21 till
415 667 81 14 reserv-
515 659 38 22 och
572 659 115 29 hållskjuts
706 659 91 22 sålunda
812 660 70 21 indelt
897 661 34 26 är,

180 693 39 22 bör
235 694 69 21 denna
319 694 122 29 skyldighet
450 695 110 28 fullgöra.
583 693 77 22 Denna
677 693 136 30 skjutslängd
825 694 62 27 skall,
901 702 31 13 se-

179 728 44 21 dan
241 729 41 21 den
297 729 37 21 vid
349 729 216 21 kommunalstämma
580 729 38 21 och
632 728 166 22 Häradsrätten
812 729 120 29 undergått

180 764 143 28 granskning,
343 764 74 21 tillika
435 765 48 20 med
502 764 25 21 de
538 764 155 28 påminnelser,
709 771 44 14 som
768 764 76 21 dervid
860 764 72 22 kunna

178 799 73 28 göras,
264 799 25 28 af
299 798 154 29 Kronofogden
465 799 104 20 insändas
581 799 35 20 till
637 797 141 23 Guvernörens
791 799 141 27 fastställelse

180 833 37 21 och
232 833 95 28 derefter
343 834 36 21 till
394 833 172 22 vederbörandes
581 833 144 28 efterrättelse
741 833 109 28 kungöras
860 835 11 19 i
882 833 50 28 kyr-

180 866 72 28 korne,
272 868 109 28 äfvensom
396 868 81 28 utdrag
493 867 64 30 deraf
571 867 40 21 bör
628 868 12 20 å
656 868 75 28 hvarje
747 868 132 29 gästgifveri
888 868 44 28 fin-

179 910 39 14 nas
234 906 33 17 att
282 902 82 29 tillgå.

247 938 106 20 Ansvaret
367 937 35 22 för
417 937 26 22 de
457 937 168 26 försummelser,
641 944 46 15 som
702 939 124 20 omnämnas
840 938 8 21 i
863 939 12 20 3
892 938 40 22 och

180 972 12 20 5
211 979 64 14 mom.
291 972 24 20 af
328 973 13 19 9
356 972 18 27 &,
390 979 52 14 anse
457 972 125 26 Ständerne,
597 972 49 21 med
662 972 99 22 afseende
777 972 13 22 å
804 972 128 22 förseelsens

178 1006 154 26 beskaffenhet,
347 1006 53 21 böra
415 1006 110 22 nedsättas
540 1006 33 21 till
587 1006 30 22 tio
629 1007 68 25 mark,
709 1006 92 22 hvarhos
813 1006 120 22 Ständerne

179 1039 58 23 hålla
251 1041 52 25 före,
320 1042 32 20 att
366 1041 8 21 i
389 1040 105 28 sistsagde
508 1048 63 14 mom.
583 1041 67 21 borde
661 1042 91 21 insättas
765 1043 29 19 ett
805 1042 127 27 stadgande,

180 1075 24 21 af
219 1074 94 23 innehäll
329 1077 32 19 att
375 1076 130 28 gästgifvare
521 1083 50 20 eger
585 1075 33 22 för
634 1076 46 26 den,
697 1084 46 14 som
757 1076 128 22 försummat
900 1077 33 21 att

179 1110 8 20 i
201 1110 89 27 behörig
305 1110 32 20 tid
352 1110 82 21 infinna
449 1110 32 27 sig
496 1110 33 21 till
545 1110 74 28 skjuts,
634 1110 49 27 lega
698 1111 49 21 häst
762 1111 39 21 och
817 1110 70 22 äkdon
902 1110 30 28 pä

181 1144 40 21 den
242 1143 135 29 försumliges
399 1144 124 22 bekostnad.
553 1144 47 21 Den
622 1144 130 22 förändrade
774 1144 87 28 lydelse,
880 1146 12 20 9
912 1145 19 28 $,

180 1179 67 27 enligt
261 1178 131 22 Ständernas
408 1179 91 27 mening,
515 1179 67 21 borde
593 1179 7 20 i
610 1179 76 27 antydt
697 1179 55 27 syfte
763 1179 87 26 erhälla,
862 1179 70 22 blefve

180 1212 81 23 således
284 1213 105 27 följande:
419 1212 58 27 ,Den
500 1220 44 13 som
567 1213 35 21 till
624 1213 116 28 hällskjuts
758 1213 70 21 indelt
846 1215 34 24 är,
896 1213 36 22 mä

180 1247 69 22 denna
271 1247 121 28 skyldighet
413 1254 76 21 genom
510 1247 136 28 gästgifvare
668 1248 53 20 eller
741 1255 71 13 annan
821 1247 111 28 fullgöra,

179 1287 47 14 men
241 1287 90 14 ansvare
347 1281 52 27 sjelf
407 1280 42 28 för
465 1281 56 20 hvad
536 1281 66 20 denne
614 1281 77 20 dervid
704 1281 106 20 äsidosatt
821 1281 53 20 eller
886 1280 46 21 icke

181 1315 94 28 lagligen
284 1314 115 29 fullgjort.

247 1347 73 22 Innan
341 1348 136 29 gästgifvare
495 1348 43 29 fär
560 1348 82 29 skjutsa
662 1348 40 22 bör
721 1349 65 21 alltid
799 1349 63 30 först
877 1349 56 22 häll-

180 1383 101 29 skjutsen,
300 1383 39 22 der
357 1383 70 21 sådan
441 1383 76 27 finnes,
534 1383 66 29 hafva
613 1384 80 27 utgått.
723 1382 73 23 Scdan
810 1384 122 29 gästyifva-

180 1427 38 13 ren
233 1419 100 28 skjutsat,
348 1418 36 21 mä
398 1417 170 29 reservskjutsen
579 1418 110 29 päkallas.

248 1451 142 31 Gästgifvare
415 1457 53 17 samt
488 1453 25 21 de
532 1453 123 29 skjutsande
679 1454 60 21 skola
759 1461 54 14 vara
825 1454 106 29 försedde

179 1489 46 21 med
245 1489 124 28 ordentliga
388 1488 71 21 äkdon
475 1487 38 22 och
529 1489 59 28 öfrig
604 1487 134 30 körredskap
754 1489 54 29 efter
824 1489 108 22 ärstidens
