992 1720
268 140 73 23 Nådiga
352 141 138 22 Propositionen
502 141 35 17 N:o
550 141 27 16 26.
731 141 43 16 1297

48 205 34 28 sig
103 206 58 21 emot
183 204 75 28 sjelfva
279 203 226 29 fordringsanspräket
527 205 20 28 (&
568 205 43 28 11).
639 204 11 21 I
668 204 99 22 afseende
786 203 13 22 å

48 239 99 27 uppbörd
170 238 24 22 af
213 239 109 22 allmänna
340 239 68 21 medel
427 240 25 20 är
469 239 122 27 inteckning
605 239 7 20 i
627 238 172 27 uppbördsmans

48 273 102 27 fastighet
163 273 69 22 under
246 273 56 21 vissa
316 273 68 21 vilkor
399 273 125 27 medgitven,
540 272 33 22 för
589 274 32 19 att
635 272 117 29 dymedelst
763 272 36 21 be-

48 307 53 23 reda
120 315 26 14 en
160 306 116 28 öfvergång
291 307 33 22 till
338 307 102 21 framtida
454 307 151 28 upphäfvande
620 307 24 21 af
656 314 29 14 nu
700 306 100 28 gällande

48 343 58 26 tysta
127 341 164 28 hypotheksrätt
309 341 7 21 i
334 341 29 21 all
382 341 53 22 hans
454 341 102 28 egendom
574 341 21 28 ($
613 341 42 27 13).
684 339 116 29 Angående

48 376 224 27 inteckningsärendes
292 375 129 28 behandling
439 376 35 21 vid
492 375 172 22 mellankommet
678 375 85 28 ombyte
778 375 25 22 af

48 411 142 27 fastighetens
212 417 70 20 egare,
302 412 55 19 samt
371 417 35 14 om
421 410 133 27 intecknings
568 410 80 21 verkan
662 410 35 21 vid
712 410 89 21 klander

48 445 8 21 i
75 444 117 28 jordafång
215 444 51 22 eller
284 444 132 26 bördstalan,
435 444 108 21 meddelas
557 445 100 20 närmare
672 444 129 21 bestämnin-

49 486 39 21 gar
104 480 33 27 ($$
154 480 33 25 16,
205 480 32 25 17,
254 480 42 26 18).
323 479 40 21 Till
378 479 106 21 vinnande
498 478 24 22 af
535 478 88 21 säkrare
637 478 114 28 utredning
766 486 35 14 om

50 514 41 22 den
107 521 76 20 genom
198 514 122 27 inteckning
336 513 104 27 stadgade
451 512 138 22 förmånsrätt
601 513 39 21 bör
652 513 75 27 dagen,
739 513 62 21 hvar-

49 547 57 23 ifrån
127 548 233 27 inteckningsgiltighet
378 548 103 27 vidtager,
496 548 8 20 i
518 547 71 27 utslag
603 548 41 20 och
659 547 143 27 intecknings-

50 583 58 21 bevis
131 582 143 28 uttryckligen
295 584 92 19 utsättas
407 583 33 27 ($$
456 584 34 24 20,
506 582 44 27 21).
580 582 136 26 Intecknings
731 581 71 27 förny-

51 617 43 21 else
110 618 24 20 är
149 616 34 22 för
197 616 134 28 borgenären
345 616 138 21 underlättad
498 617 20 27 ($
535 616 46 28 24);
598 616 39 21 och
652 616 56 21 hvad
722 615 80 21 beträf-

50 651 35 21 far
108 651 99 21 dödande
226 650 24 22 af
266 650 122 28 inteckning
402 651 8 20 i
425 650 107 28 fastighet,
552 657 45 14 som
612 650 69 21 blifvit
696 649 13 21 å
723 651 79 19 utmät-

51 686 72 27 nings-
146 685 51 21 eller
219 685 183 21 konkursauktion
420 684 87 26 försåld,
523 692 48 14 men
586 684 63 21 hvars
665 684 138 27 köpesumma

52 720 19 27 ej
94 720 87 21 betäckt
203 719 43 22 alla
261 719 127 21 intecknade
402 719 128 27 fordringar,
546 718 67 22 finnes
628 720 65 26 utväg
708 718 94 26 anvisad,

51 761 46 15 som
112 756 120 19 motsvarar
246 752 56 23 både
316 754 106 26 köparens
437 755 45 19 rätt
496 753 39 21 och
548 752 108 22 allmänna
667 752 137 22 säkerhetens

51 788 51 22 kraf
118 789 22 27 (8
160 789 43 27 29).
233 788 161 28 Eganderätten
412 788 32 20 till
462 788 43 20 fast
523 787 52 28 gods
591 788 24 20 är
630 787 124 28 ytterligare
768 787 37 21 be-

52 822 92 29 tryggad
163 822 129 28 derigenom,
312 824 32 20 att
362 822 122 27 inteckning
503 822 18 27 ej
537 821 89 21 hindrar
640 822 127 26 pröfningen
782 821 25 21 af

52 865 43 20 nya
107 857 39 27 jäf,
163 864 46 13 som
224 856 48 21 från
287 856 202 27 fastighetsegarens
504 856 47 21 sida
565 856 73 20 kunna
653 857 57 19 emot
724 856 81 20 inteck-

52 892 44 21 nad
118 891 89 22 fordran
230 892 63 26 göras
316 891 20 27 (&
356 891 47 26 30);
423 891 41 20 och
482 890 99 27 slutligen
600 891 24 19 är
639 891 66 20 sättet
719 890 34 20 för
768 891 37 19 än-

54 925 169 28 dringssökande
240 925 8 21 i
266 925 98 21 Hofrätts
386 925 71 26 utslag
479 924 122 21 förenkladt
615 923 97 26 sälunda,
727 925 32 20 att
773 924 32 21 in-

53 959 185 28 teckningsfrägor
260 958 22 23 få
304 966 76 21 genom
398 959 77 21 besvär
494 959 77 27 dragas
586 958 33 21 till
633 959 78 27 högsta
725 959 80 20 instan-

54 1003 37 14 sen
106 996 21 27 (8
144 995 43 27 31).

122 1029 62 21 Hvad
204 1027 46 23 äter
269 1027 67 29 angär
351 1027 214 28 förmänsordningen
579 1027 8 21 i
601 1027 100 26 konkurs,
717 1027 89 22 hvarom

54 1064 92 22 särskild
168 1063 128 27 författning
317 1070 29 13 nu
366 1063 80 27 jemväl
464 1061 95 27 föresläs,
576 1063 40 20 har
631 1062 124 21 densamma
769 1069 37 14 an-

54 1101 53 19 setts
122 1098 47 21 icke
184 1097 53 22 böra
252 1099 97 26 upptaga
364 1097 212 28 specialstadganden
591 1104 34 14 om
640 1095 36 22 län
688 1097 66 26 enligt
765 1097 42 27 sjö-

54 1133 64 28 lagen
140 1133 40 21 och
199 1132 70 27 förlag
284 1132 33 21 till
332 1131 55 21 bruk
403 1131 51 21 eller
470 1131 79 26 fabrik;
565 1131 99 21 hvarföre
679 1131 76 21 endast
769 1138 38 13 an-

55 1168 84 27 visning
161 1167 32 20 till
213 1167 69 20 denna
297 1166 105 21 särskilda
417 1166 133 27 lagstiftning
565 1165 40 21 här
620 1165 85 21 influtit.
734 1165 74 27 Enligt

55 1201 192 26 Konkursstadgan
270 1200 24 21 af
313 1200 40 21 den
373 1201 25 21 28
414 1200 51 20 Juni
482 1201 52 22 1798
551 1200 10 27 $
579 1201 11 18 3
606 1207 62 13 mom.
685 1201 13 18 4
713 1200 25 19 är
752 1199 56 20 före-

56 1235 64 21 träde
135 1234 113 27 medgifvet
264 1233 22 22 åt
300 1233 113 28 borgenär,
429 1233 34 21 för
477 1234 63 21 hvars
555 1233 88 21 fordran
658 1233 41 21 viss
713 1233 95 27 lösegen-

58 1269 50 22 dom
130 1268 92 28 lagligen
244 1268 66 27 tagits
328 1268 4 20 i
346 1269 45 19 mät
406 1268 40 21 och
461 1268 81 25 förvar;
559 1268 40 21 och
611 1267 66 27 jemte
693 1267 36 21 det
743 1267 66 27 sagde

56 1303 104 27 rättighet
174 1302 69 21 blifvit
257 1303 99 19 närmare
371 1302 98 20 bestämd
480 1302 6 20 i
498 1301 99 21 afseende
609 1300 13 22 ä
633 1301 97 21 kollision
747 1301 62 21 emel-

57 1338 36 20 lan
115 1337 51 21 flere
184 1336 137 27 borgenärer,
340 1337 38 19 äro
398 1335 94 21 derifrån
507 1335 139 27 undantagna
661 1334 82 22 sådana
757 1336 52 20 hän-

58 1371 70 21 delser
150 1369 33 27 då,
207 1370 66 27 enligt
292 1369 121 27 föreslagen
428 1376 28 20 ny
471 1368 176 27 Konkursstadga
663 1369 39 20 och
717 1368 92 21 Förord-

58 1406 51 26 ning
132 1412 34 13 om
190 1403 176 27 urarfvagörelse,
382 1402 134 28 återvinning
531 1402 24 22 af
568 1402 130 28 egendomen
713 1402 33 21 till
761 1402 50 22 boet

58 1440 40 21 bör
113 1446 41 21 ega
168 1446 47 14 rum
231 1438 20 28 ($
269 1438 29 28 8).
320 1438 47 20 Den
382 1437 7 21 i
405 1438 12 20 8
433 1438 11 26 $
462 1438 24 20 17
502 1437 49 27 kap.
567 1436 174 22 Handelsbalken
753 1436 57 22 stad-

59 1474 55 28 gade
132 1472 140 22 förmånsrätt
286 1472 8 22 i
308 1471 148 29 förmyndares
474 1472 39 21 och
532 1471 171 28 uppbördsmans
719 1471 53 27 gods
787 1472 24 20 är
