981 1723
275 142 72 24 Nådiga
357 144 137 22 Propositionen
505 145 36 17 N:o
553 146 28 16 27.
735 146 44 16 1365

49 205 74 29 finnes,
147 207 34 22 till
202 214 38 16 sex
251 207 84 23 :alnars
352 207 69 23 bredd
434 208 139 28 borthuggas,
589 207 29 29 pä
633 208 36 23 det
682 210 68 26 vägen
765 208 38 22 ha-

50 242 81 28 stigare
152 241 37 23 mä
210 242 114 28 upptorka.
354 242 41 22 Vid
417 243 70 28 byväg
504 250 50 14 vare
566 243 116 28 jordegare
697 243 55 21 dock
766 243 37 22 be-

49 276 96 28 rättigad
160 278 32 20 att
206 275 109 23 bibehälla
330 276 29 22 all
374 277 57 28 slags
446 276 97 22 växande
557 278 54 27 skog
624 278 36 21 vid
674 277 106 27 vägdiket.

118 311 44 21 Der
181 311 75 27 ridväg
271 310 74 26 finnes,
361 310 35 22 mä
412 311 41 21 den
466 310 137 22 underhällas
619 311 54 21 efter
687 311 57 22 hvad
759 310 43 23 Gu-

50 346 104 22 vernören
168 345 88 29 pröfvar
270 345 75 28 nödigt
359 346 8 20 i
381 344 78 24 sädant
474 346 100 22 afseende
588 345 110 23 förordna.

402 401 47 35 38.

116 451 140 28 Landsvägar
271 451 40 22 och
326 451 33 21 till
373 450 114 23 underhåll
502 451 123 22 anbefallda
639 451 95 29 byvägar
748 452 54 22 böra

49 486 35 21 vid
99 485 40 22 bar
154 486 62 21 mark
230 485 165 22 vidmakthällas
411 485 96 27 sälunda,
523 487 32 20 att
570 493 35 14 om
619 485 65 22 vären
699 486 43 22 alla
754 493 48 22 gro-

49 527 41 21 par
104 521 41 20 och
160 520 24 22 af
196 522 74 20 vatten
284 519 139 22 förorsakade
440 520 151 28 utskärningar
607 520 62 29 fyllas
684 521 49 21 med
744 528 58 21 grus,

50 555 54 22 sand
123 555 51 21 eller
188 555 46 21 lera
249 555 66 21 innan
330 556 68 27 vägen
413 555 78 21 hunnit
505 554 72 27 torka;
593 555 34 22 för
641 555 80 22 hvilket
736 555 66 22 ända-

48 589 46 22 mål
114 589 76 28 nödigt
208 591 25 20 är
252 591 33 20 att
299 589 85 28 tjenligt
399 589 169 28 fyllningsämne,
584 589 37 22 der
635 588 79 23 sådant
728 590 20 28 ej
763 589 40 22 fin-

49 632 38 15 nes
106 625 8 21 i
133 625 79 28 vägens
233 625 78 21 närhet
333 626 32 20 att
379 623 68 29 tillgå,
463 631 35 15 om
511 625 84 21 vintern
610 624 109 23 anskaffas
733 625 41 21 och
789 624 14 23 &

49 659 99 28 lämpligt
170 659 62 21 ställe
249 659 36 21 vid
303 660 68 26 vägen
389 659 124 28 upplägges.
544 659 73 22 Under
631 666 122 15 sommaren
766 659 37 22 mä

50 693 19 28 ej
91 693 73 29 någon
187 693 100 22 besväras
303 693 48 22 med
366 700 71 15 annan
453 693 164 29 arbetsdrygare
631 694 130 28 väglagning
776 695 27 21 än

50 728 48 26 den,
120 735 47 15 som
184 728 34 21 till
232 727 52 29 följe
299 727 24 22 af
336 728 153 27 utskärningar
503 735 77 21 genom
594 730 73 20 vatten
682 728 52 22 eller
748 735 55 21 upp-

50 763 78 22 komna
151 770 79 20 gropar
248 763 43 21 kan
305 769 53 15 vara
373 762 24 22 af
409 763 77 26 nöden,
501 770 49 14 men
565 763 62 21 sand-
643 763 40 22 och
699 763 103 28 grusning

50 797 52 22 eller
123 798 79 27 vägens
224 797 132 28 lerslagning
374 805 35 14 om
423 797 76 22 hösten
514 797 55 22 skall
583 796 26 23 så
623 798 64 27 tidigt
700 797 104 24 verkstäl-

49 832 39 26 las,
104 833 34 20 att
152 833 95 26 vägarne
261 832 34 21 till
310 831 41 22 den
365 831 38 27 tid,
419 839 46 14 som
480 831 138 23 Guvernören
634 833 54 21 efter
703 831 101 29 pröfning

50 866 24 22 af
88 867 211 27 omständigheterna
314 866 40 22 och
368 866 75 28 hvarje
454 869 44 20 orts
509 867 73 22 lokala
591 866 151 23 förhällanden
754 874 50 21 eger

50 902 44 21 rätt
117 901 124 27 bestämma,
264 901 37 21 vid
323 901 91 22 skeende
433 908 39 21 syn
487 902 72 21 kunna
573 908 52 15 vara
639 902 90 21 försatte
744 902 8 21 i
767 902 36 22 be-

50 936 72 27 hörigt
144 936 65 26 skick,
233 935 55 22 dock
310 937 32 20 att
360 935 77 22 sädant
451 936 19 27 ej
485 935 36 22 mä
535 936 85 21 fordras
635 936 46 21 före
695 936 109 28 ingängen

50 970 25 22 af
95 970 96 22 Oktober
212 969 85 22 mänad.
327 969 100 23 Börande
444 969 153 29 Kronofogden
615 977 35 14 om
669 969 135 23 anställande

50 1004 24 22 af
87 1004 66 28 sagde
168 1011 39 21 syn
221 1004 46 22 låta
281 1005 8 21 i
304 1004 42 29 god
360 1005 32 21 tid
406 1005 59 22 förut
476 1005 8 21 i
495 1004 90 28 behörig
597 1004 90 29 ordning
698 1004 104 29 kungöra.

406 1065 12 28 8
435 1066 18 20 9.

119 1107 158 29 Kronobetjent
291 1107 14 22 ä
318 1107 75 22 landet
406 1108 46 26 bör,
468 1108 53 22 efter
536 1107 131 29 föregängen
681 1107 54 29 tidig
749 1108 54 21 kun-

52 1142 88 29 görelse,
165 1143 54 21 först
241 1150 35 15 om
291 1141 64 23 våren
371 1141 13 23 å
399 1142 41 22 den
453 1143 33 21 tid
500 1143 139 22 Guvernören
653 1142 69 22 finner
735 1142 69 28 lämp-

51 1178 41 28 ligt
106 1177 127 26 bestämma,
248 1177 59 22 hälla
321 1178 88 27 vägsyn,
425 1179 56 20 samt
495 1177 66 22 sedan
575 1176 45 23 läta
634 1176 75 29 pälysa
723 1179 33 19 att
771 1177 33 26 de,

52 1212 82 21 hvilkas
152 1211 107 28 väglotter
273 1211 46 22 icke
334 1211 109 22 befunnits
457 1212 8 21 i
479 1211 91 29 laggildt
584 1211 66 27 skick,
665 1211 61 22 skola
740 1211 65 22 hafva

52 1246 48 22 dem
114 1245 130 22 iständsatta
259 1245 88 22 sednast
361 1245 80 29 fjorton
456 1246 67 28 dagar
538 1245 54 22 efter
606 1245 155 28 kungörandet,
776 1245 29 22 dä

52 1281 62 22 äfven
129 1281 44 21 alla
187 1281 83 21 mindre
284 1281 177 27 bristfälligheter
476 1280 13 22 å
503 1281 66 22 broar
584 1281 40 21 och
635 1282 106 20 trummor
750 1280 56 22 böra

51 1322 53 15 vara
122 1315 111 28 afhjelpte.
263 1314 78 23 Likaså
359 1315 82 28 åligger
456 1315 114 28 Magistrat
584 1315 52 22 eller
651 1314 155 29 Stadsstyrelse

52 1351 33 20 att
100 1357 35 14 om
149 1349 65 22 våren
230 1349 13 22 å
257 1349 68 22 sådan
339 1350 38 25 tid,
393 1357 46 13 som
453 1350 89 27 lämplig
556 1349 73 26 finnes,
644 1349 46 20 låta
700 1356 53 21 syna
764 1349 41 20 och

52 1383 74 22 bättra
148 1383 86 22 stadens
257 1385 67 26 vägar
342 1384 40 21 och
400 1383 72 22 broar.
501 1383 44 21 För
559 1383 148 21 försummelse
722 1384 34 19 att
769 1382 36 22 be-

52 1417 91 29 hörigen
153 1416 129 23 underhålla
292 1418 48 27 väg,
352 1417 67 28 plikte
431 1417 82 22 enskild
523 1416 158 29 väglottsegare
691 1423 38 16 sex
736 1416 69 27 mark,

54 1452 40 22 och
109 1453 140 27 entreprenör
264 1452 33 22 till
311 1452 41 22 och
367 1451 48 23 med
430 1451 121 23 tvåhundra
565 1451 72 27 mark;
652 1451 41 22 och
707 1457 39 22 ege
756 1451 50 21 kro-

54 1487 112 29 nobetjent
184 1486 14 24 å
215 1486 80 27 landet,
314 1493 47 16 som
374 1494 40 22 syn
428 1486 110 27 förrättar,
552 1486 91 22 likasom
657 1486 48 26 den,
720 1485 85 23 hvilken
