1020 1734
232 163 43 16 1548
430 161 69 23 Nådiga
512 162 137 22 Propositionen
660 162 35 17 N:o
708 163 26 16 30.

210 225 37 21 der
261 225 46 21 icke
322 225 72 21 kunna
408 226 104 27 upphöra,
528 226 92 22 hvarhos
635 226 138 21 öfverskottet
788 225 23 21 af
823 225 134 28 bevillnings-

208 259 84 23 medlen
307 260 93 21 anvisats
415 260 32 21 till
461 260 132 22 betäckande
609 260 24 22 af
645 261 123 21 annuiteten
784 259 12 22 å
812 260 35 22 det
862 259 95 27 statslån,

209 302 45 14 som
273 294 34 22 för
325 295 133 27 anläggande
480 296 24 20 af
522 302 42 22 nya
585 295 308 21 kommunikations-anstalter
910 295 49 21 med

209 329 53 21 flera
276 329 143 28 inrättningar
434 330 82 21 komme
532 332 32 19 att
581 331 113 27 upptagas,
710 330 40 21 har
764 330 25 20 E.
805 330 25 21 K.
846 330 45 26 M:t,
907 331 52 20 enär

210 364 36 21 det
264 362 82 23 således
364 363 76 22 blifver
457 364 75 28 nödigt
550 366 32 20 att
599 364 8 21 i
625 364 40 22 och
683 364 34 22 för
736 364 62 22 dessa
816 363 100 23 ändamål
930 372 29 20 ny

209 398 121 28 bevillning,
350 398 53 22 efter
422 399 35 21 det
475 399 122 22 nuvarande
619 399 102 21 inkomst-
740 399 40 22 och
798 399 160 27 näringsbevill-

209 433 51 28 ning
272 433 48 21 med
332 432 24 22 år
369 434 54 20 1867
439 434 91 27 upphör,
546 435 28 20 än
588 434 72 21 vidare
675 435 93 26 utgöres,
783 434 70 20 funnit
865 434 50 27 godt
926 434 33 20 till

209 468 84 21 landets
308 475 29 14 nu
352 467 128 23 församlade
496 468 91 22 Ständer
601 469 8 21 i
635 467 60 23 Nåder
711 468 129 22 öfverlemna
854 468 105 22 huruvida

211 502 26 22 de
251 502 46 22 icke
312 502 49 22 ville
375 502 65 29 åtaga
454 504 32 28 sig
501 505 32 20 att
547 504 7 21 i
570 503 135 22 omförmäldt
716 503 100 22 afseende
826 503 133 22 fortfarande

210 539 78 26 utgöra
305 537 114 29 bevillning
438 538 32 22 till
489 538 136 28 erforderligt
642 538 77 28 belopp
739 540 55 20 samt
812 538 34 22 för
865 538 40 22 den
927 538 32 22 tid

210 572 40 22 och
266 573 53 21 efter
335 572 25 22 de
375 573 99 28 grunder,
490 573 87 22 hvarom
593 574 26 21 de
633 573 73 22 kunna
721 573 187 22 öfverenskomma.

279 607 120 22 Ständerna
417 608 63 22 hafva
498 608 46 22 icke
562 608 81 22 kunnat
661 608 54 28 hysa
735 607 71 29 nägon
828 608 77 22 tvekan
927 609 32 21 att

211 640 64 30 ätaga
289 642 32 28 sig
335 642 115 28 bevillning
462 642 79 28 jemväl
556 642 33 22 för
603 643 59 21 tiden
677 642 53 22 efter
745 641 25 23 är
786 644 61 24 1867,
862 644 23 26 ty
899 644 60 20 utom

211 677 41 26 det,
268 678 32 20 att
318 677 178 27 folkbildningens
514 677 152 28 befrämjande,
683 677 58 21 detta
758 677 119 21 förnämsta
891 678 68 21 vilkor

210 711 34 21 för
261 712 112 21 nationens
391 712 120 27 utveckling
528 712 33 21 till
580 712 66 27 högre
663 712 79 26 kultur,
761 713 25 20 är
806 712 66 21 häraf
891 712 68 22 betin-

210 746 58 28 gadt,
284 746 39 21 har
339 746 40 21 den
395 746 162 28 omständighet,
573 748 32 20 att
619 746 86 22 sednast
724 746 129 22 församlade
868 746 91 22 Ständer

210 780 101 22 anvisade
329 780 137 22 öfverskottet
485 781 23 21 af
524 781 208 28 bevillningsmedlen
751 780 70 23 såsom
836 782 97 21 annuitet
947 780 14 23 å

211 814 177 29 amorteringslån
410 815 33 21 för
464 816 239 24 kommunikationerna,
727 818 58 26 synts
808 816 104 22 innebära
934 823 26 15 en

210 850 129 22 förbindelse
355 849 13 22 å
383 850 130 22 Ständernas
528 850 47 22 sida
589 852 32 20 att
636 850 61 22 äfven
713 850 105 29 framgent
833 852 77 27 utgöra
924 851 36 22 be-

210 885 94 28 villning,
323 884 129 23 åtminstone
469 885 55 22 intill
543 885 47 22 dess
608 885 68 22 andra
697 885 115 28 tillgångar
834 886 69 22 blefve
924 886 34 21 för

212 919 76 22 sådant
303 919 100 22 ändamål
418 920 124 27 disponibla.
566 920 45 21 Och
627 919 34 27 då,
673 921 65 27 enligt
754 921 35 21 det
804 920 24 22 af
841 920 120 23 Ständerna

210 955 36 21 vid
265 954 68 22 denna
351 954 103 28 landtdag
473 957 94 25 antagna
588 955 80 27 förslag
690 955 33 20 till
744 955 216 28 landtdagsordning,

212 988 120 22 Ständerna
353 989 60 21 skola
434 989 32 21 till
488 989 88 28 lagtima
597 989 103 28 landtdag
719 989 160 22 sammanträda
896 990 65 21 minst

212 1023 62 21 hvart
289 1023 64 22 femte
367 1022 30 27 år,
413 1023 64 22 hafva
491 1023 120 22 Ständerna
628 1023 88 22 beslutit
730 1025 32 20 att
778 1024 39 21 den
832 1031 42 20 nya
888 1024 73 21 bevill-

211 1057 79 28 ningen
305 1057 55 22 skall
374 1059 87 26 utgöras
480 1058 33 21 för
531 1057 42 22 fem
591 1057 31 27 år,
638 1057 52 22 eller
704 1057 34 22 för
752 1057 52 22 åren
820 1059 61 24 1868,
898 1059 61 25 1869,

214 1093 61 25 1870,
288 1093 51 20 1871
354 1092 39 21 och
406 1093 60 25 1872,
482 1092 66 28 enligt
562 1093 180 27 nedanupptagna
756 1093 100 27 grunder,
872 1092 89 22 såframt

212 1126 18 27 ej
246 1126 68 21 under
332 1126 59 21 tiden
409 1127 200 21 sammanträdande
628 1126 91 21 Ständer
738 1129 78 25 antaga
835 1133 71 15 annan
924 1127 36 21 be-

211 1161 176 28 villningsstadga
405 1163 32 19 att
455 1161 46 21 före
515 1161 93 21 nämnda
622 1161 42 21 tids
679 1160 81 29 utgång
774 1161 66 22 blifva
855 1161 105 28 gällande.

280 1195 49 22 Med
347 1195 86 28 ledning
452 1195 24 22 af
493 1195 40 21 den
552 1195 126 26 erfarenhet,
701 1203 45 14 som
764 1203 89 14 numera
870 1196 91 25 vunnits,

206 1229 71 22 "hafva
291 1229 120 22 Ständerna
427 1231 69 20 ansett
510 1231 32 26 sig
556 1230 8 21 i
579 1229 70 28 någon
667 1229 50 22 mån
735 1230 54 21 böra
806 1230 68 21 ändra
888 1229 73 28 belop-

212 1270 42 21 pen
269 1264 24 21 af
306 1265 26 20 de
347 1264 84 26 anslag,
446 1265 71 20 hvilka
535 1265 66 25 enligt
615 1264 87 21 sednast
716 1264 129 21 församlade
860 1264 101 21 Ständers

212 1296 76 27 beslut,
303 1297 54 20 böra
371 1297 24 21 af
408 1297 209 27 bevillningsmedlen
635 1297 112 21 bestridas.
777 1297 42 22 Det
833 1298 40 20 har
887 1297 74 21 nemli-

213 1338 41 21 gen
268 1331 46 22 icke
329 1331 81 21 kunnat
424 1331 96 22 undfalla
536 1331 129 22 Ständernas
683 1332 196 27 uppmärksamhet,
894 1333 32 20 att
941 1331 24 22 af

213 1365 36 22 det
262 1365 34 22 till
311 1367 90 25 200,000
416 1365 61 22 mark
491 1365 122 22 beräknade
631 1365 96 28 anslaget
741 1365 34 22 för
790 1366 173 22 folkskollärares
982 1381 5 2 -

213 1399 93 29 aflöning
329 1400 75 22 endast
427 1402 61 25 2,060
510 1401 62 21 mark
593 1400 69 22 blifvit
683 1401 128 22 utbetalade.
842 1401 41 21 Väl
905 1401 58 22 finna

214 1435 120 22 Ständerna
349 1435 36 22 det
398 1435 47 22 icke
459 1435 55 22 blott
529 1435 112 26 sannolikt,
653 1437 52 20 utan
720 1435 62 22 äfven
796 1437 8 20 i
818 1436 77 28 högsta
909 1436 54 28 grad

214 1470 91 28 önskligt
324 1472 32 20 att
374 1470 66 22 redan
458 1470 68 22 under
544 1471 26 21 de
588 1472 107 20 närmaste
714 1469 51 24 åren
784 1478 26 14 en
827 1471 49 22 vida
894 1472 69 21 större

213 1509 82 17 summa
310 1505 75 21 blifver
400 1505 33 21 för
449 1505 58 22 detta
522 1504 100 23 ändamål
637 1505 135 28 erforderlig,
788 1513 48 14 men
852 1505 35 22 det
901 1505 62 22 torde
