981 1720
217 157 43 17 1368
416 155 72 23 Nådiga
500 156 137 22 Propositionen
649 156 35 17 N:o
697 157 27 15 27.

192 221 53 27 ning
254 220 31 21 af
296 219 110 28 vinterväg
420 220 50 20 trän
485 219 24 21 af
521 218 83 21 mindre
619 218 66 21 värde
703 218 108 22 användas
826 220 56 20 samt
896 219 50 21 här-

191 254 38 23 vid
243 254 92 28 skogens
346 253 142 28 besparande,
504 251 70 24 såvidt
587 252 84 28 möjligt
685 253 32 26 är,
733 252 62 22 afses.

263 292 89 33 Öppnår
361 288 11 41 '
374 295 71 29 någon
463 296 41 21 vak
522 295 35 22 vid
578 296 119 27 vinterväg,
719 296 99 21 utmärke
841 296 36 21 det
900 297 50 27 sjelf

194 331 49 22 med
257 331 90 28 tjenliga
360 331 89 20 märken
463 330 35 21 vid
513 329 112 22 enahanda
639 329 44 22 bot.
713 329 89 29 Hugger
816 329 71 29 någon
902 338 44 20 upp

191 366 54 22 isen
255 365 13 22 &
281 362 111 30 vinterväg
406 364 60 22 öfver
480 364 38 27 sjö,
534 371 50 14 vare
603 370 83 20 ansvar,
702 371 46 14 som
762 364 8 21 i
784 364 163 29 Missgernings-

194 400 89 22 balkens
298 401 25 20 21
339 399 49 28 kap.
404 400 13 19 9
433 399 11 28 $
459 400 68 26 säges.

540 459 10 27 S
568 460 32 19 14.

263 503 42 21 För
320 503 32 21 att
369 502 103 27 landsväg
487 502 100 21 vintertid
604 500 37 23 må
655 508 52 15 vara
721 502 7 20 i
743 502 84 22 farbart
841 503 65 26 skick,
922 504 25 20 är

193 537 75 28 hvarje
292 536 236 29 vägbyggnadsskyldig
550 536 118 28 förpligtad
689 538 33 19 att
743 536 33 22 sin
797 537 83 28 väglott
904 544 43 15 me-

195 572 54 21 delst
263 571 102 28 plogning
381 570 52 22 eller
447 570 108 28 skottning
570 572 70 26 öppen
659 569 67 28 hålla;
742 571 55 21 dock
810 571 41 21 bör
867 571 80 22 Guver-

193 607 68 20 nören
275 606 8 20 i
297 605 58 21 länet
369 605 53 21 söka
436 604 70 22 förmå
521 604 26 22 de
560 605 249 28 vägbyggnadsskyldige
827 608 32 19 att
878 607 68 21 antin-

195 642 40 26 gen
250 640 32 27 sig
297 645 35 15 om
346 640 56 20 vissa
420 639 87 28 ploglag
525 639 81 26 förena,
623 639 51 21 eller
689 640 40 21 ock
743 640 204 22 vinterunderhållet

194 667 25 28 af
230 675 100 26 vägarne,
345 673 35 21 för
394 673 74 28 längre
483 673 51 21 eller
548 673 87 21 kortare
654 674 103 26 sträckor,
776 674 33 21 till
828 674 26 22 de
872 675 74 21 minst-

192 708 117 22 fordrande
331 706 91 29 upplåta
444 709 56 20 emot
522 706 67 22 sådan
611 708 118 28 ersättning
747 708 66 27 desse,
832 709 35 21 vid
889 710 58 20 inför

193 742 154 28 Kronofogden
350 738 6 38 '
362 742 92 21 anställd
470 742 93 26 auktion,
576 742 32 27 sig
623 742 24 20 af
661 742 25 21 de
697 742 249 30 vägbyggnadsskyldige

193 777 94 27 betinga.
309 776 79 22 Kunna
402 776 43 22 alla
459 776 248 28 vägbyggnadsskyldige
722 777 32 27 sig
769 784 35 14 om
819 777 67 23 sådan
898 779 48 21 ord-

193 809 62 30 nings
273 810 113 23 införande
404 810 18 28 ej
442 810 80 26 förena,
539 810 54 24 skall
611 810 76 28 frågan
706 811 85 28 afgöras
810 819 77 21 genom
902 820 44 14 om-

193 845 106 28 röstning,
319 845 40 21 och
378 844 55 28 gälle
452 844 75 21 härvid
546 844 35 21 det
599 845 77 26 beslut,
692 846 60 21 hvari
770 846 62 21 flesta
849 848 97 21 rösterne

193 881 93 20 stannat.
315 879 104 22 Rösterne
437 879 105 21 beräknas
561 879 53 21 efter
638 880 40 21 den
696 880 7 21 i
722 881 11 26 8
753 881 14 20 4
784 880 34 21 för
836 882 50 27 väg-
905 882 40 21 och

192 913 266 28 brobyggnadsdelningen
479 913 112 22 bestämda
606 914 75 27 grund.
711 914 44 21 Der
770 915 176 27 vägunderhållet

192 948 107 25 vintertid,
314 946 29 29 på
357 949 44 20 sätt
419 947 137 22 omförmäldt
573 949 31 24 är,
620 947 23 22 af
660 948 87 28 ploglag
766 949 52 21 eller
837 951 109 26 entrepre-

192 983 41 20 nör
247 981 130 28 öfvertagits,
393 981 54 22 skall
462 981 40 21 den
518 981 84 22 derföre
616 981 114 28 betingade
745 983 150 28 godtgörelsen
910 992 36 14 en-

192 1016 39 28 ligt
245 1011 145 34 nyssnämnda
405 1015 69 28 grund
488 1015 93 22 fördelas
596 1015 29 28 på
640 1016 43 22 alla
697 1017 249 30 vägbyggnadsskyldige

192 1051 8 21 i
215 1051 116 26 distriktet;
350 1050 108 22 hvarefter
472 1050 153 28 Kronofogden
639 1051 52 21 eller
706 1051 238 30 Kommunalstyrelsen,

193 1086 38 21 der
249 1085 67 22 sådan
333 1085 67 22 finnes
415 1085 100 26 inrättad,
531 1085 34 21 vid
581 1085 26 21 de
622 1084 68 29 årliga
705 1087 240 26 uppbördsstämmorne

192 1120 40 22 hör
247 1119 123 22 densamma
384 1119 99 28 uppbära
498 1119 40 21 och
552 1119 33 21 till
600 1119 159 23 vederbörande
774 1121 87 28 utgifva.

260 1161 34 24 På
306 1162 27 22 de
347 1162 77 21 ställen
440 1162 37 21 der
492 1161 34 22 för
541 1161 134 28 omgifvande
689 1162 110 29 hägnader
811 1165 52 21 eller
874 1165 25 22 af
907 1173 37 14 an-

191 1197 44 21 nan
249 1196 64 22 orsak
326 1196 90 27 mycken
431 1197 46 20 snö
488 1195 12 22 å
518 1195 103 28 landsväg
640 1197 85 26 samlas,
740 1197 25 22 så
779 1200 32 19 att
825 1200 69 26 vägen
909 1207 35 14 en-

192 1231 48 23 dast.
254 1231 49 20 med
318 1229 108 28 svårighet
445 1230 39 21 och
503 1231 69 20 större
591 1230 92 21 kostnad
701 1231 42 21 kan
758 1232 128 22 vintertiden
901 1233 43 21 far-

191 1265 40 21 bar
249 1264 76 25 hållas,
343 1263 36 21 må
397 1263 94 27 eftergift
509 1264 128 20 derutinnan
655 1265 24 20 af
692 1265 137 22 Guvernören
848 1267 95 27 beviljas,

193 1298 70 21 derest
277 1297 110 27 vinterväg
402 1296 148 28 beqvämligen
564 1297 108 27 begagnas
687 1298 52 26 kan;
755 1299 109 22 äfvensom
876 1299 13 22 å
900 1300 44 22 Gu-

190 1332 104 22 vernören
309 1330 123 22 ankommer
448 1332 37 24 att,
501 1330 62 22 äfven
581 1338 34 14 om
633 1331 85 23 tillfälle
737 1334 32 20 att
786 1333 100 29 begagna
899 1335 45 21 vin-

190 1368 75 26 terväg
283 1366 19 28 ej
321 1365 75 27 finnes,
415 1365 33 21 för
462 1366 41 27 väg
522 1365 51 21 eller
587 1366 111 28 vägandel,
719 1367 37 22 der
774 1368 72 22 lokala
864 1368 79 23 förhål-

189 1401 79 21 landen
284 1400 70 22 dertill
369 1400 118 26 föranleda,
506 1400 85 24 frikalla
605 1401 160 23 vederbörande
783 1402 49 22 från
850 1404 94 28 skyldig-

188 1436 66 30 Keten
269 1437 32 20 att
316 1435 123 22 densamma
453 1434 89 22 medelst
556 1435 103 30 plogning
674 1437 40 21 och
729 1437 109 29 skottning
853 1446 35 15 om
898 1440 44 21 vin-

183 1470 54 22 tern
251 1470 75 22 farbar
340 1469 64 22 hålla.
434 1470 119 21 Enahanda
571 1470 110 28 undantag
699 1471 42 22 kan
761 1472 24 22 af
797 1473 145 27 Guvernören,
