1017 1720
200 152 44 16 1570
405 150 71 23 Nädiga
487 151 138 21 Propositionen
636 150 35 18 N:o
684 151 27 17 31.

176 211 113 28 svaromål,
307 212 88 22 hvartill
412 212 79 22 honom
509 212 82 22 lemnas
609 212 92 27 tillfälle,
717 212 164 28 tillkännagifva
895 214 33 20 att

175 247 45 21 han
237 247 19 28 ej
275 246 40 22 har
333 246 66 29 något
417 249 58 19 emot
492 246 84 22 krafvet
594 248 33 20 att
645 247 110 21 anmärka.
789 246 139 24 Beträffande

176 281 37 21 det
231 281 90 23 sednare
339 282 72 22 ämnet
429 282 38 21 äro
482 282 35 21 väl
532 280 45 22 dels
591 281 8 21 i
615 283 12 19 8
643 281 49 28 kap.
708 281 26 21 U.
749 282 25 20 B.
790 281 45 21 dels
851 289 77 21 genom

176 316 106 21 särskilda
303 316 159 28 författningar,
484 315 74 29 påbud
579 316 126 22 meddelade
723 316 57 21 huru
798 316 130 28 borgenär
917 311 15 38 i

175 350 57 22 vissa
246 350 42 22 fall
306 350 94 22 särdeles
415 350 7 21 i
437 350 62 28 fråga
517 358 35 14 om
573 350 61 22 vexel
653 350 52 22 eller
723 350 93 28 löpande
830 350 98 22 förskrif-

175 386 58 26 ning,
252 384 67 22 redan
337 385 46 21 förr
401 386 28 20 än
447 385 54 21 hans
516 384 88 22 fordran
619 385 70 21 blifvit
703 385 33 21 till
751 385 110 28 betalning
875 385 53 22 fast-

175 420 65 20 ställd.
261 420 52 21 eller
335 419 121 28 utmätning
477 419 100 28 föregått,
595 419 43 21 kan
657 419 22 22 få
697 419 129 28 gäldenären
844 419 82 28 bysatt;

175 453 73 22 hvilka
269 453 74 28 påbud
365 453 65 22 också
447 454 62 21 torde
527 453 72 22 kunna
614 453 43 21 tills
673 453 73 22 vidare
761 453 81 22 lemnas
857 453 7 21 i
879 454 50 21 huf-

175 488 82 21 vudsak
272 488 149 22 oförändrade.
443 488 50 21 Men
508 495 34 14 om
558 488 40 21 den
613 489 46 20 rätt
672 488 108 27 borgenär
793 488 41 21 bör
844 495 41 20 ega
895 488 34 21 till

176 523 113 27 gäldenärs
307 529 85 21 person,
407 523 68 21 sedan
490 523 79 21 dennes
584 521 161 29 oförmögenhet
760 525 32 19 att
807 523 73 22 betala
895 523 33 21 sin

176 556 63 23 skuld
260 556 71 22 blifvit
352 564 77 20 genom
447 557 120 27 utmätning
585 554 128 30 ådagalagd,
728 556 132 22 förekomma
874 556 8 22 i
896 556 32 22 la-

176 598 42 22 gen
233 591 19 28 ej
268 592 69 21 andra
351 591 134 28 stadganden
499 592 28 20 än
543 592 31 25 de,
591 598 46 15 som
651 591 68 22 finnas
731 591 104 22 affattade
845 592 8 21 i
863 590 27 22 U.
902 591 25 21 B.

175 626 50 27 kap.
242 627 11 20 5
269 626 12 28 $
295 627 25 20 10
332 626 41 21 och
383 626 26 21 H.
421 626 24 21 B.
459 627 26 20 16
496 626 49 28 kap.
558 626 11 28 $
581 628 20 24 3,
613 626 78 26 hvilka,
703 628 59 20 utom
774 626 35 21 det
821 628 32 19 att
865 625 63 23 deras

174 660 137 28 tillämpning
325 660 35 22 vid
375 660 26 22 de
413 660 113 22 exekutiva
536 661 183 28 myndigheterna,
731 661 123 27 isynnerhet
864 661 8 21 i
883 660 44 22 frä-

176 702 39 21 gor
230 702 35 14 om
280 695 114 28 gäldenärs
409 695 200 28 arbetsskyldighet,
621 696 100 21 stundom
732 696 55 21 varit
798 696 76 21 osäker
886 696 41 21 och

175 730 124 26 vacklande,
318 729 51 28 föga
387 729 62 21 torde
463 730 73 21 kunna
551 737 61 14 anses
627 737 90 14 numera
731 730 98 28 uppfylla
844 731 32 21 sin
890 730 38 22 be-

176 764 121 21 stämmelse
312 765 33 20 att
359 763 90 28 erbjuda
463 764 135 27 borgenären
609 766 31 19 ett
650 764 109 22 verksamt
769 764 48 21 stöd
828 764 35 22 för
872 766 56 20 rätt-

175 799 82 27 mätiga
278 797 100 28 anspräk,
401 805 49 14 men
467 798 66 21 likväl
551 798 102 22 förskona
671 805 26 15 en
713 798 125 22 obemedlad
854 799 73 27 gälde-

175 834 41 20 när
238 831 49 23 från
308 832 93 26 lidande,
425 839 45 15 som
487 833 44 21 han
549 832 47 22 icke
614 832 95 28 förtjent,
725 833 39 21 och
780 832 95 28 skäligen
890 833 37 22 be-

177 868 80 27 gränsa
271 866 62 22 äfven
349 866 41 26 det,
405 866 88 21 hvartill
507 867 44 21 han
565 867 42 21 kan
622 866 65 22 hafva
701 867 58 28 gjort
773 867 32 28 sig
820 867 107 22 förfallen.

244 901 41 22 Till
299 901 221 28 Utsökningsbalkens
535 900 88 23 område
637 902 41 21 hör
690 901 64 22 också
765 904 33 19 att
808 901 120 22 bestämma

175 936 57 21 huru
249 935 94 22 förfaras
361 935 55 22 skall
435 935 28 21 dä
477 935 42 22 fast
535 935 102 28 egendom
653 936 34 21 för
701 936 63 21 skuld
778 938 60 25 tages
852 936 8 21 i
875 938 51 25 mät,

175 971 33 20 uti
222 969 81 22 hvilket
317 971 62 20 ämne
394 970 167 21 medlemmarne
575 970 24 21 af
611 969 160 23 Bondeständet
781 971 35 20 vid
827 971 100 21 sednaste

175 1004 105 28 landtdag
294 1004 7 20 i
315 1005 143 26 petitionsväg
475 1005 40 20 hos
533 1004 60 21 Hans
611 1004 121 28 Kejserliga
746 1005 102 27 Majestät
862 1005 65 21 fram-

176 1038 59 22 ställt
253 1038 41 22 den
313 1038 82 21 önskan
410 1039 33 20 att
457 1038 7 20 i
479 1038 67 28 dylikt
561 1038 38 21 fall
614 1038 88 22 auktion
716 1038 33 21 till
763 1038 127 28 försäljning
905 1039 25 21 af

175 1073 102 27 fastighet
291 1071 14 23 å
318 1072 74 22 landet
409 1071 57 28 finge
484 1072 102 22 förrättas
601 1071 13 22 å
629 1072 75 28 sjelfva
722 1073 77 25 stället,
815 1072 53 22 efter
884 1072 44 22 Gu-

174 1108 89 20 vernörs
277 1106 152 26 förordnande,
445 1106 24 21 af
481 1114 26 13 en
522 1106 155 28 Kronobetjent
691 1106 50 21 med
755 1106 84 22 biträde
854 1106 24 21 af
890 1106 37 22 två

176 1141 154 25 Nämndemän,
350 1140 55 22 dock
423 1142 32 20 att
470 1140 67 22 sådan
551 1140 136 28 förrättning,
703 1140 46 21 ifall
763 1140 109 28 borgenär
886 1141 41 21 och

176 1176 103 27 gäldenär
297 1175 74 22 derom
390 1173 87 23 anhälla
492 1175 51 21 eller
559 1174 40 22 ock
613 1174 112 22 Guvernör
740 1173 28 29 pä
784 1175 90 21 enderas
889 1182 37 14 an-

176 1210 90 28 sökning
281 1209 88 29 pröfvar
384 1209 36 21 det
434 1209 105 28 lämpligt,
555 1210 62 21 äfven
631 1209 71 21 kunde
717 1209 102 22 anställas
831 1208 13 22 å
854 1209 72 21 lands-

174 1244 93 22 kansliet
285 1244 53 22 eller
355 1243 144 28 någonstädes
517 1244 7 21 i
538 1244 104 21 närheten
660 1244 33 20 till
711 1244 42 21 den
770 1244 106 26 utbjudna
894 1243 32 21 fa-

175 1278 111 27 stigheten.
316 1278 76 20 Denna
410 1277 90 27 petition
518 1278 41 20 har
577 1276 24 22 af
617 1277 59 21 Hans
691 1277 121 28 Kejserliga
825 1277 102 28 Majestät

174 1311 81 22 funnits
273 1311 93 28 förtjena
383 1311 190 28 uppmärksamhet
592 1311 41 21 och
651 1311 111 21 föranleda
780 1311 33 21 till
832 1311 94 22 öfvervä-

175 1346 69 29 gande
266 1345 106 22 huruvida
394 1345 47 22 skäl
462 1344 36 23 må
519 1352 52 15 vara
593 1345 119 22 förhanden
731 1347 31 20 att
780 1353 30 14 nu
828 1345 98 28 tillväga-

174 1382 79 27 bringa
270 1381 91 27 ändring
377 1381 80 28 jemväl
475 1380 24 22 af
516 1381 69 21 andra
599 1387 35 15 om
648 1380 134 22 förfarandet
796 1381 36 21 vid
846 1381 80 21 utmät-

175 1417 52 27 ning
241 1416 24 21 af
277 1415 44 22 fast
335 1415 104 28 egendom
453 1415 99 28 gällande
567 1415 140 28 stadganden,
720 1423 46 14 som
776 1415 69 22 under
856 1415 70 22 tidens

175 1451 66 29 längd
259 1451 54 22 visat
331 1451 33 28 sig
382 1457 52 15 vara
448 1449 83 22 mindre
545 1450 103 28 lämpliga
663 1451 40 21 och
719 1449 147 23 åstadkomma
881 1450 45 23 dels

175 1486 99 29 gagnlöst
288 1484 109 29 uppehåll,
413 1485 45 22 dels
473 1492 72 14 annan
560 1485 113 29 olägenhet
688 1486 41 22 och
744 1485 67 22 skada
825 1485 33 22 för
870 1484 55 23 både
