986 1725
274 145 71 23 Nådiga
357 147 136 21 Propositionen
506 147 33 17 N:o
553 148 28 16 26.
734 147 44 17 1333

54 208 129 28 befattning,
202 209 43 21 kan
262 209 68 22 finnas
349 210 83 28 skyldig
451 212 32 19 att
500 210 73 21 betala
591 210 40 21 och
645 217 27 14 en
686 208 117 29 öfvergång

53 243 125 28 härigenom
196 244 24 20 är
238 242 81 22 beredd
336 244 34 22 till
387 244 101 21 framtida
505 243 151 29 upphäfvande
673 244 25 20 af
713 251 30 14 nu
757 243 45 28 gäl-

53 277 62 22 lande
133 279 57 26 tysta
211 278 162 27 hypotheksrätt
391 278 7 21 i
416 278 171 28 uppbördsmans
609 278 109 27 egendom,
740 285 62 20 synes

54 312 63 21 deraf
135 311 59 28 följa,
212 313 38 25 att,
269 312 7 21 i
294 312 102 22 händelse
417 313 83 21 kronan
518 313 51 21 eller
587 312 79 21 allmän
684 312 118 27 inrättning

53 347 110 28 begagnar
181 346 32 28 sig
228 347 24 21 af
265 347 69 21 denna
348 347 183 28 inteckningsrätt,
547 347 40 21 den
602 349 56 26 tysta
672 347 130 28 hypotheks-

53 382 50 25 rätt,
119 388 45 14 som
179 381 82 22 kronan
276 381 51 21 eller
342 381 79 23 allmän
436 382 118 27 inrättning
566 381 61 28 eljest
637 381 68 22 skulle
720 388 40 21 ega
770 381 32 22 uti

53 416 41 21 den
115 415 126 22 intecknade
263 415 133 28 fastigheten,
415 416 84 21 komme
521 418 32 19 att
574 416 104 27 upphöra.
708 414 43 23 För
769 417 33 20 att

52 450 117 21 emellertid
184 450 96 27 aflägsna
294 450 73 28 möjlig
382 451 111 21 osäkerhet
507 451 8 20 i
529 450 159 27 lagtolkningen
698 451 32 20 uti
742 450 60 21 detta

52 485 127 24 hänseende,
194 484 64 22 hafva
273 484 119 22 Ständerna
406 485 32 20 uti
454 485 26 20 10
495 485 10 28 $
525 484 65 22 infört
609 486 30 20 ett
656 485 84 27 tillägg,
757 484 45 22 deri

52 519 144 28 nyssnämnda
210 519 113 28 grundsats
338 519 94 28 tydligen
447 519 85 22 uttalas.

119 559 32 22 På
166 559 68 28 grund
250 559 24 22 af
286 560 55 21 hvad
357 559 89 22 sålunda
460 559 69 22 blifvit
544 559 91 27 anfördt,
648 558 22 22 få
681 559 121 22 Ständerna

51 596 8 20 i
73 594 171 28 underdånighet
258 594 170 28 tillkännagifva:
444 596 32 20 att
491 594 25 22 de
531 594 46 22 icke
592 594 81 22 kunnat
684 596 80 26 antaga
775 594 27 21 de

51 629 122 28 föreslagna
188 629 178 28 författningarne
381 637 35 14 om
429 630 122 27 inteckning
566 630 7 21 i
588 629 43 21 fast
646 628 103 29 egendom
760 629 41 21 och

51 672 35 14 om
101 663 139 23 förmånsrätt
255 664 7 21 i
276 664 93 22 konkurs
385 664 142 22 oförändrade
545 666 53 20 utan
615 664 34 22 för
667 664 33 21 sin
718 663 35 22 del
766 663 35 22 för

52 700 108 21 desamma
174 698 103 22 fastställt
291 698 93 29 följande
398 699 88 27 lydelse:

166 811 149 33 Förordning
332 818 36 19 om
385 810 141 34 inteckning
543 812 9 26 i
569 812 48 26 fast
635 811 120 33 egendom.

438 889 45 28 18.

386 932 141 22 Oförändrad.

435 993 49 28 28.

176 1036 127 29 Inteckning
318 1043 50 14 vare
381 1036 85 21 tilläten
476 1036 10 20 €
496 1035 160 29 sjelfbestäende
666 1035 82 28 frälse-
761 1035 39 21 och

120 1071 170 28 skattelägenhet
304 1071 14 20 &
334 1070 77 26 landet,
428 1070 109 29 äfvensom
555 1069 39 21 hus
614 1069 38 21 och
666 1072 54 18 tomt
733 1071 10 18 i
758 1072 42 17 sta-

120 1105 51 26 den;
189 1107 9 19 i
216 1106 43 20 viss
275 1105 79 28 fastän
372 1105 114 20 outbruten
504 1104 35 21 del
557 1103 25 29 af
599 1103 67 22 sådan
678 1103 121 29 fastighet;

120 1141 10 20 i
144 1140 59 29 jord,
219 1139 47 22 med
282 1140 74 21 dertill
374 1139 96 21 hörande
486 1138 123 29 byggnader
625 1137 38 22 och
677 1139 122 20 inrättnin-

119 1182 49 21 gar,
184 1174 92 26 hvilken,
292 1174 67 28 enligt
372 1174 163 28 förordningen
550 1173 26 29 af
588 1173 41 21 den
643 1171 27 22 19
683 1172 117 22 December

119 1208 61 27 1864,
200 1210 73 28 blifvit
289 1209 57 29 från
362 1208 84 29 frälse-
463 1209 52 21 eller
537 1207 169 28 skattelägenhet
728 1207 72 29 afsön-

119 1244 67 25 drad;
204 1247 56 17 samt
278 1244 9 20 i
305 1243 74 26 sådan,
396 1242 24 28 af
434 1250 24 13 en
478 1243 51 21 eller
543 1241 57 29 flera
619 1241 123 29 byggnader
761 1241 38 21 och

119 1279 153 27 inrättningar
287 1278 32 28 pä
337 1285 82 14 annans
436 1277 72 29 grund
527 1276 110 22 bestäende
656 1276 142 28 anläggning,

120 1320 44 14 som
179 1312 46 22 med
240 1312 162 29 grundegarens
418 1312 63 28 bifall
497 1311 124 22 tillkommit
636 1311 38 20 och
686 1310 64 28 jemte
766 1310 34 21 be-

119 1348 177 26 sittningsrätten
311 1347 35 19 till
360 1347 78 27 sjelfva
451 1346 98 27 grunden
565 1345 48 25 kan,
625 1348 53 17 utan
693 1344 52 21 hans
762 1344 37 20 hö-

120 1380 73 26 rande,
210 1381 35 20 till
260 1380 67 28 tredje
341 1386 51 14 man
407 1379 124 28 öfverlätas.

334 1438 21 28 3,
370 1438 20 28 4,
405 1438 19 27 5,
440 1437 15 22 6
470 1438 38 22 och
526 1436 13 23 7
553 1438 33 29 $$.

382 1481 153 23 Oförändrade.
