<?xml version="1.0" encoding="UTF-8"?>
<alto xmlns="http://www.loc.gov/standards/alto/ns-v3#" xmlns:xlink="http://www.w3.org/1999/xlink" xmlns:xsi="http://www.w3.org/2001/XMLSchema-instance" xsi:schemaLocation="http://www.loc.gov/standards/alto/ns-v3# http://www.loc.gov/alto/v3/alto-3-0.xsd">
	<Description>
		<MeasurementUnit>pixel</MeasurementUnit>
		<sourceImageInformation>
			<fileName>/tmp/tess_1uvbjnjm_input.PNG</fileName>
		</sourceImageInformation>
		<OCRProcessing ID="OCR_0">
			<ocrProcessingStep>
				<processingSoftware>
					<softwareName>tesseract 5.3.4</softwareName>
				</processingSoftware>
			</ocrProcessingStep>
		</OCRProcessing>
	</Description>
	<Layout>
		<Page WIDTH="1028" HEIGHT="1717" PHYSICAL_IMG_NR="0" ID="page_0">
			<PrintSpace HPOS="0" VPOS="0" WIDTH="1028" HEIGHT="1717">
				<ComposedBlock ID="cblock_0" HPOS="205" VPOS="147" WIDTH="481" HEIGHT="18">
					<TextBlock ID="block_0" HPOS="205" VPOS="147" WIDTH="481" HEIGHT="18">
						<TextLine ID="line_0" HPOS="205" VPOS="147" WIDTH="481" HEIGHT="18">
							<String ID="string_0" HPOS="205" VPOS="148" WIDTH="42" HEIGHT="16" WC="0.96" CONTENT="1788"/><SP WIDTH="177" VPOS="148" HPOS="247"/>
							<String ID="string_1" HPOS="424" VPOS="148" WIDTH="85" HEIGHT="16" WC="0.93" CONTENT="Finlands"/><SP WIDTH="12" VPOS="148" HPOS="509"/>
							<String ID="string_2" HPOS="521" VPOS="147" WIDTH="86" HEIGHT="18" WC="0.91" CONTENT="Ständers"/><SP WIDTH="12" VPOS="147" HPOS="607"/>
							<String ID="string_3" HPOS="619" VPOS="147" WIDTH="67" HEIGHT="17" WC="0.96" CONTENT="Beslut."/>
						</TextLine>
					</TextBlock>
				</ComposedBlock>
				<ComposedBlock ID="cblock_1" HPOS="175" VPOS="208" WIDTH="756" HEIGHT="166">
					<TextBlock ID="block_1" HPOS="175" VPOS="208" WIDTH="756" HEIGHT="166">
						<TextLine ID="line_1" HPOS="180" VPOS="208" WIDTH="751" HEIGHT="29">
							<String ID="string_4" HPOS="180" VPOS="210" WIDTH="40" HEIGHT="20" WC="0.96" CONTENT="och"/><SP WIDTH="14" VPOS="210" HPOS="220"/>
							<String ID="string_5" HPOS="234" VPOS="208" WIDTH="78" HEIGHT="22" WC="0.96" CONTENT="sådant"/><SP WIDTH="14" VPOS="208" HPOS="312"/>
							<String ID="string_6" HPOS="326" VPOS="209" WIDTH="32" HEIGHT="21" WC="0.96" CONTENT="uti"/><SP WIDTH="14" VPOS="209" HPOS="358"/>
							<String ID="string_7" HPOS="372" VPOS="208" WIDTH="143" HEIGHT="29" WC="0.93" CONTENT="underdånigt"/><SP WIDTH="15" VPOS="208" HPOS="515"/>
							<String ID="string_8" HPOS="530" VPOS="209" WIDTH="109" HEIGHT="22" WC="0.91" CONTENT="svarsbref"/><SP WIDTH="13" VPOS="209" HPOS="639"/>
							<String ID="string_9" HPOS="652" VPOS="209" WIDTH="24" HEIGHT="21" WC="0.96" CONTENT="af"/><SP WIDTH="13" VPOS="209" HPOS="676"/>
							<String ID="string_10" HPOS="689" VPOS="209" WIDTH="41" HEIGHT="21" WC="0.96" CONTENT="den"/><SP WIDTH="15" VPOS="209" HPOS="730"/>
							<String ID="string_11" HPOS="745" VPOS="210" WIDTH="26" HEIGHT="20" WC="0.96" CONTENT="28"/><SP WIDTH="15" VPOS="210" HPOS="771"/>
							<String ID="string_12" HPOS="786" VPOS="210" WIDTH="145" HEIGHT="21" WC="0.96" CONTENT="innevarande"/>
						</TextLine>
						<TextLine ID="line_2" HPOS="180" VPOS="242" WIDTH="750" HEIGHT="29">
							<String ID="string_13" HPOS="180" VPOS="242" WIDTH="78" HEIGHT="23" WC="0.95" CONTENT="månad"/><SP WIDTH="18" VPOS="242" HPOS="258"/>
							<String ID="string_14" HPOS="276" VPOS="244" WIDTH="39" HEIGHT="21" WC="0.96" CONTENT="hos"/><SP WIDTH="18" VPOS="244" HPOS="315"/>
							<String ID="string_15" HPOS="333" VPOS="243" WIDTH="59" HEIGHT="22" WC="0.96" CONTENT="Hans"/><SP WIDTH="19" VPOS="243" HPOS="392"/>
							<String ID="string_16" HPOS="411" VPOS="244" WIDTH="120" HEIGHT="27" WC="0.96" CONTENT="Kejserliga"/><SP WIDTH="18" VPOS="244" HPOS="531"/>
							<String ID="string_17" HPOS="549" VPOS="243" WIDTH="100" HEIGHT="28" WC="0.96" CONTENT="Majestät"/><SP WIDTH="17" VPOS="243" HPOS="649"/>
							<String ID="string_18" HPOS="666" VPOS="243" WIDTH="8" HEIGHT="21" WC="0.93" CONTENT="i"/><SP WIDTH="21" VPOS="243" HPOS="674"/>
							<String ID="string_19" HPOS="695" VPOS="242" WIDTH="172" HEIGHT="29" WC="0.91" CONTENT="underdånighet"/><SP WIDTH="21" VPOS="242" HPOS="867"/>
							<String ID="string_20" HPOS="888" VPOS="244" WIDTH="42" HEIGHT="20" WC="0.91" CONTENT="till-"/>
						</TextLine>
						<TextLine ID="line_3" HPOS="179" VPOS="276" WIDTH="751" HEIGHT="30">
							<String ID="string_21" HPOS="179" VPOS="277" WIDTH="132" HEIGHT="27" WC="0.91" CONTENT="kännagifvit"/><SP WIDTH="17" VPOS="277" HPOS="311"/>
							<String ID="string_22" HPOS="328" VPOS="277" WIDTH="49" HEIGHT="21" WC="0.95" CONTENT="med"/><SP WIDTH="19" VPOS="277" HPOS="377"/>
							<String ID="string_23" HPOS="396" VPOS="276" WIDTH="101" HEIGHT="23" WC="0.96" CONTENT="anhållan"/><SP WIDTH="18" VPOS="276" HPOS="497"/>
							<String ID="string_24" HPOS="515" VPOS="279" WIDTH="32" HEIGHT="20" WC="0.96" CONTENT="att"/><SP WIDTH="16" VPOS="279" HPOS="547"/>
							<String ID="string_25" HPOS="563" VPOS="278" WIDTH="61" HEIGHT="21" WC="0.96" CONTENT="Hans"/><SP WIDTH="18" VPOS="278" HPOS="624"/>
							<String ID="string_26" HPOS="642" VPOS="277" WIDTH="120" HEIGHT="29" WC="0.96" CONTENT="Kejserliga"/><SP WIDTH="14" VPOS="277" HPOS="762"/>
							<String ID="string_27" HPOS="776" VPOS="277" WIDTH="101" HEIGHT="27" WC="0.93" CONTENT="Majestät"/><SP WIDTH="17" VPOS="277" HPOS="877"/>
							<String ID="string_28" HPOS="894" VPOS="277" WIDTH="36" HEIGHT="21" WC="0.92" CONTENT="be-"/>
						</TextLine>
						<TextLine ID="line_4" HPOS="175" VPOS="309" WIDTH="755" HEIGHT="30">
							<String ID="string_29" HPOS="175" VPOS="309" WIDTH="88" HEIGHT="30" WC="0.37" CONTENT="&#39;hagade"/><SP WIDTH="10" VPOS="309" HPOS="263"/>
							<String ID="string_30" HPOS="273" VPOS="312" WIDTH="8" HEIGHT="20" WC="0.96" CONTENT="i"/><SP WIDTH="11" VPOS="312" HPOS="281"/>
							<String ID="string_31" HPOS="292" VPOS="311" WIDTH="68" HEIGHT="22" WC="0.96" CONTENT="nåder"/><SP WIDTH="14" VPOS="311" HPOS="360"/>
							<String ID="string_32" HPOS="374" VPOS="312" WIDTH="119" HEIGHT="22" WC="0.96" CONTENT="bestämma"/><SP WIDTH="14" VPOS="312" HPOS="493"/>
							<String ID="string_33" HPOS="507" VPOS="312" WIDTH="41" HEIGHT="22" WC="0.96" CONTENT="den"/><SP WIDTH="15" VPOS="312" HPOS="548"/>
							<String ID="string_34" HPOS="563" VPOS="312" WIDTH="99" HEIGHT="27" WC="0.96" CONTENT="tidpunkt"/><SP WIDTH="14" VPOS="312" HPOS="662"/>
							<String ID="string_35" HPOS="676" VPOS="311" WIDTH="57" HEIGHT="22" WC="0.95" CONTENT="ifrån"/><SP WIDTH="15" VPOS="311" HPOS="733"/>
							<String ID="string_36" HPOS="748" VPOS="312" WIDTH="84" HEIGHT="21" WC="0.93" CONTENT="hvilken"/><SP WIDTH="13" VPOS="312" HPOS="832"/>
							<String ID="string_37" HPOS="845" VPOS="311" WIDTH="85" HEIGHT="22" WC="0.92" CONTENT="författ-"/>
						</TextLine>
						<TextLine ID="line_5" HPOS="179" VPOS="343" WIDTH="402" HEIGHT="31">
							<String ID="string_38" HPOS="179" VPOS="343" WIDTH="79" HEIGHT="31" WC="0.96" CONTENT="ningen"/><SP WIDTH="14" VPOS="343" HPOS="258"/>
							<String ID="string_39" HPOS="272" VPOS="346" WIDTH="55" HEIGHT="22" WC="0.96" CONTENT="skall"/><SP WIDTH="15" VPOS="346" HPOS="327"/>
							<String ID="string_40" HPOS="342" VPOS="346" WIDTH="63" HEIGHT="22" WC="0.96" CONTENT="träda"/><SP WIDTH="13" VPOS="346" HPOS="405"/>
							<String ID="string_41" HPOS="418" VPOS="347" WIDTH="8" HEIGHT="21" WC="0.96" CONTENT="i"/><SP WIDTH="14" VPOS="347" HPOS="426"/>
							<String ID="string_42" HPOS="440" VPOS="347" WIDTH="141" HEIGHT="21" WC="0.96" CONTENT="verksamhet."/>
						</TextLine>
					</TextBlock>
				</ComposedBlock>
				<ComposedBlock ID="cblock_2" HPOS="523" VPOS="408" WIDTH="62" HEIGHT="27">
					<TextBlock ID="block_2" HPOS="523" VPOS="408" WIDTH="62" HEIGHT="27">
						<TextLine ID="line_6" HPOS="523" VPOS="408" WIDTH="62" HEIGHT="27">
							<String ID="string_43" HPOS="523" VPOS="408" WIDTH="12" HEIGHT="27" WC="0.88" CONTENT="8"/><SP WIDTH="16" VPOS="408" HPOS="535"/>
							<String ID="string_44" HPOS="551" VPOS="408" WIDTH="34" HEIGHT="20" WC="0.95" CONTENT="25."/>
						</TextLine>
					</TextBlock>
				</ComposedBlock>
				<ComposedBlock ID="cblock_3" HPOS="178" VPOS="450" WIDTH="753" HEIGHT="165">
					<TextBlock ID="block_3" HPOS="178" VPOS="450" WIDTH="753" HEIGHT="165">
						<TextLine ID="line_7" HPOS="246" VPOS="450" WIDTH="684" HEIGHT="28">
							<String ID="string_45" HPOS="246" VPOS="450" WIDTH="11" HEIGHT="21" WC="0.93" CONTENT="I"/><SP WIDTH="14" VPOS="450" HPOS="257"/>
							<String ID="string_46" HPOS="271" VPOS="450" WIDTH="150" HEIGHT="28" WC="0.92" CONTENT="hufvudsaklig"/><SP WIDTH="14" VPOS="450" HPOS="421"/>
							<String ID="string_47" HPOS="435" VPOS="450" WIDTH="219" HEIGHT="22" WC="0.90" CONTENT="öfverensstämmelse"/><SP WIDTH="18" VPOS="450" HPOS="654"/>
							<String ID="string_48" HPOS="672" VPOS="450" WIDTH="48" HEIGHT="21" WC="0.96" CONTENT="med"/><SP WIDTH="15" VPOS="450" HPOS="720"/>
							<String ID="string_49" HPOS="735" VPOS="450" WIDTH="60" HEIGHT="22" WC="0.96" CONTENT="Hans"/><SP WIDTH="14" VPOS="450" HPOS="795"/>
							<String ID="string_50" HPOS="809" VPOS="450" WIDTH="121" HEIGHT="28" WC="0.96" CONTENT="Kejserliga"/>
						</TextLine>
						<TextLine ID="line_8" HPOS="178" VPOS="484" WIDTH="753" HEIGHT="29">
							<String ID="string_51" HPOS="178" VPOS="484" WIDTH="112" HEIGHT="27" WC="0.96" CONTENT="Majestäts"/><SP WIDTH="15" VPOS="484" HPOS="290"/>
							<String ID="string_52" HPOS="305" VPOS="484" WIDTH="73" HEIGHT="22" WC="0.93" CONTENT="derom"/><SP WIDTH="15" VPOS="484" HPOS="378"/>
							<String ID="string_53" HPOS="393" VPOS="484" WIDTH="80" HEIGHT="22" WC="0.93" CONTENT="aflåtna"/><SP WIDTH="14" VPOS="484" HPOS="473"/>
							<String ID="string_54" HPOS="487" VPOS="484" WIDTH="80" HEIGHT="28" WC="0.96" CONTENT="nådiga"/><SP WIDTH="14" VPOS="484" HPOS="567"/>
							<String ID="string_55" HPOS="581" VPOS="485" WIDTH="139" HEIGHT="27" WC="0.93" CONTENT="proposition,"/><SP WIDTH="16" VPOS="485" HPOS="720"/>
							<String ID="string_56" HPOS="736" VPOS="485" WIDTH="63" HEIGHT="21" WC="0.91" CONTENT="hafve"/><SP WIDTH="10" VPOS="485" HPOS="799"/>
							<String ID="string_57" HPOS="809" VPOS="485" WIDTH="28" HEIGHT="21" WC="0.95" CONTENT="Vi"/><SP WIDTH="11" VPOS="485" HPOS="837"/>
							<String ID="string_58" HPOS="848" VPOS="486" WIDTH="83" HEIGHT="27" WC="0.96" CONTENT="antagit"/>
						</TextLine>
						<TextLine ID="line_9" HPOS="179" VPOS="518" WIDTH="751" HEIGHT="28">
							<String ID="string_59" HPOS="179" VPOS="525" WIDTH="26" HEIGHT="14" WC="0.96" CONTENT="en"/><SP WIDTH="18" VPOS="525" HPOS="205"/>
							<String ID="string_60" HPOS="223" VPOS="518" WIDTH="127" HEIGHT="28" WC="0.96" CONTENT="författning"/><SP WIDTH="19" VPOS="518" HPOS="350"/>
							<String ID="string_61" HPOS="369" VPOS="526" WIDTH="34" HEIGHT="14" WC="0.96" CONTENT="om"/><SP WIDTH="18" VPOS="526" HPOS="403"/>
							<String ID="string_62" HPOS="421" VPOS="519" WIDTH="185" HEIGHT="27" WC="0.96" CONTENT="vattenledningar"/><SP WIDTH="20" VPOS="519" HPOS="606"/>
							<String ID="string_63" HPOS="626" VPOS="520" WIDTH="40" HEIGHT="20" WC="0.94" CONTENT="och"/><SP WIDTH="18" VPOS="520" HPOS="666"/>
							<String ID="string_64" HPOS="684" VPOS="520" WIDTH="133" HEIGHT="26" WC="0.92" CONTENT="vattenverk;"/><SP WIDTH="23" VPOS="520" HPOS="817"/>
							<String ID="string_65" HPOS="840" VPOS="520" WIDTH="90" HEIGHT="21" WC="0.91" CONTENT="hvarom"/>
						</TextLine>
						<TextLine ID="line_10" HPOS="178" VPOS="552" WIDTH="751" HEIGHT="30">
							<String ID="string_66" HPOS="178" VPOS="552" WIDTH="61" HEIGHT="21" WC="0.96" CONTENT="äfven"/><SP WIDTH="15" VPOS="552" HPOS="239"/>
							<String ID="string_67" HPOS="254" VPOS="552" WIDTH="144" HEIGHT="28" WC="0.96" CONTENT="underdånigt"/><SP WIDTH="14" VPOS="552" HPOS="398"/>
							<String ID="string_68" HPOS="412" VPOS="560" WIDTH="49" HEIGHT="14" WC="0.95" CONTENT="svar"/><SP WIDTH="15" VPOS="560" HPOS="461"/>
							<String ID="string_69" HPOS="476" VPOS="553" WIDTH="32" HEIGHT="21" WC="0.95" CONTENT="till"/><SP WIDTH="14" VPOS="553" HPOS="508"/>
							<String ID="string_70" HPOS="522" VPOS="553" WIDTH="59" HEIGHT="21" WC="0.96" CONTENT="Hans"/><SP WIDTH="16" VPOS="553" HPOS="581"/>
							<String ID="string_71" HPOS="597" VPOS="553" WIDTH="119" HEIGHT="28" WC="0.96" CONTENT="Kejserliga"/><SP WIDTH="14" VPOS="553" HPOS="716"/>
							<String ID="string_72" HPOS="730" VPOS="554" WIDTH="101" HEIGHT="27" WC="0.96" CONTENT="Majestät"/><SP WIDTH="15" VPOS="554" HPOS="831"/>
							<String ID="string_73" HPOS="846" VPOS="554" WIDTH="41" HEIGHT="21" WC="0.95" CONTENT="den"/><SP WIDTH="15" VPOS="554" HPOS="887"/>
							<String ID="string_74" HPOS="902" VPOS="555" WIDTH="27" HEIGHT="27" WC="0.95" CONTENT="28"/>
						</TextLine>
						<TextLine ID="line_11" HPOS="178" VPOS="586" WIDTH="393" HEIGHT="29">
							<String ID="string_75" HPOS="178" VPOS="586" WIDTH="7" HEIGHT="21" WC="0.96" CONTENT="i"/><SP WIDTH="16" VPOS="586" HPOS="185"/>
							<String ID="string_76" HPOS="201" VPOS="586" WIDTH="70" HEIGHT="22" WC="0.96" CONTENT="denna"/><SP WIDTH="14" VPOS="586" HPOS="271"/>
							<String ID="string_77" HPOS="285" VPOS="586" WIDTH="79" HEIGHT="22" WC="0.96" CONTENT="månad"/><SP WIDTH="15" VPOS="586" HPOS="364"/>
							<String ID="string_78" HPOS="379" VPOS="587" WIDTH="24" HEIGHT="21" WC="0.96" CONTENT="af"/><SP WIDTH="13" VPOS="587" HPOS="403"/>
							<String ID="string_79" HPOS="416" VPOS="587" WIDTH="40" HEIGHT="21" WC="0.93" CONTENT="Oss"/><SP WIDTH="15" VPOS="587" HPOS="456"/>
							<String ID="string_80" HPOS="471" VPOS="587" WIDTH="100" HEIGHT="28" WC="0.92" CONTENT="afgifvits."/>
						</TextLine>
					</TextBlock>
				</ComposedBlock>
				<ComposedBlock ID="cblock_4" HPOS="523" VPOS="649" WIDTH="60" HEIGHT="27">
					<TextBlock ID="block_4" HPOS="523" VPOS="649" WIDTH="60" HEIGHT="27">
						<TextLine ID="line_12" HPOS="523" VPOS="649" WIDTH="60" HEIGHT="27">
							<String ID="string_81" HPOS="523" VPOS="649" WIDTH="11" HEIGHT="27" WC="0.81" CONTENT="s"/><SP WIDTH="16" VPOS="649" HPOS="534"/>
							<String ID="string_82" HPOS="550" VPOS="649" WIDTH="33" HEIGHT="20" WC="0.96" CONTENT="26."/>
						</TextLine>
					</TextBlock>
				</ComposedBlock>
				<ComposedBlock ID="cblock_5" HPOS="175" VPOS="690" WIDTH="755" HEIGHT="338">
					<TextBlock ID="block_5" HPOS="175" VPOS="690" WIDTH="755" HEIGHT="338">
						<TextLine ID="line_13" HPOS="245" VPOS="690" WIDTH="684" HEIGHT="29">
							<String ID="string_83" HPOS="245" VPOS="690" WIDTH="43" HEIGHT="21" WC="0.96" CONTENT="För"/><SP WIDTH="22" VPOS="690" HPOS="288"/>
							<String ID="string_84" HPOS="310" VPOS="692" WIDTH="32" HEIGHT="20" WC="0.96" CONTENT="att"/><SP WIDTH="21" VPOS="692" HPOS="342"/>
							<String ID="string_85" HPOS="363" VPOS="690" WIDTH="80" HEIGHT="22" WC="0.96" CONTENT="bereda"/><SP WIDTH="21" VPOS="690" HPOS="443"/>
							<String ID="string_86" HPOS="464" VPOS="690" WIDTH="93" HEIGHT="29" WC="0.96" CONTENT="lindring"/><SP WIDTH="22" VPOS="690" HPOS="557"/>
							<String ID="string_87" HPOS="579" VPOS="691" WIDTH="8" HEIGHT="21" WC="0.93" CONTENT="i"/><SP WIDTH="19" VPOS="691" HPOS="587"/>
							<String ID="string_88" HPOS="606" VPOS="691" WIDTH="126" HEIGHT="27" WC="0.91" CONTENT="jordegares"/><SP WIDTH="22" VPOS="691" HPOS="732"/>
							<String ID="string_89" HPOS="754" VPOS="691" WIDTH="120" HEIGHT="28" WC="0.95" CONTENT="skyldighet"/><SP WIDTH="22" VPOS="691" HPOS="874"/>
							<String ID="string_90" HPOS="896" VPOS="692" WIDTH="33" HEIGHT="21" WC="0.95" CONTENT="till"/>
						</TextLine>
						<TextLine ID="line_14" HPOS="177" VPOS="723" WIDTH="751" HEIGHT="31">
							<String ID="string_91" HPOS="177" VPOS="723" WIDTH="165" HEIGHT="30" WC="0.91" CONTENT="hållskjutsning"/><SP WIDTH="19" VPOS="723" HPOS="342"/>
							<String ID="string_92" HPOS="361" VPOS="726" WIDTH="55" HEIGHT="20" WC="0.92" CONTENT="samt"/><SP WIDTH="14" VPOS="726" HPOS="416"/>
							<String ID="string_93" HPOS="430" VPOS="726" WIDTH="50" HEIGHT="27" WC="0.92" CONTENT="väg-"/><SP WIDTH="15" VPOS="726" HPOS="480"/>
							<String ID="string_94" HPOS="495" VPOS="726" WIDTH="40" HEIGHT="20" WC="0.93" CONTENT="och"/><SP WIDTH="18" VPOS="726" HPOS="535"/>
							<String ID="string_95" HPOS="553" VPOS="726" WIDTH="146" HEIGHT="27" WC="0.91" CONTENT="brobyggnad,"/><SP WIDTH="15" VPOS="726" HPOS="699"/>
							<String ID="string_96" HPOS="714" VPOS="726" WIDTH="41" HEIGHT="21" WC="0.96" CONTENT="har"/><SP WIDTH="14" VPOS="726" HPOS="755"/>
							<String ID="string_97" HPOS="769" VPOS="726" WIDTH="59" HEIGHT="21" WC="0.92" CONTENT="Hans"/><SP WIDTH="14" VPOS="726" HPOS="828"/>
							<String ID="string_98" HPOS="842" VPOS="726" WIDTH="86" HEIGHT="28" WC="0.92" CONTENT="Kejser-"/>
						</TextLine>
						<TextLine ID="line_15" HPOS="176" VPOS="758" WIDTH="753" HEIGHT="30">
							<String ID="string_99" HPOS="176" VPOS="758" WIDTH="45" HEIGHT="28" WC="0.96" CONTENT="liga"/><SP WIDTH="14" VPOS="758" HPOS="221"/>
							<String ID="string_100" HPOS="235" VPOS="758" WIDTH="101" HEIGHT="28" WC="0.96" CONTENT="Majestät"/><SP WIDTH="14" VPOS="758" HPOS="336"/>
							<String ID="string_101" HPOS="350" VPOS="760" WIDTH="7" HEIGHT="20" WC="0.96" CONTENT="i"/><SP WIDTH="15" VPOS="760" HPOS="357"/>
							<String ID="string_102" HPOS="372" VPOS="758" WIDTH="64" HEIGHT="28" WC="0.96" CONTENT="nådig"/><SP WIDTH="15" VPOS="758" HPOS="436"/>
							<String ID="string_103" HPOS="451" VPOS="760" WIDTH="138" HEIGHT="26" WC="0.95" CONTENT="proposition,"/><SP WIDTH="17" VPOS="760" HPOS="589"/>
							<String ID="string_104" HPOS="606" VPOS="760" WIDTH="64" HEIGHT="21" WC="0.96" CONTENT="delvis"/><SP WIDTH="15" VPOS="760" HPOS="670"/>
							<String ID="string_105" HPOS="685" VPOS="760" WIDTH="34" HEIGHT="20" WC="0.96" CONTENT="till"/><SP WIDTH="14" VPOS="760" HPOS="719"/>
							<String ID="string_106" HPOS="733" VPOS="759" WIDTH="54" HEIGHT="22" WC="0.96" CONTENT="Vårt"/><SP WIDTH="21" VPOS="759" HPOS="787"/>
							<String ID="string_107" HPOS="808" VPOS="760" WIDTH="121" HEIGHT="28" WC="0.96" CONTENT="antagande"/>
						</TextLine>
						<TextLine ID="line_16" HPOS="177" VPOS="792" WIDTH="751" HEIGHT="28">
							<String ID="string_108" HPOS="177" VPOS="793" WIDTH="40" HEIGHT="21" WC="0.96" CONTENT="och"/><SP WIDTH="15" VPOS="793" HPOS="217"/>
							<String ID="string_109" HPOS="232" VPOS="792" WIDTH="66" HEIGHT="22" WC="0.96" CONTENT="delvis"/><SP WIDTH="15" VPOS="792" HPOS="298"/>
							<String ID="string_110" HPOS="313" VPOS="793" WIDTH="75" HEIGHT="21" WC="0.96" CONTENT="endast"/><SP WIDTH="14" VPOS="793" HPOS="388"/>
							<String ID="string_111" HPOS="402" VPOS="793" WIDTH="34" HEIGHT="21" WC="0.96" CONTENT="till"/><SP WIDTH="10" VPOS="793" HPOS="436"/>
							<String ID="string_112" HPOS="446" VPOS="793" WIDTH="55" HEIGHT="21" WC="0.96" CONTENT="Vårt"/><SP WIDTH="14" VPOS="793" HPOS="501"/>
							<String ID="string_113" HPOS="515" VPOS="793" WIDTH="117" HEIGHT="27" WC="0.93" CONTENT="utlåtande,"/><SP WIDTH="16" VPOS="793" HPOS="632"/>
							<String ID="string_114" HPOS="648" VPOS="794" WIDTH="139" HEIGHT="21" WC="0.92" CONTENT="öfverlemnat"/><SP WIDTH="10" VPOS="794" HPOS="787"/>
							<String ID="string_115" HPOS="797" VPOS="796" WIDTH="76" HEIGHT="20" WC="0.93" CONTENT="tvenne"/><SP WIDTH="11" VPOS="796" HPOS="873"/>
							<String ID="string_116" HPOS="884" VPOS="795" WIDTH="44" HEIGHT="21" WC="0.92" CONTENT="för-"/>
						</TextLine>
						<TextLine ID="line_17" HPOS="177" VPOS="826" WIDTH="751" HEIGHT="30">
							<String ID="string_117" HPOS="177" VPOS="826" WIDTH="191" HEIGHT="28" WC="0.91" CONTENT="fattningsförslag,"/><SP WIDTH="12" VPOS="826" HPOS="368"/>
							<String ID="string_118" HPOS="380" VPOS="827" WIDTH="35" HEIGHT="21" WC="0.96" CONTENT="det"/><SP WIDTH="12" VPOS="827" HPOS="415"/>
							<String ID="string_119" HPOS="427" VPOS="834" WIDTH="45" HEIGHT="19" WC="0.96" CONTENT="ena,"/><SP WIDTH="13" VPOS="834" HPOS="472"/>
							<String ID="string_120" HPOS="485" VPOS="827" WIDTH="109" HEIGHT="28" WC="0.93" CONTENT="angående"/><SP WIDTH="15" VPOS="827" HPOS="594"/>
							<String ID="string_121" HPOS="609" VPOS="827" WIDTH="191" HEIGHT="28" WC="0.90" CONTENT="skjutshållningen"/><SP WIDTH="16" VPOS="827" HPOS="800"/>
							<String ID="string_122" HPOS="816" VPOS="829" WIDTH="40" HEIGHT="21" WC="0.91" CONTENT="och"/><SP WIDTH="15" VPOS="829" HPOS="856"/>
							<String ID="string_123" HPOS="871" VPOS="830" WIDTH="57" HEIGHT="26" WC="0.91" CONTENT="gäst-"/>
						</TextLine>
						<TextLine ID="line_18" HPOS="177" VPOS="860" WIDTH="751" HEIGHT="30">
							<String ID="string_124" HPOS="177" VPOS="860" WIDTH="132" HEIGHT="28" WC="0.90" CONTENT="gifverierna,"/><SP WIDTH="17" VPOS="860" HPOS="309"/>
							<String ID="string_125" HPOS="326" VPOS="862" WIDTH="40" HEIGHT="20" WC="0.96" CONTENT="och"/><SP WIDTH="15" VPOS="862" HPOS="366"/>
							<String ID="string_126" HPOS="381" VPOS="862" WIDTH="35" HEIGHT="21" WC="0.96" CONTENT="det"/><SP WIDTH="15" VPOS="862" HPOS="416"/>
							<String ID="string_127" HPOS="431" VPOS="862" WIDTH="74" HEIGHT="26" WC="0.96" CONTENT="andra,"/><SP WIDTH="19" VPOS="862" HPOS="505"/>
							<String ID="string_128" HPOS="524" VPOS="862" WIDTH="110" HEIGHT="28" WC="0.93" CONTENT="angående"/><SP WIDTH="15" VPOS="862" HPOS="634"/>
							<String ID="string_129" HPOS="649" VPOS="863" WIDTH="77" HEIGHT="26" WC="0.92" CONTENT="vägars"/><SP WIDTH="18" VPOS="863" HPOS="726"/>
							<String ID="string_130" HPOS="744" VPOS="862" WIDTH="40" HEIGHT="21" WC="0.93" CONTENT="och"/><SP WIDTH="15" VPOS="862" HPOS="784"/>
							<String ID="string_131" HPOS="799" VPOS="862" WIDTH="75" HEIGHT="22" WC="0.93" CONTENT="broars"/><SP WIDTH="15" VPOS="862" HPOS="874"/>
							<String ID="string_132" HPOS="889" VPOS="870" WIDTH="39" HEIGHT="14" WC="0.90" CONTENT="un-"/>
						</TextLine>
						<TextLine ID="line_19" HPOS="177" VPOS="894" WIDTH="753" HEIGHT="28">
							<String ID="string_133" HPOS="177" VPOS="894" WIDTH="82" HEIGHT="22" WC="0.91" CONTENT="derhåll"/><SP WIDTH="21" VPOS="894" HPOS="259"/>
							<String ID="string_134" HPOS="280" VPOS="896" WIDTH="8" HEIGHT="20" WC="0.96" CONTENT="i"/><SP WIDTH="21" VPOS="896" HPOS="288"/>
							<String ID="string_135" HPOS="309" VPOS="896" WIDTH="101" HEIGHT="26" WC="0.96" CONTENT="Finland;"/><SP WIDTH="23" VPOS="896" HPOS="410"/>
							<String ID="string_136" HPOS="433" VPOS="896" WIDTH="40" HEIGHT="21" WC="0.93" CONTENT="och"/><SP WIDTH="21" VPOS="896" HPOS="473"/>
							<String ID="string_137" HPOS="494" VPOS="896" WIDTH="63" HEIGHT="22" WC="0.91" CONTENT="hafve"/><SP WIDTH="18" VPOS="896" HPOS="557"/>
							<String ID="string_138" HPOS="575" VPOS="896" WIDTH="33" HEIGHT="26" WC="0.96" CONTENT="Vi,"/><SP WIDTH="18" VPOS="896" HPOS="608"/>
							<String ID="string_139" HPOS="626" VPOS="896" WIDTH="49" HEIGHT="22" WC="0.93" CONTENT="med"/><SP WIDTH="18" VPOS="896" HPOS="675"/>
							<String ID="string_140" HPOS="693" VPOS="896" WIDTH="153" HEIGHT="22" WC="0.90" CONTENT="föranledande"/><SP WIDTH="18" VPOS="896" HPOS="846"/>
							<String ID="string_141" HPOS="864" VPOS="897" WIDTH="66" HEIGHT="22" WC="0.96" CONTENT="häraf"/>
						</TextLine>
						<TextLine ID="line_20" HPOS="176" VPOS="929" WIDTH="752" HEIGHT="30">
							<String ID="string_142" HPOS="176" VPOS="930" WIDTH="32" HEIGHT="21" WC="0.93" CONTENT="uti"/><SP WIDTH="14" VPOS="930" HPOS="208"/>
							<String ID="string_143" HPOS="222" VPOS="929" WIDTH="133" HEIGHT="28" WC="0.92" CONTENT="underdänig"/><SP WIDTH="15" VPOS="929" HPOS="355"/>
							<String ID="string_144" HPOS="370" VPOS="930" WIDTH="109" HEIGHT="22" WC="0.28" CONTENT="skrifvelse"/><SP WIDTH="14" VPOS="930" HPOS="479"/>
							<String ID="string_145" HPOS="493" VPOS="930" WIDTH="25" HEIGHT="22" WC="0.97" CONTENT="af"/><SP WIDTH="13" VPOS="930" HPOS="518"/>
							<String ID="string_146" HPOS="531" VPOS="930" WIDTH="40" HEIGHT="22" WC="0.96" CONTENT="den"/><SP WIDTH="16" VPOS="930" HPOS="571"/>
							<String ID="string_147" HPOS="587" VPOS="932" WIDTH="26" HEIGHT="19" WC="0.96" CONTENT="28"/><SP WIDTH="15" VPOS="932" HPOS="613"/>
							<String ID="string_148" HPOS="628" VPOS="930" WIDTH="147" HEIGHT="22" WC="0.95" CONTENT="innevarande"/><SP WIDTH="7" VPOS="930" HPOS="775"/>
							<String ID="string_149" HPOS="782" VPOS="931" WIDTH="43" HEIGHT="28" WC="0.96" CONTENT="Maj"/><SP WIDTH="17" VPOS="931" HPOS="825"/>
							<String ID="string_150" HPOS="842" VPOS="931" WIDTH="18" HEIGHT="27" WC="0.93" CONTENT="ej"/><SP WIDTH="17" VPOS="931" HPOS="860"/>
							<String ID="string_151" HPOS="877" VPOS="931" WIDTH="51" HEIGHT="21" WC="0.91" CONTENT="alle-"/>
						</TextLine>
						<TextLine ID="line_21" HPOS="175" VPOS="964" WIDTH="752" HEIGHT="29">
							<String ID="string_152" HPOS="175" VPOS="966" WIDTH="49" HEIGHT="18" WC="0.95" CONTENT="nast"/><SP WIDTH="14" VPOS="966" HPOS="224"/>
							<String ID="string_153" HPOS="238" VPOS="964" WIDTH="82" HEIGHT="21" WC="0.96" CONTENT="anmält"/><SP WIDTH="14" VPOS="964" HPOS="320"/>
							<String ID="string_154" HPOS="334" VPOS="964" WIDTH="8" HEIGHT="21" WC="0.96" CONTENT="i"/><SP WIDTH="14" VPOS="964" HPOS="342"/>
							<String ID="string_155" HPOS="356" VPOS="964" WIDTH="72" HEIGHT="22" WC="0.96" CONTENT="hvilka"/><SP WIDTH="15" VPOS="964" HPOS="428"/>
							<String ID="string_156" HPOS="443" VPOS="964" WIDTH="60" HEIGHT="22" WC="0.95" CONTENT="delar"/><SP WIDTH="14" VPOS="964" HPOS="503"/>
							<String ID="string_157" HPOS="517" VPOS="965" WIDTH="27" HEIGHT="21" WC="0.96" CONTENT="Vi"/><SP WIDTH="15" VPOS="965" HPOS="544"/>
							<String ID="string_158" HPOS="559" VPOS="964" WIDTH="95" HEIGHT="28" WC="0.95" CONTENT="godkänt"/><SP WIDTH="17" VPOS="964" HPOS="654"/>
							<String ID="string_159" HPOS="671" VPOS="964" WIDTH="92" HEIGHT="22" WC="0.93" CONTENT="berörde"/><SP WIDTH="17" VPOS="964" HPOS="763"/>
							<String ID="string_160" HPOS="780" VPOS="965" WIDTH="147" HEIGHT="28" WC="0.90" CONTENT="författnings-"/>
						</TextLine>
						<TextLine ID="line_22" HPOS="175" VPOS="998" WIDTH="691" HEIGHT="30">
							<String ID="string_161" HPOS="175" VPOS="998" WIDTH="87" HEIGHT="28" WC="0.96" CONTENT="förslag,"/><SP WIDTH="15" VPOS="998" HPOS="262"/>
							<String ID="string_162" HPOS="277" VPOS="1000" WIDTH="53" HEIGHT="20" WC="0.96" CONTENT="utan"/><SP WIDTH="15" VPOS="1000" HPOS="330"/>
							<String ID="string_163" HPOS="345" VPOS="999" WIDTH="39" HEIGHT="21" WC="0.93" CONTENT="ock"/><SP WIDTH="16" VPOS="999" HPOS="384"/>
							<String ID="string_164" HPOS="400" VPOS="998" WIDTH="101" HEIGHT="22" WC="0.92" CONTENT="aflemnat"/><SP WIDTH="15" VPOS="998" HPOS="501"/>
							<String ID="string_165" HPOS="516" VPOS="999" WIDTH="35" HEIGHT="21" WC="0.96" CONTENT="det"/><SP WIDTH="15" VPOS="999" HPOS="551"/>
							<String ID="string_166" HPOS="566" VPOS="1000" WIDTH="40" HEIGHT="20" WC="0.93" CONTENT="Oss"/><SP WIDTH="16" VPOS="1000" HPOS="606"/>
							<String ID="string_167" HPOS="622" VPOS="999" WIDTH="123" HEIGHT="22" WC="0.91" CONTENT="affordrade"/><SP WIDTH="14" VPOS="999" HPOS="745"/>
							<String ID="string_168" HPOS="759" VPOS="1000" WIDTH="107" HEIGHT="28" WC="0.96" CONTENT="yttrande."/>
						</TextLine>
					</TextBlock>
				</ComposedBlock>
				<ComposedBlock ID="cblock_6" HPOS="521" VPOS="1060" WIDTH="60" HEIGHT="27">
					<TextBlock ID="block_6" HPOS="521" VPOS="1060" WIDTH="60" HEIGHT="27">
						<TextLine ID="line_23" HPOS="521" VPOS="1060" WIDTH="60" HEIGHT="27">
							<String ID="string_169" HPOS="521" VPOS="1060" WIDTH="10" HEIGHT="27" WC="0.46" CONTENT="$"/><SP WIDTH="17" VPOS="1060" HPOS="531"/>
							<String ID="string_170" HPOS="548" VPOS="1061" WIDTH="33" HEIGHT="19" WC="0.95" CONTENT="27."/>
						</TextLine>
					</TextBlock>
				</ComposedBlock>
				<ComposedBlock ID="cblock_7" HPOS="171" VPOS="1101" WIDTH="756" HEIGHT="402">
					<TextBlock ID="block_7" HPOS="171" VPOS="1101" WIDTH="756" HEIGHT="402">
						<TextLine ID="line_24" HPOS="244" VPOS="1101" WIDTH="683" HEIGHT="29">
							<String ID="string_171" HPOS="244" VPOS="1101" WIDTH="70" HEIGHT="22" WC="0.96" CONTENT="Sedan"/><SP WIDTH="14" VPOS="1101" HPOS="314"/>
							<String ID="string_172" HPOS="328" VPOS="1102" WIDTH="60" HEIGHT="21" WC="0.96" CONTENT="Hans"/><SP WIDTH="15" VPOS="1102" HPOS="388"/>
							<String ID="string_173" HPOS="403" VPOS="1102" WIDTH="120" HEIGHT="28" WC="0.96" CONTENT="Kejserliga"/><SP WIDTH="14" VPOS="1102" HPOS="523"/>
							<String ID="string_174" HPOS="537" VPOS="1102" WIDTH="100" HEIGHT="28" WC="0.96" CONTENT="Majestät"/><SP WIDTH="11" VPOS="1102" HPOS="637"/>
							<String ID="string_175" HPOS="648" VPOS="1102" WIDTH="34" HEIGHT="21" WC="0.96" CONTENT="till"/><SP WIDTH="12" VPOS="1102" HPOS="682"/>
							<String ID="string_176" HPOS="694" VPOS="1102" WIDTH="40" HEIGHT="21" WC="0.93" CONTENT="Oss"/><SP WIDTH="12" VPOS="1102" HPOS="734"/>
							<String ID="string_177" HPOS="746" VPOS="1102" WIDTH="101" HEIGHT="22" WC="0.92" CONTENT="aflemnat"/><SP WIDTH="14" VPOS="1102" HPOS="847"/>
							<String ID="string_178" HPOS="861" VPOS="1101" WIDTH="66" HEIGHT="29" WC="0.96" CONTENT="nådig"/>
						</TextLine>
						<TextLine ID="line_25" HPOS="174" VPOS="1136" WIDTH="753" HEIGHT="28">
							<String ID="string_179" HPOS="174" VPOS="1136" WIDTH="140" HEIGHT="27" WC="0.95" CONTENT="proposition,"/><SP WIDTH="19" VPOS="1136" HPOS="314"/>
							<String ID="string_180" HPOS="333" VPOS="1136" WIDTH="8" HEIGHT="21" WC="0.96" CONTENT="i"/><SP WIDTH="22" VPOS="1136" HPOS="341"/>
							<String ID="string_181" HPOS="363" VPOS="1136" WIDTH="115" HEIGHT="28" WC="0.96" CONTENT="anledning"/><SP WIDTH="22" VPOS="1136" HPOS="478"/>
							<String ID="string_182" HPOS="500" VPOS="1137" WIDTH="25" HEIGHT="21" WC="0.96" CONTENT="af"/><SP WIDTH="20" VPOS="1137" HPOS="525"/>
							<String ID="string_183" HPOS="545" VPOS="1136" WIDTH="40" HEIGHT="21" WC="0.96" CONTENT="den"/><SP WIDTH="22" VPOS="1136" HPOS="585"/>
							<String ID="string_184" HPOS="607" VPOS="1136" WIDTH="33" HEIGHT="21" WC="0.88" CONTENT="för"/><SP WIDTH="22" VPOS="1136" HPOS="640"/>
							<String ID="string_185" HPOS="662" VPOS="1136" WIDTH="265" HEIGHT="28" WC="0.88" CONTENT="bränvinstillverkningen"/>
						</TextLine>
						<TextLine ID="line_26" HPOS="173" VPOS="1170" WIDTH="754" HEIGHT="28">
							<String ID="string_186" HPOS="173" VPOS="1170" WIDTH="91" HEIGHT="22" WC="0.89" CONTENT="influtna"/><SP WIDTH="19" VPOS="1170" HPOS="264"/>
							<String ID="string_187" HPOS="283" VPOS="1170" WIDTH="95" HEIGHT="22" WC="0.92" CONTENT="skattens"/><SP WIDTH="19" VPOS="1170" HPOS="378"/>
							<String ID="string_188" HPOS="397" VPOS="1170" WIDTH="165" HEIGHT="28" WC="0.96" CONTENT="otillräcklighet"/><SP WIDTH="17" VPOS="1170" HPOS="562"/>
							<String ID="string_189" HPOS="579" VPOS="1170" WIDTH="35" HEIGHT="21" WC="0.93" CONTENT="för"/><SP WIDTH="17" VPOS="1170" HPOS="614"/>
							<String ID="string_190" HPOS="631" VPOS="1170" WIDTH="147" HEIGHT="22" WC="0.91" CONTENT="bestridandet"/><SP WIDTH="18" VPOS="1170" HPOS="778"/>
							<String ID="string_191" HPOS="796" VPOS="1170" WIDTH="24" HEIGHT="22" WC="0.96" CONTENT="af"/><SP WIDTH="21" VPOS="1170" HPOS="820"/>
							<String ID="string_192" HPOS="841" VPOS="1171" WIDTH="26" HEIGHT="21" WC="0.92" CONTENT="de"/><SP WIDTH="23" VPOS="1171" HPOS="867"/>
							<String ID="string_193" HPOS="890" VPOS="1178" WIDTH="37" HEIGHT="14" WC="0.89" CONTENT="an-"/>
						</TextLine>
						<TextLine ID="line_27" HPOS="173" VPOS="1204" WIDTH="754" HEIGHT="28">
							<String ID="string_194" HPOS="173" VPOS="1204" WIDTH="56" HEIGHT="28" WC="0.93" CONTENT="slag,"/><SP WIDTH="19" VPOS="1204" HPOS="229"/>
							<String ID="string_195" HPOS="248" VPOS="1204" WIDTH="87" HEIGHT="22" WC="0.91" CONTENT="hvartill"/><SP WIDTH="19" VPOS="1204" HPOS="335"/>
							<String ID="string_196" HPOS="354" VPOS="1204" WIDTH="123" HEIGHT="22" WC="0.91" CONTENT="densamma"/><SP WIDTH="21" VPOS="1204" HPOS="477"/>
							<String ID="string_197" HPOS="498" VPOS="1204" WIDTH="124" HEIGHT="28" WC="0.90" CONTENT="påräknats,"/><SP WIDTH="20" VPOS="1204" HPOS="622"/>
							<String ID="string_198" HPOS="642" VPOS="1207" WIDTH="55" HEIGHT="19" WC="0.93" CONTENT="samt"/><SP WIDTH="23" VPOS="1207" HPOS="697"/>
							<String ID="string_199" HPOS="720" VPOS="1204" WIDTH="73" HEIGHT="22" WC="0.87" CONTENT="dervid"/><SP WIDTH="22" VPOS="1204" HPOS="793"/>
							<String ID="string_200" HPOS="815" VPOS="1204" WIDTH="112" HEIGHT="28" WC="0.96" CONTENT="föreslagit"/>
						</TextLine>
						<TextLine ID="line_28" HPOS="173" VPOS="1238" WIDTH="753" HEIGHT="28">
							<String ID="string_201" HPOS="173" VPOS="1238" WIDTH="68" HEIGHT="28" WC="0.95" CONTENT="några"/><SP WIDTH="22" VPOS="1238" HPOS="241"/>
							<String ID="string_202" HPOS="263" VPOS="1238" WIDTH="81" HEIGHT="22" WC="0.95" CONTENT="sådana"/><SP WIDTH="22" VPOS="1238" HPOS="344"/>
							<String ID="string_203" HPOS="366" VPOS="1239" WIDTH="133" HEIGHT="27" WC="0.95" CONTENT="stadganden"/><SP WIDTH="21" VPOS="1239" HPOS="499"/>
							<String ID="string_204" HPOS="520" VPOS="1240" WIDTH="7" HEIGHT="20" WC="0.96" CONTENT="i"/><SP WIDTH="24" VPOS="1240" HPOS="527"/>
							<String ID="string_205" HPOS="551" VPOS="1239" WIDTH="99" HEIGHT="21" WC="0.93" CONTENT="afseende"/><SP WIDTH="18" VPOS="1239" HPOS="650"/>
							<String ID="string_206" HPOS="668" VPOS="1238" WIDTH="13" HEIGHT="22" WC="0.91" CONTENT="å"/><SP WIDTH="22" VPOS="1238" HPOS="681"/>
							<String ID="string_207" HPOS="703" VPOS="1240" WIDTH="66" HEIGHT="26" WC="0.91" CONTENT="sagde"/><SP WIDTH="21" VPOS="1240" HPOS="769"/>
							<String ID="string_208" HPOS="790" VPOS="1239" WIDTH="136" HEIGHT="27" WC="0.96" CONTENT="tillverkning"/>
						</TextLine>
						<TextLine ID="line_29" HPOS="173" VPOS="1272" WIDTH="752" HEIGHT="28">
							<String ID="string_209" HPOS="173" VPOS="1272" WIDTH="52" HEIGHT="22" WC="0.94" CONTENT="eller"/><SP WIDTH="20" VPOS="1272" HPOS="225"/>
							<String ID="string_210" HPOS="245" VPOS="1272" WIDTH="67" HEIGHT="22" WC="0.94" CONTENT="sådan"/><SP WIDTH="18" VPOS="1272" HPOS="312"/>
							<String ID="string_211" HPOS="330" VPOS="1272" WIDTH="91" HEIGHT="27" WC="0.93" CONTENT="ändring"/><SP WIDTH="19" VPOS="1272" HPOS="421"/>
							<String ID="string_212" HPOS="440" VPOS="1272" WIDTH="105" HEIGHT="22" WC="0.91" CONTENT="eventuelt"/><SP WIDTH="17" VPOS="1272" HPOS="545"/>
							<String ID="string_213" HPOS="562" VPOS="1272" WIDTH="8" HEIGHT="20" WC="0.96" CONTENT="i"/><SP WIDTH="19" VPOS="1272" HPOS="570"/>
							<String ID="string_214" HPOS="589" VPOS="1272" WIDTH="118" HEIGHT="28" WC="0.96" CONTENT="ordningen"/><SP WIDTH="18" VPOS="1272" HPOS="707"/>
							<String ID="string_215" HPOS="725" VPOS="1272" WIDTH="35" HEIGHT="22" WC="0.93" CONTENT="för"/><SP WIDTH="17" VPOS="1272" HPOS="760"/>
							<String ID="string_216" HPOS="777" VPOS="1273" WIDTH="95" HEIGHT="21" WC="0.92" CONTENT="skattens"/><SP WIDTH="16" VPOS="1273" HPOS="872"/>
							<String ID="string_217" HPOS="888" VPOS="1280" WIDTH="37" HEIGHT="14" WC="0.92" CONTENT="an-"/>
						</TextLine>
						<TextLine ID="line_30" HPOS="173" VPOS="1306" WIDTH="753" HEIGHT="28">
							<String ID="string_218" HPOS="173" VPOS="1306" WIDTH="111" HEIGHT="22" WC="0.96" CONTENT="vändande"/><SP WIDTH="18" VPOS="1306" HPOS="284"/>
							<String ID="string_219" HPOS="302" VPOS="1308" WIDTH="33" HEIGHT="20" WC="0.96" CONTENT="att"/><SP WIDTH="17" VPOS="1308" HPOS="335"/>
							<String ID="string_220" HPOS="352" VPOS="1306" WIDTH="70" HEIGHT="21" WC="0.96" CONTENT="medel"/><SP WIDTH="17" VPOS="1306" HPOS="422"/>
							<String ID="string_221" HPOS="439" VPOS="1306" WIDTH="72" HEIGHT="21" WC="0.96" CONTENT="kunde"/><SP WIDTH="17" VPOS="1306" HPOS="511"/>
							<String ID="string_222" HPOS="528" VPOS="1306" WIDTH="90" HEIGHT="22" WC="0.95" CONTENT="beredas"/><SP WIDTH="19" VPOS="1306" HPOS="618"/>
							<String ID="string_223" HPOS="637" VPOS="1306" WIDTH="18" HEIGHT="28" WC="0.96" CONTENT="ej"/><SP WIDTH="20" VPOS="1306" HPOS="655"/>
							<String ID="string_224" HPOS="675" VPOS="1306" WIDTH="83" HEIGHT="22" WC="0.96" CONTENT="mindre"/><SP WIDTH="14" VPOS="1306" HPOS="758"/>
							<String ID="string_225" HPOS="772" VPOS="1307" WIDTH="34" HEIGHT="21" WC="0.93" CONTENT="för"/><SP WIDTH="14" VPOS="1307" HPOS="806"/>
							<String ID="string_226" HPOS="820" VPOS="1306" WIDTH="106" HEIGHT="22" WC="0.89" CONTENT="handhaf-"/>
						</TextLine>
						<TextLine ID="line_31" HPOS="171" VPOS="1340" WIDTH="755" HEIGHT="29">
							<String ID="string_227" HPOS="171" VPOS="1341" WIDTH="73" HEIGHT="22" WC="0.92" CONTENT="vande"/><SP WIDTH="15" VPOS="1341" HPOS="244"/>
							<String ID="string_228" HPOS="259" VPOS="1342" WIDTH="24" HEIGHT="20" WC="0.96" CONTENT="af"/><SP WIDTH="16" VPOS="1342" HPOS="283"/>
							<String ID="string_229" HPOS="299" VPOS="1348" WIDTH="26" HEIGHT="14" WC="0.93" CONTENT="en"/><SP WIDTH="15" VPOS="1348" HPOS="325"/>
							<String ID="string_230" HPOS="340" VPOS="1340" WIDTH="96" HEIGHT="22" WC="0.91" CONTENT="verksam"/><SP WIDTH="18" VPOS="1340" HPOS="436"/>
							<String ID="string_231" HPOS="454" VPOS="1341" WIDTH="94" HEIGHT="21" WC="0.91" CONTENT="kontroll"/><SP WIDTH="19" VPOS="1341" HPOS="548"/>
							<String ID="string_232" HPOS="567" VPOS="1341" WIDTH="58" HEIGHT="21" WC="0.88" CONTENT="ötver"/><SP WIDTH="18" VPOS="1341" HPOS="625"/>
							<String ID="string_233" HPOS="643" VPOS="1341" WIDTH="164" HEIGHT="28" WC="0.89" CONTENT="tillverkningen"/><SP WIDTH="18" VPOS="1341" HPOS="807"/>
							<String ID="string_234" HPOS="825" VPOS="1342" WIDTH="41" HEIGHT="21" WC="0.93" CONTENT="och"/><SP WIDTH="15" VPOS="1342" HPOS="866"/>
							<String ID="string_235" HPOS="881" VPOS="1342" WIDTH="45" HEIGHT="20" WC="0.93" CONTENT="för-"/>
						</TextLine>
						<TextLine ID="line_32" HPOS="173" VPOS="1375" WIDTH="752" HEIGHT="29">
							<String ID="string_236" HPOS="173" VPOS="1376" WIDTH="119" HEIGHT="28" WC="0.92" CONTENT="säljningen"/><SP WIDTH="12" VPOS="1376" HPOS="292"/>
							<String ID="string_237" HPOS="304" VPOS="1375" WIDTH="40" HEIGHT="22" WC="0.97" CONTENT="och"/><SP WIDTH="12" VPOS="1375" HPOS="344"/>
							<String ID="string_238" HPOS="356" VPOS="1375" WIDTH="33" HEIGHT="22" WC="0.93" CONTENT="för"/><SP WIDTH="11" VPOS="1375" HPOS="389"/>
							<String ID="string_239" HPOS="400" VPOS="1375" WIDTH="82" HEIGHT="22" WC="0.93" CONTENT="inlösen"/><SP WIDTH="15" VPOS="1375" HPOS="482"/>
							<String ID="string_240" HPOS="497" VPOS="1375" WIDTH="24" HEIGHT="21" WC="0.93" CONTENT="af"/><SP WIDTH="13" VPOS="1375" HPOS="521"/>
							<String ID="string_241" HPOS="534" VPOS="1375" WIDTH="61" HEIGHT="22" WC="0.91" CONTENT="äldre"/><SP WIDTH="10" VPOS="1375" HPOS="595"/>
							<String ID="string_242" HPOS="605" VPOS="1376" WIDTH="320" HEIGHT="28" WC="0.92" CONTENT="bränvinsbränningsredskap,"/>
						</TextLine>
						<TextLine ID="line_33" HPOS="172" VPOS="1410" WIDTH="753" HEIGHT="29">
							<String ID="string_243" HPOS="172" VPOS="1412" WIDTH="28" HEIGHT="20" WC="0.96" CONTENT="än"/><SP WIDTH="14" VPOS="1412" HPOS="200"/>
							<String ID="string_244" HPOS="214" VPOS="1410" WIDTH="34" HEIGHT="21" WC="0.96" CONTENT="för"/><SP WIDTH="15" VPOS="1410" HPOS="248"/>
							<String ID="string_245" HPOS="263" VPOS="1410" WIDTH="27" HEIGHT="22" WC="0.93" CONTENT="de"/><SP WIDTH="14" VPOS="1410" HPOS="290"/>
							<String ID="string_246" HPOS="304" VPOS="1410" WIDTH="161" HEIGHT="28" WC="0.92" CONTENT="allmännyttige"/><SP WIDTH="15" VPOS="1410" HPOS="465"/>
							<String ID="string_247" HPOS="480" VPOS="1410" WIDTH="89" HEIGHT="29" WC="0.96" CONTENT="företag,"/><SP WIDTH="12" VPOS="1410" HPOS="569"/>
							<String ID="string_248" HPOS="581" VPOS="1418" WIDTH="45" HEIGHT="14" WC="0.96" CONTENT="som"/><SP WIDTH="14" VPOS="1418" HPOS="626"/>
							<String ID="string_249" HPOS="640" VPOS="1411" WIDTH="69" HEIGHT="21" WC="0.93" CONTENT="under"/><SP WIDTH="15" VPOS="1411" HPOS="709"/>
							<String ID="string_250" HPOS="724" VPOS="1411" WIDTH="143" HEIGHT="22" WC="0.92" CONTENT="oförändrade"/><SP WIDTH="15" VPOS="1411" HPOS="867"/>
							<String ID="string_251" HPOS="882" VPOS="1411" WIDTH="43" HEIGHT="22" WC="0.92" CONTENT="för-"/>
						</TextLine>
						<TextLine ID="line_34" HPOS="171" VPOS="1444" WIDTH="754" HEIGHT="28">
							<String ID="string_252" HPOS="171" VPOS="1444" WIDTH="115" HEIGHT="23" WC="0.92" CONTENT="hällanden"/><SP WIDTH="15" VPOS="1444" HPOS="286"/>
							<String ID="string_253" HPOS="301" VPOS="1445" WIDTH="68" HEIGHT="22" WC="0.93" CONTENT="skulle"/><SP WIDTH="14" VPOS="1445" HPOS="369"/>
							<String ID="string_254" HPOS="383" VPOS="1445" WIDTH="67" HEIGHT="22" WC="0.93" CONTENT="blifva"/><SP WIDTH="13" VPOS="1445" HPOS="450"/>
							<String ID="string_255" HPOS="463" VPOS="1445" WIDTH="99" HEIGHT="22" WC="0.92" CONTENT="hvilande"/><SP WIDTH="15" VPOS="1445" HPOS="562"/>
							<String ID="string_256" HPOS="577" VPOS="1445" WIDTH="32" HEIGHT="21" WC="0.96" CONTENT="till"/><SP WIDTH="15" VPOS="1445" HPOS="609"/>
							<String ID="string_257" HPOS="624" VPOS="1453" WIDTH="27" HEIGHT="14" WC="0.93" CONTENT="en"/><SP WIDTH="15" VPOS="1453" HPOS="651"/>
							<String ID="string_258" HPOS="666" VPOS="1446" WIDTH="76" HEIGHT="22" WC="0.96" CONTENT="osäker"/><SP WIDTH="14" VPOS="1446" HPOS="742"/>
							<String ID="string_259" HPOS="756" VPOS="1446" WIDTH="94" HEIGHT="26" WC="0.93" CONTENT="framtid,"/><SP WIDTH="12" VPOS="1446" HPOS="850"/>
							<String ID="string_260" HPOS="862" VPOS="1446" WIDTH="63" HEIGHT="22" WC="0.92" CONTENT="hafve"/>
						</TextLine>
						<TextLine ID="line_35" HPOS="176" VPOS="1479" WIDTH="750" HEIGHT="24">
							<String ID="string_261" HPOS="176" VPOS="1480" WIDTH="27" HEIGHT="22" WC="0.96" CONTENT="Vi"/><SP WIDTH="17" VPOS="1480" HPOS="203"/>
							<String ID="string_262" HPOS="220" VPOS="1480" WIDTH="68" HEIGHT="21" WC="0.96" CONTENT="under"/><SP WIDTH="19" VPOS="1480" HPOS="288"/>
							<String ID="string_263" HPOS="307" VPOS="1479" WIDTH="41" HEIGHT="23" WC="0.96" CONTENT="den"/><SP WIDTH="19" VPOS="1479" HPOS="348"/>
							<String ID="string_264" HPOS="367" VPOS="1481" WIDTH="27" HEIGHT="21" WC="0.93" CONTENT="28"/><SP WIDTH="19" VPOS="1481" HPOS="394"/>
							<String ID="string_265" HPOS="413" VPOS="1480" WIDTH="144" HEIGHT="22" WC="0.96" CONTENT="innevarande"/><SP WIDTH="17" VPOS="1480" HPOS="557"/>
							<String ID="string_266" HPOS="574" VPOS="1480" WIDTH="79" HEIGHT="22" WC="0.96" CONTENT="månad"/><SP WIDTH="17" VPOS="1480" HPOS="653"/>
							<String ID="string_267" HPOS="670" VPOS="1481" WIDTH="35" HEIGHT="22" WC="0.93" CONTENT="för"/><SP WIDTH="15" VPOS="1481" HPOS="705"/>
							<String ID="string_268" HPOS="720" VPOS="1480" WIDTH="45" HEIGHT="23" WC="0.96" CONTENT="Vår"/><SP WIDTH="18" VPOS="1480" HPOS="765"/>
							<String ID="string_269" HPOS="783" VPOS="1481" WIDTH="34" HEIGHT="22" WC="0.92" CONTENT="del"/><SP WIDTH="21" VPOS="1481" HPOS="817"/>
							<String ID="string_270" HPOS="838" VPOS="1480" WIDTH="88" HEIGHT="23" WC="0.85" CONTENT="beslutit"/>
						</TextLine>
					</TextBlock>
				</ComposedBlock>
			</PrintSpace>
		</Page>
	</Layout>
</alto>
