1014 1723
197 160 43 16 1686
396 158 71 23 Nådiga
479 160 134 21 Propositionen
625 160 35 16 N:o
672 160 28 16 34.

242 222 74 20 Under
335 221 26 22 de
378 221 278 28 undantagsförhällanden,
676 230 46 14 som
740 222 36 22 vid
796 222 131 22 inträffande

173 256 49 28 krig
240 256 52 21 eller
309 256 203 28 krigsförberedelse
531 264 40 20 oga
589 264 53 18 rum,
661 256 68 22 mäste
748 257 35 21 det
798 264 61 14 anses
874 265 53 14 vara

174 297 26 14 en
218 290 54 28 pligt
290 290 34 21 för
342 290 73 28 hvarje
435 290 140 28 medborgare
594 292 31 20 att
644 291 7 20 i
670 291 32 21 sin
720 290 50 22 män
788 292 91 27 bidraga
893 292 34 21 till

173 324 183 22 fäderneslandets
370 324 89 27 försvar,
474 325 100 21 hvarföre
588 325 104 21 utskottet
706 325 85 22 förenat
804 326 33 27 sig
853 326 74 21 derom

173 361 33 19 att
224 359 68 21 under
311 359 71 28 dylika
400 358 149 22 förhällanden
569 360 40 20 den
628 360 64 21 frihet
707 359 48 22 frän
770 360 119 28 utgörande
905 360 24 22 af

172 394 156 27 ingvartering,
348 400 45 14 som
412 394 61 26 eljest
491 395 24 20 är
534 394 113 25 förunnad,
666 394 67 22 borde
748 394 104 27 upphöra,
868 395 57 21 häri-

172 427 48 22 från
236 428 54 21 dock
305 428 136 27 undantagne
459 428 43 21 alla
521 428 47 21 dei
583 428 52 21 sista
650 435 62 14 mom.
729 428 24 22 af
769 429 11 27 8
800 430 12 19 2
830 429 95 27 uppräk-

172 462 56 22 nade
242 463 50 26 hus;
312 462 39 22 och
370 463 39 21 har
425 462 118 28 stadgande
561 463 7 21 i
587 462 59 22 detta
664 463 54 28 syfte
736 462 64 22 alltsä
818 464 7 20 i
840 463 85 23 författ-

173 498 78 28 ningen
266 497 84 21 influtit.

240 541 41 21 Till
295 540 51 28 följe
360 540 65 22 häraf
437 540 34 22 fär
485 541 103 21 utskottet
602 541 156 22 vördsammast
772 542 116 28 tillstyrka:

298 588 33 16 att
347 584 83 21 landets
445 583 103 28 Ständer,
563 584 47 22 med
625 585 137 28 underdänig
778 586 102 20 anmälan
892 589 33 17 att

240 618 41 21 den
298 618 83 28 nädiga
397 620 165 26 propositionen
580 619 94 21 rörande
693 620 125 27 grunderna
831 620 42 28 för
891 621 34 20 in-

240 654 147 27 gvarterings-
410 653 39 21 och
474 653 362 29 transportskjutsningsbesvärens
861 656 64 27 utgö-

240 688 67 20 rande
330 687 44 21 icke
399 687 81 21 kunnat
499 688 136 28 oförändrad
654 692 98 25 antagas,
768 689 42 29 för
833 690 34 20 sin
890 690 34 20 del

240 722 51 21 ville
306 721 82 21 besluta
404 722 35 21 till
453 729 26 14 en
494 723 116 28 sälydande

240 802 151 33 Förordning
400 802 123 33 angäende
536 803 139 33 grunderne
688 804 38 26 för
739 804 184 34 militäringvar-

261 846 103 32 terings-
382 846 44 25 och
443 846 458 35 transportskjutsningsskyldighetens

336 889 135 32 utgörande
489 890 28 25 af
530 889 146 27 invänarene
694 891 9 24 i
720 890 107 27 Finland.

240 947 55 22 1:sta
310 949 145 21 alternativet.

561 1005 12 27 $
587 1003 17 21 1.

296 1045 64 22 Mom.
371 1047 17 20 1.
411 1046 262 29 Militäringvarterings-
682 1047 38 21 och
732 1049 191 29 transportskjuts-

239 1079 212 29 ningsskyldigheten
470 1080 62 27 skall,
547 1081 47 21 med
613 1081 25 21 de
656 1082 112 29 undantag
783 1090 44 14 som
841 1084 10 20 i
866 1084 24 28 $$
906 1083 16 21 2

239 1114 37 20 och
288 1113 16 21 3
319 1114 146 28 omförmälas,
477 1116 33 27 pä
525 1116 73 20 landet
613 1116 75 28 äligga
700 1117 44 21 alla
756 1124 44 14 som
815 1125 39 21 ega
870 1119 51 20 eller

240 1148 76 21 besitta
338 1149 10 20 i
369 1150 84 20 mantal
475 1153 43 17 satt
537 1150 62 28 jord,
622 1151 208 29 stadgalägenheter,
854 1152 68 22 skatt-

239 1183 65 28 lagda
322 1184 103 28 utjordar
441 1184 38 20 och
498 1188 54 24 torp,
568 1185 98 28 grufvor,
676 1186 104 28 fabriker
796 1187 38 20 och
848 1194 74 14 manu-

232 1217 139 29 fakturverk,
387 1218 160 28 sjelfbestående
563 1220 66 28 sågar
642 1220 38 20 och
695 1228 101 20 qvarnar,
812 1222 109 28 äfvensom

238 1252 72 20 andra
327 1252 131 21 industriela
475 1254 159 27 inrättningar,
650 1254 24 20 så
690 1255 37 19 ock
744 1255 127 26 handlande,
888 1264 33 12 om

238 1285 25 21 de
279 1286 33 19 sin
327 1286 82 27 näring
422 1286 30 27 på
468 1287 72 20 landet
554 1287 59 20 idka.

294 1327 64 22 Mom.
378 1329 19 20 2.
427 1327 57 22 Stad
503 1330 26 19 är
541 1330 58 27 från
619 1330 302 32 transportskjutsningsskyl-

238 1362 75 29 dighet
324 1362 119 30 frikallad,
462 1370 47 14 men
527 1364 85 29 åligger
631 1368 33 17 att
681 1366 239 30 militäringvartering

237 1398 88 27 utgöra.
355 1396 15 22 I
382 1398 60 21 detta
457 1398 75 21 besvär
547 1399 67 27 skola,
630 1400 72 22 såvidt
717 1402 25 28 $$
757 1400 16 22 2
788 1402 38 21 och
841 1401 15 21 3
871 1402 50 22 deri

238 1432 45 21 icke
298 1433 57 27 göra
369 1439 18 15 0.
403 1439 17 15 s.
435 1440 19 14 v.
470 1433 65 28 enligt
549 1434 165 28 propositionen.

295 1476 63 21 Mom.
375 1476 18 21 3.
424 1476 150 23 Oförändradt.
