1020 1723
189 152 42 30 1744
380 155 71 21 Nädiga
464 154 135 22 Propositionen
612 154 34 17 N:o
658 155 28 16 35.

301 218 59 22 detta
378 218 102 21 ändamål
499 218 107 28 betungas,
626 217 88 29 beviljat
733 217 40 21 den
787 224 29 13 nu
832 216 78 21 äskade

300 253 105 28 garantin
416 253 42 28 för
478 252 63 29 högst
561 253 35 19 tvä
610 252 100 28 miljoner
725 250 74 22 marks
815 251 97 21 annuite-

301 290 33 18 ter
352 287 68 21 under
439 287 40 21 den
491 287 165 28 förutsättning
675 289 34 17 att
723 286 25 20 de
763 286 26 28 af
801 284 111 30 Styrelsen

296 321 130 29 päräknade
447 321 126 25 inkomster,
596 321 104 20 eventuelt
717 321 10 19 i
739 320 106 28 förening
864 320 47 20 med

300 356 40 22 den
356 356 116 28 bevillning
485 356 12 20 å
511 355 69 26 tobak,
592 354 126 22 Ständerna
730 354 90 29 erbjuda
832 355 33 27 sig
878 357 33 17 att

301 392 9 20 i
325 391 99 21 händelse
440 390 25 28 af
479 390 63 28 behof
554 392 86 27 utgöra,
656 389 60 21 skola
732 389 68 29 blifva
812 388 99 22 tillräck-

302 426 46 27 liga
360 426 42 27 för
421 425 147 21 bestridandet
586 425 24 28 af
628 424 94 21 berörda
736 424 121 20 annuiteter
874 424 38 20 och

302 463 32 17 att
345 460 72 28 nägra
428 460 70 20 andra
510 460 75 28 anslag
598 460 24 27 af
632 458 125 22 Ständerna
764 459 41 29 för
814 458 35 21 det
857 458 55 28 ifrä-

301 494 124 28 gavarande
434 494 212 28 jernvägsföretaget
657 493 45 21 icke
714 492 61 22 skola
784 492 128 29 päfordras.

233 528 242 22 Utskottsledamöterne
497 528 24 21 af
541 528 26 22 de
588 526 35 23 tvä
646 527 68 21 andra
735 526 95 22 Ständen
848 526 64 22 hafva

166 562 96 22 deremot
283 564 70 20 ansett
374 562 81 22 sädana
476 562 68 22 vilkor
566 562 40 22 och
624 562 179 27 förutsättningar
822 568 45 14 som
886 560 26 22 de

165 596 141 29 nyssanförda
324 596 47 22 icke
388 597 73 21 kunna
475 596 156 28 ifrägakomma
646 596 34 21 vid
695 595 129 28 beviljandet
839 595 24 21 af
876 602 36 20 ga-

165 632 58 21 ranti
237 630 13 22 &
265 632 31 20 ett
312 630 92 22 statslän
419 631 51 21 eller
485 638 70 14 annan
570 630 150 22 motsvarande
734 630 131 22 förbindelse
879 629 34 21 för

166 674 26 14 en
211 667 48 25 stat,
280 666 50 21 enär
349 672 26 14 en
389 666 7 20 i
412 664 67 23 sädan
493 665 55 21 form
564 665 92 27 afgifven
671 665 84 27 garanti
771 664 65 27 enligt
851 664 61 21 deras

166 700 56 28 åsigt
237 700 67 22 skulle
319 700 64 22 hafva
398 700 32 21 till
444 700 89 28 påföljd,
549 700 101 27 antingen
666 702 32 18 att
713 699 40 21 den
769 699 24 21 af
805 698 107 28 försigtig-

166 735 37 21 het
223 734 69 22 blefve
311 734 131 28 obegagnad,
462 735 51 21 eller
532 734 46 26 ock,
596 736 33 19 att
644 734 70 21 derest
729 734 41 21 den
785 734 7 20 i
806 734 54 20 intet
874 732 39 22 fall

166 769 155 26 modifierades,
344 771 70 19 staten
436 769 70 21 kunde
527 769 66 21 blifva
615 768 77 22 försatt
706 769 7 20 i
727 768 186 27 nödvändigheten

166 805 32 19 att
212 804 8 20 i
235 805 68 19 större
322 803 51 21 eller
390 804 83 21 mindre
492 803 53 28 grad
563 803 68 21 brista
646 803 7 20 i
668 802 145 29 fullgörandet
831 802 24 21 af
868 801 45 22 äta-

166 845 41 20 gen
228 837 136 22 förbindelse.
393 837 76 22 Denna
491 838 33 21 del
543 838 24 21 af
582 838 114 20 utskottets
718 837 137 21 medlemmar
873 836 40 22 har

166 872 84 22 derföre
272 874 70 20 ansett
364 873 114 21 omtanken
495 880 35 14 om
548 872 162 22 statskreditens
724 871 190 28 upprätthällande

166 907 68 22 under
248 907 43 22 alla
306 907 181 28 omständigheter
502 907 73 22 fordra

359 945 33 17 att
411 942 174 29 ofvanupptagna
604 942 80 28 tillägg
702 941 45 21 icke
766 941 36 21 mä
820 942 9 19 i
848 939 66 22 Stän-

301 976 79 21 dernas
394 976 151 29 underdäniga
561 984 50 13 svar
627 977 13 20 å
653 977 164 27 propositionen
831 975 61 28 ingå.

234 1011 11 21 I
264 1011 40 22 den
321 1010 80 29 nädiga
418 1011 160 28 propositionen
596 1011 140 21 öfverlemnas
756 1009 23 22 ät
793 1010 121 21 Ständerna

168 1047 43 25 yätt
226 1045 80 28 jomväl
320 1047 58 25 yttra
393 1045 61 22 deras
469 1046 64 21 tanke
548 1046 7 21 i
571 1045 42 22 alla
628 1045 75 27 öfriga,
720 1045 69 21 denna
803 1044 62 28 fråga
880 1045 33 21 rö-

166 1079 68 22 rande
249 1080 187 26 omständigheter,
452 1080 40 21 och
507 1080 61 21 äfven
584 1078 110 28 angäende
706 1079 25 21 de
742 1078 107 28 ätgärder,
862 1078 52 22 hvil-

166 1114 40 21 kas
224 1114 128 27 vidtagande
370 1115 24 19 är
409 1116 82 19 ensamt
506 1114 23 21 af
542 1114 59 21 Hans
616 1114 120 27 Kejserliga
749 1113 112 28 Majestäts
876 1112 38 22 nä-

167 1148 50 28 diga
231 1148 70 21 beslut
315 1148 122 22 beroende.*

234 1182 34 21 En
283 1182 23 21 af
320 1182 26 22 de
360 1183 111 27 vigtigaste
487 1182 187 28 omständigheter,
690 1190 45 14 som
749 1182 77 21 härvid
840 1180 74 29 päkal-

166 1216 32 21 lat
216 1217 114 21 utskottets
348 1217 195 27 uppmärksamhet,
563 1218 25 20 är
606 1217 36 21 det
656 1216 197 28 byggnadssystem,
869 1223 45 14 som

166 1250 36 22 vid
224 1250 82 22 banans
328 1250 113 22 utförande
460 1252 67 20 borde
545 1251 69 27 följas.
644 1251 42 21 Det
704 1252 24 19 är
742 1250 73 25 kändt,
830 1250 85 21 hvilken

168 1283 90 27 ofantlig
273 1283 90 21 skillnad
378 1284 7 20 i
400 1284 91 21 kostnad
506 1292 50 19 eger
571 1292 46 13 rum
633 1284 90 21 emellan
738 1284 36 20 det
788 1283 35 21 vid
839 1283 25 21 de
878 1282 37 22 fle-

168 1319 35 19 sta
210 1317 140 27 Europeiska
362 1317 116 29 jernvägar
492 1318 68 28 följda
575 1320 78 25 system
668 1317 49 21 med
727 1319 53 25 tung
791 1317 124 27 öfverbygg-

168 1351 43 21 nad
233 1352 40 21 och
296 1351 35 21 det
349 1352 35 20 vid
402 1359 26 14 en
447 1352 34 22 del
499 1352 68 22 banor
582 1352 126 27 tillämpade
722 1353 79 26 system
815 1351 24 21 af
853 1350 62 22 smal-

168 1384 88 30 späriga
273 1386 69 21 banor
360 1386 48 22 med
426 1386 40 22 lätt
485 1386 158 29 öfverbyggnad
658 1386 109 22 äfvensom
783 1386 40 22 den
837 1386 78 26 metod,

168 1428 47 14 som
234 1420 79 28 jemväl
330 1419 29 29 pä
377 1428 75 14 senare
474 1422 55 20 tider
548 1422 74 21 vunnit
640 1421 143 26 erkännande,
799 1422 32 20 att
844 1421 71 28 bygga

168 1454 140 29 bredspäriga
322 1455 68 22 banor
404 1456 49 21 med
467 1456 41 22 lätt
523 1456 163 28 öfverbyggnad.
712 1456 43 21 För
769 1456 105 21 hvardera
889 1455 26 22 de

168 1490 132 22 sistnämnda
318 1492 104 26 systemen
437 1491 112 27 uppgifves
564 1490 259 29 anläggningskostnaden
838 1491 77 27 utgöra
