1003 1720
292 158 71 24 Nädiga
375 160 137 22 Propositionen
524 161 34 17 N:o
571 161 27 16 25.
753 161 45 17 1235

135 222 163 30 fordringarne
313 224 62 20 skola
387 225 61 27 utgå,
462 224 67 22 varde
544 224 27 28 af
583 224 88 26 Rätten,
687 224 84 21 ändock
789 227 33 17 att

140 257 146 29 anmärkning
309 262 54 17 emot
379 258 99 28 fordrad
494 259 152 28 förmänsrätt
664 258 21 28 ej
703 260 28 20 är
749 258 72 28 gjord,

139 290 96 22 bestämd
250 292 69 28 enligt
333 292 57 20 hvad
404 292 74 21 derom
492 299 76 22 genom
582 292 97 22 särskild
684 292 138 29 förordning

141 326 27 20 är
183 326 110 28 stadgadt.

448 364 12 28 $
476 365 33 21 98.

196 406 54 22 Lika
260 406 48 22 med
319 407 160 26 propositionen
490 407 49 21 med
550 406 95 29 följande
656 407 76 28 tillägg
742 407 8 21 i
757 406 65 22 slutet

140 452 28 3 —
185 453 28 4 —
232 441 52 21 eller
298 441 53 26 icke,
367 445 56 17 samt
437 441 49 22 dom
501 442 49 21 deri
565 443 40 20 sist
621 441 36 22 två
671 441 106 22 månader
792 441 30 30 ef-

141 478 32 17 ter
189 475 72 22 slutad
275 475 153 30 skriftvealing
442 477 104 28 utgifvas.

405 531 25 26 88
446 531 105 20 99—108.

404 564 156 22 Oförändrade.

414 653 78 23 Kap.
510 654 33 17 8.

357 702 93 22 Allmänna
463 702 140 28 bestämningar,

400 756 24 28 86
441 758 119 20 109—114.

402 790 156 23 Oförändrade.

443 846 13 27 $
475 844 41 22 115.

203 887 41 22 Vid
268 886 124 23 Underrätt
413 888 56 21 skall
488 888 70 23 hällas
574 887 95 23 särskild
678 887 143 30 förteckning

141 922 60 29 öfver
224 923 45 21 alla
290 922 39 21 der
351 922 126 29 anhängiga
495 922 145 28 konkursmål,
655 923 114 22 utvisande
784 923 38 22 da-

140 964 47 21 gen,
209 957 29 22 dä
258 957 75 29 hvarje
353 956 93 22 konkurs
464 957 80 29 börjat,
560 957 25 22 de
600 957 87 22 dermed
702 957 26 30 af
740 957 82 21 Rätten

141 991 101 29 vidtagne
265 991 114 29 ätgärder,
403 992 58 21 tiden
484 992 28 21 dä
532 992 35 21 till
585 991 82 22 Rätten
675 993 54 27 före
744 992 78 21 instäl-

142 1026 119 28 lelsedagen
282 1026 84 28 ingifne
385 1027 52 20 eller
452 1026 90 21 insände
558 1025 264 29 bevakningshandlingar

141 1061 37 20 till
199 1060 81 22 Rätten
303 1060 123 28 ankommit,
445 1064 55 18 samt
519 1060 59 22 tiden
586 1060 42 29 för
644 1060 130 22 konkursens
790 1060 32 29 af-

141 1095 105 21 slutande.

443 1132 11 28 8
471 1133 47 20 116.

411 1166 143 22 Oförändrad.

147 1238 24 22 B.
200 1238 137 29 Förordning
355 1245 34 16 om
402 1238 116 22 boskilnad
531 1238 71 22 under
616 1238 131 28 äktenskap.

141 1291 65 23 Utom
228 1292 36 22 det
286 1292 44 26 fall,
350 1291 27 22 dä
393 1292 117 27 äktenskap
526 1299 77 20 genom
617 1292 84 21 skilnad
715 1291 108 28 upplöses,

72 1326 142 22 förekommer
228 1327 32 21 uti
276 1328 12 19 2
303 1327 40 21 och
359 1328 13 19 4
387 1327 24 27 $$
428 1327 24 21 11
469 1327 49 27 kap.
534 1321 24 26 Ä.
574 1326 31 27 B.,
622 1325 71 22 säsom
708 1325 116 28 anledning

72 1360 33 21 till
127 1359 112 22 boskilnad
262 1360 41 21 den
325 1359 109 21 allmänna
451 1360 59 27 regel
526 1361 32 20 att
573 1359 40 22 den
629 1366 40 15 ena
682 1359 90 21 makans
788 1366 35 14 en-

73 1393 69 22 skilda
157 1393 52 28 gods
224 1393 52 22 eller
291 1393 98 28 giftorätt
402 1393 8 20 i
424 1393 51 21 boet
490 1393 18 27 ej
524 1392 36 22 mä
575 1399 62 15 svara
651 1393 34 21 för
701 1393 40 21 den
756 1393 68 21 andra

73 1428 89 21 makans
185 1427 45 22 före
254 1427 140 28 äktenskapet
415 1427 83 28 gjorda,
521 1427 52 22 eller
595 1434 76 21 genom
686 1427 79 21 dennes
781 1425 43 23 väl-

72 1463 64 21 lande
151 1463 40 21 och
205 1462 118 28 förgörelse
337 1462 68 21 under
420 1462 140 28 äktenskapet
574 1461 111 22 tillkomna
700 1461 57 27 gäld.
782 1461 41 21 Bo-

73 1497 112 23 skilnaden
203 1498 25 21 är
246 1497 40 22 här
300 1496 114 30 uppfattad
428 1496 71 23 såsom
514 1504 26 15 en
555 1496 99 22 befrielse
668 1494 49 24 från
731 1495 93 29 skyldig-
