998 1725
205 145 4 13 :
217 134 45 24 1264
412 132 75 26 Nådiga
493 133 143 25 Propositionen
642 132 41 26 N;o
695 132 27 25 25.

248 197 23 29 ji
280 197 48 56 M.
329 197 31 57 W
372 196 164 58 Mega
555 197 45 37 att
589 194 176 64 ta
768 194 74 62 evä
836 193 106 67 viite

180 313 75 55 seller.
256 320 56 43 skäl
322 316 72 48 eljest
416 322 70 45 dertill
476 301 26 63 &
654 299 76 64 A
777 298 133 65 otänue
912 321 33 42 at

178 369 118 29 särendets.
307 369 132 29 behandling
457 369 39 28 hos
516 368 120 30 Ständerna
646 368 50 30 ,har
716 363 61 45 emot.
789 368 47 29 den,
847 368 8 21 i
867 368 76 30 denna

178 404 138 29 p$-uttalade
323 404 152 29 pppfattning
498 403 24 29 af.
541 402 192 30 borgenärgedens.
741 403 117 29 egenskap,
868 424 8 8 .
881 402 62 30 såväl

178 446 53 22 e80m
246 456 3 11 ,
253 438 159 30 Jämpligheten
434 438 23 22 af
481 437 90 31 berörde
596 436 109 30 föreskrift
726 437 21 27 i,
750 437 80 29 öfrigt,
846 437 95 29 anförts,

178 470 128 31 -.hurpledes
323 473 41 28 det.
384 480 50 19 vore.
456 472 118 29 betänkligt
587 473 41 23 .att
642 472 39 28 till
693 479 36 22 .en
741 471 46 30 ,del,
800 472 142 29 borgenärers

177 502 165 39 ygodtfinnande
352 502 150 39 :öfverlemna,.
517 509 31 27 att
569 506 24 28 af
600 514 51 21 en.
660 506 51 30 eller.
733 506 51 30 flere
805 506 67 30 andre
892 506 50 30 bor-

178 544 105 27 ngenärer
296 542 83 29 fordra
401 541 92 29 edgång,
513 541 89 29 emedan,
620 548 25 14 en
651 540 84 32 sådan.
756 541 101 29 rättighet
874 541 68 29 lätte-

176 577 316 28 ligen,
271 570 65 39 kunde
352 577 140 28 missbrukas;
501 570 49 39 till.
555 578 38 24 att,
615 576 53 29 med.
671 575 164 30 anledning
805 570 37 39 af:
851 575 34 30 för,
907 574 35 29 frå-

176 627 13 8 -gan
207 611 177 29 fremmande
401 611 217 29 bevekelsegrunder,,
630 612 45 27 mot
692 609 69 30 nägon
779 610 112 30 horgenär
898 613 44 27 ut-

177 645 60 30 jdala
259 647 31 27 ett
311 646 124 29 kränkande
451 645 145 30 misstroende
618 645 51 22 eller
691 643 147 31 åstadkomma
857 645 86 29 olägen-

176 681 59 28 het,
241 681 64 27 eller,
316 681 47 28 ock:
370 679 94 29 päyrkas
478 681 15 28 i:
498 679 82 30 sädane.
586 678 113 31 fall,
662 674 25 40 då
704 680 66 29 utsigt
787 687 62 22 vore.
855 679 87 31 förhan-

176 715 73 28 Ben,
251 716 46 27 att,
301 705 49 38 den,
369 714 25 22 af
409 706 84 32 hvilken
516 707 106 36 edgängen
637 741 2 2 -
647 706 118 46 fordrades,
784 713 71 30 kunde
876 703 67 32 blifva

176 745 97 35 derom,
282 731 95 50 okunnig
388 749 55 27 eller
460 748 58 30 finna
531 747 112 30 syärighet.
659 750 34 27 att
710 748 8 21 i
736 740 139 38 föreskrifven
885 749 57 29 .ord-

175 783 230 28 -.Ding.:efterkomma.
427 783 70 29 detta.
508 777 95 40 anspråk.
620 783 36 28 och
669 781 100 30 sålunda.
787 782 31 30 gå,
821 782 121 31 sin,;talan

175 839 7 2 -
186 817 122 29 förlastig.
319 818 49 26 Den.
375 813 100 38 .motvigt,
491 819 51 27 emot
555 819 39 27 ett:
601 817 70 29 dylikt
682 817 117 30 missbruk,
805 824 47 16 som
865 817 77 30 afsetts

174 852 69 28 -.med,
251 852 162 29 bestämningen
425 851 81 29 derom,
516 853 33 28 att
554 851 136 30 pröfningen.
705 859 34 21 om
755 850 187 32 edgångsskyldig-

174 886 164 30 -cheten,skulle
352 887 52 26 bero.
419 886 30 28 på.
463 886 129 29 derostolen,
603 893 50 21 vore
671 886 45 23 icke
721 886 220 31 tillfyllestgörande,

174 920 47 29 dä
235 921 36 28 det
285 920 43 30 läg.
335 922 54 27 pära
403 928 48 20 nog,
464 923 64 21 utom.
541 920 147 30 möjlighetens.
707 919 92 31 omräde
812 915 31 41 att
845 920 97 31 till
911 915 35 41 ef-

173 956 150 28 vterrättelse.
331 956 41 27 för,
387 962 39 22 en.,
436 956 57 28 dylik.
503 955 119 29 pröfning,
629 955 114 30 fastställa.
753 954 79 31 några
844 955 99 31 allmänt

174 1007 4 11 s
182 990 94 28 giltiga,
287 990 95 28 grunder
391 990 65 29 och.
463 987 125 32 domgtolen
598 990 8 20 i
624 989 55 30 följd
694 1012 71 4 deraf,
776 989 65 28 oftast
855 990 88 28 komme

173 1046 4 2 —
192 1026 43 26 att;
245 1024 74 28 dervid,
334 1018 66 40 ledas;
411 1024 24 21 af.
451 1024 110 29 godtycke.
575 1042 2 4 .
586 1024 80 29 Dertill
674 1024 96 30 komme
782 1025 37 27 att
829 1022 94 32 edgäng
934 1024 9 20 i

172 1058 142 29 2'allmänhet,
333 1065 49 22 som.
398 1058 103 29 domstol,
514 1053 60 39 efter,
592 1053 97 39 pröfning
711 1058 24 21 af
751 1058 100 30 företedd
870 1053 72 39 utred-

172 1093 71 28 ding
261 1094 40 20 och
319 1093 77 28 Andra.
410 1085 88 44 inlupna
522 1092 193 30 omständigheter,
728 1092 69 32 ålagt,
804 1092 71 30 någon
890 1093 53 30 part

172 1127 60 28 »-ogh:
248 1127 200 28 denne,;behörigen,
461 1127 104 28 fullgjort,
584 1127 48 29 icke
648 1126 74 29 kunde,
737 1126 116 31 betraktas.
865 1134 77 22 annor-

172 1172 10 15 »
191 1161 72 28 lunda,
279 1163 36 23 än,
322 1168 38 21 gom
376 1168 40 22 en,
424 1157 80 37 fyllnad
519 1161 7 26 i
541 1161 43 28 den.
596 1161 65 28 eljest,
672 1161 151 29 ofullständiga
833 1161 109 27 bevisnin-

172 1198 131 25 -,gen.samt
317 1197 117 27 utegtänga,
442 1195 43 29 allt
502 1194 126 25 tyifvelsmål
646 1195 39 27 och
705 1195 28 21 all
747 1195 77 30 vidare
842 1195 100 30 pröfning

172 1237 62 21 pm,
248 1224 174 40 rättmätigheten
437 1230 33 28 af
488 1230 36 27 det
538 1228 106 29 anspråk,
654 1236 62 22 som,
731 1229 69 30 blifvit
811 1229 130 31 beedigadt.

171 1285 7 1 -
180 1264 68 25 Men,
259 1258 71 40 något,
342 1258 77 40 sådant
437 1264 71 28 kunde
521 1265 47 26 och
585 1264 66 26 borde
669 1264 47 26 icke
730 1264 7 19 i
752 1262 78 31 någon,
840 1263 102 31 händelse

172 1315 2 4 ;
184 1304 68 20 vara,
264 1297 49 25 med
335 1297 171 28 borgenärseden
522 1297 106 29 jäsyftadt,
646 1299 53 20 utan
718 1293 113 39 derigengm
848 1293 94 39 ,gtyrkas

169 1352 8 3 -
192 1331 125 27 endast.att
333 1331 145 29 borgenärens
495 1326 103 45 anspråk,
607 1326 117 45 framstälts
744 1330 28 31 på
790 1331 41 28 god
849 1333 34 20 tro
902 1331 40 32 och

192 1368 31 20 att
241 1367 44 20 han
302 1366 34 21 till
354 1366 47 21 stöd
420 1367 33 20 för
472 1367 117 21 detsamma
607 1366 46 29 icke
668 1365 142 30 uppsåtligen
821 1365 122 31 förebragt

169 1401 126 28 -osanning
310 1401 155 28 och-att,svek
484 1402 46 27 och.
541 1401 114 28 bedrägeri.
673 1401 72 22 dervid
764 1401 18 28 ej
802 1401 66 30 heller
887 1396 54 27 före-

168 1418 116 49 .sfunnes,.
289 1431 83 37 hvilket.
377 1427 70 37 Jikväl
461 1435 79 30 kunde.
544 1443 55 24 yara
608 1436 95 29 möjligt,
717 1436 72 30 ehuru,
801 1428 25 29 de
845 1431 97 40 hanpdlin-

192 1477 50 22 gar,
257 1458 127 46 borgenären
401 1470 43 28 till.
447 1471 48 28 stöd
511 1462 40 34 för;
560 1470 32 28 sin
603 1470 70 30 talan,
680 1471 105 30 yppyjsat,
791 1470 62 32 fannes,
878 1477 64 25 vara
