1017 1728
219 157 44 16 1566
417 155 72 24 Nådiga
500 157 137 20 Propositionen
649 156 34 17 N:o
696 156 27 16 30.

265 219 32 22 De
312 220 91 21 sålunda
418 220 87 29 erlagde
519 219 83 22 medlen
613 219 85 28 åligger
712 218 35 22 det
759 218 187 29 kronouppbörds-

195 262 92 14 mannen
302 258 40 23 att,
356 255 68 21 under
439 255 48 21 titel
497 254 211 29 näringsbevillning
720 254 25 28 af
753 253 114 22 utländske
879 253 67 22 hand-

197 290 69 26 lande,
282 289 199 29 handelsempediter
496 289 38 22 och
544 288 177 29 näringsidkare,
734 289 69 20 såsom
815 288 71 21 andra
897 287 48 22 kro-

195 325 96 21 nomedel
305 325 10 20 i
330 325 90 28 behörig
435 325 94 27 ordning
544 325 34 20 uti
590 325 67 20 länets
669 324 88 21 ränteri
769 324 101 25 leverera,
883 323 63 22 hvar-

197 360 54 28 efter
263 359 44 29 för
325 359 48 21 dem
390 359 111 21 redovisas
516 359 10 21 i
540 358 154 29 sammanhang
712 358 48 21 med
779 358 40 21 den
834 358 112 22 allmänna

197 393 151 29 bevillningen.

537 431 13 28 $
569 429 37 22 33.

265 473 242 30 Spelkortfabrikanter
525 477 56 18 samt
599 473 141 30 innehafvare
759 474 26 29 af
798 474 31 21 öl-
844 473 39 22 och
893 481 54 21 por-

198 509 161 29 terbryggerier
375 510 40 20 äro
427 510 96 28 pligtige
538 513 34 17 att
588 509 35 21 till
636 509 162 21 vederbörande
810 509 138 28 bevillnings-

197 544 82 21 komité
291 545 10 20 i
316 545 153 28 sammanhang
484 544 48 21 med
546 544 113 29 uppgiften
671 545 26 28 af
707 545 34 20 sin
752 543 133 22 årsinkomst
895 551 53 21 upp-

197 579 68 29 gifva,
287 579 25 21 de
329 580 65 27 förre
418 579 56 21 huru
495 580 79 28 många
598 579 59 21 lekar
681 579 38 20 och
738 579 25 21 de
783 579 90 21 sednare
892 579 56 21 huru

197 615 80 27 många
295 613 84 22 kannor
398 615 21 20 öl
434 615 52 20 eller
500 617 76 25 porter
592 613 73 29 blifvit
676 614 55 28 från
747 621 25 13 en
788 613 65 21 hvars
867 614 82 20 inrätt-

197 650 54 27 ning
273 649 86 27 afsatte,
377 651 11 18 i
406 649 98 28 afseende
523 649 13 20 å
555 649 47 21 dem
616 648 125 29 påförande
761 648 187 28 extrabevillning,

198 683 87 21 hvilken
303 683 40 21 bör
358 684 32 27 på
409 691 82 13 samma
505 683 58 28 gång
578 683 46 20 med
640 683 41 20 den
696 683 111 20 allmänna
821 682 128 21 inkomstbe-

197 718 121 28 villningen
340 717 108 21 debiteras
470 717 39 21 och
530 717 117 28 uppbäras.
679 716 271 29 Bevillningskomitéerna

199 752 86 29 åligger
304 756 33 17 att
355 753 33 20 uti
407 752 97 21 särskild
519 751 86 22 kolumn
620 752 25 28 af
659 751 224 29 bevillningslängden
896 759 53 21 upp-

199 791 51 25 taga
265 787 70 21 denna
350 786 188 29 extrabevillning,
555 786 39 21 och
602 786 101 29 förfares
719 786 9 20 i
744 786 71 28 öfrigt
827 786 49 21 med
885 786 65 29 pröf-

198 823 82 28 ningen
299 822 25 28 af
339 822 26 21 de
384 821 105 29 häröfver
503 821 123 22 meddelade
641 821 112 29 uppgifter
769 821 70 21 såsom
853 820 96 22 rörande

197 856 241 30 inkomstbevillningen
454 856 42 22 här
512 856 113 30 ofvanföre
634 855 146 30 föreskrifvet
796 856 33 21 är.

542 913 13 28 $
570 911 34 22 4.

267 955 73 22 Sedan
345 956 137 29 fullständig
493 956 88 29 uppgift
592 956 61 28 öfver
665 956 145 27 bevillningen
815 955 59 29 från
885 958 65 18 samt-

200 991 47 28 liga
269 991 64 21 länen
344 991 42 28 för
406 991 74 28 hvarje
500 991 26 20 år
546 991 36 20 till
600 989 103 22 Senatens
722 989 115 21 Kammar-
853 989 38 21 och
906 989 45 21 Rä-

200 1024 247 29 kenskaps-Ewpedition
458 1024 118 27 inkommit,
589 1024 39 21 bör
640 1024 95 21 bemälde
748 1023 138 31 Expedition,
897 1027 54 18 utan

200 1058 104 30 afvaktan
323 1060 25 28 af
365 1059 183 29 räkenskapernes
571 1060 89 27 slutliga
681 1058 142 29 granskning,
844 1059 107 28 upprätta

199 1098 31 17 ett
252 1094 154 29 sammandrag
428 1094 61 29 öfver
511 1094 59 21 årets
592 1094 117 28 bevillning
722 1094 43 28 för
784 1093 47 21 hela
845 1092 105 28 Finland,

200 1128 81 22 hvilket
297 1129 59 29 från
379 1128 83 30 trycket
482 1129 95 29 utgifves
596 1128 38 22 och
648 1128 33 29 pä
700 1128 102 28 lämpligt
821 1128 45 21 sätt
881 1128 69 28 befor-

199 1164 53 22 dras
268 1164 36 21 till
319 1163 155 22 allmänhetens
489 1163 125 22 kännedom.

500 1252 80 22 Kap.
598 1252 49 18 IV.

459 1300 94 21 Särskilda
570 1299 120 22 föreskrifter.

544 1355 12 28 $
571 1353 35 22 35.

268 1398 147 30 Bevillnings-
434 1397 39 23 och
483 1397 266 30 pröfningskomitéernas
764 1398 133 30 ordförande
913 1398 39 22 och

201 1435 118 21 ledamöter
335 1434 86 30 åtnjuta
436 1434 10 21 i
457 1433 39 21 och
501 1434 41 28 för
554 1433 128 29 utöfningen
693 1434 26 29 af
729 1434 47 21 sina
787 1434 101 22 erhållna
898 1442 53 21 upp-

200 1471 57 28 drag
275 1470 113 22 enahanda
406 1469 68 29 skydd
493 1469 38 21 och
546 1468 107 27 säkerhet,
667 1476 45 14 som
727 1468 169 30 landtdagsmän
910 1471 40 20 äro

201 1504 172 30 tillförsäkrade.
