981 1720
213 139 45 17 1422
411 137 71 24 Nådiga
493 139 137 21 Propositionen
642 138 35 17 N:o
690 138 28 16 27.

190 203 92 19 stämma
304 201 58 21 tiden
383 201 40 20 när
445 199 164 29 ifrågavarande
630 199 70 28 bägge
717 199 151 27 förordningar
886 198 54 22 böra

190 235 64 22 träda
268 235 7 21 i
290 235 140 21 verksamhet.

258 280 135 28 Helsingfors
408 280 41 22 den
464 282 13 19 4
491 279 44 28 Maj
553 281 61 20 1867.

443 430 245 24 Reservationer.

294 492 31 22 Af
336 492 56 22 Herr
407 492 158 28 Björkenheim,
579 493 91 22 Robert:

260 538 42 28 Jag
317 545 68 20 anser,
401 538 7 22 i
422 539 67 21 likhet
503 538 49 22 med
567 538 41 22 den
623 538 33 22 för
671 538 152 28 hållskjutsens
836 538 107 28 reglering

192 573 100 21 nedsatta
313 573 86 26 komité,
423 575 32 19 att
476 572 279 28 skjutsningsskyldigheten
777 573 19 28 ej
815 573 43 21 kan
877 572 66 22 ända-

192 606 122 29 målsenligt
335 607 80 22 ordnas
435 606 30 29 på
487 610 66 18 annat
571 608 31 21 vis
621 608 27 20 än
664 606 90 23 sålunda
769 609 32 19 att
816 607 59 21 detta
890 614 53 15 onus

192 642 45 21 helt
259 642 40 22 och
321 641 66 22 hållet
405 642 64 28 lyftas
484 641 49 22 från
545 642 78 28 jorden
637 644 56 19 samt
708 642 43 21 alla
765 642 116 22 kostnader
896 642 47 21 der-

192 676 33 22 för
247 676 136 22 uteslutande
405 676 24 22 af
447 676 91 22 trafiken
557 676 111 22 bestridas.
699 672 68 26 Äfven
784 677 105 21 utskottet
902 676 42 22 har

193 710 110 28 godkännt
325 710 69 22 denna
411 710 91 28 princip,
522 718 49 14 men
589 712 69 19 ansett
672 710 59 21 tiden
746 711 34 20 tör
795 710 47 22 dess
858 718 86 20 genom-

192 745 89 21 förande
303 746 58 20 ännu
383 745 19 27 ej
425 752 53 15 vara
497 745 57 21 inne.
583 744 110 22 Utskottet
711 744 90 22 föreslår
816 744 85 22 derföre
914 752 30 14 nu

193 779 132 28 antagandet
339 779 24 21 af
376 786 26 14 en
417 778 260 28 öfvergångslagstiftning
692 779 8 20 i
714 780 78 20 ämnet.
821 778 75 22 Under
911 778 33 22 så-

194 814 57 21 dana
265 814 182 27 omständigheter
461 814 68 26 ligger
545 813 40 21 den
600 813 165 27 hufvudsakliga
780 814 72 27 vigten
865 813 36 21 vid
912 815 33 19 att

194 848 69 21 denna
278 847 262 28 öfvergångslagstiftning
555 847 78 22 ordnas
648 847 24 21 så
687 849 32 19 att
735 848 41 20 den
790 848 8 19 i
812 848 76 26 sjelfva
898 854 46 14 ver-

193 882 36 21 ket
251 882 34 21 för
302 889 35 14 oss
355 883 100 20 närmare
473 881 33 22 till
525 881 40 22 och
580 881 19 28 ej
615 881 109 28 aflägsnar
738 888 35 15 oss
787 881 49 22 från
852 881 36 22 det
901 881 44 22 mål

192 916 21 21 vi
229 915 141 22 eftersträfva.

263 949 112 28 Utgående
389 949 49 22 från
453 949 68 22 sådan
535 950 90 27 premiss
640 950 42 21 kan
694 950 40 28 jag
748 950 19 28 ej
784 950 113 28 godkänna
911 952 33 21 ut-

194 985 90 21 skottets
302 985 81 27 förslag
398 985 7 20 i
421 986 10 26 8
449 986 25 19 16
491 991 35 14 om
541 986 32 19 att
587 984 131 27 skjutslegan
734 985 67 21 skulle
816 985 129 22 bestämmas

194 1019 33 21 till
247 1020 25 19 15
291 1019 64 28 penni
373 1026 40 20 per
431 1021 56 20 verst
505 1019 48 21 från
572 1018 124 28 gästgifveri
714 1018 13 22 &
744 1019 80 26 landet,
844 1019 102 28 antingen

194 1053 97 28 skjutsen
307 1053 37 21 der
358 1053 131 21 handhafves
505 1052 28 28 pä
548 1053 141 27 entreprenad
705 1053 51 21 eller
772 1053 25 27 ej.
820 1053 37 22 Ett
869 1052 77 23 sädant

195 1087 118 28 stadgande
332 1087 55 22 skall
402 1087 147 27 ovillkorligen
563 1087 109 22 motverka
688 1088 176 26 entreprenaders
879 1088 66 21 inrät-

195 1122 64 21 tande
279 1122 40 21 och
338 1121 87 22 dermed
441 1121 61 22 äfven
517 1122 120 21 motarbeta
652 1129 26 14 en
692 1121 68 22 sädan
775 1122 72 27 slutlig
862 1123 84 27 lösning

196 1156 23 21 af
238 1155 84 28 frägan,
345 1163 46 14 som
413 1156 40 21 här
475 1155 63 22 ofvan
560 1156 85 27 antydts
667 1163 53 14 vara
735 1156 41 21 den
790 1157 56 20 enda
860 1157 86 27 riktiga.

195 1185 68 26 Äfven
282 1192 30 19 ett
327 1192 66 19 annat
407 1190 56 27 syfte
477 1190 35 21 vid
528 1190 69 21 denna
611 1190 79 21 reform
705 1190 55 21 skall
774 1189 91 23 sälunda
880 1191 66 22 omin-

195 1226 96 26 tetgöras
312 1224 107 27 nemligen
442 1224 35 21 det
499 1224 116 21 moraliska
629 1224 54 28 syfte
698 1232 50 14 man
764 1227 69 19 ansett
848 1225 99 22 förenadt

195 1259 49 20 med
263 1265 26 14 en
308 1257 116 28 öfvergäng
443 1257 48 21 från
509 1257 145 28 hällskjutsen,
670 1257 69 22 sådan
753 1259 41 20 den
808 1266 30 13 nu
852 1261 94 25 utgöres,

196 1290 32 22 till
243 1291 144 27 entreprenad
402 1291 75 27 skjuts.

263 1334 30 22 Af
307 1334 61 21 dessa
384 1334 47 21 skäl
445 1332 68 29 vägar
527 1334 109 21 vördsamt
646 1334 40 28 jag
700 1334 88 22 föreslä:

389 1372 44 23 Ott
448 1368 132 29 skjutslegan
589 1369 42 28 för
648 1376 24 14 en
688 1370 50 20 häst
746 1370 58 28 från
815 1371 133 29 gästyifveri

333 1404 13 20 å
369 1403 79 27 landet,
471 1404 39 20 der
529 1404 143 28 entreprenad
686 1405 70 27 finnes
770 1406 108 26 inrättad,
888 1406 60 29 fast-

333 1439 74 21 ställes
423 1439 35 21 till
469 1438 25 21 15
509 1440 60 27 penni
581 1440 36 28 för
629 1443 90 23 versten,
730 1447 48 14 men
791 1441 35 21 till
836 1439 28 23 10
872 1443 75 27 penni,

333 1474 38 20 der
386 1474 144 28 entreprenad
545 1475 19 28 ej
574 1474 70 27 finnes
659 1475 119 21 inrättad."
