1014 1720
325 141 72 24 Nådiga
409 143 137 21 Propositionen
559 142 34 17 N:o
604 143 29 16 34.
788 141 43 17 1667

449 207 11 28 8
477 208 34 19 71.

172 249 137 21 Marschruta
322 249 99 20 utfärdas
436 249 24 21 af
473 249 152 25 distriktsstab,
641 248 151 22 divisionschef
804 247 51 22 eller

104 289 72 15 annan
190 283 49 20 med
253 283 79 21 honom
346 283 44 20 lika
405 283 122 27 berättigad
537 282 147 22 befälhafvare
695 282 114 25 äfvensom,
822 281 34 22 för

103 317 175 27 kommendering
289 317 24 21 af
322 317 103 27 manskap
437 316 48 22 från
497 316 69 22 skilda
577 319 96 25 trupper,
685 317 24 20 af
719 317 40 20 den
770 323 85 20 person,

103 351 86 22 hvilken
204 351 36 22 det
255 350 81 29 åligger
351 352 32 20 att
397 351 41 21 slik
452 351 173 28 kommendering
641 349 89 23 affärda.
761 349 95 22 Marsch-

103 388 50 19 ruta
168 385 34 22 för
217 385 68 22 afdelt
298 387 65 26 trupp
379 385 52 22 eller
446 385 34 22 del
495 385 62 22 deraf
570 384 35 23 må
619 385 71 26 likväl,
706 385 7 21 i
728 385 39 22 fall
777 391 46 15 som
835 384 20 28 ej

103 419 46 22 tåla
166 419 99 28 uppskof,
280 421 110 26 uppgöras
406 421 40 21 och
460 419 93 29 utgifvas
568 419 132 22 omedelbart
715 419 24 22 af
751 419 105 21 befälhaf-

103 461 66 15 varen
184 454 34 22 för
232 456 100 26 truppen.

449 500 12 28 8
477 500 33 20 72.

174 538 77 32 Öppna
266 542 75 22 ordres
356 542 36 22 må
403 542 19 28 ej
435 542 24 22 af
467 542 160 22 vederbörande
637 542 99 22 utfärdas
747 540 29 29 på
787 543 70 20 större

105 577 60 22 antal
179 578 28 20 än
221 577 64 27 högst
299 576 43 22 fem
356 576 59 22 foror
431 576 52 21 eller
492 576 75 22 hästar
578 575 29 29 på
619 583 25 15 en
656 576 63 28 gång,
731 578 56 19 samt
797 576 60 22 detta

104 612 49 21 med
168 610 141 29 begagnande
324 610 24 22 af
360 610 85 29 tryckta
456 610 121 23 blanketter
587 609 30 29 på
627 611 97 26 svenska,
736 610 69 23 finska
816 610 40 22 och

103 646 66 28 ryska
184 645 99 28 språken.
305 645 107 22 Anhållan
427 653 35 14 om
477 646 72 27 öppna
564 645 75 22 ordres
651 647 62 26 göres
724 645 24 21 af
757 645 40 22 den
807 652 50 21 per-

104 688 45 19 son,
168 679 29 29 på
215 681 63 20 hvars
293 679 118 28 befallning
425 680 112 21 marschen
553 679 52 22 eller
619 687 64 14 resan
698 679 113 28 företages,
827 679 29 22 el-

103 715 34 21 ler
156 714 46 27 ock,
221 714 35 22 vid
275 714 138 21 oförutsedda
428 714 70 27 behof,
514 713 25 22 af
552 713 40 22 den
607 714 90 21 resande
712 713 54 28 sjelf,
781 714 7 21 i
803 713 53 22 hvil-

104 749 41 21 ken
165 749 102 21 händelse
286 748 47 22 dess
352 748 113 27 chefskaps
480 747 110 29 angående
604 755 63 15 resan
682 748 125 22 meddelade
823 755 33 14 or-

105 783 49 21 dres
170 783 55 22 böra
239 783 150 28 reqvisitionen
403 783 91 28 bifogas.

449 853 12 27 $
478 853 33 20 73.

173 894 80 28 Hvarje
268 894 124 28 reqvisition
407 894 24 22 af
443 894 178 29 transportskjuts
636 894 40 22 bör
689 894 99 30 utförligt
802 902 55 20 upp-

102 930 83 26 taga:

176 963 21 28 1)
211 962 30 28 på
255 964 72 20 hvems
342 963 118 29 befallning
475 964 113 22 marschen
603 964 51 22 eller
665 970 63 16 resan
739 964 118 28 företages;

175 998 21 28 2)
212 999 105 26 truppens
328 998 51 21 eller
390 998 213 28 kommenderingens
614 998 129 28 benämning
754 1000 55 20 samt
820 1006 38 15 an-

105 1032 54 22 talet
181 1032 24 21 af
223 1032 36 22 vid
281 1032 124 22 densamma
422 1033 8 21 i
449 1033 144 27 verkligheten
611 1032 110 29 befintliga
740 1033 117 27 officerare,

105 1066 182 22 underofficerare
310 1067 40 21 och
371 1068 104 26 manskap
491 1067 67 27 jemte
577 1067 62 22 deras
656 1068 144 28 medföljande
817 1068 40 22 hu-

107 1103 58 19 strur
181 1101 40 20 och
235 1096 56 39 barn
296 1108 5 18 5
411 1126 3 1 N

175 1134 22 27 3)
213 1134 82 21 antalet
313 1133 24 22 af
349 1135 170 26 transportforor
533 1135 41 21 och
589 1135 74 21 hästar
677 1135 50 22 med
741 1136 68 28 seltyg
823 1136 35 22 för

107 1167 41 21 den
167 1169 56 19 tross
241 1174 47 15 som
306 1168 79 21 saknar
399 1168 88 27 sädana,
502 1169 109 21 äfvensom
625 1169 26 21 af
663 1169 60 23 foror
736 1170 35 21 för
786 1170 71 22 office-

105 1208 88 14 rarenes
209 1201 97 22 enskilda
320 1202 101 28 räkning;

175 1236 22 28 4)
213 1236 141 26 marschruta,
370 1237 139 27 upptagande
523 1238 75 27 dagen,
614 1236 58 24 säväl
687 1238 54 22 efter
755 1246 42 21 nya
812 1246 46 15 som

107 1270 72 27 gamla
197 1270 68 26 stilen,
285 1270 34 21 för
336 1272 105 26 truppens
456 1271 51 22 eller
521 1272 214 28 kommenderingens
750 1272 107 23 afmarsch

106 1303 50 22 frän
171 1304 40 21 och
227 1304 98 22 ankomst
340 1305 32 20 till
386 1305 75 28 hvarje
473 1305 128 28 etap-ställe,
613 1306 95 22 börande
720 1307 34 21 vid
765 1306 92 29 päskyn-

107 1338 42 21 dad
164 1339 92 25 marsch,
272 1337 28 22 dä
314 1338 51 22 flere
380 1340 28 20 än
423 1347 26 13 en
464 1339 66 22 sädan
546 1341 79 21 station
640 1341 67 21 under
722 1348 82 14 samma
815 1342 43 26 dag

106 1370 145 29 genomtägas,
267 1371 44 21 alla
326 1372 90 21 emellan
433 1373 175 27 dagsmarschens
621 1374 135 27 ändpunkter
766 1375 92 27 belägna

107 1405 143 27 etap-ställen,
266 1404 13 22 å
293 1405 72 22 hvilka
383 1406 86 28 ombyte
483 1407 25 22 af
519 1406 60 23 foror
594 1408 41 21 och
648 1408 75 21 hästar
739 1414 49 22 eger
802 1416 55 19 rum,

106 1440 8 20 i
128 1439 151 28 regvisitionen
294 1440 120 28 särskiljas;
429 1443 56 20 samt

176 1474 23 29 5)
213 1474 108 22 huruvida
338 1475 132 29 skjutslegan
485 1476 96 28 erlägges
597 1478 75 26 genast
687 1476 52 22 eller
753 1477 58 22 bevis
826 1477 31 22 öf-
