<?xml version="1.0" encoding="UTF-8"?>
<alto xmlns="http://www.loc.gov/standards/alto/ns-v3#" xmlns:xlink="http://www.w3.org/1999/xlink" xmlns:xsi="http://www.w3.org/2001/XMLSchema-instance" xsi:schemaLocation="http://www.loc.gov/standards/alto/ns-v3# http://www.loc.gov/alto/v3/alto-3-0.xsd">
	<Description>
		<MeasurementUnit>pixel</MeasurementUnit>
		<sourceImageInformation>
			<fileName>/tmp/tess_x1_m_rhc_input.PNG</fileName>
		</sourceImageInformation>
		<OCRProcessing ID="OCR_0">
			<ocrProcessingStep>
				<processingSoftware>
					<softwareName>tesseract 5.3.4</softwareName>
				</processingSoftware>
			</ocrProcessingStep>
		</OCRProcessing>
	</Description>
	<Layout>
		<Page WIDTH="1023" HEIGHT="1723" PHYSICAL_IMG_NR="0" ID="page_0">
			<PrintSpace HPOS="0" VPOS="0" WIDTH="1023" HEIGHT="1723">
				<ComposedBlock ID="cblock_0" HPOS="203" VPOS="160" WIDTH="482" HEIGHT="17">
					<TextBlock ID="block_0" HPOS="203" VPOS="160" WIDTH="482" HEIGHT="17">
						<TextLine ID="line_0" HPOS="203" VPOS="160" WIDTH="482" HEIGHT="17">
							<String ID="string_0" HPOS="203" VPOS="160" WIDTH="42" HEIGHT="16" WC="0.96" CONTENT="1758"/><SP WIDTH="178" VPOS="160" HPOS="245"/>
							<String ID="string_1" HPOS="423" VPOS="160" WIDTH="85" HEIGHT="17" WC="0.93" CONTENT="Finlands"/><SP WIDTH="13" VPOS="160" HPOS="508"/>
							<String ID="string_2" HPOS="521" VPOS="160" WIDTH="86" HEIGHT="17" WC="0.91" CONTENT="Ständers"/><SP WIDTH="11" VPOS="160" HPOS="607"/>
							<String ID="string_3" HPOS="618" VPOS="160" WIDTH="67" HEIGHT="17" WC="0.95" CONTENT="Beslut."/>
						</TextLine>
					</TextBlock>
				</ComposedBlock>
				<ComposedBlock ID="cblock_1" HPOS="523" VPOS="223" WIDTH="62" HEIGHT="27">
					<TextBlock ID="block_1" HPOS="523" VPOS="223" WIDTH="62" HEIGHT="27">
						<TextLine ID="line_1" HPOS="523" VPOS="223" WIDTH="62" HEIGHT="27">
							<String ID="string_4" HPOS="523" VPOS="223" WIDTH="12" HEIGHT="27" WC="0.85" CONTENT="8"/><SP WIDTH="17" VPOS="223" HPOS="535"/>
							<String ID="string_5" HPOS="552" VPOS="224" WIDTH="33" HEIGHT="19" WC="0.96" CONTENT="10."/>
						</TextLine>
					</TextBlock>
				</ComposedBlock>
				<ComposedBlock ID="cblock_2" HPOS="179" VPOS="264" WIDTH="755" HEIGHT="237">
					<TextBlock ID="block_2" HPOS="179" VPOS="264" WIDTH="755" HEIGHT="237">
						<TextLine ID="line_2" HPOS="247" VPOS="264" WIDTH="687" HEIGHT="29">
							<String ID="string_6" HPOS="247" VPOS="266" WIDTH="47" HEIGHT="21" WC="0.96" CONTENT="Den"/><SP WIDTH="17" VPOS="266" HPOS="294"/>
							<String ID="string_7" HPOS="311" VPOS="267" WIDTH="23" HEIGHT="20" WC="0.96" CONTENT="11"/><SP WIDTH="21" VPOS="267" HPOS="334"/>
							<String ID="string_8" HPOS="355" VPOS="266" WIDTH="143" HEIGHT="22" WC="0.96" CONTENT="innevarande"/><SP WIDTH="18" VPOS="266" HPOS="498"/>
							<String ID="string_9" HPOS="516" VPOS="264" WIDTH="85" HEIGHT="28" WC="0.93" CONTENT="månad,"/><SP WIDTH="19" VPOS="264" HPOS="601"/>
							<String ID="string_10" HPOS="620" VPOS="266" WIDTH="63" HEIGHT="21" WC="0.92" CONTENT="hafve"/><SP WIDTH="14" VPOS="266" HPOS="683"/>
							<String ID="string_11" HPOS="697" VPOS="266" WIDTH="34" HEIGHT="26" WC="0.96" CONTENT="Vi,"/><SP WIDTH="19" VPOS="266" HPOS="731"/>
							<String ID="string_12" HPOS="750" VPOS="265" WIDTH="7" HEIGHT="21" WC="0.96" CONTENT="i"/><SP WIDTH="19" VPOS="265" HPOS="757"/>
							<String ID="string_13" HPOS="776" VPOS="265" WIDTH="115" HEIGHT="28" WC="0.95" CONTENT="anledning"/><SP WIDTH="18" VPOS="265" HPOS="891"/>
							<String ID="string_14" HPOS="909" VPOS="265" WIDTH="25" HEIGHT="22" WC="0.96" CONTENT="af"/>
						</TextLine>
						<TextLine ID="line_3" HPOS="179" VPOS="299" WIDTH="752" HEIGHT="29">
							<String ID="string_15" HPOS="179" VPOS="308" WIDTH="26" HEIGHT="14" WC="0.96" CONTENT="en"/><SP WIDTH="19" VPOS="308" HPOS="205"/>
							<String ID="string_16" HPOS="224" VPOS="300" WIDTH="40" HEIGHT="22" WC="0.93" CONTENT="Oss"/><SP WIDTH="18" VPOS="300" HPOS="264"/>
							<String ID="string_17" HPOS="282" VPOS="300" WIDTH="97" HEIGHT="28" WC="0.92" CONTENT="förelagd"/><SP WIDTH="18" VPOS="300" HPOS="379"/>
							<String ID="string_18" HPOS="397" VPOS="299" WIDTH="64" HEIGHT="29" WC="0.96" CONTENT="nådig"/><SP WIDTH="22" VPOS="299" HPOS="461"/>
							<String ID="string_19" HPOS="483" VPOS="300" WIDTH="141" HEIGHT="28" WC="0.93" CONTENT="proposition,"/><SP WIDTH="19" VPOS="300" HPOS="624"/>
							<String ID="string_20" HPOS="643" VPOS="300" WIDTH="78" HEIGHT="22" WC="0.90" CONTENT="bifallit"/><SP WIDTH="22" VPOS="300" HPOS="721"/>
							<String ID="string_21" HPOS="743" VPOS="300" WIDTH="70" HEIGHT="21" WC="0.92" CONTENT="dertill"/><SP WIDTH="22" VPOS="300" HPOS="813"/>
							<String ID="string_22" HPOS="835" VPOS="302" WIDTH="33" HEIGHT="20" WC="0.96" CONTENT="att"/><SP WIDTH="22" VPOS="302" HPOS="868"/>
							<String ID="string_23" HPOS="890" VPOS="300" WIDTH="41" HEIGHT="22" WC="0.96" CONTENT="den"/>
						</TextLine>
						<TextLine ID="line_4" HPOS="179" VPOS="334" WIDTH="754" HEIGHT="29">
							<String ID="string_24" HPOS="179" VPOS="336" WIDTH="68" HEIGHT="21" WC="0.95" CONTENT="under"/><SP WIDTH="18" VPOS="336" HPOS="247"/>
							<String ID="string_25" HPOS="265" VPOS="342" WIDTH="65" HEIGHT="15" WC="0.95" CONTENT="namn"/><SP WIDTH="19" VPOS="342" HPOS="330"/>
							<String ID="string_26" HPOS="349" VPOS="335" WIDTH="24" HEIGHT="21" WC="0.93" CONTENT="af"/><SP WIDTH="16" VPOS="335" HPOS="373"/>
							<String ID="string_27" HPOS="389" VPOS="335" WIDTH="248" HEIGHT="28" WC="0.92" CONTENT="stämpelpappersafgift"/><SP WIDTH="22" VPOS="335" HPOS="637"/>
							<String ID="string_28" HPOS="659" VPOS="335" WIDTH="141" HEIGHT="22" WC="0.92" CONTENT="härförinnan"/><SP WIDTH="21" VPOS="335" HPOS="800"/>
							<String ID="string_29" HPOS="821" VPOS="334" WIDTH="112" HEIGHT="28" WC="0.91" CONTENT="utgängna"/>
						</TextLine>
						<TextLine ID="line_5" HPOS="179" VPOS="369" WIDTH="754" HEIGHT="29">
							<String ID="string_30" HPOS="179" VPOS="370" WIDTH="116" HEIGHT="28" WC="0.92" CONTENT="bevillning"/><SP WIDTH="18" VPOS="370" HPOS="295"/>
							<String ID="string_31" HPOS="313" VPOS="370" WIDTH="55" HEIGHT="22" WC="0.93" CONTENT="skall"/><SP WIDTH="17" VPOS="370" HPOS="368"/>
							<String ID="string_32" HPOS="385" VPOS="370" WIDTH="22" HEIGHT="21" WC="0.96" CONTENT="få"/><SP WIDTH="18" VPOS="370" HPOS="407"/>
							<String ID="string_33" HPOS="425" VPOS="370" WIDTH="69" HEIGHT="22" WC="0.93" CONTENT="under"/><SP WIDTH="18" VPOS="370" HPOS="494"/>
							<String ID="string_34" HPOS="512" VPOS="369" WIDTH="52" HEIGHT="23" WC="0.96" CONTENT="åren"/><SP WIDTH="20" VPOS="369" HPOS="564"/>
							<String ID="string_35" HPOS="584" VPOS="371" WIDTH="61" HEIGHT="25" WC="0.96" CONTENT="1868,"/><SP WIDTH="21" VPOS="371" HPOS="645"/>
							<String ID="string_36" HPOS="666" VPOS="371" WIDTH="61" HEIGHT="25" WC="0.96" CONTENT="1869,"/><SP WIDTH="17" VPOS="371" HPOS="727"/>
							<String ID="string_37" HPOS="744" VPOS="371" WIDTH="61" HEIGHT="25" WC="0.96" CONTENT="1870,"/><SP WIDTH="17" VPOS="371" HPOS="805"/>
							<String ID="string_38" HPOS="822" VPOS="370" WIDTH="52" HEIGHT="21" WC="0.96" CONTENT="1871"/><SP WIDTH="18" VPOS="370" HPOS="874"/>
							<String ID="string_39" HPOS="892" VPOS="370" WIDTH="41" HEIGHT="21" WC="0.96" CONTENT="och"/>
						</TextLine>
						<TextLine ID="line_6" HPOS="181" VPOS="404" WIDTH="752" HEIGHT="28">
							<String ID="string_40" HPOS="181" VPOS="406" WIDTH="62" HEIGHT="24" WC="0.93" CONTENT="1872,"/><SP WIDTH="15" VPOS="406" HPOS="243"/>
							<String ID="string_41" HPOS="258" VPOS="404" WIDTH="133" HEIGHT="22" WC="0.92" CONTENT="fortfarande"/><SP WIDTH="15" VPOS="404" HPOS="391"/>
							<String ID="string_42" HPOS="406" VPOS="405" WIDTH="116" HEIGHT="26" WC="0.89" CONTENT="uppbäras,"/><SP WIDTH="16" VPOS="405" HPOS="522"/>
							<String ID="string_43" HPOS="538" VPOS="405" WIDTH="7" HEIGHT="21" WC="0.96" CONTENT="i"/><SP WIDTH="15" VPOS="405" HPOS="545"/>
							<String ID="string_44" HPOS="560" VPOS="404" WIDTH="94" HEIGHT="28" WC="0.96" CONTENT="enlighet"/><SP WIDTH="17" VPOS="404" HPOS="654"/>
							<String ID="string_45" HPOS="671" VPOS="404" WIDTH="50" HEIGHT="22" WC="0.96" CONTENT="med"/><SP WIDTH="18" VPOS="404" HPOS="721"/>
							<String ID="string_46" HPOS="739" VPOS="404" WIDTH="41" HEIGHT="22" WC="0.93" CONTENT="den"/><SP WIDTH="17" VPOS="404" HPOS="780"/>
							<String ID="string_47" HPOS="797" VPOS="404" WIDTH="136" HEIGHT="27" WC="0.91" CONTENT="författning,"/>
						</TextLine>
						<TextLine ID="line_7" HPOS="180" VPOS="438" WIDTH="753" HEIGHT="28">
							<String ID="string_48" HPOS="180" VPOS="445" WIDTH="45" HEIGHT="14" WC="0.93" CONTENT="som"/><SP WIDTH="18" VPOS="445" HPOS="225"/>
							<String ID="string_49" HPOS="243" VPOS="438" WIDTH="68" HEIGHT="21" WC="0.92" CONTENT="finnes"/><SP WIDTH="18" VPOS="438" HPOS="311"/>
							<String ID="string_50" HPOS="329" VPOS="439" WIDTH="87" HEIGHT="27" WC="0.92" CONTENT="intagen"/><SP WIDTH="19" VPOS="439" HPOS="416"/>
							<String ID="string_51" HPOS="435" VPOS="439" WIDTH="7" HEIGHT="20" WC="0.93" CONTENT="i"/><SP WIDTH="14" VPOS="439" HPOS="442"/>
							<String ID="string_52" HPOS="456" VPOS="438" WIDTH="45" HEIGHT="22" WC="0.92" CONTENT="Vär"/><SP WIDTH="18" VPOS="438" HPOS="501"/>
							<String ID="string_53" HPOS="519" VPOS="438" WIDTH="93" HEIGHT="22" WC="0.92" CONTENT="nämnde"/><SP WIDTH="19" VPOS="438" HPOS="612"/>
							<String ID="string_54" HPOS="631" VPOS="438" WIDTH="41" HEIGHT="28" WC="0.96" CONTENT="dag"/><SP WIDTH="18" VPOS="438" HPOS="672"/>
							<String ID="string_55" HPOS="690" VPOS="438" WIDTH="33" HEIGHT="22" WC="0.97" CONTENT="till"/><SP WIDTH="14" VPOS="438" HPOS="723"/>
							<String ID="string_56" HPOS="737" VPOS="438" WIDTH="60" HEIGHT="22" WC="0.93" CONTENT="Hans"/><SP WIDTH="14" VPOS="438" HPOS="797"/>
							<String ID="string_57" HPOS="811" VPOS="438" WIDTH="122" HEIGHT="27" WC="0.92" CONTENT="Kejserliga"/>
						</TextLine>
						<TextLine ID="line_8" HPOS="179" VPOS="471" WIDTH="489" HEIGHT="30">
							<String ID="string_58" HPOS="179" VPOS="472" WIDTH="110" HEIGHT="29" WC="0.81" CONTENT="Majestät&#39;"/><SP WIDTH="9" VPOS="472" HPOS="289"/>
							<String ID="string_59" HPOS="298" VPOS="467" WIDTH="78" HEIGHT="40" WC="0.81" CONTENT="aflätna"/><SP WIDTH="14" VPOS="467" HPOS="376"/>
							<String ID="string_60" HPOS="390" VPOS="472" WIDTH="148" HEIGHT="29" WC="0.92" CONTENT="underdäniga"/><SP WIDTH="15" VPOS="472" HPOS="538"/>
							<String ID="string_61" HPOS="553" VPOS="472" WIDTH="115" HEIGHT="23" WC="0.96" CONTENT="skrifvelse."/>
						</TextLine>
					</TextBlock>
				</ComposedBlock>
				<ComposedBlock ID="cblock_3" HPOS="526" VPOS="535" WIDTH="63" HEIGHT="27">
					<TextBlock ID="block_3" HPOS="526" VPOS="535" WIDTH="63" HEIGHT="27">
						<TextLine ID="line_9" HPOS="526" VPOS="535" WIDTH="63" HEIGHT="27">
							<String ID="string_62" HPOS="526" VPOS="535" WIDTH="12" HEIGHT="27" WC="0.73" CONTENT="8"/><SP WIDTH="17" VPOS="535" HPOS="538"/>
							<String ID="string_63" HPOS="555" VPOS="535" WIDTH="34" HEIGHT="20" WC="0.94" CONTENT="11."/>
						</TextLine>
					</TextBlock>
				</ComposedBlock>
				<ComposedBlock ID="cblock_4" HPOS="180" VPOS="575" WIDTH="755" HEIGHT="202">
					<TextBlock ID="block_4" HPOS="180" VPOS="575" WIDTH="755" HEIGHT="202">
						<TextLine ID="line_10" HPOS="249" VPOS="575" WIDTH="685" HEIGHT="30">
							<String ID="string_64" HPOS="249" VPOS="577" WIDTH="37" HEIGHT="21" WC="0.92" CONTENT="Uti"/><SP WIDTH="15" VPOS="577" HPOS="286"/>
							<String ID="string_65" HPOS="301" VPOS="576" WIDTH="133" HEIGHT="29" WC="0.90" CONTENT="underdänig"/><SP WIDTH="15" VPOS="576" HPOS="434"/>
							<String ID="string_66" HPOS="449" VPOS="577" WIDTH="109" HEIGHT="22" WC="0.93" CONTENT="skrifvelse"/><SP WIDTH="15" VPOS="577" HPOS="558"/>
							<String ID="string_67" HPOS="573" VPOS="576" WIDTH="25" HEIGHT="22" WC="0.97" CONTENT="af"/><SP WIDTH="12" VPOS="576" HPOS="598"/>
							<String ID="string_68" HPOS="610" VPOS="577" WIDTH="41" HEIGHT="22" WC="0.97" CONTENT="den"/><SP WIDTH="12" VPOS="577" HPOS="651"/>
							<String ID="string_69" HPOS="663" VPOS="578" WIDTH="26" HEIGHT="20" WC="0.93" CONTENT="13"/><SP WIDTH="11" VPOS="578" HPOS="689"/>
							<String ID="string_70" HPOS="700" VPOS="577" WIDTH="144" HEIGHT="22" WC="0.91" CONTENT="innevarande"/><SP WIDTH="11" VPOS="577" HPOS="844"/>
							<String ID="string_71" HPOS="855" VPOS="575" WIDTH="79" HEIGHT="24" WC="0.92" CONTENT="mänad"/>
						</TextLine>
						<TextLine ID="line_11" HPOS="180" VPOS="611" WIDTH="754" HEIGHT="28">
							<String ID="string_72" HPOS="180" VPOS="611" WIDTH="63" HEIGHT="22" WC="0.92" CONTENT="hafve"/><SP WIDTH="15" VPOS="611" HPOS="243"/>
							<String ID="string_73" HPOS="258" VPOS="611" WIDTH="27" HEIGHT="22" WC="0.96" CONTENT="Vi"/><SP WIDTH="18" VPOS="611" HPOS="285"/>
							<String ID="string_74" HPOS="303" VPOS="611" WIDTH="39" HEIGHT="22" WC="0.96" CONTENT="hos"/><SP WIDTH="18" VPOS="611" HPOS="342"/>
							<String ID="string_75" HPOS="360" VPOS="611" WIDTH="60" HEIGHT="22" WC="0.93" CONTENT="Hans"/><SP WIDTH="19" VPOS="611" HPOS="420"/>
							<String ID="string_76" HPOS="439" VPOS="612" WIDTH="120" HEIGHT="27" WC="0.91" CONTENT="Kejserliga"/><SP WIDTH="17" VPOS="612" HPOS="559"/>
							<String ID="string_77" HPOS="576" VPOS="611" WIDTH="102" HEIGHT="28" WC="0.90" CONTENT="Majestät"/><SP WIDTH="18" VPOS="611" HPOS="678"/>
							<String ID="string_78" HPOS="696" VPOS="611" WIDTH="82" HEIGHT="22" WC="0.92" CONTENT="anmält"/><SP WIDTH="18" VPOS="611" HPOS="778"/>
							<String ID="string_79" HPOS="796" VPOS="613" WIDTH="32" HEIGHT="20" WC="0.96" CONTENT="att"/><SP WIDTH="14" VPOS="613" HPOS="828"/>
							<String ID="string_80" HPOS="842" VPOS="611" WIDTH="28" HEIGHT="22" WC="0.96" CONTENT="Vi"/><SP WIDTH="15" VPOS="611" HPOS="870"/>
							<String ID="string_81" HPOS="885" VPOS="612" WIDTH="49" HEIGHT="22" WC="0.96" CONTENT="med"/>
						</TextLine>
						<TextLine ID="line_12" HPOS="180" VPOS="645" WIDTH="755" HEIGHT="28">
							<String ID="string_82" HPOS="180" VPOS="645" WIDTH="69" HEIGHT="28" WC="0.89" CONTENT="nägra"/><SP WIDTH="22" VPOS="645" HPOS="249"/>
							<String ID="string_83" HPOS="271" VPOS="646" WIDTH="82" HEIGHT="21" WC="0.93" CONTENT="mindre"/><SP WIDTH="21" VPOS="646" HPOS="353"/>
							<String ID="string_84" HPOS="374" VPOS="646" WIDTH="134" HEIGHT="27" WC="0.92" CONTENT="väsendtliga"/><SP WIDTH="22" VPOS="646" HPOS="508"/>
							<String ID="string_85" HPOS="530" VPOS="646" WIDTH="117" HEIGHT="27" WC="0.93" CONTENT="ändringar"/><SP WIDTH="22" VPOS="646" HPOS="647"/>
							<String ID="string_86" HPOS="669" VPOS="646" WIDTH="82" HEIGHT="27" WC="0.92" CONTENT="antagit"/><SP WIDTH="22" VPOS="646" HPOS="751"/>
							<String ID="string_87" HPOS="773" VPOS="645" WIDTH="36" HEIGHT="22" WC="0.96" CONTENT="det"/><SP WIDTH="21" VPOS="645" HPOS="809"/>
							<String ID="string_88" HPOS="830" VPOS="645" WIDTH="25" HEIGHT="22" WC="0.96" CONTENT="af"/><SP WIDTH="19" VPOS="645" HPOS="855"/>
							<String ID="string_89" HPOS="874" VPOS="646" WIDTH="61" HEIGHT="22" WC="0.96" CONTENT="Hans"/>
						</TextLine>
						<TextLine ID="line_13" HPOS="181" VPOS="680" WIDTH="753" HEIGHT="28">
							<String ID="string_90" HPOS="181" VPOS="680" WIDTH="120" HEIGHT="28" WC="0.92" CONTENT="Kejserliga"/><SP WIDTH="15" VPOS="680" HPOS="301"/>
							<String ID="string_91" HPOS="316" VPOS="680" WIDTH="101" HEIGHT="28" WC="0.92" CONTENT="Majestät"/><SP WIDTH="15" VPOS="680" HPOS="417"/>
							<String ID="string_92" HPOS="432" VPOS="681" WIDTH="39" HEIGHT="20" WC="0.93" CONTENT="Oss"/><SP WIDTH="16" VPOS="681" HPOS="471"/>
							<String ID="string_93" HPOS="487" VPOS="680" WIDTH="109" HEIGHT="28" WC="0.92" CONTENT="förelagde"/><SP WIDTH="18" VPOS="680" HPOS="596"/>
							<String ID="string_94" HPOS="614" VPOS="680" WIDTH="81" HEIGHT="27" WC="0.96" CONTENT="förslag"/><SP WIDTH="14" VPOS="680" HPOS="695"/>
							<String ID="string_95" HPOS="709" VPOS="680" WIDTH="34" HEIGHT="21" WC="0.92" CONTENT="till"/><SP WIDTH="14" VPOS="680" HPOS="743"/>
							<String ID="string_96" HPOS="757" VPOS="680" WIDTH="177" HEIGHT="28" WC="0.92" CONTENT="lagstadganden,"/>
						</TextLine>
						<TextLine ID="line_14" HPOS="182" VPOS="713" WIDTH="753" HEIGHT="30">
							<String ID="string_97" HPOS="182" VPOS="713" WIDTH="110" HEIGHT="29" WC="0.91" CONTENT="angäende"/><SP WIDTH="15" VPOS="713" HPOS="292"/>
							<String ID="string_98" HPOS="307" VPOS="722" WIDTH="78" HEIGHT="14" WC="0.92" CONTENT="ansvar"/><SP WIDTH="14" VPOS="722" HPOS="385"/>
							<String ID="string_99" HPOS="399" VPOS="715" WIDTH="34" HEIGHT="21" WC="0.93" CONTENT="för"/><SP WIDTH="16" VPOS="715" HPOS="433"/>
							<String ID="string_100" HPOS="449" VPOS="715" WIDTH="132" HEIGHT="28" WC="0.92" CONTENT="antändning"/><SP WIDTH="16" VPOS="715" HPOS="581"/>
							<String ID="string_101" HPOS="597" VPOS="715" WIDTH="24" HEIGHT="21" WC="0.97" CONTENT="af"/><SP WIDTH="12" VPOS="715" HPOS="621"/>
							<String ID="string_102" HPOS="633" VPOS="715" WIDTH="110" HEIGHT="28" WC="0.93" CONTENT="egendom,"/><SP WIDTH="15" VPOS="715" HPOS="743"/>
							<String ID="string_103" HPOS="758" VPOS="715" WIDTH="7" HEIGHT="20" WC="0.93" CONTENT="i"/><SP WIDTH="15" VPOS="715" HPOS="765"/>
							<String ID="string_104" HPOS="780" VPOS="715" WIDTH="65" HEIGHT="27" WC="0.93" CONTENT="afsigt"/><SP WIDTH="14" VPOS="715" HPOS="845"/>
							<String ID="string_105" HPOS="859" VPOS="717" WIDTH="33" HEIGHT="19" WC="0.93" CONTENT="att"/><SP WIDTH="11" VPOS="717" HPOS="892"/>
							<String ID="string_106" HPOS="903" VPOS="714" WIDTH="32" HEIGHT="23" WC="0.90" CONTENT="ät-"/>
						</TextLine>
						<TextLine ID="line_15" HPOS="182" VPOS="748" WIDTH="663" HEIGHT="29">
							<String ID="string_107" HPOS="182" VPOS="749" WIDTH="85" HEIGHT="21" WC="0.87" CONTENT="komma"/><SP WIDTH="16" VPOS="749" HPOS="267"/>
							<String ID="string_108" HPOS="283" VPOS="750" WIDTH="124" HEIGHT="27" WC="0.87" CONTENT="ersättning,"/><SP WIDTH="15" VPOS="750" HPOS="407"/>
							<String ID="string_109" HPOS="422" VPOS="749" WIDTH="68" HEIGHT="22" WC="0.93" CONTENT="utfäst"/><SP WIDTH="14" VPOS="749" HPOS="490"/>
							<String ID="string_110" HPOS="504" VPOS="750" WIDTH="34" HEIGHT="21" WC="0.93" CONTENT="för"/><SP WIDTH="15" VPOS="750" HPOS="538"/>
							<String ID="string_111" HPOS="553" VPOS="748" WIDTH="52" HEIGHT="23" WC="0.92" CONTENT="derä"/><SP WIDTH="14" VPOS="748" HPOS="605"/>
							<String ID="string_112" HPOS="619" VPOS="749" WIDTH="68" HEIGHT="21" WC="0.91" CONTENT="timad"/><SP WIDTH="14" VPOS="749" HPOS="687"/>
							<String ID="string_113" HPOS="701" VPOS="749" WIDTH="144" HEIGHT="22" WC="0.92" CONTENT="brandskada."/>
						</TextLine>
					</TextBlock>
				</ComposedBlock>
				<ComposedBlock ID="cblock_5" HPOS="181" VPOS="809" WIDTH="762" HEIGHT="544">
					<TextBlock ID="block_5" HPOS="528" VPOS="809" WIDTH="67" HEIGHT="28">
						<TextLine ID="line_16" HPOS="528" VPOS="809" WIDTH="67" HEIGHT="28">
							<String ID="string_114" HPOS="528" VPOS="809" WIDTH="12" HEIGHT="28" WC="0.94" CONTENT="8"/><SP WIDTH="17" VPOS="809" HPOS="540"/>
							<String ID="string_115" HPOS="557" VPOS="810" WIDTH="38" HEIGHT="21" WC="0.86" CONTENT="12!"/>
						</TextLine>
					</TextBlock>
					<TextBlock ID="block_6" HPOS="181" VPOS="851" WIDTH="762" HEIGHT="202">
						<TextLine ID="line_17" HPOS="250" VPOS="851" WIDTH="686" HEIGHT="30">
							<String ID="string_116" HPOS="250" VPOS="853" WIDTH="62" HEIGHT="21" WC="0.96" CONTENT="Efter"/><SP WIDTH="11" VPOS="853" HPOS="312"/>
							<String ID="string_117" HPOS="323" VPOS="853" WIDTH="36" HEIGHT="21" WC="0.96" CONTENT="det"/><SP WIDTH="10" VPOS="853" HPOS="359"/>
							<String ID="string_118" HPOS="369" VPOS="853" WIDTH="27" HEIGHT="21" WC="0.96" CONTENT="Vi"/><SP WIDTH="15" VPOS="853" HPOS="396"/>
							<String ID="string_119" HPOS="411" VPOS="853" WIDTH="24" HEIGHT="21" WC="0.96" CONTENT="af"/><SP WIDTH="12" VPOS="853" HPOS="435"/>
							<String ID="string_120" HPOS="447" VPOS="853" WIDTH="60" HEIGHT="22" WC="0.93" CONTENT="Hans"/><SP WIDTH="15" VPOS="853" HPOS="507"/>
							<String ID="string_121" HPOS="522" VPOS="853" WIDTH="121" HEIGHT="28" WC="0.91" CONTENT="Kejserliga"/><SP WIDTH="14" VPOS="853" HPOS="643"/>
							<String ID="string_122" HPOS="657" VPOS="852" WIDTH="100" HEIGHT="29" WC="0.90" CONTENT="Majestät"/><SP WIDTH="14" VPOS="852" HPOS="757"/>
							<String ID="string_123" HPOS="771" VPOS="851" WIDTH="41" HEIGHT="23" WC="0.92" CONTENT="fätt"/><SP WIDTH="14" VPOS="851" HPOS="812"/>
							<String ID="string_124" HPOS="826" VPOS="854" WIDTH="110" HEIGHT="27" WC="0.91" CONTENT="emottaga"/>
						</TextLine>
						<TextLine ID="line_18" HPOS="182" VPOS="886" WIDTH="761" HEIGHT="30">
							<String ID="string_125" HPOS="182" VPOS="886" WIDTH="66" HEIGHT="30" WC="0.95" CONTENT="nådig"/><SP WIDTH="14" VPOS="886" HPOS="248"/>
							<String ID="string_126" HPOS="262" VPOS="888" WIDTH="133" HEIGHT="27" WC="0.96" CONTENT="proposition"/><SP WIDTH="15" VPOS="888" HPOS="395"/>
							<String ID="string_127" HPOS="410" VPOS="888" WIDTH="7" HEIGHT="21" WC="0.93" CONTENT="i"/><SP WIDTH="16" VPOS="888" HPOS="417"/>
							<String ID="string_128" HPOS="433" VPOS="889" WIDTH="77" HEIGHT="25" WC="0.93" CONTENT="ämnet,"/><SP WIDTH="16" VPOS="889" HPOS="510"/>
							<String ID="string_129" HPOS="526" VPOS="888" WIDTH="63" HEIGHT="21" WC="0.93" CONTENT="hafve"/><SP WIDTH="14" VPOS="888" HPOS="589"/>
							<String ID="string_130" HPOS="603" VPOS="888" WIDTH="28" HEIGHT="21" WC="0.96" CONTENT="Vi"/><SP WIDTH="16" VPOS="888" HPOS="631"/>
							<String ID="string_131" HPOS="647" VPOS="888" WIDTH="40" HEIGHT="22" WC="0.96" CONTENT="den"/><SP WIDTH="17" VPOS="888" HPOS="687"/>
							<String ID="string_132" HPOS="704" VPOS="890" WIDTH="25" HEIGHT="18" WC="0.96" CONTENT="13"/><SP WIDTH="15" VPOS="890" HPOS="729"/>
							<String ID="string_133" HPOS="744" VPOS="888" WIDTH="8" HEIGHT="20" WC="0.96" CONTENT="i"/><SP WIDTH="16" VPOS="888" HPOS="752"/>
							<String ID="string_134" HPOS="768" VPOS="887" WIDTH="69" HEIGHT="22" WC="0.93" CONTENT="denna"/><SP WIDTH="18" VPOS="887" HPOS="837"/>
							<String ID="string_135" HPOS="855" VPOS="886" WIDTH="88" HEIGHT="23" WC="0.86" CONTENT="mänad&#39;"/>
						</TextLine>
						<TextLine ID="line_19" HPOS="181" VPOS="921" WIDTH="754" HEIGHT="29">
							<String ID="string_136" HPOS="181" VPOS="922" WIDTH="89" HEIGHT="22" WC="0.91" CONTENT="beslutit"/><SP WIDTH="13" VPOS="922" HPOS="270"/>
							<String ID="string_137" HPOS="283" VPOS="922" WIDTH="34" HEIGHT="21" WC="0.96" CONTENT="till"/><SP WIDTH="15" VPOS="922" HPOS="317"/>
							<String ID="string_138" HPOS="332" VPOS="929" WIDTH="26" HEIGHT="14" WC="0.96" CONTENT="en"/><SP WIDTH="14" VPOS="929" HPOS="358"/>
							<String ID="string_139" HPOS="372" VPOS="922" WIDTH="42" HEIGHT="27" WC="0.93" CONTENT="lag,"/><SP WIDTH="17" VPOS="922" HPOS="414"/>
							<String ID="string_140" HPOS="431" VPOS="921" WIDTH="110" HEIGHT="28" WC="0.95" CONTENT="angående"/><SP WIDTH="16" VPOS="921" HPOS="541"/>
							<String ID="string_141" HPOS="557" VPOS="922" WIDTH="26" HEIGHT="22" WC="0.96" CONTENT="de"/><SP WIDTH="11" VPOS="922" HPOS="583"/>
							<String ID="string_142" HPOS="594" VPOS="922" WIDTH="127" HEIGHT="27" WC="0.96" CONTENT="rättigheter"/><SP WIDTH="11" VPOS="922" HPOS="721"/>
							<String ID="string_143" HPOS="732" VPOS="922" WIDTH="40" HEIGHT="22" WC="0.96" CONTENT="och"/><SP WIDTH="12" VPOS="922" HPOS="772"/>
							<String ID="string_144" HPOS="784" VPOS="922" WIDTH="151" HEIGHT="28" WC="0.96" CONTENT="skyldigheter,"/>
						</TextLine>
						<TextLine ID="line_20" HPOS="183" VPOS="955" WIDTH="754" HEIGHT="28">
							<String ID="string_145" HPOS="183" VPOS="963" WIDTH="46" HEIGHT="14" WC="0.92" CONTENT="som"/><SP WIDTH="18" VPOS="963" HPOS="229"/>
							<String ID="string_146" HPOS="247" VPOS="956" WIDTH="118" HEIGHT="21" WC="0.91" CONTENT="tillkomma"/><SP WIDTH="18" VPOS="956" HPOS="365"/>
							<String ID="string_147" HPOS="383" VPOS="956" WIDTH="90" HEIGHT="21" WC="0.91" CONTENT="embets-"/><SP WIDTH="16" VPOS="956" HPOS="473"/>
							<String ID="string_148" HPOS="489" VPOS="957" WIDTH="40" HEIGHT="20" WC="0.93" CONTENT="och"/><SP WIDTH="15" VPOS="957" HPOS="529"/>
							<String ID="string_149" HPOS="544" VPOS="956" WIDTH="135" HEIGHT="27" WC="0.91" CONTENT="tjenstemän,"/><SP WIDTH="15" VPOS="956" HPOS="679"/>
							<String ID="string_150" HPOS="694" VPOS="956" WIDTH="83" HEIGHT="21" WC="0.92" CONTENT="hvilkas"/><SP WIDTH="14" VPOS="956" HPOS="777"/>
							<String ID="string_151" HPOS="791" VPOS="955" WIDTH="146" HEIGHT="28" WC="0.90" CONTENT="befattningar"/>
						</TextLine>
						<TextLine ID="line_21" HPOS="182" VPOS="989" WIDTH="755" HEIGHT="29">
							<String ID="string_152" HPOS="182" VPOS="990" WIDTH="109" HEIGHT="28" WC="0.91" CONTENT="indragas,"/><SP WIDTH="16" VPOS="990" HPOS="291"/>
							<String ID="string_153" HPOS="307" VPOS="992" WIDTH="56" HEIGHT="19" WC="0.93" CONTENT="samt"/><SP WIDTH="19" VPOS="992" HPOS="363"/>
							<String ID="string_154" HPOS="382" VPOS="991" WIDTH="73" HEIGHT="20" WC="0.92" CONTENT="derom"/><SP WIDTH="18" VPOS="991" HPOS="455"/>
							<String ID="string_155" HPOS="473" VPOS="990" WIDTH="8" HEIGHT="21" WC="0.93" CONTENT="i"/><SP WIDTH="18" VPOS="990" HPOS="481"/>
							<String ID="string_156" HPOS="499" VPOS="990" WIDTH="110" HEIGHT="22" WC="0.92" CONTENT="skrifvelse"/><SP WIDTH="19" VPOS="990" HPOS="609"/>
							<String ID="string_157" HPOS="628" VPOS="991" WIDTH="24" HEIGHT="20" WC="0.97" CONTENT="af"/><SP WIDTH="16" VPOS="991" HPOS="652"/>
							<String ID="string_158" HPOS="668" VPOS="997" WIDTH="82" HEIGHT="15" WC="0.96" CONTENT="samma"/><SP WIDTH="15" VPOS="997" HPOS="750"/>
							<String ID="string_159" HPOS="765" VPOS="990" WIDTH="42" HEIGHT="28" WC="0.96" CONTENT="dag"/><SP WIDTH="15" VPOS="990" HPOS="807"/>
							<String ID="string_160" HPOS="822" VPOS="990" WIDTH="39" HEIGHT="21" WC="0.96" CONTENT="hos"/><SP WIDTH="15" VPOS="990" HPOS="861"/>
							<String ID="string_161" HPOS="876" VPOS="989" WIDTH="61" HEIGHT="22" WC="0.96" CONTENT="Hans"/>
						</TextLine>
						<TextLine ID="line_22" HPOS="184" VPOS="1025" WIDTH="343" HEIGHT="28">
							<String ID="string_162" HPOS="184" VPOS="1025" WIDTH="121" HEIGHT="28" WC="0.96" CONTENT="Kejserliga"/><SP WIDTH="14" VPOS="1025" HPOS="305"/>
							<String ID="string_163" HPOS="319" VPOS="1025" WIDTH="100" HEIGHT="27" WC="0.96" CONTENT="Majestät"/><SP WIDTH="16" VPOS="1025" HPOS="419"/>
							<String ID="string_164" HPOS="435" VPOS="1025" WIDTH="92" HEIGHT="21" WC="0.91" CONTENT="anmält."/>
						</TextLine>
					</TextBlock>
					<TextBlock ID="block_7" HPOS="530" VPOS="1078" WIDTH="62" HEIGHT="27">
						<TextLine ID="line_23" HPOS="530" VPOS="1078" WIDTH="62" HEIGHT="27">
							<String ID="string_165" HPOS="530" VPOS="1078" WIDTH="12" HEIGHT="27" WC="0.84" CONTENT="8"/><SP WIDTH="17" VPOS="1078" HPOS="542"/>
							<String ID="string_166" HPOS="559" VPOS="1078" WIDTH="33" HEIGHT="20" WC="0.96" CONTENT="13."/>
						</TextLine>
					</TextBlock>
					<TextBlock ID="block_8" HPOS="184" VPOS="1119" WIDTH="755" HEIGHT="234">
						<TextLine ID="line_24" HPOS="252" VPOS="1119" WIDTH="686" HEIGHT="29">
							<String ID="string_167" HPOS="252" VPOS="1120" WIDTH="70" HEIGHT="21" WC="0.96" CONTENT="Sedan"/><SP WIDTH="20" VPOS="1120" HPOS="322"/>
							<String ID="string_168" HPOS="342" VPOS="1119" WIDTH="60" HEIGHT="22" WC="0.96" CONTENT="Hans"/><SP WIDTH="18" VPOS="1119" HPOS="402"/>
							<String ID="string_169" HPOS="420" VPOS="1120" WIDTH="120" HEIGHT="28" WC="0.96" CONTENT="Kejserliga"/><SP WIDTH="17" VPOS="1120" HPOS="540"/>
							<String ID="string_170" HPOS="557" VPOS="1119" WIDTH="102" HEIGHT="28" WC="0.96" CONTENT="Majestät"/><SP WIDTH="14" VPOS="1119" HPOS="659"/>
							<String ID="string_171" HPOS="673" VPOS="1119" WIDTH="33" HEIGHT="22" WC="0.95" CONTENT="till"/><SP WIDTH="15" VPOS="1119" HPOS="706"/>
							<String ID="string_172" HPOS="721" VPOS="1119" WIDTH="54" HEIGHT="22" WC="0.93" CONTENT="Vårt"/><SP WIDTH="18" VPOS="1119" HPOS="775"/>
							<String ID="string_173" HPOS="793" VPOS="1119" WIDTH="145" HEIGHT="28" WC="0.90" CONTENT="bepröfvande"/>
						</TextLine>
						<TextLine ID="line_25" HPOS="184" VPOS="1154" WIDTH="754" HEIGHT="28">
							<String ID="string_174" HPOS="184" VPOS="1154" WIDTH="139" HEIGHT="22" WC="0.92" CONTENT="öfverlemnat"/><SP WIDTH="19" VPOS="1154" HPOS="323"/>
							<String ID="string_175" HPOS="342" VPOS="1162" WIDTH="26" HEIGHT="14" WC="0.97" CONTENT="en"/><SP WIDTH="18" VPOS="1162" HPOS="368"/>
							<String ID="string_176" HPOS="386" VPOS="1154" WIDTH="65" HEIGHT="28" WC="0.96" CONTENT="nådig"/><SP WIDTH="18" VPOS="1154" HPOS="451"/>
							<String ID="string_177" HPOS="469" VPOS="1155" WIDTH="140" HEIGHT="27" WC="0.96" CONTENT="proposition,"/><SP WIDTH="19" VPOS="1155" HPOS="609"/>
							<String ID="string_178" HPOS="628" VPOS="1154" WIDTH="92" HEIGHT="22" WC="0.96" CONTENT="rörande"/><SP WIDTH="21" VPOS="1154" HPOS="720"/>
							<String ID="string_179" HPOS="741" VPOS="1154" WIDTH="84" HEIGHT="22" WC="0.96" CONTENT="medlen"/><SP WIDTH="22" VPOS="1154" HPOS="825"/>
							<String ID="string_180" HPOS="847" VPOS="1156" WIDTH="33" HEIGHT="19" WC="0.93" CONTENT="att"/><SP WIDTH="21" VPOS="1156" HPOS="880"/>
							<String ID="string_181" HPOS="901" VPOS="1154" WIDTH="37" HEIGHT="22" WC="0.83" CONTENT="be-"/>
						</TextLine>
						<TextLine ID="line_26" HPOS="184" VPOS="1187" WIDTH="753" HEIGHT="30">
							<String ID="string_182" HPOS="184" VPOS="1189" WIDTH="53" HEIGHT="21" WC="0.96" CONTENT="reda"/><SP WIDTH="18" VPOS="1189" HPOS="237"/>
							<String ID="string_183" HPOS="255" VPOS="1189" WIDTH="26" HEIGHT="21" WC="0.93" CONTENT="de"/><SP WIDTH="19" VPOS="1189" HPOS="281"/>
							<String ID="string_184" HPOS="300" VPOS="1187" WIDTH="13" HEIGHT="22" WC="0.92" CONTENT="å"/><SP WIDTH="18" VPOS="1187" HPOS="313"/>
							<String ID="string_185" HPOS="331" VPOS="1189" WIDTH="195" HEIGHT="28" WC="0.91" CONTENT="donationsgodsen"/><SP WIDTH="18" VPOS="1189" HPOS="526"/>
							<String ID="string_186" HPOS="544" VPOS="1190" WIDTH="7" HEIGHT="21" WC="0.93" CONTENT="i"/><SP WIDTH="15" VPOS="1190" HPOS="551"/>
							<String ID="string_187" HPOS="566" VPOS="1189" WIDTH="100" HEIGHT="27" WC="0.91" CONTENT="Wiborgs"/><SP WIDTH="19" VPOS="1189" HPOS="666"/>
							<String ID="string_188" HPOS="685" VPOS="1189" WIDTH="40" HEIGHT="22" WC="0.96" CONTENT="och"/><SP WIDTH="20" VPOS="1189" HPOS="725"/>
							<String ID="string_189" HPOS="745" VPOS="1189" WIDTH="31" HEIGHT="21" WC="0.94" CONTENT="S:t"/><SP WIDTH="17" VPOS="1189" HPOS="776"/>
							<String ID="string_190" HPOS="793" VPOS="1189" WIDTH="90" HEIGHT="21" WC="0.95" CONTENT="Michels"/><SP WIDTH="18" VPOS="1189" HPOS="883"/>
							<String ID="string_191" HPOS="901" VPOS="1189" WIDTH="36" HEIGHT="21" WC="0.96" CONTENT="län"/>
						</TextLine>
						<TextLine ID="line_27" HPOS="184" VPOS="1222" WIDTH="755" HEIGHT="29">
							<String ID="string_192" HPOS="184" VPOS="1223" WIDTH="85" HEIGHT="22" WC="0.96" CONTENT="bosatte"/><SP WIDTH="15" VPOS="1223" HPOS="269"/>
							<String ID="string_193" HPOS="284" VPOS="1223" WIDTH="82" HEIGHT="22" WC="0.96" CONTENT="bönder"/><SP WIDTH="15" VPOS="1223" HPOS="366"/>
							<String ID="string_194" HPOS="381" VPOS="1225" WIDTH="64" HEIGHT="26" WC="0.96" CONTENT="utväg"/><SP WIDTH="16" VPOS="1225" HPOS="445"/>
							<String ID="string_195" HPOS="461" VPOS="1226" WIDTH="31" HEIGHT="19" WC="0.92" CONTENT="att"/><SP WIDTH="14" VPOS="1226" HPOS="492"/>
							<String ID="string_196" HPOS="506" VPOS="1224" WIDTH="73" HEIGHT="21" WC="0.92" CONTENT="tillösa"/><SP WIDTH="15" VPOS="1224" HPOS="579"/>
							<String ID="string_197" HPOS="594" VPOS="1224" WIDTH="32" HEIGHT="27" WC="0.96" CONTENT="sig"/><SP WIDTH="15" VPOS="1224" HPOS="626"/>
							<String ID="string_198" HPOS="641" VPOS="1223" WIDTH="46" HEIGHT="22" WC="0.93" CONTENT="sina"/><SP WIDTH="16" VPOS="1223" HPOS="687"/>
							<String ID="string_199" HPOS="703" VPOS="1222" WIDTH="96" HEIGHT="23" WC="0.91" CONTENT="åboende"/><SP WIDTH="15" VPOS="1222" HPOS="799"/>
							<String ID="string_200" HPOS="814" VPOS="1223" WIDTH="125" HEIGHT="28" WC="0.95" CONTENT="lägenheter"/>
						</TextLine>
						<TextLine ID="line_28" HPOS="184" VPOS="1255" WIDTH="754" HEIGHT="29">
							<String ID="string_201" HPOS="184" VPOS="1257" WIDTH="63" HEIGHT="21" WC="0.92" CONTENT="hafve"/><SP WIDTH="14" VPOS="1257" HPOS="247"/>
							<String ID="string_202" HPOS="261" VPOS="1258" WIDTH="26" HEIGHT="19" WC="0.96" CONTENT="Vi"/><SP WIDTH="19" VPOS="1258" HPOS="287"/>
							<String ID="string_203" HPOS="306" VPOS="1258" WIDTH="31" HEIGHT="19" WC="0.93" CONTENT="uti"/><SP WIDTH="18" VPOS="1258" HPOS="337"/>
							<String ID="string_204" HPOS="355" VPOS="1257" WIDTH="135" HEIGHT="27" WC="0.91" CONTENT="underdånig"/><SP WIDTH="19" VPOS="1257" HPOS="490"/>
							<String ID="string_205" HPOS="509" VPOS="1258" WIDTH="109" HEIGHT="20" WC="0.96" CONTENT="skrifvelse"/><SP WIDTH="19" VPOS="1258" HPOS="618"/>
							<String ID="string_206" HPOS="637" VPOS="1257" WIDTH="33" HEIGHT="20" WC="0.96" CONTENT="för"/><SP WIDTH="19" VPOS="1257" HPOS="670"/>
							<String ID="string_207" HPOS="689" VPOS="1258" WIDTH="40" HEIGHT="19" WC="0.96" CONTENT="den"/><SP WIDTH="17" VPOS="1258" HPOS="729"/>
							<String ID="string_208" HPOS="746" VPOS="1259" WIDTH="26" HEIGHT="18" WC="0.96" CONTENT="14"/><SP WIDTH="15" VPOS="1259" HPOS="772"/>
							<String ID="string_209" HPOS="787" VPOS="1257" WIDTH="7" HEIGHT="20" WC="0.96" CONTENT="i"/><SP WIDTH="16" VPOS="1257" HPOS="794"/>
							<String ID="string_210" HPOS="810" VPOS="1257" WIDTH="69" HEIGHT="20" WC="0.93" CONTENT="denna"/><SP WIDTH="14" VPOS="1257" HPOS="879"/>
							<String ID="string_211" HPOS="893" VPOS="1255" WIDTH="45" HEIGHT="22" WC="0.91" CONTENT="må-"/>
						</TextLine>
						<TextLine ID="line_29" HPOS="184" VPOS="1290" WIDTH="755" HEIGHT="28">
							<String ID="string_212" HPOS="184" VPOS="1290" WIDTH="44" HEIGHT="21" WC="0.96" CONTENT="nad"/><SP WIDTH="19" VPOS="1290" HPOS="228"/>
							<String ID="string_213" HPOS="247" VPOS="1290" WIDTH="81" HEIGHT="21" WC="0.96" CONTENT="anmält"/><SP WIDTH="18" VPOS="1290" HPOS="328"/>
							<String ID="string_214" HPOS="346" VPOS="1292" WIDTH="32" HEIGHT="19" WC="0.96" CONTENT="att"/><SP WIDTH="14" VPOS="1292" HPOS="378"/>
							<String ID="string_215" HPOS="392" VPOS="1290" WIDTH="27" HEIGHT="21" WC="0.96" CONTENT="Vi"/><SP WIDTH="18" VPOS="1290" HPOS="419"/>
							<String ID="string_216" HPOS="437" VPOS="1290" WIDTH="7" HEIGHT="21" WC="0.93" CONTENT="i"/><SP WIDTH="18" VPOS="1290" HPOS="444"/>
							<String ID="string_217" HPOS="462" VPOS="1291" WIDTH="147" HEIGHT="21" WC="0.91" CONTENT="hufvudsaken"/><SP WIDTH="18" VPOS="1291" HPOS="609"/>
							<String ID="string_218" HPOS="627" VPOS="1291" WIDTH="78" HEIGHT="20" WC="0.91" CONTENT="bifallit"/><SP WIDTH="16" VPOS="1291" HPOS="705"/>
							<String ID="string_219" HPOS="721" VPOS="1291" WIDTH="70" HEIGHT="20" WC="0.95" CONTENT="denna"/><SP WIDTH="13" VPOS="1291" HPOS="791"/>
							<String ID="string_220" HPOS="804" VPOS="1291" WIDTH="135" HEIGHT="27" WC="0.96" CONTENT="proposition"/>
						</TextLine>
						<TextLine ID="line_30" HPOS="185" VPOS="1322" WIDTH="634" HEIGHT="31">
							<String ID="string_221" HPOS="185" VPOS="1325" WIDTH="41" HEIGHT="21" WC="0.96" CONTENT="och"/><SP WIDTH="14" VPOS="1325" HPOS="226"/>
							<String ID="string_222" HPOS="240" VPOS="1324" WIDTH="88" HEIGHT="28" WC="0.96" CONTENT="beviljat"/><SP WIDTH="15" VPOS="1324" HPOS="328"/>
							<String ID="string_223" HPOS="343" VPOS="1324" WIDTH="74" HEIGHT="27" WC="0.96" CONTENT="anslag"/><SP WIDTH="15" VPOS="1324" HPOS="417"/>
							<String ID="string_224" HPOS="432" VPOS="1324" WIDTH="34" HEIGHT="22" WC="0.96" CONTENT="till"/><SP WIDTH="15" VPOS="1324" HPOS="466"/>
							<String ID="string_225" HPOS="481" VPOS="1325" WIDTH="37" HEIGHT="21" WC="0.93" CONTENT="det"/><SP WIDTH="14" VPOS="1325" HPOS="518"/>
							<String ID="string_226" HPOS="532" VPOS="1325" WIDTH="46" HEIGHT="22" WC="0.93" CONTENT="deri"/><SP WIDTH="15" VPOS="1325" HPOS="578"/>
							<String ID="string_227" HPOS="593" VPOS="1324" WIDTH="104" HEIGHT="29" WC="0.92" CONTENT="uppgifna"/><SP WIDTH="15" VPOS="1324" HPOS="697"/>
							<String ID="string_228" HPOS="712" VPOS="1322" WIDTH="107" HEIGHT="25" WC="0.95" CONTENT="ändamål."/>
						</TextLine>
					</TextBlock>
				</ComposedBlock>
				<ComposedBlock ID="cblock_6" HPOS="531" VPOS="1383" WIDTH="62" HEIGHT="28">
					<TextBlock ID="block_9" HPOS="531" VPOS="1383" WIDTH="62" HEIGHT="28">
						<TextLine ID="line_31" HPOS="531" VPOS="1383" WIDTH="62" HEIGHT="28">
							<String ID="string_229" HPOS="531" VPOS="1383" WIDTH="12" HEIGHT="28" WC="0.67" CONTENT="8"/><SP WIDTH="17" VPOS="1383" HPOS="543"/>
							<String ID="string_230" HPOS="560" VPOS="1384" WIDTH="33" HEIGHT="20" WC="0.78" CONTENT="14."/>
						</TextLine>
					</TextBlock>
				</ComposedBlock>
				<ComposedBlock ID="cblock_7" HPOS="186" VPOS="1425" WIDTH="754" HEIGHT="99">
					<TextBlock ID="block_10" HPOS="186" VPOS="1425" WIDTH="754" HEIGHT="99">
						<TextLine ID="line_32" HPOS="253" VPOS="1425" WIDTH="687" HEIGHT="30">
							<String ID="string_231" HPOS="253" VPOS="1426" WIDTH="50" HEIGHT="22" WC="0.93" CONTENT="Med"/><SP WIDTH="15" VPOS="1426" HPOS="303"/>
							<String ID="string_232" HPOS="318" VPOS="1426" WIDTH="151" HEIGHT="28" WC="0.90" CONTENT="upphäfvande"/><SP WIDTH="15" VPOS="1426" HPOS="469"/>
							<String ID="string_233" HPOS="484" VPOS="1426" WIDTH="24" HEIGHT="22" WC="0.93" CONTENT="af"/><SP WIDTH="12" VPOS="1426" HPOS="508"/>
							<String ID="string_234" HPOS="520" VPOS="1425" WIDTH="226" HEIGHT="30" WC="0.90" CONTENT="Riksdagsordningen"/><SP WIDTH="11" VPOS="1425" HPOS="746"/>
							<String ID="string_235" HPOS="757" VPOS="1426" WIDTH="42" HEIGHT="22" WC="0.96" CONTENT="den"/><SP WIDTH="12" VPOS="1426" HPOS="799"/>
							<String ID="string_236" HPOS="811" VPOS="1427" WIDTH="27" HEIGHT="21" WC="0.96" CONTENT="24"/><SP WIDTH="11" VPOS="1427" HPOS="838"/>
							<String ID="string_237" HPOS="849" VPOS="1426" WIDTH="91" HEIGHT="23" WC="0.96" CONTENT="Januari"/>
						</TextLine>
						<TextLine ID="line_33" HPOS="187" VPOS="1461" WIDTH="751" HEIGHT="29">
							<String ID="string_238" HPOS="187" VPOS="1463" WIDTH="54" HEIGHT="20" WC="0.96" CONTENT="1617"/><SP WIDTH="20" VPOS="1463" HPOS="241"/>
							<String ID="string_239" HPOS="261" VPOS="1461" WIDTH="108" HEIGHT="21" WC="0.96" CONTENT="äfvensom"/><SP WIDTH="21" VPOS="1461" HPOS="369"/>
							<String ID="string_240" HPOS="390" VPOS="1461" WIDTH="45" HEIGHT="21" WC="0.96" CONTENT="alla"/><SP WIDTH="21" VPOS="1461" HPOS="435"/>
							<String ID="string_241" HPOS="456" VPOS="1461" WIDTH="68" HEIGHT="22" WC="0.96" CONTENT="andra"/><SP WIDTH="18" VPOS="1461" HPOS="524"/>
							<String ID="string_242" HPOS="542" VPOS="1461" WIDTH="82" HEIGHT="22" WC="0.96" CONTENT="sådana"/><SP WIDTH="18" VPOS="1461" HPOS="624"/>
							<String ID="string_243" HPOS="642" VPOS="1461" WIDTH="60" HEIGHT="22" WC="0.96" CONTENT="äldre"/><SP WIDTH="22" VPOS="1461" HPOS="702"/>
							<String ID="string_244" HPOS="724" VPOS="1462" WIDTH="40" HEIGHT="20" WC="0.96" CONTENT="och"/><SP WIDTH="19" VPOS="1462" HPOS="764"/>
							<String ID="string_245" HPOS="783" VPOS="1468" WIDTH="66" HEIGHT="21" WC="0.96" CONTENT="nyare"/><SP WIDTH="21" VPOS="1468" HPOS="849"/>
							<String ID="string_246" HPOS="870" VPOS="1461" WIDTH="68" HEIGHT="29" WC="0.96" CONTENT="lagar,"/>
						</TextLine>
						<TextLine ID="line_34" HPOS="186" VPOS="1495" WIDTH="753" HEIGHT="29">
							<String ID="string_247" HPOS="186" VPOS="1496" WIDTH="117" HEIGHT="28" WC="0.96" CONTENT="ordningar"/><SP WIDTH="15" VPOS="1496" HPOS="303"/>
							<String ID="string_248" HPOS="318" VPOS="1496" WIDTH="39" HEIGHT="21" WC="0.96" CONTENT="och"/><SP WIDTH="16" VPOS="1496" HPOS="357"/>
							<String ID="string_249" HPOS="373" VPOS="1496" WIDTH="76" HEIGHT="26" WC="0.96" CONTENT="beslut,"/><SP WIDTH="16" VPOS="1496" HPOS="449"/>
							<String ID="string_250" HPOS="465" VPOS="1503" WIDTH="45" HEIGHT="14" WC="0.96" CONTENT="som"/><SP WIDTH="16" VPOS="1503" HPOS="510"/>
							<String ID="string_251" HPOS="526" VPOS="1495" WIDTH="111" HEIGHT="29" WC="0.93" CONTENT="angående"/><SP WIDTH="15" VPOS="1495" HPOS="637"/>
							<String ID="string_252" HPOS="652" VPOS="1496" WIDTH="132" HEIGHT="22" WC="0.92" CONTENT="Ständernas"/><SP WIDTH="15" VPOS="1496" HPOS="784"/>
							<String ID="string_253" HPOS="799" VPOS="1498" WIDTH="140" HEIGHT="20" WC="0.91" CONTENT="sammanträ-"/>
						</TextLine>
					</TextBlock>
				</ComposedBlock>
				<GraphicalElement ID="cblock_8" HPOS="1020" VPOS="120" WIDTH="3" HEIGHT="340"></GraphicalElement >
			</PrintSpace>
		</Page>
	</Layout>
</alto>
