<?xml version="1.0" encoding="UTF-8"?>
<alto xmlns="http://www.loc.gov/standards/alto/ns-v3#" xmlns:xlink="http://www.w3.org/1999/xlink" xmlns:xsi="http://www.w3.org/2001/XMLSchema-instance" xsi:schemaLocation="http://www.loc.gov/standards/alto/ns-v3# http://www.loc.gov/alto/v3/alto-3-0.xsd">
	<Description>
		<MeasurementUnit>pixel</MeasurementUnit>
		<sourceImageInformation>
			<fileName>/tmp/tess_78kaovzp_input.PNG</fileName>
		</sourceImageInformation>
		<OCRProcessing ID="OCR_0">
			<ocrProcessingStep>
				<processingSoftware>
					<softwareName>tesseract 5.3.4</softwareName>
				</processingSoftware>
			</ocrProcessingStep>
		</OCRProcessing>
	</Description>
	<Layout>
		<Page WIDTH="1003" HEIGHT="1723" PHYSICAL_IMG_NR="0" ID="page_0">
			<PrintSpace HPOS="0" VPOS="0" WIDTH="1003" HEIGHT="1723">
				<ComposedBlock ID="cblock_0" HPOS="215" VPOS="152" WIDTH="510" HEIGHT="22">
					<TextBlock ID="block_0" HPOS="215" VPOS="152" WIDTH="510" HEIGHT="22">
						<TextLine ID="line_0" HPOS="215" VPOS="152" WIDTH="510" HEIGHT="22">
							<String ID="string_0" HPOS="215" VPOS="154" WIDTH="44" HEIGHT="16" WC="0.95" CONTENT="1332"/><SP WIDTH="159" VPOS="154" HPOS="259"/>
							<String ID="string_1" HPOS="418" VPOS="152" WIDTH="70" HEIGHT="22" WC="0.91" CONTENT="Nådiga"/><SP WIDTH="12" VPOS="152" HPOS="488"/>
							<String ID="string_2" HPOS="500" VPOS="152" WIDTH="138" HEIGHT="21" WC="0.96" CONTENT="Propositionen"/><SP WIDTH="12" VPOS="152" HPOS="638"/>
							<String ID="string_3" HPOS="650" VPOS="152" WIDTH="34" HEIGHT="16" WC="0.95" CONTENT="N:o"/><SP WIDTH="14" VPOS="152" HPOS="684"/>
							<String ID="string_4" HPOS="698" VPOS="153" WIDTH="27" HEIGHT="15" WC="0.96" CONTENT="26."/>
						</TextLine>
					</TextBlock>
				</ComposedBlock>
				<ComposedBlock ID="cblock_1" HPOS="190" VPOS="214" WIDTH="754" HEIGHT="853">
					<TextBlock ID="block_1" HPOS="191" VPOS="214" WIDTH="752" HEIGHT="165">
						<TextLine ID="line_1" HPOS="192" VPOS="214" WIDTH="749" HEIGHT="28">
							<String ID="string_5" HPOS="192" VPOS="214" WIDTH="85" HEIGHT="22" WC="0.91" CONTENT="afskrift"/><SP WIDTH="17" VPOS="214" HPOS="277"/>
							<String ID="string_6" HPOS="294" VPOS="215" WIDTH="24" HEIGHT="21" WC="0.96" CONTENT="af"/><SP WIDTH="15" VPOS="215" HPOS="318"/>
							<String ID="string_7" HPOS="333" VPOS="215" WIDTH="92" HEIGHT="22" WC="0.96" CONTENT="nämnde"/><SP WIDTH="18" VPOS="215" HPOS="425"/>
							<String ID="string_8" HPOS="443" VPOS="215" WIDTH="113" HEIGHT="27" WC="0.96" CONTENT="handling,"/><SP WIDTH="18" VPOS="215" HPOS="556"/>
							<String ID="string_9" HPOS="574" VPOS="214" WIDTH="64" HEIGHT="22" WC="0.93" CONTENT="hafva"/><SP WIDTH="18" VPOS="214" HPOS="638"/>
							<String ID="string_10" HPOS="656" VPOS="214" WIDTH="121" HEIGHT="22" WC="0.92" CONTENT="Ständerna"/><SP WIDTH="17" VPOS="214" HPOS="777"/>
							<String ID="string_11" HPOS="794" VPOS="214" WIDTH="47" HEIGHT="22" WC="0.96" CONTENT="icke"/><SP WIDTH="18" VPOS="214" HPOS="841"/>
							<String ID="string_12" HPOS="859" VPOS="215" WIDTH="82" HEIGHT="21" WC="0.93" CONTENT="kunnat"/>
						</TextLine>
						<TextLine ID="line_2" HPOS="192" VPOS="248" WIDTH="751" HEIGHT="28">
							<String ID="string_13" HPOS="192" VPOS="249" WIDTH="119" HEIGHT="27" WC="0.93" CONTENT="godkänna,"/><SP WIDTH="15" VPOS="249" HPOS="311"/>
							<String ID="string_14" HPOS="326" VPOS="248" WIDTH="99" HEIGHT="22" WC="0.92" CONTENT="hvarföre"/><SP WIDTH="15" VPOS="248" HPOS="425"/>
							<String ID="string_15" HPOS="440" VPOS="248" WIDTH="120" HEIGHT="22" WC="0.92" CONTENT="Ständerna"/><SP WIDTH="18" VPOS="248" HPOS="560"/>
							<String ID="string_16" HPOS="578" VPOS="248" WIDTH="32" HEIGHT="22" WC="0.96" CONTENT="till"/><SP WIDTH="19" VPOS="248" HPOS="610"/>
							<String ID="string_17" HPOS="629" VPOS="250" WIDTH="25" HEIGHT="20" WC="0.95" CONTENT="21"/><SP WIDTH="16" VPOS="250" HPOS="654"/>
							<String ID="string_18" HPOS="670" VPOS="249" WIDTH="12" HEIGHT="27" WC="0.75" CONTENT="$"/><SP WIDTH="19" VPOS="249" HPOS="682"/>
							<String ID="string_19" HPOS="701" VPOS="249" WIDTH="60" HEIGHT="27" WC="0.92" CONTENT="fogat"/><SP WIDTH="17" VPOS="249" HPOS="761"/>
							<String ID="string_20" HPOS="778" VPOS="250" WIDTH="31" HEIGHT="20" WC="0.95" CONTENT="ett"/><SP WIDTH="16" VPOS="250" HPOS="809"/>
							<String ID="string_21" HPOS="825" VPOS="248" WIDTH="76" HEIGHT="28" WC="0.96" CONTENT="tillägg"/><SP WIDTH="18" VPOS="248" HPOS="901"/>
							<String ID="string_22" HPOS="919" VPOS="248" WIDTH="24" HEIGHT="22" WC="0.96" CONTENT="af"/>
						</TextLine>
						<TextLine ID="line_3" HPOS="191" VPOS="282" WIDTH="750" HEIGHT="26">
							<String ID="string_23" HPOS="191" VPOS="282" WIDTH="100" HEIGHT="26" WC="0.96" CONTENT="innehåll,"/><SP WIDTH="16" VPOS="282" HPOS="291"/>
							<String ID="string_24" HPOS="307" VPOS="285" WIDTH="32" HEIGHT="19" WC="0.93" CONTENT="att"/><SP WIDTH="15" VPOS="285" HPOS="339"/>
							<String ID="string_25" HPOS="354" VPOS="283" WIDTH="143" HEIGHT="21" WC="0.92" CONTENT="hufvudskrift"/><SP WIDTH="13" VPOS="283" HPOS="497"/>
							<String ID="string_26" HPOS="510" VPOS="283" WIDTH="50" HEIGHT="21" WC="0.93" CONTENT="med"/><SP WIDTH="15" VPOS="283" HPOS="560"/>
							<String ID="string_27" HPOS="575" VPOS="282" WIDTH="115" HEIGHT="22" WC="0.92" CONTENT="åtecknadt"/><SP WIDTH="13" VPOS="282" HPOS="690"/>
							<String ID="string_28" HPOS="703" VPOS="282" WIDTH="59" HEIGHT="22" WC="0.96" CONTENT="bevis"/><SP WIDTH="14" VPOS="282" HPOS="762"/>
							<String ID="string_29" HPOS="776" VPOS="283" WIDTH="68" HEIGHT="22" WC="0.94" CONTENT="borde"/><SP WIDTH="16" VPOS="283" HPOS="844"/>
							<String ID="string_30" HPOS="860" VPOS="283" WIDTH="33" HEIGHT="21" WC="0.93" CONTENT="till"/><SP WIDTH="15" VPOS="283" HPOS="893"/>
							<String ID="string_31" HPOS="908" VPOS="284" WIDTH="33" HEIGHT="20" WC="0.90" CONTENT="sö-"/>
						</TextLine>
						<TextLine ID="line_4" HPOS="191" VPOS="316" WIDTH="750" HEIGHT="28">
							<String ID="string_32" HPOS="191" VPOS="317" WIDTH="85" HEIGHT="21" WC="0.93" CONTENT="kanden"/><SP WIDTH="15" VPOS="317" HPOS="276"/>
							<String ID="string_33" HPOS="291" VPOS="319" WIDTH="75" HEIGHT="25" WC="0.96" CONTENT="genast"/><SP WIDTH="19" VPOS="319" HPOS="366"/>
							<String ID="string_34" HPOS="385" VPOS="316" WIDTH="126" HEIGHT="28" WC="0.96" CONTENT="återställas,"/><SP WIDTH="20" VPOS="316" HPOS="511"/>
							<String ID="string_35" HPOS="531" VPOS="318" WIDTH="2" HEIGHT="20" WC="0.95" CONTENT="i"/><SP WIDTH="16" VPOS="318" HPOS="533"/>
							<String ID="string_36" HPOS="549" VPOS="317" WIDTH="41" HEIGHT="22" WC="0.96" CONTENT="den"/><SP WIDTH="18" VPOS="317" HPOS="590"/>
							<String ID="string_37" HPOS="608" VPOS="317" WIDTH="102" HEIGHT="21" WC="0.93" CONTENT="händelse"/><SP WIDTH="18" VPOS="317" HPOS="710"/>
							<String ID="string_38" HPOS="728" VPOS="316" WIDTH="84" HEIGHT="23" WC="0.92" CONTENT="afskrift"/><SP WIDTH="18" VPOS="316" HPOS="812"/>
							<String ID="string_39" HPOS="830" VPOS="317" WIDTH="63" HEIGHT="22" WC="0.93" CONTENT="deraf"/><SP WIDTH="16" VPOS="317" HPOS="893"/>
							<String ID="string_40" HPOS="909" VPOS="316" WIDTH="32" HEIGHT="23" WC="0.89" CONTENT="åt-"/>
						</TextLine>
						<TextLine ID="line_5" HPOS="192" VPOS="352" WIDTH="213" HEIGHT="27">
							<String ID="string_41" HPOS="192" VPOS="352" WIDTH="48" HEIGHT="27" WC="0.96" CONTENT="följt"/><SP WIDTH="15" VPOS="352" HPOS="240"/>
							<String ID="string_42" HPOS="255" VPOS="352" WIDTH="150" HEIGHT="26" WC="0.96" CONTENT="ansökningen."/>
						</TextLine>
					</TextBlock>
					<TextBlock ID="block_2" HPOS="190" VPOS="385" WIDTH="754" HEIGHT="510">
						<TextLine ID="line_6" HPOS="260" VPOS="385" WIDTH="682" HEIGHT="28">
							<String ID="string_43" HPOS="260" VPOS="385" WIDTH="34" HEIGHT="21" WC="0.93" CONTENT="Då"/><SP WIDTH="17" VPOS="385" HPOS="294"/>
							<String ID="string_44" HPOS="311" VPOS="386" WIDTH="113" HEIGHT="21" WC="0.91" CONTENT="intecknad"/><SP WIDTH="19" VPOS="386" HPOS="424"/>
							<String ID="string_45" HPOS="443" VPOS="386" WIDTH="101" HEIGHT="27" WC="0.93" CONTENT="fastighet"/><SP WIDTH="18" VPOS="386" HPOS="544"/>
							<String ID="string_46" HPOS="562" VPOS="385" WIDTH="97" HEIGHT="28" WC="0.92" CONTENT="försäljes"/><SP WIDTH="19" VPOS="385" HPOS="659"/>
							<String ID="string_47" HPOS="678" VPOS="386" WIDTH="40" HEIGHT="21" WC="0.97" CONTENT="och"/><SP WIDTH="18" VPOS="386" HPOS="718"/>
							<String ID="string_48" HPOS="736" VPOS="386" WIDTH="96" HEIGHT="27" WC="0.93" CONTENT="köparen"/><SP WIDTH="19" VPOS="386" HPOS="832"/>
							<String ID="string_49" HPOS="851" VPOS="386" WIDTH="91" HEIGHT="22" WC="0.91" CONTENT="öfverta-"/>
						</TextLine>
						<TextLine ID="line_7" HPOS="192" VPOS="419" WIDTH="750" HEIGHT="29">
							<String ID="string_50" HPOS="192" VPOS="428" WIDTH="37" HEIGHT="20" WC="0.87" CONTENT="ger"/><SP WIDTH="18" VPOS="428" HPOS="229"/>
							<String ID="string_51" HPOS="247" VPOS="420" WIDTH="162" HEIGHT="28" WC="0.87" CONTENT="ansvarigheten"/><SP WIDTH="18" VPOS="420" HPOS="409"/>
							<String ID="string_52" HPOS="427" VPOS="420" WIDTH="33" HEIGHT="21" WC="0.96" CONTENT="för"/><SP WIDTH="18" VPOS="420" HPOS="460"/>
							<String ID="string_53" HPOS="478" VPOS="419" WIDTH="71" HEIGHT="29" WC="0.96" CONTENT="någon"/><SP WIDTH="15" VPOS="419" HPOS="549"/>
							<String ID="string_54" HPOS="564" VPOS="422" WIDTH="68" HEIGHT="20" WC="0.96" CONTENT="större"/><SP WIDTH="15" VPOS="422" HPOS="632"/>
							<String ID="string_55" HPOS="647" VPOS="420" WIDTH="51" HEIGHT="22" WC="0.95" CONTENT="eller"/><SP WIDTH="15" VPOS="420" HPOS="698"/>
							<String ID="string_56" HPOS="713" VPOS="420" WIDTH="82" HEIGHT="22" WC="0.96" CONTENT="mindre"/><SP WIDTH="16" VPOS="420" HPOS="795"/>
							<String ID="string_57" HPOS="811" VPOS="421" WIDTH="34" HEIGHT="21" WC="0.95" CONTENT="del"/><SP WIDTH="14" VPOS="421" HPOS="845"/>
							<String ID="string_58" HPOS="859" VPOS="421" WIDTH="25" HEIGHT="21" WC="0.93" CONTENT="af"/><SP WIDTH="13" VPOS="421" HPOS="884"/>
							<String ID="string_59" HPOS="897" VPOS="420" WIDTH="45" HEIGHT="22" WC="0.91" CONTENT="deri"/>
						</TextLine>
						<TextLine ID="line_8" HPOS="190" VPOS="455" WIDTH="753" HEIGHT="28">
							<String ID="string_60" HPOS="190" VPOS="455" WIDTH="115" HEIGHT="21" WC="0.92" CONTENT="intecknad"/><SP WIDTH="18" VPOS="455" HPOS="305"/>
							<String ID="string_61" HPOS="323" VPOS="455" WIDTH="88" HEIGHT="21" WC="0.96" CONTENT="fordran"/><SP WIDTH="19" VPOS="455" HPOS="411"/>
							<String ID="string_62" HPOS="430" VPOS="457" WIDTH="56" HEIGHT="19" WC="0.96" CONTENT="emot"/><SP WIDTH="18" VPOS="457" HPOS="486"/>
							<String ID="string_63" HPOS="504" VPOS="462" WIDTH="28" HEIGHT="21" WC="0.96" CONTENT="ny"/><SP WIDTH="14" VPOS="462" HPOS="532"/>
							<String ID="string_64" HPOS="546" VPOS="455" WIDTH="135" HEIGHT="26" WC="0.96" CONTENT="förbindelse,"/><SP WIDTH="17" VPOS="455" HPOS="681"/>
							<String ID="string_65" HPOS="698" VPOS="456" WIDTH="24" HEIGHT="20" WC="0.96" CONTENT="är"/><SP WIDTH="15" VPOS="456" HPOS="722"/>
							<String ID="string_66" HPOS="737" VPOS="456" WIDTH="7" HEIGHT="20" WC="0.96" CONTENT="i"/><SP WIDTH="16" VPOS="456" HPOS="744"/>
							<String ID="string_67" HPOS="760" VPOS="456" WIDTH="26" HEIGHT="20" WC="0.96" CONTENT="24"/><SP WIDTH="15" VPOS="456" HPOS="786"/>
							<String ID="string_68" HPOS="801" VPOS="456" WIDTH="11" HEIGHT="27" WC="0.87" CONTENT="8"/><SP WIDTH="15" VPOS="456" HPOS="812"/>
							<String ID="string_69" HPOS="827" VPOS="455" WIDTH="116" HEIGHT="28" WC="0.92" CONTENT="medgifvet"/>
						</TextLine>
						<TextLine ID="line_9" HPOS="192" VPOS="488" WIDTH="751" HEIGHT="29">
							<String ID="string_70" HPOS="192" VPOS="491" WIDTH="31" HEIGHT="20" WC="0.93" CONTENT="att"/><SP WIDTH="14" VPOS="491" HPOS="223"/>
							<String ID="string_71" HPOS="237" VPOS="489" WIDTH="236" HEIGHT="28" WC="0.92" CONTENT="inteckningshafvaren"/><SP WIDTH="14" VPOS="489" HPOS="473"/>
							<String ID="string_72" HPOS="487" VPOS="488" WIDTH="117" HEIGHT="22" WC="0.91" CONTENT="bibehålles"/><SP WIDTH="14" VPOS="488" HPOS="604"/>
							<String ID="string_73" HPOS="618" VPOS="489" WIDTH="36" HEIGHT="22" WC="0.96" CONTENT="vid"/><SP WIDTH="15" VPOS="489" HPOS="654"/>
							<String ID="string_74" HPOS="669" VPOS="490" WIDTH="32" HEIGHT="21" WC="0.96" CONTENT="sin"/><SP WIDTH="14" VPOS="490" HPOS="701"/>
							<String ID="string_75" HPOS="715" VPOS="489" WIDTH="60" HEIGHT="22" WC="0.96" CONTENT="förra"/><SP WIDTH="14" VPOS="489" HPOS="775"/>
							<String ID="string_76" HPOS="789" VPOS="491" WIDTH="49" HEIGHT="25" WC="0.93" CONTENT="rätt,"/><SP WIDTH="16" VPOS="491" HPOS="838"/>
							<String ID="string_77" HPOS="854" VPOS="490" WIDTH="89" HEIGHT="20" WC="0.91" CONTENT="hvarom"/>
						</TextLine>
						<TextLine ID="line_10" HPOS="192" VPOS="522" WIDTH="751" HEIGHT="29">
							<String ID="string_78" HPOS="192" VPOS="524" WIDTH="128" HEIGHT="26" WC="0.93" CONTENT="anteckning"/><SP WIDTH="15" VPOS="524" HPOS="320"/>
							<String ID="string_79" HPOS="335" VPOS="522" WIDTH="13" HEIGHT="22" WC="0.92" CONTENT="å"/><SP WIDTH="15" VPOS="522" HPOS="348"/>
							<String ID="string_80" HPOS="363" VPOS="523" WIDTH="40" HEIGHT="21" WC="0.96" CONTENT="den"/><SP WIDTH="15" VPOS="523" HPOS="403"/>
							<String ID="string_81" HPOS="418" VPOS="530" WIDTH="42" HEIGHT="21" WC="0.96" CONTENT="nya"/><SP WIDTH="15" VPOS="530" HPOS="460"/>
							<String ID="string_82" HPOS="475" VPOS="524" WIDTH="143" HEIGHT="21" WC="0.96" CONTENT="förbindelsen"/><SP WIDTH="18" VPOS="524" HPOS="618"/>
							<String ID="string_83" HPOS="636" VPOS="523" WIDTH="66" HEIGHT="22" WC="0.96" CONTENT="borde"/><SP WIDTH="18" VPOS="523" HPOS="702"/>
							<String ID="string_84" HPOS="720" VPOS="524" WIDTH="87" HEIGHT="21" WC="0.96" CONTENT="införas."/><SP WIDTH="30" VPOS="524" HPOS="807"/>
							<String ID="string_85" HPOS="837" VPOS="524" WIDTH="11" HEIGHT="20" WC="0.94" CONTENT="I"/><SP WIDTH="16" VPOS="524" HPOS="848"/>
							<String ID="string_86" HPOS="864" VPOS="524" WIDTH="25" HEIGHT="21" WC="0.96" CONTENT="de"/><SP WIDTH="15" VPOS="524" HPOS="889"/>
							<String ID="string_87" HPOS="904" VPOS="523" WIDTH="39" HEIGHT="22" WC="0.95" CONTENT="fall"/>
						</TextLine>
						<TextLine ID="line_11" HPOS="193" VPOS="556" WIDTH="750" HEIGHT="30">
							<String ID="string_88" HPOS="193" VPOS="557" WIDTH="27" HEIGHT="22" WC="0.95" CONTENT="då"/><SP WIDTH="15" VPOS="557" HPOS="220"/>
							<String ID="string_89" HPOS="235" VPOS="556" WIDTH="153" HEIGHT="29" WC="0.96" CONTENT="försäljningen"/><SP WIDTH="15" VPOS="556" HPOS="388"/>
							<String ID="string_90" HPOS="403" VPOS="558" WIDTH="55" HEIGHT="21" WC="0.93" CONTENT="skett"/><SP WIDTH="15" VPOS="558" HPOS="458"/>
							<String ID="string_91" HPOS="473" VPOS="558" WIDTH="162" HEIGHT="27" WC="0.92" CONTENT="utmätningsvis"/><SP WIDTH="15" VPOS="558" HPOS="635"/>
							<String ID="string_92" HPOS="650" VPOS="558" WIDTH="87" HEIGHT="28" WC="0.96" CONTENT="stadgas"/><SP WIDTH="15" VPOS="558" HPOS="737"/>
							<String ID="string_93" HPOS="752" VPOS="559" WIDTH="7" HEIGHT="21" WC="0.96" CONTENT="i"/><SP WIDTH="16" VPOS="559" HPOS="759"/>
							<String ID="string_94" HPOS="775" VPOS="560" WIDTH="25" HEIGHT="19" WC="0.92" CONTENT="29"/><SP WIDTH="17" VPOS="560" HPOS="800"/>
							<String ID="string_95" HPOS="817" VPOS="560" WIDTH="11" HEIGHT="26" WC="0.92" CONTENT="&amp;"/><SP WIDTH="15" VPOS="560" HPOS="828"/>
							<String ID="string_96" HPOS="843" VPOS="560" WIDTH="33" HEIGHT="20" WC="0.93" CONTENT="att"/><SP WIDTH="14" VPOS="560" HPOS="876"/>
							<String ID="string_97" HPOS="890" VPOS="558" WIDTH="53" HEIGHT="21" WC="0.92" CONTENT="kun-"/>
						</TextLine>
						<TextLine ID="line_12" HPOS="192" VPOS="592" WIDTH="751" HEIGHT="28">
							<String ID="string_98" HPOS="192" VPOS="592" WIDTH="83" HEIGHT="27" WC="0.92" CONTENT="görelse"/><SP WIDTH="15" VPOS="592" HPOS="275"/>
							<String ID="string_99" HPOS="290" VPOS="592" WIDTH="72" HEIGHT="20" WC="0.96" CONTENT="derom"/><SP WIDTH="15" VPOS="592" HPOS="362"/>
							<String ID="string_100" HPOS="377" VPOS="592" WIDTH="54" HEIGHT="21" WC="0.95" CONTENT="skall"/><SP WIDTH="15" VPOS="592" HPOS="431"/>
							<String ID="string_101" HPOS="446" VPOS="592" WIDTH="7" HEIGHT="20" WC="0.93" CONTENT="i"/><SP WIDTH="15" VPOS="592" HPOS="453"/>
							<String ID="string_102" HPOS="468" VPOS="592" WIDTH="135" HEIGHT="28" WC="0.90" CONTENT="tidningarne"/><SP WIDTH="14" VPOS="592" HPOS="603"/>
							<String ID="string_103" HPOS="617" VPOS="592" WIDTH="87" HEIGHT="26" WC="0.96" CONTENT="införas,"/><SP WIDTH="16" VPOS="592" HPOS="704"/>
							<String ID="string_104" HPOS="720" VPOS="592" WIDTH="29" HEIGHT="28" WC="0.95" CONTENT="på"/><SP WIDTH="19" VPOS="592" HPOS="749"/>
							<String ID="string_105" HPOS="768" VPOS="592" WIDTH="35" HEIGHT="22" WC="0.96" CONTENT="det"/><SP WIDTH="18" VPOS="592" HPOS="803"/>
							<String ID="string_106" HPOS="821" VPOS="594" WIDTH="32" HEIGHT="20" WC="0.96" CONTENT="att"/><SP WIDTH="18" VPOS="594" HPOS="853"/>
							<String ID="string_107" HPOS="871" VPOS="593" WIDTH="27" HEIGHT="21" WC="0.93" CONTENT="de"/><SP WIDTH="14" VPOS="593" HPOS="898"/>
							<String ID="string_108" HPOS="912" VPOS="592" WIDTH="31" HEIGHT="21" WC="0.90" CONTENT="äl-"/>
						</TextLine>
						<TextLine ID="line_13" HPOS="193" VPOS="626" WIDTH="750" HEIGHT="28">
							<String ID="string_109" HPOS="193" VPOS="626" WIDTH="37" HEIGHT="22" WC="0.96" CONTENT="dre"/><SP WIDTH="14" VPOS="626" HPOS="230"/>
							<String ID="string_110" HPOS="244" VPOS="626" WIDTH="169" HEIGHT="22" WC="0.96" CONTENT="förbindelserna"/><SP WIDTH="15" VPOS="626" HPOS="413"/>
							<String ID="string_111" HPOS="428" VPOS="626" WIDTH="18" HEIGHT="27" WC="0.96" CONTENT="ej"/><SP WIDTH="17" VPOS="626" HPOS="446"/>
							<String ID="string_112" HPOS="463" VPOS="626" WIDTH="35" HEIGHT="21" WC="0.96" CONTENT="må"/><SP WIDTH="14" VPOS="626" HPOS="498"/>
							<String ID="string_113" HPOS="512" VPOS="626" WIDTH="73" HEIGHT="22" WC="0.96" CONTENT="kunna"/><SP WIDTH="15" VPOS="626" HPOS="585"/>
							<String ID="string_114" HPOS="600" VPOS="626" WIDTH="54" HEIGHT="28" WC="0.93" CONTENT="ånyo"/><SP WIDTH="15" VPOS="626" HPOS="654"/>
							<String ID="string_115" HPOS="669" VPOS="627" WIDTH="102" HEIGHT="21" WC="0.92" CONTENT="försättas"/><SP WIDTH="11" VPOS="627" HPOS="771"/>
							<String ID="string_116" HPOS="782" VPOS="627" WIDTH="8" HEIGHT="20" WC="0.96" CONTENT="i"/><SP WIDTH="11" VPOS="627" HPOS="790"/>
							<String ID="string_117" HPOS="801" VPOS="627" WIDTH="86" HEIGHT="27" WC="0.96" CONTENT="omlopp"/><SP WIDTH="16" VPOS="627" HPOS="887"/>
							<String ID="string_118" HPOS="903" VPOS="627" WIDTH="40" HEIGHT="21" WC="0.97" CONTENT="och"/>
						</TextLine>
						<TextLine ID="line_14" HPOS="192" VPOS="660" WIDTH="752" HEIGHT="29">
							<String ID="string_119" HPOS="192" VPOS="660" WIDTH="117" HEIGHT="28" WC="0.91" CONTENT="långifvare"/><SP WIDTH="15" VPOS="660" HPOS="309"/>
							<String ID="string_120" HPOS="324" VPOS="660" WIDTH="110" HEIGHT="22" WC="0.92" CONTENT="vilseledas"/><SP WIDTH="19" VPOS="660" HPOS="434"/>
							<String ID="string_121" HPOS="453" VPOS="660" WIDTH="24" HEIGHT="22" WC="0.96" CONTENT="af"/><SP WIDTH="13" VPOS="660" HPOS="477"/>
							<String ID="string_122" HPOS="490" VPOS="661" WIDTH="25" HEIGHT="21" WC="0.93" CONTENT="de"/><SP WIDTH="15" VPOS="661" HPOS="515"/>
							<String ID="string_123" HPOS="530" VPOS="660" WIDTH="13" HEIGHT="22" WC="0.92" CONTENT="å"/><SP WIDTH="16" VPOS="660" HPOS="543"/>
							<String ID="string_124" HPOS="559" VPOS="662" WIDTH="47" HEIGHT="20" WC="0.96" CONTENT="dem"/><SP WIDTH="18" VPOS="662" HPOS="606"/>
							<String ID="string_125" HPOS="624" VPOS="660" WIDTH="110" HEIGHT="29" WC="0.93" CONTENT="befintliga"/><SP WIDTH="18" VPOS="660" HPOS="734"/>
							<String ID="string_126" HPOS="752" VPOS="662" WIDTH="192" HEIGHT="27" WC="0.92" CONTENT="inteckningsbevi-"/>
						</TextLine>
						<TextLine ID="line_15" HPOS="193" VPOS="694" WIDTH="750" HEIGHT="29">
							<String ID="string_127" HPOS="193" VPOS="702" WIDTH="42" HEIGHT="14" WC="0.92" CONTENT="sen."/><SP WIDTH="31" VPOS="702" HPOS="235"/>
							<String ID="string_128" HPOS="266" VPOS="696" WIDTH="42" HEIGHT="20" WC="0.96" CONTENT="För"/><SP WIDTH="19" VPOS="696" HPOS="308"/>
							<String ID="string_129" HPOS="327" VPOS="697" WIDTH="31" HEIGHT="19" WC="0.93" CONTENT="att"/><SP WIDTH="18" VPOS="697" HPOS="358"/>
							<String ID="string_130" HPOS="376" VPOS="694" WIDTH="145" HEIGHT="29" WC="0.91" CONTENT="åvägabringa"/><SP WIDTH="18" VPOS="694" HPOS="521"/>
							<String ID="string_131" HPOS="539" VPOS="703" WIDTH="82" HEIGHT="14" WC="0.96" CONTENT="samma"/><SP WIDTH="19" VPOS="703" HPOS="621"/>
							<String ID="string_132" HPOS="640" VPOS="696" WIDTH="98" HEIGHT="21" WC="0.96" CONTENT="säkerhet"/><SP WIDTH="18" VPOS="696" HPOS="738"/>
							<String ID="string_133" HPOS="756" VPOS="696" WIDTH="8" HEIGHT="21" WC="0.96" CONTENT="i"/><SP WIDTH="18" VPOS="696" HPOS="764"/>
							<String ID="string_134" HPOS="782" VPOS="696" WIDTH="90" HEIGHT="22" WC="0.91" CONTENT="berörde"/><SP WIDTH="18" VPOS="696" HPOS="872"/>
							<String ID="string_135" HPOS="890" VPOS="696" WIDTH="53" HEIGHT="22" WC="0.91" CONTENT="hän-"/>
						</TextLine>
						<TextLine ID="line_16" HPOS="192" VPOS="729" WIDTH="752" HEIGHT="29">
							<String ID="string_136" HPOS="192" VPOS="730" WIDTH="77" HEIGHT="22" WC="0.96" CONTENT="seende"/><SP WIDTH="18" VPOS="730" HPOS="269"/>
							<String ID="string_137" HPOS="287" VPOS="730" WIDTH="35" HEIGHT="22" WC="0.95" CONTENT="för"/><SP WIDTH="18" VPOS="730" HPOS="322"/>
							<String ID="string_138" HPOS="340" VPOS="730" WIDTH="25" HEIGHT="22" WC="0.95" CONTENT="de"/><SP WIDTH="18" VPOS="730" HPOS="365"/>
							<String ID="string_139" HPOS="383" VPOS="730" WIDTH="38" HEIGHT="21" WC="0.96" CONTENT="fall"/><SP WIDTH="20" VPOS="730" HPOS="421"/>
							<String ID="string_140" HPOS="441" VPOS="729" WIDTH="28" HEIGHT="23" WC="0.95" CONTENT="då"/><SP WIDTH="21" VPOS="729" HPOS="469"/>
							<String ID="string_141" HPOS="490" VPOS="730" WIDTH="85" HEIGHT="28" WC="0.95" CONTENT="frivillig"/><SP WIDTH="22" VPOS="730" HPOS="575"/>
							<String ID="string_142" HPOS="597" VPOS="730" WIDTH="126" HEIGHT="28" WC="0.95" CONTENT="försäljning"/><SP WIDTH="22" VPOS="730" HPOS="723"/>
							<String ID="string_143" HPOS="745" VPOS="733" WIDTH="36" HEIGHT="25" WC="0.96" CONTENT="egt"/><SP WIDTH="20" VPOS="733" HPOS="781"/>
							<String ID="string_144" HPOS="801" VPOS="738" WIDTH="56" HEIGHT="19" WC="0.96" CONTENT="rum,"/><SP WIDTH="22" VPOS="738" HPOS="857"/>
							<String ID="string_145" HPOS="879" VPOS="731" WIDTH="65" HEIGHT="22" WC="0.96" CONTENT="hafva"/>
						</TextLine>
						<TextLine ID="line_17" HPOS="193" VPOS="764" WIDTH="750" HEIGHT="29">
							<String ID="string_146" HPOS="193" VPOS="764" WIDTH="120" HEIGHT="22" WC="0.92" CONTENT="Ständerna"/><SP WIDTH="18" VPOS="764" HPOS="313"/>
							<String ID="string_147" HPOS="331" VPOS="766" WIDTH="69" HEIGHT="20" WC="0.93" CONTENT="ansett"/><SP WIDTH="18" VPOS="766" HPOS="400"/>
							<String ID="string_148" HPOS="418" VPOS="764" WIDTH="74" HEIGHT="28" WC="0.92" CONTENT="nödigt"/><SP WIDTH="18" VPOS="764" HPOS="492"/>
							<String ID="string_149" HPOS="510" VPOS="766" WIDTH="32" HEIGHT="20" WC="0.96" CONTENT="att"/><SP WIDTH="14" VPOS="766" HPOS="542"/>
							<String ID="string_150" HPOS="556" VPOS="765" WIDTH="11" HEIGHT="23" WC="0.96" CONTENT="i"/><SP WIDTH="12" VPOS="765" HPOS="567"/>
							<String ID="string_151" HPOS="579" VPOS="764" WIDTH="65" HEIGHT="22" WC="0.97" CONTENT="slutet"/><SP WIDTH="14" VPOS="764" HPOS="644"/>
							<String ID="string_152" HPOS="658" VPOS="765" WIDTH="24" HEIGHT="21" WC="0.97" CONTENT="af"/><SP WIDTH="14" VPOS="765" HPOS="682"/>
							<String ID="string_153" HPOS="696" VPOS="767" WIDTH="27" HEIGHT="19" WC="0.96" CONTENT="24"/><SP WIDTH="15" VPOS="767" HPOS="723"/>
							<String ID="string_154" HPOS="738" VPOS="766" WIDTH="11" HEIGHT="27" WC="0.91" CONTENT="&amp;"/><SP WIDTH="15" VPOS="766" HPOS="749"/>
							<String ID="string_155" HPOS="764" VPOS="765" WIDTH="71" HEIGHT="22" WC="0.96" CONTENT="införa"/><SP WIDTH="15" VPOS="765" HPOS="835"/>
							<String ID="string_156" HPOS="850" VPOS="765" WIDTH="36" HEIGHT="22" WC="0.93" CONTENT="det"/><SP WIDTH="14" VPOS="765" HPOS="886"/>
							<String ID="string_157" HPOS="900" VPOS="765" WIDTH="43" HEIGHT="22" WC="0.92" CONTENT="till-"/>
						</TextLine>
						<TextLine ID="line_18" HPOS="191" VPOS="799" WIDTH="752" HEIGHT="28">
							<String ID="string_158" HPOS="191" VPOS="799" WIDTH="57" HEIGHT="28" WC="0.91" CONTENT="lägg,"/><SP WIDTH="16" VPOS="799" HPOS="248"/>
							<String ID="string_159" HPOS="264" VPOS="801" WIDTH="38" HEIGHT="24" WC="0.90" CONTENT="att,"/><SP WIDTH="15" VPOS="801" HPOS="302"/>
							<String ID="string_160" HPOS="317" VPOS="799" WIDTH="35" HEIGHT="21" WC="0.96" CONTENT="vid"/><SP WIDTH="15" VPOS="799" HPOS="352"/>
							<String ID="string_161" HPOS="367" VPOS="800" WIDTH="40" HEIGHT="20" WC="0.93" CONTENT="den"/><SP WIDTH="15" VPOS="800" HPOS="407"/>
							<String ID="string_162" HPOS="422" VPOS="799" WIDTH="45" HEIGHT="21" WC="0.93" CONTENT="deri"/><SP WIDTH="15" VPOS="799" HPOS="467"/>
							<String ID="string_163" HPOS="482" VPOS="799" WIDTH="128" HEIGHT="21" WC="0.92" CONTENT="föreskrifna"/><SP WIDTH="14" VPOS="799" HPOS="610"/>
							<String ID="string_164" HPOS="624" VPOS="800" WIDTH="106" HEIGHT="26" WC="0.92" CONTENT="anmälan,"/><SP WIDTH="17" VPOS="800" HPOS="730"/>
							<String ID="string_165" HPOS="747" VPOS="800" WIDTH="26" HEIGHT="21" WC="0.93" CONTENT="de"/><SP WIDTH="15" VPOS="800" HPOS="773"/>
							<String ID="string_166" HPOS="788" VPOS="800" WIDTH="59" HEIGHT="22" WC="0.91" CONTENT="äldre"/><SP WIDTH="15" VPOS="800" HPOS="847"/>
							<String ID="string_167" HPOS="862" VPOS="800" WIDTH="81" HEIGHT="21" WC="0.92" CONTENT="inteck-"/>
						</TextLine>
						<TextLine ID="line_19" HPOS="191" VPOS="833" WIDTH="752" HEIGHT="29">
							<String ID="string_168" HPOS="191" VPOS="834" WIDTH="217" HEIGHT="28" WC="0.90" CONTENT="ningshandlingarne"/><SP WIDTH="18" VPOS="834" HPOS="408"/>
							<String ID="string_169" HPOS="426" VPOS="834" WIDTH="54" HEIGHT="21" WC="0.91" CONTENT="böra"/><SP WIDTH="18" VPOS="834" HPOS="480"/>
							<String ID="string_170" HPOS="498" VPOS="834" WIDTH="69" HEIGHT="21" WC="0.89" CONTENT="tillika"/><SP WIDTH="17" VPOS="834" HPOS="567"/>
							<String ID="string_171" HPOS="584" VPOS="834" WIDTH="78" HEIGHT="21" WC="0.93" CONTENT="företes"/><SP WIDTH="20" VPOS="834" HPOS="662"/>
							<String ID="string_172" HPOS="682" VPOS="834" WIDTH="39" HEIGHT="21" WC="0.93" CONTENT="och"/><SP WIDTH="15" VPOS="834" HPOS="721"/>
							<String ID="string_173" HPOS="736" VPOS="833" WIDTH="13" HEIGHT="22" WC="0.92" CONTENT="ä"/><SP WIDTH="15" VPOS="833" HPOS="749"/>
							<String ID="string_174" HPOS="764" VPOS="834" WIDTH="47" HEIGHT="22" WC="0.93" CONTENT="dem"/><SP WIDTH="16" VPOS="834" HPOS="811"/>
							<String ID="string_175" HPOS="827" VPOS="834" WIDTH="116" HEIGHT="22" WC="0.92" CONTENT="antecknas"/>
						</TextLine>
						<TextLine ID="line_20" HPOS="193" VPOS="868" WIDTH="475" HEIGHT="27">
							<String ID="string_176" HPOS="193" VPOS="870" WIDTH="32" HEIGHT="19" WC="0.93" CONTENT="att"/><SP WIDTH="13" VPOS="870" HPOS="225"/>
							<String ID="string_177" HPOS="238" VPOS="868" WIDTH="205" HEIGHT="27" WC="0.79" CONTENT="inteckningsrätten"/><SP WIDTH="15" VPOS="868" HPOS="443"/>
							<String ID="string_178" HPOS="458" VPOS="868" WIDTH="33" HEIGHT="21" WC="0.96" CONTENT="för"/><SP WIDTH="15" VPOS="868" HPOS="491"/>
							<String ID="string_179" HPOS="506" VPOS="869" WIDTH="47" HEIGHT="20" WC="0.96" CONTENT="dem"/><SP WIDTH="16" VPOS="869" HPOS="553"/>
							<String ID="string_180" HPOS="569" VPOS="869" WIDTH="99" HEIGHT="26" WC="0.96" CONTENT="upphört."/>
						</TextLine>
					</TextBlock>
					<TextBlock ID="block_3" HPOS="192" VPOS="903" WIDTH="751" HEIGHT="164">
						<TextLine ID="line_21" HPOS="262" VPOS="903" WIDTH="681" HEIGHT="27">
							<String ID="string_181" HPOS="262" VPOS="903" WIDTH="36" HEIGHT="20" WC="0.96" CONTENT="Uti"/><SP WIDTH="19" VPOS="903" HPOS="298"/>
							<String ID="string_182" HPOS="317" VPOS="903" WIDTH="26" HEIGHT="23" WC="0.93" CONTENT="25"/><SP WIDTH="20" VPOS="903" HPOS="343"/>
							<String ID="string_183" HPOS="363" VPOS="904" WIDTH="10" HEIGHT="26" WC="0.89" CONTENT="$"/><SP WIDTH="20" VPOS="904" HPOS="373"/>
							<String ID="string_184" HPOS="393" VPOS="903" WIDTH="63" HEIGHT="21" WC="0.93" CONTENT="hafva"/><SP WIDTH="18" VPOS="903" HPOS="456"/>
							<String ID="string_185" HPOS="474" VPOS="903" WIDTH="122" HEIGHT="21" WC="0.91" CONTENT="Ständerna"/><SP WIDTH="18" VPOS="903" HPOS="596"/>
							<String ID="string_186" HPOS="614" VPOS="905" WIDTH="69" HEIGHT="19" WC="0.93" CONTENT="ansett"/><SP WIDTH="19" VPOS="905" HPOS="683"/>
							<String ID="string_187" HPOS="702" VPOS="903" WIDTH="108" HEIGHT="21" WC="0.92" CONTENT="slutorden"/><SP WIDTH="16" VPOS="903" HPOS="810"/>
							<String ID="string_188" HPOS="826" VPOS="911" WIDTH="61" HEIGHT="18" WC="0.86" CONTENT=",vare"/><SP WIDTH="15" VPOS="911" HPOS="887"/>
							<String ID="string_189" HPOS="902" VPOS="903" WIDTH="41" HEIGHT="22" WC="0.96" CONTENT="den"/>
						</TextLine>
						<TextLine ID="line_22" HPOS="192" VPOS="936" WIDTH="751" HEIGHT="27">
							<String ID="string_190" HPOS="192" VPOS="936" WIDTH="109" HEIGHT="21" WC="0.89" CONTENT="förfallen*"/><SP WIDTH="17" VPOS="936" HPOS="301"/>
							<String ID="string_191" HPOS="318" VPOS="937" WIDTH="55" HEIGHT="20" WC="0.96" CONTENT="böra"/><SP WIDTH="17" VPOS="937" HPOS="373"/>
							<String ID="string_192" HPOS="390" VPOS="936" WIDTH="112" HEIGHT="21" WC="0.96" CONTENT="förändras"/><SP WIDTH="18" VPOS="936" HPOS="502"/>
							<String ID="string_193" HPOS="520" VPOS="936" WIDTH="34" HEIGHT="21" WC="0.93" CONTENT="till"/><SP WIDTH="18" VPOS="936" HPOS="554"/>
							<String ID="string_194" HPOS="572" VPOS="936" WIDTH="72" HEIGHT="27" WC="0.82" CONTENT=",hafve"/><SP WIDTH="19" VPOS="936" HPOS="644"/>
							<String ID="string_195" HPOS="663" VPOS="936" WIDTH="40" HEIGHT="21" WC="0.96" CONTENT="den"/><SP WIDTH="19" VPOS="936" HPOS="703"/>
							<String ID="string_196" HPOS="722" VPOS="937" WIDTH="32" HEIGHT="21" WC="0.96" CONTENT="till"/><SP WIDTH="16" VPOS="937" HPOS="754"/>
							<String ID="string_197" HPOS="770" VPOS="937" WIDTH="57" HEIGHT="21" WC="0.96" CONTENT="kraft"/><SP WIDTH="15" VPOS="937" HPOS="827"/>
							<String ID="string_198" HPOS="842" VPOS="937" WIDTH="40" HEIGHT="22" WC="0.93" CONTENT="och"/><SP WIDTH="14" VPOS="937" HPOS="882"/>
							<String ID="string_199" HPOS="896" VPOS="944" WIDTH="47" HEIGHT="15" WC="0.92" CONTENT="ver-"/>
						</TextLine>
						<TextLine ID="line_23" HPOS="192" VPOS="971" WIDTH="750" HEIGHT="28">
							<String ID="string_200" HPOS="192" VPOS="971" WIDTH="41" HEIGHT="21" WC="0.92" CONTENT="kan"/><SP WIDTH="16" VPOS="971" HPOS="233"/>
							<String ID="string_201" HPOS="249" VPOS="971" WIDTH="114" HEIGHT="28" WC="0.88" CONTENT="upphört&quot;;"/><SP WIDTH="16" VPOS="971" HPOS="363"/>
							<String ID="string_202" HPOS="379" VPOS="972" WIDTH="55" HEIGHT="20" WC="0.96" CONTENT="samt"/><SP WIDTH="14" VPOS="972" HPOS="434"/>
							<String ID="string_203" HPOS="448" VPOS="971" WIDTH="7" HEIGHT="20" WC="0.92" CONTENT="i"/><SP WIDTH="16" VPOS="971" HPOS="455"/>
							<String ID="string_204" HPOS="471" VPOS="972" WIDTH="25" HEIGHT="19" WC="0.92" CONTENT="31"/><SP WIDTH="17" VPOS="972" HPOS="496"/>
							<String ID="string_205" HPOS="513" VPOS="971" WIDTH="22" HEIGHT="27" WC="0.91" CONTENT="8:"/><SP WIDTH="20" VPOS="971" HPOS="535"/>
							<String ID="string_206" HPOS="555" VPOS="972" WIDTH="32" HEIGHT="19" WC="0.93" CONTENT="att"/><SP WIDTH="18" VPOS="972" HPOS="587"/>
							<String ID="string_207" HPOS="605" VPOS="971" WIDTH="61" HEIGHT="21" WC="0.93" CONTENT="ordet"/><SP WIDTH="15" VPOS="971" HPOS="666"/>
							<String ID="string_208" HPOS="681" VPOS="971" WIDTH="90" HEIGHT="26" WC="0.84" CONTENT=",beslut*"/><SP WIDTH="18" VPOS="971" HPOS="771"/>
							<String ID="string_209" HPOS="789" VPOS="971" WIDTH="7" HEIGHT="21" WC="0.93" CONTENT="i"/><SP WIDTH="18" VPOS="971" HPOS="796"/>
							<String ID="string_210" HPOS="814" VPOS="971" WIDTH="128" HEIGHT="28" WC="0.74" CONTENT="propositio="/>
						</TextLine>
						<TextLine ID="line_24" HPOS="192" VPOS="1005" WIDTH="751" HEIGHT="28">
							<String ID="string_211" HPOS="192" VPOS="1012" WIDTH="51" HEIGHT="15" WC="0.95" CONTENT="nens"/><SP WIDTH="16" VPOS="1012" HPOS="243"/>
							<String ID="string_212" HPOS="259" VPOS="1005" WIDTH="90" HEIGHT="22" WC="0.96" CONTENT="svenska"/><SP WIDTH="14" VPOS="1005" HPOS="349"/>
							<String ID="string_213" HPOS="363" VPOS="1007" WIDTH="45" HEIGHT="19" WC="0.96" CONTENT="text"/><SP WIDTH="14" VPOS="1007" HPOS="408"/>
							<String ID="string_214" HPOS="422" VPOS="1005" WIDTH="66" HEIGHT="21" WC="0.93" CONTENT="borde"/><SP WIDTH="15" VPOS="1005" HPOS="488"/>
							<String ID="string_215" HPOS="503" VPOS="1005" WIDTH="86" HEIGHT="28" WC="0.89" CONTENT="utbytas"/><SP WIDTH="14" VPOS="1005" HPOS="589"/>
							<String ID="string_216" HPOS="603" VPOS="1007" WIDTH="45" HEIGHT="19" WC="0.93" CONTENT="mot"/><SP WIDTH="15" VPOS="1007" HPOS="648"/>
							<String ID="string_217" HPOS="663" VPOS="1005" WIDTH="61" HEIGHT="21" WC="0.90" CONTENT="ordet"/><SP WIDTH="16" VPOS="1005" HPOS="724"/>
							<String ID="string_218" HPOS="740" VPOS="1005" WIDTH="97" HEIGHT="28" WC="0.85" CONTENT=",utslag*,"/><SP WIDTH="16" VPOS="1005" HPOS="837"/>
							<String ID="string_219" HPOS="853" VPOS="1006" WIDTH="90" HEIGHT="21" WC="0.96" CONTENT="emedan"/>
						</TextLine>
						<TextLine ID="line_25" HPOS="192" VPOS="1038" WIDTH="609" HEIGHT="29">
							<String ID="string_220" HPOS="192" VPOS="1038" WIDTH="28" HEIGHT="29" WC="0.92" CONTENT="pä"/><SP WIDTH="15" VPOS="1038" HPOS="220"/>
							<String ID="string_221" HPOS="235" VPOS="1039" WIDTH="131" HEIGHT="22" WC="0.91" CONTENT="sistnämnda"/><SP WIDTH="15" VPOS="1039" HPOS="366"/>
							<String ID="string_222" HPOS="381" VPOS="1039" WIDTH="61" HEIGHT="21" WC="0.92" CONTENT="ställe"/><SP WIDTH="16" VPOS="1039" HPOS="442"/>
							<String ID="string_223" HPOS="458" VPOS="1039" WIDTH="71" HEIGHT="28" WC="0.93" CONTENT="slutlig"/><SP WIDTH="16" VPOS="1039" HPOS="529"/>
							<String ID="string_224" HPOS="545" VPOS="1038" WIDTH="77" HEIGHT="29" WC="0.92" CONTENT="ätgärd"/><SP WIDTH="14" VPOS="1038" HPOS="622"/>
							<String ID="string_225" HPOS="636" VPOS="1040" WIDTH="8" HEIGHT="20" WC="0.96" CONTENT="i"/><SP WIDTH="15" VPOS="1040" HPOS="644"/>
							<String ID="string_226" HPOS="659" VPOS="1039" WIDTH="66" HEIGHT="22" WC="0.93" CONTENT="saken"/><SP WIDTH="15" VPOS="1039" HPOS="725"/>
							<String ID="string_227" HPOS="740" VPOS="1039" WIDTH="61" HEIGHT="22" WC="0.91" CONTENT="afses."/>
						</TextLine>
					</TextBlock>
				</ComposedBlock>
				<ComposedBlock ID="cblock_2" HPOS="259" VPOS="1099" WIDTH="684" HEIGHT="90">
					<TextBlock ID="block_4" HPOS="259" VPOS="1099" WIDTH="684" HEIGHT="90">
						<TextLine ID="line_26" HPOS="316" VPOS="1099" WIDTH="626" HEIGHT="28">
							<String ID="string_228" HPOS="316" VPOS="1100" WIDTH="23" HEIGHT="20" WC="0.86" CONTENT="I."/><SP WIDTH="22" VPOS="1100" HPOS="339"/>
							<String ID="string_229" HPOS="361" VPOS="1099" WIDTH="31" HEIGHT="21" WC="0.75" CONTENT="Vid"/><SP WIDTH="17" VPOS="1099" HPOS="392"/>
							<String ID="string_230" HPOS="409" VPOS="1100" WIDTH="89" HEIGHT="26" WC="0.95" CONTENT="förslaget"/><SP WIDTH="17" VPOS="1100" HPOS="498"/>
							<String ID="string_231" HPOS="515" VPOS="1100" WIDTH="29" HEIGHT="20" WC="0.91" CONTENT="till"/><SP WIDTH="17" VPOS="1100" HPOS="544"/>
							<String ID="string_232" HPOS="561" VPOS="1099" WIDTH="106" HEIGHT="27" WC="0.93" CONTENT="förordning"/><SP WIDTH="14" VPOS="1099" HPOS="667"/>
							<String ID="string_233" HPOS="681" VPOS="1106" WIDTH="27" HEIGHT="14" WC="0.93" CONTENT="om"/><SP WIDTH="15" VPOS="1106" HPOS="708"/>
							<String ID="string_234" HPOS="723" VPOS="1100" WIDTH="119" HEIGHT="27" WC="0.50" CONTENT="borgenärers"/><SP WIDTH="15" VPOS="1100" HPOS="842"/>
							<String ID="string_235" HPOS="857" VPOS="1101" WIDTH="38" HEIGHT="20" WC="0.95" CONTENT="rätt"/><SP WIDTH="14" VPOS="1101" HPOS="895"/>
							<String ID="string_236" HPOS="909" VPOS="1100" WIDTH="33" HEIGHT="22" WC="0.96" CONTENT="och"/>
						</TextLine>
						<TextLine ID="line_27" HPOS="260" VPOS="1133" WIDTH="683" HEIGHT="28">
							<String ID="string_237" HPOS="260" VPOS="1134" WIDTH="92" HEIGHT="20" WC="0.95" CONTENT="företräde"/><SP WIDTH="18" VPOS="1134" HPOS="352"/>
							<String ID="string_238" HPOS="370" VPOS="1133" WIDTH="29" HEIGHT="21" WC="0.93" CONTENT="för"/><SP WIDTH="17" VPOS="1133" HPOS="399"/>
							<String ID="string_239" HPOS="416" VPOS="1133" WIDTH="102" HEIGHT="21" WC="0.95" CONTENT="hvarandra"/><SP WIDTH="18" VPOS="1133" HPOS="518"/>
							<String ID="string_240" HPOS="536" VPOS="1133" WIDTH="28" HEIGHT="21" WC="0.96" CONTENT="till"/><SP WIDTH="17" VPOS="1133" HPOS="564"/>
							<String ID="string_241" HPOS="581" VPOS="1133" WIDTH="94" HEIGHT="27" WC="0.92" CONTENT="betalning"/><SP WIDTH="14" VPOS="1133" HPOS="675"/>
							<String ID="string_242" HPOS="689" VPOS="1140" WIDTH="22" HEIGHT="14" WC="0.95" CONTENT="ur"/><SP WIDTH="15" VPOS="1140" HPOS="711"/>
							<String ID="string_243" HPOS="726" VPOS="1134" WIDTH="90" HEIGHT="27" WC="0.96" CONTENT="egendom,"/><SP WIDTH="16" VPOS="1134" HPOS="816"/>
							<String ID="string_244" HPOS="832" VPOS="1140" WIDTH="36" HEIGHT="15" WC="0.91" CONTENT="som"/><SP WIDTH="15" VPOS="1140" HPOS="868"/>
							<String ID="string_245" HPOS="883" VPOS="1134" WIDTH="60" HEIGHT="22" WC="0.95" CONTENT="blifvit"/>
						</TextLine>
						<TextLine ID="line_28" HPOS="259" VPOS="1167" WIDTH="215" HEIGHT="22">
							<String ID="string_246" HPOS="259" VPOS="1168" WIDTH="29" HEIGHT="21" WC="0.96" CONTENT="till"/><SP WIDTH="13" VPOS="1168" HPOS="288"/>
							<String ID="string_247" HPOS="301" VPOS="1168" WIDTH="81" HEIGHT="20" WC="0.92" CONTENT="konkurs"/><SP WIDTH="15" VPOS="1168" HPOS="382"/>
							<String ID="string_248" HPOS="397" VPOS="1167" WIDTH="77" HEIGHT="21" WC="0.77" CONTENT="afträdd."/>
						</TextLine>
					</TextBlock>
				</ComposedBlock>
				<ComposedBlock ID="cblock_3" HPOS="190" VPOS="1209" WIDTH="752" HEIGHT="303">
					<TextBlock ID="block_5" HPOS="190" VPOS="1209" WIDTH="751" HEIGHT="163">
						<TextLine ID="line_29" HPOS="259" VPOS="1209" WIDTH="682" HEIGHT="29">
							<String ID="string_249" HPOS="259" VPOS="1210" WIDTH="97" HEIGHT="21" WC="0.96" CONTENT="Emedan"/><SP WIDTH="13" VPOS="1210" HPOS="356"/>
							<String ID="string_250" HPOS="369" VPOS="1210" WIDTH="8" HEIGHT="20" WC="0.96" CONTENT="i"/><SP WIDTH="14" VPOS="1210" HPOS="377"/>
							<String ID="string_251" HPOS="391" VPOS="1209" WIDTH="77" HEIGHT="27" WC="0.95" CONTENT="början"/><SP WIDTH="15" VPOS="1209" HPOS="468"/>
							<String ID="string_252" HPOS="483" VPOS="1209" WIDTH="24" HEIGHT="21" WC="0.96" CONTENT="af"/><SP WIDTH="13" VPOS="1209" HPOS="507"/>
							<String ID="string_253" HPOS="520" VPOS="1210" WIDTH="12" HEIGHT="20" WC="0.93" CONTENT="5"/><SP WIDTH="16" VPOS="1210" HPOS="532"/>
							<String ID="string_254" HPOS="548" VPOS="1210" WIDTH="11" HEIGHT="27" WC="0.92" CONTENT="&amp;"/><SP WIDTH="17" VPOS="1210" HPOS="559"/>
							<String ID="string_255" HPOS="576" VPOS="1210" WIDTH="61" HEIGHT="20" WC="0.93" CONTENT="ordet"/><SP WIDTH="14" VPOS="1210" HPOS="637"/>
							<String ID="string_256" HPOS="651" VPOS="1210" WIDTH="93" HEIGHT="25" WC="0.87" CONTENT=",vidare*"/><SP WIDTH="15" VPOS="1210" HPOS="744"/>
							<String ID="string_257" HPOS="759" VPOS="1210" WIDTH="101" HEIGHT="28" WC="0.96" CONTENT="möjligen"/><SP WIDTH="11" VPOS="1210" HPOS="860"/>
							<String ID="string_258" HPOS="871" VPOS="1210" WIDTH="70" HEIGHT="22" WC="0.97" CONTENT="kunde"/>
						</TextLine>
						<TextLine ID="line_30" HPOS="191" VPOS="1243" WIDTH="750" HEIGHT="28">
							<String ID="string_259" HPOS="191" VPOS="1244" WIDTH="80" HEIGHT="22" WC="0.9" CONTENT="lemna”"/><SP WIDTH="4" VPOS="1244" HPOS="271"/>
							<String ID="string_260" HPOS="275" VPOS="1239" WIDTH="101" HEIGHT="36" WC="0.9" CONTENT="utrymme"/><SP WIDTH="19" VPOS="1239" HPOS="376"/>
							<String ID="string_261" HPOS="395" VPOS="1243" WIDTH="34" HEIGHT="21" WC="0.96" CONTENT="för"/><SP WIDTH="15" VPOS="1243" HPOS="429"/>
							<String ID="string_262" HPOS="444" VPOS="1243" WIDTH="41" HEIGHT="21" WC="0.93" CONTENT="den"/><SP WIDTH="14" VPOS="1243" HPOS="485"/>
							<String ID="string_263" HPOS="499" VPOS="1244" WIDTH="97" HEIGHT="26" WC="0.96" CONTENT="tolkning"/><SP WIDTH="16" VPOS="1244" HPOS="596"/>
							<String ID="string_264" HPOS="612" VPOS="1245" WIDTH="32" HEIGHT="20" WC="0.96" CONTENT="att"/><SP WIDTH="14" VPOS="1245" HPOS="644"/>
							<String ID="string_265" HPOS="658" VPOS="1244" WIDTH="40" HEIGHT="20" WC="0.93" CONTENT="här"/><SP WIDTH="16" VPOS="1244" HPOS="698"/>
							<String ID="string_266" HPOS="714" VPOS="1244" WIDTH="128" HEIGHT="21" WC="0.96" CONTENT="omnämnda"/><SP WIDTH="11" VPOS="1244" HPOS="842"/>
							<String ID="string_267" HPOS="853" VPOS="1244" WIDTH="88" HEIGHT="21" WC="0.96" CONTENT="fordran"/>
						</TextLine>
						<TextLine ID="line_31" HPOS="191" VPOS="1276" WIDTH="750" HEIGHT="28">
							<String ID="string_268" HPOS="191" VPOS="1277" WIDTH="67" HEIGHT="21" WC="0.96" CONTENT="borde"/><SP WIDTH="15" VPOS="1277" HPOS="258"/>
							<String ID="string_269" HPOS="273" VPOS="1276" WIDTH="84" HEIGHT="27" WC="0.96" CONTENT="åtnjuta"/><SP WIDTH="14" VPOS="1276" HPOS="357"/>
							<String ID="string_270" HPOS="371" VPOS="1283" WIDTH="81" HEIGHT="14" WC="0.93" CONTENT="samma"/><SP WIDTH="18" VPOS="1283" HPOS="452"/>
							<String ID="string_271" HPOS="470" VPOS="1276" WIDTH="138" HEIGHT="22" WC="0.91" CONTENT="förmånsrätt"/><SP WIDTH="15" VPOS="1276" HPOS="608"/>
							<String ID="string_272" HPOS="623" VPOS="1284" WIDTH="45" HEIGHT="14" WC="0.95" CONTENT="som"/><SP WIDTH="16" VPOS="1284" HPOS="668"/>
							<String ID="string_273" HPOS="684" VPOS="1278" WIDTH="26" HEIGHT="20" WC="0.95" CONTENT="de"/><SP WIDTH="14" VPOS="1278" HPOS="710"/>
							<String ID="string_274" HPOS="724" VPOS="1277" WIDTH="7" HEIGHT="20" WC="0.96" CONTENT="i"/><SP WIDTH="15" VPOS="1277" HPOS="731"/>
							<String ID="string_275" HPOS="746" VPOS="1279" WIDTH="14" HEIGHT="19" WC="0.96" CONTENT="4"/><SP WIDTH="15" VPOS="1279" HPOS="760"/>
							<String ID="string_276" HPOS="775" VPOS="1278" WIDTH="11" HEIGHT="26" WC="0.93" CONTENT="8"/><SP WIDTH="14" VPOS="1278" HPOS="786"/>
							<String ID="string_277" HPOS="800" VPOS="1278" WIDTH="141" HEIGHT="26" WC="0.96" CONTENT="uppräknade"/>
						</TextLine>
						<TextLine ID="line_32" HPOS="191" VPOS="1310" WIDTH="750" HEIGHT="30">
							<String ID="string_278" HPOS="191" VPOS="1311" WIDTH="156" HEIGHT="27" WC="0.92" CONTENT="fordringarne,"/><SP WIDTH="15" VPOS="1311" HPOS="347"/>
							<String ID="string_279" HPOS="362" VPOS="1310" WIDTH="63" HEIGHT="21" WC="0.91" CONTENT="hafva"/><SP WIDTH="15" VPOS="1310" HPOS="425"/>
							<String ID="string_280" HPOS="440" VPOS="1310" WIDTH="121" HEIGHT="21" WC="0.91" CONTENT="Ständerna"/><SP WIDTH="19" VPOS="1310" HPOS="561"/>
							<String ID="string_281" HPOS="580" VPOS="1312" WIDTH="70" HEIGHT="19" WC="0.96" CONTENT="ansett"/><SP WIDTH="14" VPOS="1312" HPOS="650"/>
							<String ID="string_282" HPOS="664" VPOS="1311" WIDTH="70" HEIGHT="21" WC="0.93" CONTENT="denna"/><SP WIDTH="14" VPOS="1311" HPOS="734"/>
							<String ID="string_283" HPOS="748" VPOS="1312" WIDTH="12" HEIGHT="27" WC="0.92" CONTENT="&amp;"/><SP WIDTH="15" VPOS="1312" HPOS="760"/>
							<String ID="string_284" HPOS="775" VPOS="1311" WIDTH="54" HEIGHT="21" WC="0.93" CONTENT="böra"/><SP WIDTH="14" VPOS="1311" HPOS="829"/>
							<String ID="string_285" HPOS="843" VPOS="1311" WIDTH="98" HEIGHT="29" WC="0.90" CONTENT="begynna"/>
						</TextLine>
						<TextLine ID="line_33" HPOS="190" VPOS="1345" WIDTH="433" HEIGHT="27">
							<String ID="string_286" HPOS="190" VPOS="1345" WIDTH="49" HEIGHT="22" WC="0.95" CONTENT="med"/><SP WIDTH="16" VPOS="1345" HPOS="239"/>
							<String ID="string_287" HPOS="255" VPOS="1346" WIDTH="75" HEIGHT="20" WC="0.93" CONTENT="orden:"/><SP WIDTH="16" VPOS="1346" HPOS="330"/>
							<String ID="string_288" HPOS="346" VPOS="1345" WIDTH="102" HEIGHT="26" WC="0.91" CONTENT=",Dernäst"/><SP WIDTH="15" VPOS="1345" HPOS="448"/>
							<String ID="string_289" HPOS="463" VPOS="1346" WIDTH="59" HEIGHT="26" WC="0.86" CONTENT="eger&quot;"/><SP WIDTH="16" VPOS="1346" HPOS="522"/>
							<String ID="string_290" HPOS="538" VPOS="1352" WIDTH="19" HEIGHT="14" WC="0.96" CONTENT="o."/><SP WIDTH="16" VPOS="1352" HPOS="557"/>
							<String ID="string_291" HPOS="573" VPOS="1352" WIDTH="16" HEIGHT="14" WC="0.96" CONTENT="s."/><SP WIDTH="15" VPOS="1352" HPOS="589"/>
							<String ID="string_292" HPOS="604" VPOS="1352" WIDTH="19" HEIGHT="14" WC="0.96" CONTENT="v."/>
						</TextLine>
					</TextBlock>
					<TextBlock ID="block_6" HPOS="191" VPOS="1379" WIDTH="751" HEIGHT="133">
						<TextLine ID="line_34" HPOS="260" VPOS="1379" WIDTH="681" HEIGHT="30">
							<String ID="string_293" HPOS="260" VPOS="1379" WIDTH="77" HEIGHT="22" WC="0.91" CONTENT="Sävida"/><SP WIDTH="19" VPOS="1379" HPOS="337"/>
							<String ID="string_294" HPOS="356" VPOS="1380" WIDTH="31" HEIGHT="20" WC="0.92" CONTENT="uti"/><SP WIDTH="16" VPOS="1380" HPOS="387"/>
							<String ID="string_295" HPOS="403" VPOS="1381" WIDTH="25" HEIGHT="19" WC="0.92" CONTENT="13"/><SP WIDTH="20" VPOS="1381" HPOS="428"/>
							<String ID="string_296" HPOS="448" VPOS="1380" WIDTH="10" HEIGHT="26" WC="0.91" CONTENT="&amp;"/><SP WIDTH="20" VPOS="1380" HPOS="458"/>
							<String ID="string_297" HPOS="478" VPOS="1379" WIDTH="24" HEIGHT="21" WC="0.97" CONTENT="af"/><SP WIDTH="15" VPOS="1379" HPOS="502"/>
							<String ID="string_298" HPOS="517" VPOS="1379" WIDTH="153" HEIGHT="29" WC="0.96" CONTENT="förordningen"/><SP WIDTH="18" VPOS="1379" HPOS="670"/>
							<String ID="string_299" HPOS="688" VPOS="1388" WIDTH="35" HEIGHT="13" WC="0.93" CONTENT="om"/><SP WIDTH="17" VPOS="1388" HPOS="723"/>
							<String ID="string_300" HPOS="740" VPOS="1380" WIDTH="122" HEIGHT="29" WC="0.91" CONTENT="inteckning"/><SP WIDTH="8" VPOS="1380" HPOS="862"/>
							<String ID="string_301" HPOS="870" VPOS="1375" WIDTH="10" HEIGHT="38" WC="0.95" CONTENT="i"/><SP WIDTH="19" VPOS="1375" HPOS="880"/>
							<String ID="string_302" HPOS="899" VPOS="1381" WIDTH="42" HEIGHT="21" WC="0.92" CONTENT="fast"/>
						</TextLine>
						<TextLine ID="line_35" HPOS="191" VPOS="1414" WIDTH="751" HEIGHT="28">
							<String ID="string_303" HPOS="191" VPOS="1414" WIDTH="104" HEIGHT="28" WC="0.91" CONTENT="egendom"/><SP WIDTH="22" VPOS="1414" HPOS="295"/>
							<String ID="string_304" HPOS="317" VPOS="1414" WIDTH="141" HEIGHT="22" WC="0.91" CONTENT="förekommer"/><SP WIDTH="22" VPOS="1414" HPOS="458"/>
							<String ID="string_305" HPOS="480" VPOS="1414" WIDTH="118" HEIGHT="27" WC="0.92" CONTENT="stadgande"/><SP WIDTH="22" VPOS="1414" HPOS="598"/>
							<String ID="string_306" HPOS="620" VPOS="1414" WIDTH="82" HEIGHT="27" WC="0.93" CONTENT="derom,"/><SP WIDTH="23" VPOS="1414" HPOS="702"/>
							<String ID="string_307" HPOS="725" VPOS="1416" WIDTH="32" HEIGHT="20" WC="0.93" CONTENT="att"/><SP WIDTH="23" VPOS="1416" HPOS="757"/>
							<String ID="string_308" HPOS="780" VPOS="1415" WIDTH="87" HEIGHT="22" WC="0.96" CONTENT="Kronan"/><SP WIDTH="22" VPOS="1415" HPOS="867"/>
							<String ID="string_309" HPOS="889" VPOS="1416" WIDTH="53" HEIGHT="22" WC="0.96" CONTENT="eller"/>
						</TextLine>
						<TextLine ID="line_36" HPOS="192" VPOS="1448" WIDTH="749" HEIGHT="30">
							<String ID="string_310" HPOS="192" VPOS="1450" WIDTH="79" HEIGHT="21" WC="0.93" CONTENT="allmän"/><SP WIDTH="22" VPOS="1450" HPOS="271"/>
							<String ID="string_311" HPOS="293" VPOS="1450" WIDTH="117" HEIGHT="27" WC="0.93" CONTENT="inrättning"/><SP WIDTH="21" VPOS="1450" HPOS="410"/>
							<String ID="string_312" HPOS="431" VPOS="1448" WIDTH="35" HEIGHT="22" WC="0.95" CONTENT="mä"/><SP WIDTH="22" VPOS="1448" HPOS="466"/>
							<String ID="string_313" HPOS="488" VPOS="1449" WIDTH="89" HEIGHT="28" WC="0.93" CONTENT="beviljas"/><SP WIDTH="18" VPOS="1449" HPOS="577"/>
							<String ID="string_314" HPOS="595" VPOS="1449" WIDTH="122" HEIGHT="29" WC="0.92" CONTENT="inteckning"/><SP WIDTH="18" VPOS="1449" HPOS="717"/>
							<String ID="string_315" HPOS="735" VPOS="1450" WIDTH="33" HEIGHT="21" WC="0.93" CONTENT="till"/><SP WIDTH="18" VPOS="1450" HPOS="768"/>
							<String ID="string_316" HPOS="786" VPOS="1450" WIDTH="99" HEIGHT="22" WC="0.93" CONTENT="säkerhet"/><SP WIDTH="21" VPOS="1450" HPOS="885"/>
							<String ID="string_317" HPOS="906" VPOS="1451" WIDTH="35" HEIGHT="22" WC="0.96" CONTENT="för"/>
						</TextLine>
						<TextLine ID="line_37" HPOS="191" VPOS="1484" WIDTH="749" HEIGHT="28">
							<String ID="string_318" HPOS="191" VPOS="1484" WIDTH="52" HEIGHT="24" WC="0.93" CONTENT="visst"/><SP WIDTH="14" VPOS="1484" HPOS="243"/>
							<String ID="string_319" HPOS="257" VPOS="1484" WIDTH="78" HEIGHT="27" WC="0.93" CONTENT="belopp"/><SP WIDTH="19" VPOS="1484" HPOS="335"/>
							<String ID="string_320" HPOS="354" VPOS="1484" WIDTH="25" HEIGHT="20" WC="0.93" CONTENT="af"/><SP WIDTH="14" VPOS="1484" HPOS="379"/>
							<String ID="string_321" HPOS="393" VPOS="1484" WIDTH="56" HEIGHT="20" WC="0.91" CONTENT="hvad"/><SP WIDTH="18" VPOS="1484" HPOS="449"/>
							<String ID="string_322" HPOS="467" VPOS="1484" WIDTH="167" HEIGHT="27" WC="0.87" CONTENT="uppbördsman,"/><SP WIDTH="15" VPOS="1484" HPOS="634"/>
							<String ID="string_323" HPOS="649" VPOS="1484" WIDTH="35" HEIGHT="21" WC="0.93" CONTENT="vid"/><SP WIDTH="18" VPOS="1484" HPOS="684"/>
							<String ID="string_324" HPOS="702" VPOS="1484" WIDTH="135" HEIGHT="28" WC="0.92" CONTENT="redogörelse"/><SP WIDTH="18" VPOS="1484" HPOS="837"/>
							<String ID="string_325" HPOS="855" VPOS="1485" WIDTH="34" HEIGHT="21" WC="0.96" CONTENT="för"/><SP WIDTH="18" VPOS="1485" HPOS="889"/>
							<String ID="string_326" HPOS="907" VPOS="1486" WIDTH="33" HEIGHT="20" WC="0.96" CONTENT="sin"/>
						</TextLine>
					</TextBlock>
				</ComposedBlock>
			</PrintSpace>
		</Page>
	</Layout>
</alto>
