981 1717
221 183 45 16 1386
422 180 71 22 Nådiga
504 180 137 23 Propositionen
653 180 34 16 N:o
700 179 28 17 27.

198 245 40 21 dar
252 244 141 28 frälsejorden
407 242 61 29 långt
482 242 72 22 bättre
568 243 28 20 än
612 242 26 22 de
650 241 86 28 adeliga
744 240 158 28 privilegierna,
914 240 35 21 om

198 280 72 21 hvilka
284 286 50 14 man
348 277 117 28 ingalunda
480 277 40 22 kan
537 278 59 26 säga,
611 278 33 20 att
658 275 26 21 de
698 275 47 22 icke
759 274 55 22 böra
828 274 121 22 förändras.

198 314 38 21 Uti
258 320 42 21 nya
322 313 81 21 skatter
425 311 52 22 eller
495 310 158 28 skattehöjning
668 310 40 22 bör
724 309 54 21 dock
793 309 29 22 all
834 308 51 28 jord
898 310 53 26 taga

199 348 45 21 lika
266 347 41 26 del,
326 354 34 14 om
375 346 84 22 skatten
473 345 68 22 måste
555 345 75 28 läggas
644 343 30 29 på
686 344 84 28 jorden.
800 344 58 21 Vore
872 343 78 28 skjuts-

199 383 144 27 ningstungan
366 388 26 14 en
414 380 145 27 oföränderlig
581 378 133 29 grundskatt,
736 378 72 22 kunde
829 385 51 14 man
898 378 52 26 säga

200 418 33 20 att
255 416 41 21 den
318 416 79 20 största
418 415 33 21 uti
472 415 48 21 dess
542 412 135 29 påläggande
698 413 48 21 icke
767 411 99 29 påkallar
879 410 72 29 någon

198 450 117 28 jemkning,
332 448 28 22 då
373 449 138 27 lägenhetens
526 448 45 28 pris
585 447 71 22 blifvit
671 446 93 22 derefter
778 446 114 22 bestämdt.
918 446 34 21 En

200 484 94 28 lindring
316 490 77 21 genom
415 482 142 28 skjutslegans
575 482 128 27 förhöjande
718 481 54 21 efter
786 480 100 22 nutidens
900 480 51 28 pris,

201 526 51 15 vore
266 518 28 22 då
309 518 39 21 allt
362 517 56 22 hvad
433 524 50 15 man
497 516 72 22 kunde
584 516 80 21 fordra.

270 553 34 21 Nu
326 552 40 22 har
389 552 53 21 dock
465 552 69 21 denna
552 552 67 26 tunga
633 550 29 28 på
677 552 31 20 ett
723 549 73 22 dussin
811 548 25 22 år
850 548 103 23 fördubb-

201 588 43 21 lats
266 594 76 21 genom
360 594 26 14 en
406 586 55 22 ökad
479 585 70 27 trafik,
568 586 69 20 större
650 584 152 28 pretentioner,
818 583 135 29 uppförande

202 623 22 21 at
240 621 52 29 dyra
307 620 153 29 gästgifverier,
475 620 103 28 rättighet
592 620 35 21 för
641 620 43 21 alla
699 621 33 20 att
745 619 74 21 fordra
834 618 68 27 skjuts
913 618 41 22 och

202 655 172 26 hvartsomhelst,
397 655 120 27 skyldighet
538 655 34 21 för
594 655 138 27 entreprenör
755 655 32 20 att
808 653 83 28 skjutsa
905 652 49 23 med

203 690 25 22 så
242 690 78 28 många
334 690 75 21 hästar
424 696 46 15 som
485 689 108 21 erfordras
607 696 28 14 m.
650 696 35 18 m.,
701 688 40 22 och
753 688 41 21 den
804 688 81 21 kännes
896 688 58 21 ännu

203 720 60 27 mera
284 724 118 28 tryckande
421 724 25 27 ju
463 730 61 15 mera
542 730 26 15 en
586 722 71 22 bättre
671 722 65 28 insigt
749 722 35 22 lär
795 722 160 28 jordbrukaren

203 760 47 21 inse
271 758 57 22 hvad
350 758 41 22 den
405 758 108 27 verkligen
528 758 73 21 kostar
615 757 85 21 honom.
731 756 74 22 Under
820 756 78 22 sådant
912 756 43 22 för-

204 792 100 23 hållande
325 792 68 22 borde
411 792 278 28 skjutsningsskyldigheten
707 791 47 21 icke
768 798 53 14 vara
835 798 27 14 en
877 791 78 27 grund-

205 828 63 25 skatt,
288 834 48 14 men
354 826 29 28 på
397 827 61 21 hvem
474 826 54 22 skall
544 826 41 21 den
600 825 28 22 då
642 826 82 27 läggas,
740 828 22 25 ty
778 827 70 20 staten
862 825 40 21 bör
916 833 40 13 un-

206 862 93 22 derlätta
313 861 249 22 kommunikationerna?
585 860 33 21 En
633 860 33 21 för
682 858 122 24 ändamålet
818 860 86 21 nedsatt
918 860 38 21 ko-

205 896 51 22 mité
270 896 58 22 lärer
342 895 116 28 föreslagit,
475 896 33 20 att
522 894 91 22 trafiken
628 894 50 28 sjelf
683 894 40 22 bör
732 895 67 27 draga
810 894 146 22 kostnaderna

207 930 78 22 derför.
315 930 137 22 Guvernören
467 929 67 22 skulle
550 928 120 28 ombesörja
684 929 173 27 entreprenader,
874 928 37 23 der
926 930 31 20 ett

206 966 47 26 nytt
274 964 135 27 privilegium
431 966 31 19 att
484 964 82 27 skjutsa
584 963 68 21 skulle
666 962 116 23 öfverlåtas
796 962 23 22 åt
834 963 41 21 den
888 964 68 27 lämp-

206 999 77 27 ligaste
297 998 187 21 minstfordrande.
507 998 39 21 Att
560 998 192 26 entreprenörerna
768 997 27 22 då
806 997 67 21 skulle
885 999 71 26 stegra

207 1033 47 21 sina
276 1032 121 27 fordringar
419 1032 141 26 öfverdrifvet,
583 1034 32 19 att
636 1032 206 27 tjenstemännernas
860 1032 96 22 reseräk-

206 1067 78 27 ningar
296 1066 78 22 'skulle
394 1066 66 21 blifva
482 1073 93 18 enorma,
594 1066 40 21 och
653 1068 32 19 att
700 1066 26 21 de
740 1066 90 22 resande
846 1065 28 23 dä
888 1066 68 22 blefve

208 1102 95 25 tvungna
324 1101 32 20 att
374 1100 73 27 hjelpa
461 1100 32 27 sig
508 1100 56 21 fram
578 1099 25 22 så
617 1100 52 27 godt
684 1100 26 21 de
724 1100 78 26 kunde,
818 1102 52 20 utan
884 1100 72 22 veder-

208 1134 106 22 börandes
332 1140 186 21 arrangemanger,
534 1134 68 27 ligger
617 1134 39 20 allt
670 1134 34 21 för
718 1135 70 25 öppen
804 1134 48 28 dag,
867 1134 89 21 likasom

209 1170 33 20 att
264 1168 154 27 experimentet
438 1167 47 22 icke
506 1175 50 14 vore
574 1167 94 22 hållbart
682 1168 32 21 uti
729 1169 78 20 tvänne
822 1167 30 22 år.
883 1168 72 21 Staten

209 1202 69 22 skulle
300 1201 83 22 derföre
405 1204 60 20 snart
486 1202 82 28 nödgas
586 1202 111 28 öfvertaga
711 1201 192 29 hållskjutsningen
918 1202 37 22 och

210 1237 26 21 de
251 1236 153 28 skattskyldige
417 1236 57 28 finge
488 1236 77 28 dyrare
580 1238 28 20 än
622 1236 59 22 förut
692 1236 71 22 dertill
774 1236 96 28 bidraga.
893 1237 62 21 Kom-

208 1277 105 14 munerna
334 1269 74 22 kunna
428 1270 80 21 kanske
526 1270 8 20 i
552 1277 26 14 en
600 1270 87 21 framtid
706 1270 110 28 öfvertaga
831 1270 79 22 vården
924 1278 30 14 om

209 1302 175 30 persontrafiken,
400 1302 28 22 då
442 1303 280 28 kommunalförvaltningen
732 1305 74 21 vunnit
817 1304 82 28 stadga,
911 1312 43 14 mer

209 1338 35 22 för
255 1338 133 22 närvarande
399 1338 72 22 kunna
480 1338 52 28 inga
543 1338 69 22 andra
622 1340 28 20 än
658 1339 146 27 jordägarena
815 1339 85 28 besörja
912 1338 40 23 den

278 1372 69 22 Måste
362 1380 29 14 nu
403 1372 79 28 jorden
496 1372 54 23 bära
564 1373 70 22 denna
648 1376 73 26 tunga,
734 1373 24 22 så
769 1375 24 20 är
805 1374 35 22 det
852 1374 40 22 ock
902 1374 52 22 klart

210 1409 33 21 att
266 1408 36 21 det
322 1407 142 23 fördubblade
482 1408 106 28 beloppet,
607 1408 139 28 tillökningen
762 1409 46 21 icke
824 1411 82 19 ensamt
919 1408 35 22 bö

210 1442 105 28 päläggas
338 1442 47 22 dem
407 1449 46 15 som
474 1442 59 22 förut
554 1443 55 21 varit
626 1445 55 20 mest
694 1443 128 28 betungade.
852 1444 46 21 Den
914 1451 40 15 son

210 1478 59 22 förut
290 1477 68 22 betalt
377 1479 25 19 10
422 1478 61 21 mark
505 1477 39 22 bör
566 1478 47 21 icke
635 1478 87 28 åläggas
738 1480 32 20 att
784 1478 72 22 betala
871 1480 33 24 20,
920 1480 33 20 nä

212 1520 26 14 en
260 1518 71 16 annan
353 1519 45 15 som
420 1512 68 22 betalt
509 1512 55 22 blott
582 1520 26 14 en
626 1512 62 23 mark
705 1513 69 22 skulle
792 1512 70 29 slippa
877 1514 47 21 med
940 1514 12 20 2
