1700 1878
649 243 71 23 Nådiga
731 244 136 22 Propositionen
880 244 35 17 N:o
927 246 28 15 28.
1109 245 43 16 1491

424 308 135 21 afskaffande
580 307 69 22 finnas
667 308 96 21 uttalade
780 309 7 20 i
805 308 84 21 landets
903 308 35 21 vid
957 308 98 21 sednaste
1073 308 103 27 landtdag

424 340 130 23 församlade
573 342 101 21 Ständers
693 341 147 28 underdåniga
859 349 48 14 svar
921 343 7 20 i
943 343 114 27 anledning
1076 343 24 20 af
1115 343 61 21 Hans

424 376 120 26 Kejserliga
558 376 111 27 Majestäts
689 376 120 21 Ständerna
829 375 26 21 då
874 376 111 27 förelagda
999 375 85 28 Nådiga
1098 383 78 20 propo-

424 410 64 22 sition
506 410 93 21 rörande
616 410 101 27 utvidgad
740 410 98 21 handels-
861 410 39 21 och
921 410 158 27 näringsfrihet.
1114 410 62 21 Stän-

425 444 67 21 derna
510 443 79 28 ansägo
608 444 105 27 nemligen
732 444 41 21 den
790 443 163 28 ifrägavarande
975 444 62 27 lagen
1055 444 55 21 böra
1132 444 45 21 afse

425 479 75 21 endast
519 477 66 22 sådan
603 479 86 26 näring,
705 485 46 14 som
770 479 105 20 bedrifves
894 477 70 23 såsom
982 478 121 21 industrielt
1117 479 59 27 yrke,

424 513 87 21 hvartill
528 513 129 27 produktion
677 512 33 21 för
729 520 52 20 egen
800 513 129 27 försörjning
948 513 18 27 ej
982 513 71 21 kunde
1067 513 109 26 hänföras,

424 547 99 21 hvarföre
538 547 41 20 och
594 546 27 21 dä
637 547 120 20 Ständerna
771 547 57 21 höllo
844 547 47 20 före
905 549 32 18 att
953 554 34 14 om
1004 545 113 30 lärotväng
1136 548 40 21 och

424 581 147 27 mästareprof
584 581 18 27 ej
619 581 72 21 vidare
706 581 83 21 komme
808 583 32 19 att
858 588 39 20 ega
917 589 53 18 rum,
986 579 66 29 nägot
1066 581 76 21 hinder
1157 581 19 28 ej

425 616 66 20 mötte
506 617 32 19 att
552 615 61 21 äfven
629 615 6 20 i
651 615 99 21 afseende
765 614 12 22 å
793 615 177 28 sjelfförsörjning
985 614 82 22 erhålla
1081 615 95 28 burskap

425 648 13 22 å
452 648 72 28 någon
538 649 86 27 näring,
641 649 90 21 allenast
748 649 60 27 intyg
823 649 120 21 företeddes
959 657 34 13 om
1008 649 81 27 egande
1104 649 72 28 yrkes-

425 683 132 27 skicklighet,
577 683 120 21 Ständerna
715 683 66 21 funno
797 683 36 21 det
847 683 121 27 föreslagna
982 683 132 28 undantaget
1129 683 48 21 från

426 717 40 21 den
482 717 107 21 allmänna
607 717 79 27 regeln,
702 717 79 21 hvilket
800 718 107 20 dessutom
926 717 48 21 stod
992 717 7 21 i
1018 717 54 22 strid
1087 718 90 21 med'de

425 751 33 21 för
478 751 98 21 städerne
594 751 99 27 gällande
711 751 128 27 privilegier,
857 750 24 22 så
899 751 84 27 mycket
1001 752 82 20 mindre
1101 751 76 21 böra
1165 746 15 36 i

425 792 27 14 en
471 785 79 21 allmän
568 785 124 27 näringslag
710 787 113 26 upptagas.
856 786 41 20 Det
917 792 61 21 synes
997 786 40 20 ock
1054 792 53 15 vara
1129 785 49 21 med

425 820 90 20 rättvisa
530 820 40 20 och
585 820 97 27 billighet
697 819 228 21 öfverensstämmande
944 822 31 18 att
993 819 87 28 sålänge
1095 820 82 21 städer-

425 860 37 14 nes
482 854 128 27 förvaltning
628 862 27 12 m.
675 862 27 12 m.
720 854 185 27 hufvudsakligast
922 853 157 27 upprätthålles
1101 861 77 20 genom

424 888 78 27 bidrag
521 888 24 21 af
560 888 159 27 borgerskapet,
735 888 122 28 utöfningen
878 888 24 21 af
917 888 74 27 hvarje
1009 889 76 26 näring
1098 888 80 27 jemväl

425 922 41 22 bör
480 930 52 14 vara
546 922 89 22 förenad
649 922 49 21 med
713 922 127 28 deltagande
854 923 7 21 i
877 923 41 21 den
935 925 73 25 tunga,
1023 923 155 27 borgerskapet

426 958 7 20 i
452 964 74 20 gemen
546 956 87 28 åligger.
663 956 41 26 För
723 957 43 20 min
785 957 34 21 del
837 956 32 22 får
885 957 38 27 jag
941 956 82 22 således
1045 956 79 22 föreslå
1146 959 32 19 att

426 991 66 22 orden
512 991 66 27 ,slöjd
596 991 51 21 eller
661 991 128 21 handtverk*
805 992 7 20 i
833 992 5 27 &
855 992 11 20 5
882 993 55 20 samt
951 992 8 20 i
972 991 54 27 följd
1042 992 61 21 deraf
1117 991 61 22 äfven

425 1026 109 28 uttrycket
549 1025 128 27 ,handtverk
692 1025 51 21 eller
758 1025 65 28 slöjd"
838 1026 7 20 i
860 1026 11 27 $
889 1027 25 19 16
930 1026 110 21 uteslutas.

783 1087 39 20 3:0.

494 1128 73 27 Enligt
586 1129 11 27 $
617 1129 26 20 20
659 1128 24 21 af
695 1128 114 21 utskottets
824 1128 135 22 betänkande
975 1129 24 20 är
1014 1128 36 22 det
1064 1129 114 21 handtver-

427 1163 51 20 kare
496 1161 78 22 tillåtet
593 1164 32 19 att
643 1162 61 21 äfven
723 1161 12 22 å
754 1170 71 13 annan
844 1164 34 20 ort
893 1164 27 19 än
936 1163 37 20 der
988 1163 43 20 han
1046 1165 92 26 antagen
1154 1165 24 19 är

426 1197 81 21 inrätta
524 1197 106 25 verkstad,
648 1196 68 21 under
730 1197 68 21 vilkor
817 1199 31 18 att
867 1197 72 20 derför
958 1197 87 27 erlägga
1059 1197 119 28 näringsaf-

428 1231 39 28 gift
485 1231 33 21 till
535 1231 134 25 kommunen,
691 1231 117 27 hvarjemte
830 1231 155 21 handtverkare
1007 1231 118 28 berättigas
1147 1233 33 20 att

427 1267 53 20 utan
498 1265 97 27 afgifters
614 1265 118 27 utgörande
747 1264 28 28 på
789 1272 70 14 annan
875 1267 34 19 ort
923 1265 115 21 verkställa
1053 1265 78 22 sådant
1146 1273 33 14 ar-

427 1299 55 27 bete,
502 1307 45 14 som
564 1299 77 21 endast
659 1298 28 28 på
705 1299 71 21 stället
794 1300 42 21 kan
853 1299 136 28 förfärdigas.
1019 1300 42 21 Det
1078 1299 60 22 förra
1158 1300 24 21 af

429 1335 61 20 dessa
509 1334 132 27 stadganden
660 1341 61 20 synes
740 1333 33 22 stå
790 1335 7 20 i
812 1335 112 27 uppenbar
939 1335 53 20 strid
1007 1335 48 21 med
1070 1335 110 21 föreskrif-

428 1371 60 19 terne
506 1369 7 21 i
532 1369 24 27 $$
571 1370 14 19 4
600 1369 40 20 och
657 1370 32 24 17,
705 1369 71 21 hvilka
793 1368 108 22 innehålla
919 1369 73 27 påbud
1011 1377 34 14 om
1065 1369 25 22 de
1105 1370 73 26 vilkor,

428 1411 46 14 som
492 1403 34 21 för
544 1403 103 27 rättighet
665 1404 32 19 att
718 1403 72 21 utöfva
812 1403 118 21 handtverk
952 1403 7 20 i
981 1403 116 21 allmänhet
1119 1404 61 21 skola

428 1437 109 26 fullgöras,
550 1437 40 20 och
606 1444 34 13 om
656 1437 40 19 den
711 1437 90 20 sednare
815 1437 198 26 lagbestämmelsen
1028 1437 108 26 tillämpas
1150 1437 30 26 på

428 1470 106 25 städerne,
549 1469 24 21 så
589 1471 24 19 är
628 1470 35 20 det
677 1470 57 20 klart
749 1471 32 19 att
795 1472 14 18 t.
822 1477 31 13 ex.
868 1470 109 21 städernes
991 1470 189 27 burskapsegande

428 1511 86 14 murare
533 1503 60 21 skola
611 1502 58 22 finna
687 1503 33 21 sin
739 1503 69 21 fördel
826 1503 34 21 vid
879 1505 38 23 att,
935 1503 49 21 med
998 1503 146 28 kringgående
1153 1498 29 26 faf

428 1538 70 28 lagen,
520 1538 62 27 flytta
603 1537 32 21 till
657 1538 73 21 landet
752 1538 40 21 och
813 1537 64 22 likväl
899 1536 70 23 såsom
991 1538 58 21 förut
1070 1538 51 21 idka
1143 1538 37 21 sitt

429 1572 119 22 handtverk
569 1572 8 21 i
599 1572 105 26 städerne,
723 1574 52 20 utan
797 1574 32 20 att
851 1572 86 28 deltaga
954 1572 8 21 i
979 1574 70 26 nägon
1071 1572 109 28 borgerlig
