1025 1728
325 152 71 24 Nådiga
408 154 135 22 Propositionen
556 154 35 17 N:o:
603 154 28 18 29.
794 154 44 17 1509

109 220 53 26 taga
183 218 36 21 det
238 217 35 22 vid
291 218 104 22 ärendets
410 218 161 28 handläggning
586 218 110 22 derstädes
711 218 63 22 förda
788 220 73 26 proto-

110 252 50 26 koll,
185 252 120 22 utvisande:
327 254 39 25 att,
378 252 73 22 sedan
469 253 59 21 Hans
547 253 121 27 Kejserliga
681 252 101 29 Majestät
797 252 64 27 anbe-

109 286 49 22 fallt
179 286 93 22 Senaten
290 288 33 20 att
340 288 99 26 uppgöra
457 287 41 21 och
515 287 33 21 till
563 287 60 22 Hans
636 287 102 28 Majestät
752 282 109 31 inkomma

109 320 49 22 med
173 321 80 27 förslag
268 320 34 22 till
316 319 66 29 nådig
396 321 134 27 proposition
545 321 33 21 till
592 322 91 26 ändring
698 321 25 22 af
734 322 14 20 8
759 322 41 21 och
812 323 12 19 9
836 321 25 28 $$

112 357 26 19 10
153 355 48 28 kap.
217 355 26 21 H.
259 355 24 21 B.
300 355 40 21 och
355 355 71 28 kongl,
442 355 153 28 förordningen
610 356 41 21 den
667 357 27 20 28
709 355 51 22 Juni
778 357 61 24 1798,
854 356 8 21 i

110 390 99 21 afseende
227 389 13 22 å
259 390 145 27 begränsning
422 390 24 21 af
461 391 88 26 proprie
567 389 139 29 borgesmans
725 390 137 27 ansvarighet

110 425 35 22 vid
167 423 142 30 penningelän
331 425 40 21 och
394 425 68 21 andra
480 424 147 27 förbindelser,
648 423 24 23 sä
690 425 40 21 har
749 424 24 22 af
786 431 26 15 en
826 424 35 22 för

110 459 123 22 ändamålet
250 459 86 22 nedsatt
355 455 81 37 Komitö
451 459 86 28 förslag
547 459 122 28 uppgjorts
688 459 33 22 till
735 459 127 29 förordning

110 501 35 15 om
160 495 53 27 pant
227 494 41 21 och
282 494 88 28 borgen,
385 494 148 22 innefattande
546 494 47 22 icke
608 494 96 27 allenast
714 501 26 14 en
756 494 106 22 omarbet-

109 529 53 28 ning
180 529 25 21 af
219 529 50 21 hela
288 529 26 20 10
332 529 50 26 kap.
400 528 28 21 H.
446 529 32 25 B.,
497 531 52 19 utan
568 529 40 22 ock
623 529 102 28 derjemte
734 529 129 25 införandet

110 563 25 22 af
154 565 31 20 ett
206 565 47 26 nytt
273 563 147 27 rättsinstitut,
443 563 69 22 under
528 570 67 15 namn
611 563 25 22 af
651 563 134 28 ,underpant
798 563 8 21 i
819 563 42 25 lös-

110 597 121 29 egendom",
253 597 139 28 hvarigenom
413 597 172 28 fordringsegare
606 597 78 26 kunde,
707 597 91 22 medelst
818 597 44 23 för,

110 632 105 28 skrifning
233 633 41 21 och
291 631 131 29 inteckning,
441 632 97 22 tillvinna
553 633 32 27 sig
599 631 141 27 förmänsrätt
753 632 35 21 till
801 633 61 21 utbe-

110 667 127 22 kommande
252 666 25 22 af
289 666 88 22 fordran
392 674 27 14 ur
433 666 103 28 gäldenär
551 667 96 27 tillhörig
660 667 203 27 lösegendom,
817 662 48 36 som

110 702 48 21 icke
175 701 34 21 till
226 701 173 28 fordringsegare
416 701 112 26 utlemnas,
543 703 53 19 utan
611 703 143 25 gvarstannar
768 701 13 21 i.
790 701 73 28 gälde-

110 738 78 20 närens
211 736 66 27 värjo.
307 736 42 21 Vid
371 736 100 21 ärendets
488 736 131 27 behandling
636 736 8 21 i
658 736 121 27 Kejserliga
797 735 65 22 Sena-

111 772 37 21 ten
162 770 64 23 hafva
240 773 76 19 tvenne
331 770 69 22 andra
414 770 80 29 förslag
504 770 8 21 i
523 771 72 21 ämnet
606 770 70 22 blifvit
688 770 110 22 derstädes
808 777 55 21 upp-

112 805 82 29 gjorda,
217 805 36 22 det
272 812 40 15 ena
330 805 24 22 af
370 812 82 15 samma
471 805 133 28 omfattning,
623 812 46 15 som
683 805 143 22 omförmälda
840 805 25 22 af

111 839 101 23 Komitön
233 839 136 23 framställda
392 840 40 21 och
450 840 8 21 i
475 839 151 28 hufvudsaklig
645 839 218 22 öfverensstämmelse

112 874 94 27 dermed,
229 875 39 21 och
287 874 36 22 det
341 874 75 26 andra,
435 881 53 20 som,
506 874 130 29 begränsadt
653 874 59 21 inom
727 874 36 22 det
777 874 86 28 Kejser-

112 909 44 28 liga
171 909 92 22 Senaten
277 909 8 21 i
299 907 68 23 nåder
381 909 126 22 meddelade
521 909 106 28 uppdrag,
642 908 70 23 blifvit
726 909 25 21 af
760 908 104 23 Senatens

112 943 111 30 pluralitet
245 943 109 28 godkändt
376 943 40 22 och
439 945 25 20 är
481 943 136 30 likalydande
635 943 48 22 med
703 943 36 22 det
753 943 33 22 till
801 943 62 24 Stän-

113 979 67 22 derna
193 986 30 13 nu
238 978 158 22 öfverlemnade
410 978 88 28 förslag.

182 1013 123 28 Sanningen
323 1013 25 22 af
364 1013 56 22 hvad
438 1014 7 21 i
464 1013 40 22 den
522 1012 81 28 nådiga
620 1013 161 27 propositionen
795 1015 69 26 yttras

113 1056 34 14 om
164 1055 26 15 en
204 1048 67 22 bland
285 1048 44 22 alla
344 1047 181 23 samhällsklasser
539 1048 46 21 vidt
595 1047 93 22 utbredd
700 1047 164 28 skuldsättning,

113 1082 62 22 torde
193 1083 44 21 lika
255 1083 46 21 litet
316 1082 72 22 kunna
400 1082 78 28 jäfvas,
494 1089 45 15 som
554 1084 32 20 att
601 1082 41 22 den
656 1083 89 26 stränga
760 1082 39 22 och
814 1082 50 22 obe-

114 1118 105 28 gränsade
235 1117 142 27 ansvarighet,
392 1117 85 21 hvilken
492 1116 81 29 åligger
587 1116 87 28 proprie
688 1116 120 26 löftesman,
824 1117 41 21 och

114 1152 41 21 den
177 1152 83 26 lätthet,
280 1151 102 22 hvarmed
397 1151 8 21 i
419 1151 54 28 följd
492 1151 62 22 deraf
570 1150 36 22 lån
621 1153 56 19 emot
693 1151 58 29 dylik
766 1152 99 21 säkerhet

114 1186 8 21 i
136 1186 117 21 allmänhet
267 1185 102 27 erhållits,
386 1185 70 22 dertill
466 1186 8 20 i
486 1186 32 21 sin
529 1184 50 23 mån
590 1186 100 26 bidragit.
712 1186 153 27 Beklagligtvis

115 1221 95 22 ansluter
229 1221 32 27 sig
279 1220 75 21 härtill
372 1220 41 21 den
431 1220 124 28 betänkliga
569 1220 164 27 omständighet,
749 1222 32 19 att
796 1220 70 21 denna

115 1255 157 28 skuldsättning
287 1255 7 21 i
310 1254 82 31 ganska
410 1254 78 28 många
503 1254 37 22 fall
555 1254 61 22 torde
631 1261 52 15 vara
698 1254 98 28 grundad
810 1255 55 21 min-

116 1289 38 21 dre
171 1288 29 28 på
219 1296 26 15 en
263 1289 150 22 motsvarande
427 1288 89 29 tillgång
531 1289 38 21 hos
585 1289 133 28 gäldenärer,
735 1290 28 20 än
777 1288 29 28 på
820 1296 45 15 mer

116 1324 52 21 eller
182 1324 83 21 mindre
279 1324 47 22 lösa
336 1324 170 28 förhoppningar
517 1331 35 14 om
564 1324 101 21 framtida
675 1325 91 27 utvägar
777 1324 33 21 till
821 1324 44 28 gäl-

116 1358 52 20 dens
190 1358 120 25 betalande,
333 1358 78 20 hvaraf
428 1358 40 20 den
486 1358 136 25 oundvikliga
640 1358 81 26 följden
735 1358 75 24 blifvit,
827 1360 37 23 att,

116 1390 39 22 der
171 1391 61 20 dessa
246 1391 46 20 icke
307 1390 155 27 förverkligats,
478 1389 145 22 skuldbördan
637 1390 72 21 hållits
720 1397 57 21 uppe
789 1397 77 20 genom

117 1424 161 28 omsättningar,
294 1423 90 22 medelst
398 1424 73 21 hvilka
486 1424 129 26 densamma,
631 1424 54 21 efter
699 1424 58 22 hand
768 1424 97 27 förökad,

118 1459 140 28 öfverflyttats
276 1458 49 22 från
344 1466 25 14 en
389 1459 123 27 generation
529 1458 34 22 till
578 1466 26 14 en
619 1465 77 15 annan.
726 1459 140 27 Möjligheten

118 1494 24 22 af
155 1494 70 28 dylika
240 1494 100 28 ständiga
355 1493 154 29 omsättningar
523 1494 40 21 har
577 1492 144 23 underlättats
737 1500 76 21 genom
824 1494 42 24 den
