986 1725
271 141 69 25 Nådiga
352 144 135 21 Propositionen
500 145 35 17 N:o
547 145 27 16 27.
730 147 42 16 1341

47 212 46 14 som
107 203 29 29 på
150 205 173 28 gästgifverierne
337 206 80 22 funnits
431 206 34 22 för
480 207 119 29 skjutsning
608 208 126 29 tillgänglig,
746 208 49 22 blif-

45 238 30 22 vit
86 238 75 29 dertill
176 239 84 22 använd
276 246 24 15 en
316 239 56 29 gång
386 241 7 20 i
408 240 84 29 dygnet.
514 242 43 21 Det
570 242 43 21 kan
628 242 64 22 likväl
707 243 18 28 ej
741 243 53 21 und-

45 273 59 21 vikas
123 275 32 19 att
173 281 76 20 genom
268 274 146 28 skjutsningen
435 276 131 27 dagsverken
584 276 27 28 gå
632 276 108 22 förlorade
762 276 32 22 så-

45 308 66 21 lunda
126 310 32 19 att
172 309 107 25 hästarne,
294 309 68 22 under
376 308 68 23 sådan
462 310 31 21 tid
512 310 28 21 då
557 311 91 21 resande
666 311 32 21 till
712 312 83 20 mindre

45 342 60 22 antal
122 342 80 27 färdas,
221 342 34 22 stå
272 344 70 28 lediga
360 346 52 20 utan
431 346 31 20 att
484 345 32 21 till
538 345 119 28 skjutsning
679 345 115 29 begagnas,

45 377 88 22 emedan
152 378 154 28 förminskning
324 378 24 22 af
363 379 113 22 hästarnes
497 380 59 21 antal
574 379 29 29 på
621 381 174 27 gästgifverierne

44 412 47 21 icke
105 412 43 21 kan
163 412 37 22 ske
217 414 53 20 utan
290 412 102 28 uppehåll
406 414 7 20 i
427 414 90 21 trafiken
533 414 13 22 å
561 414 26 22 de
601 415 56 21 tider
672 414 28 22 då
714 415 41 21 den
770 416 25 20 är

44 446 97 28 lifligare.
170 442 67 26 Äfven
256 455 35 14 om
305 448 131 28 skjutslegan
450 447 67 29 något
531 448 114 28 förhöjdes,
661 449 68 21 skulle
744 449 50 21 den-

45 488 88 19 samma,
152 480 29 28 på
199 483 43 19 sätt
260 482 24 21 af
300 482 35 21 det
353 482 134 22 förestående
505 482 101 28 framgår,
622 483 64 21 likväl
704 483 47 22 icke
766 482 29 28 på

43 514 61 29 långt
122 517 41 19 när
181 516 91 22 betäcka
290 516 25 22 de
333 516 115 22 kostnader
466 524 45 14 som
533 517 49 21 med
604 516 190 29 skjutshållningen

44 551 37 20 äro
100 550 108 26 förenade,
228 551 39 21 och
286 551 61 21 dessa
364 551 116 22 kostnader
493 551 90 28 komme,
599 559 34 14 om
648 552 147 29 skjutsningen

44 584 144 29 ombesörjdes
207 585 23 22 af
248 586 79 26 Staten,
343 587 72 20 säkert
433 588 32 19 att
483 587 56 27 stiga
557 586 33 21 till
609 588 40 21 ett.
656 589 58 19 ännu
728 587 67 28 högre

43 619 86 29 belopp,
145 622 55 19 samt
218 620 77 27 kunde,
311 621 65 28 enligt
394 621 56 22 hvad
465 621 64 22 också
543 622 7 21 i
566 621 40 22 den
621 621 59 22 förra
694 622 100 27 Proposi-

43 655 73 22 tionen
131 656 26 20 är
170 654 128 27 framhället,
313 655 47 22 icke
375 656 24 21 af
412 656 131 22 Statsverket
556 656 106 22 bestridas
676 658 53 20 utan
739 659 55 20 mot-

43 689 106 22 svarande
163 689 115 28 bevillning
293 689 24 22 af
330 689 26 23 de
372 690 159 28 skattskyldige,
543 690 79 22 hvilket
637 690 46 22 åter
697 691 35 21 för
746 691 48 22 dem

43 723 70 23 blefve
127 724 73 22 alltför
214 724 142 28 betungande.
386 725 100 22 Komitén
503 726 40 20 har
559 725 18 28 ej
596 725 67 22 heller
677 726 67 27 byggt
758 726 38 21 sitt

43 758 81 29 förslag
143 767 34 13 om
195 759 191 28 hållskjutsningen
403 759 29 28 på
451 759 132 22 densammas
603 760 151 28 öfvertagande
772 761 25 21 af

43 793 81 26 Staten,
143 801 49 14 men
211 794 95 21 deremot
323 794 103 27 uppgjort
443 793 102 28 förslaget
562 794 8 21 i
589 794 35 21 det
642 794 60 28 syfte,
721 796 32 20 att
768 795 26 21 de

43 828 227 29 skjutsningsskyldige
288 828 44 21 helt
350 829 40 20 och
410 827 66 23 hållet
493 829 68 21 skulle
579 827 48 23 från
644 828 92 22 nämnde
757 829 37 21 be-

43 864 49 21 svär
110 863 79 21 befrias
208 863 39 21 och
266 862 146 28 skjutsningen
430 863 99 22 bekostas
552 865 82 19 ensamt
656 863 24 21 af
696 863 98 26 trafiken,

43 898 34 21 för
92 898 80 21 hvilket
186 896 100 22 ändamål
301 897 40 22 den
356 897 66 21 borde
437 898 7 21 i
460 898 40 21 den
519 897 90 28 ordning
627 897 104 28 förslaget
744 899 50 19 när-

43 939 59 14 mare
119 931 119 22 innehåller
256 931 99 28 upplåtas
375 930 23 22 åt
416 932 94 21 enskilde
524 939 103 19 personer
641 931 29 28 på
685 934 108 25 entrepre-

43 967 43 21 nad
100 966 49 22 med
164 966 120 28 skyldighet
298 967 33 24 för
346 968 165 25 entreprenören
527 968 38 25 att,
580 968 52 20 utan
650 966 77 28 bidrag
746 966 47 22 från

44 1002 74 21 Staten
137 1001 51 21 eller
206 1001 156 26 kommunerne,
382 1000 95 22 bestrida
495 1000 146 28 skjutsningen
664 1001 74 21 endast
760 1001 34 21 för

43 1036 42 21 den
107 1035 121 28 skjutslega,
250 1035 34 22 till
305 1036 63 21 hvars
389 1035 140 28 uppbärande
550 1036 103 27 rättighet
674 1035 25 22 af
714 1035 79 22 honom

43 1070 72 21 kunde
129 1070 105 27 betingas.

110 1104 76 22 Ehuru
200 1104 59 21 Hans
274 1103 120 29 Kejserliga
408 1104 106 28 Majestät,
529 1103 30 29 på
577 1103 91 22 anförda
682 1104 52 25 skäl,
750 1103 44 22 lika

43 1138 48 22 med
113 1138 93 22 komitén
228 1138 70 22 funnit
322 1138 157 28 skjutsningens
501 1138 152 28 öfvertagande
674 1138 24 22 af
719 1138 75 21 Staten

42 1173 47 21 icke
103 1173 73 22 kunna
190 1171 160 29 ifrågakomma,
366 1173 41 21 har
425 1173 59 21 Hans
502 1173 120 27 Kejserliga
639 1173 102 27 Majestät
755 1173 39 20 lik-

42 1207 35 22 väl
91 1207 25 22 så
130 1207 83 28 mycket
228 1207 83 21 mindre
325 1209 70 19 ansett
413 1207 41 21 den
471 1207 90 28 princip,
580 1207 53 21 efter
651 1207 90 26 hvilken,
757 1213 36 15 en-

42 1242 40 27 ligt
96 1242 56 21 hvad
166 1249 50 20 nyss
234 1241 69 22 blifvit
321 1241 142 26 omförmäldt,
479 1241 104 22 komiténs
601 1241 79 28 förslag
696 1242 24 20 är
734 1243 60 19 utar-

43 1276 80 26 betadt,
139 1276 53 21 böra
206 1275 59 28 tjena
279 1275 33 22 till
327 1276 69 27 grund
411 1275 33 22 för
458 1275 87 28 frågans
557 1275 116 26 ordnande,
685 1282 45 14 som
739 1275 54 28 jem-

43 1310 35 22 väl
93 1310 120 21 Ständerna
227 1311 70 20 ansett
311 1309 238 28 skjutsningsbesvärets
565 1309 115 28 aflyftande
691 1308 48 22 från
747 1309 46 27 jor-

43 1345 41 20 den
99 1345 71 20 kunna
185 1343 155 28 ifrågakomma
350 1344 56 21 blott
417 1351 75 19 genom
503 1345 128 20 detsammas
642 1344 151 26 öfvertagande

44 1379 23 20 af
81 1378 80 25 Staten,
176 1385 48 14 men
240 1378 60 26 eljest
314 1376 92 29 påyrkat
421 1377 74 21 endast
510 1379 30 19 ett
554 1376 77 22 sådant
646 1376 109 22 ordnande
770 1377 24 21 af

43 1412 92 22 nämnde
152 1411 82 26 besvär,
250 1413 32 20 att
301 1411 35 22 det
354 1418 76 21 genom
448 1418 26 15 en
489 1411 59 28 jemn
567 1411 40 22 och
626 1411 74 21 rättvis
715 1410 78 23 fördel-

43 1448 52 27 ning
109 1447 8 21 i
132 1445 120 29 möjligaste
266 1445 67 23 måtto
347 1445 119 28 lindrades;
480 1446 8 21 i
502 1445 79 22 hvilket
595 1445 130 22 sistnämnde
739 1445 55 29 syfte

44 1481 77 30 frågan
136 1481 62 22 äfven
212 1481 7 22 i
236 1481 40 22 den
290 1480 59 23 förra
366 1481 163 27 Propositionen
543 1480 70 23 blifvit
626 1480 33 22 till
673 1479 121 24 Ständerna
