1025 1723
313 138 73 23 Nådiga
397 139 137 22 Propositionen
546 139 34 17 N:o
593 140 27 16 29.
774 138 43 18 1519

90 202 88 28 borgen,
200 202 41 22 har
255 202 40 28 jag
313 202 55 22 dock
386 202 46 23 icke
450 203 83 22 kunnat
550 202 114 23 underlåta
682 204 34 20 att
730 202 110 27 anmärka,

90 236 18 28 ej
128 236 83 22 mindre
228 237 103 21 hurusom
346 237 154 28 verkningarne
516 237 21 22 at
553 237 36 22 det
603 237 123 28 föreslagna
740 237 100 28 stadgan-

89 271 37 21 det
140 271 107 21 sannolikt
265 271 87 21 komma
366 274 32 19 att
412 272 66 21 blifva
493 272 68 21 andra
577 273 27 20 än
620 272 25 21 de
659 273 8 20 i
682 272 64 21 ofvan
760 271 81 28 antydd

88 304 68 22 mätto
170 304 131 28 päräknade,
318 307 28 20 än
360 306 114 22 huruledes
490 307 35 21 det
535 306 105 28 uppgifna
651 305 123 23 ändamälet
784 305 56 22 bäde

88 339 50 22 bort
160 339 41 21 och
218 340 83 21 kunnat
319 340 145 22 eftersträfvas
483 341 40 21 och
541 339 63 23 ernäs
622 340 28 28 pä
665 342 31 20 ett
711 342 67 19 annat
791 339 51 22 vida

88 374 158 21 verksammare
261 374 41 22 och
316 374 49 21 med
376 375 99 21 vilkoren
486 374 35 22 för
533 382 26 14 en
571 375 55 21 sund
636 374 135 28 lagstiftning
781 380 60 15 mera

89 408 230 22 Ofverensstämmande
334 410 50 20 sätt.

157 442 46 22 Blir
219 443 35 22 det
268 443 94 22 nämnda
377 443 129 28 stadgandet
521 451 26 14 en
562 442 56 30 gång
633 443 41 28 lag,
690 442 24 23 sä
728 443 41 22 bör
783 450 57 19 man,

89 477 67 28 enligt
177 478 43 21 min
243 477 61 29 äsigt,
324 478 62 21 deraf
403 479 18 27 ej
440 480 65 20 vänta
523 479 33 28 sig
574 477 71 29 nägon
663 485 73 15 annan
750 477 92 22 hufvud-

89 512 68 28 saklig
179 513 86 26 verkan,
285 514 27 20 än
331 515 32 19 att
382 513 41 22 den
442 513 109 28 gäldenär,
571 520 46 15 som
633 513 18 28 ej
667 511 81 24 förmår
764 514 32 19 att
809 513 31 20 in-

88 553 44 15 nan
153 547 59 21 tiden
233 547 47 22 före
298 547 170 26 löftesmannens
490 547 242 28 hbetalningsskyldighet
751 547 39 27 går
808 547 33 21 till

88 581 58 22 ända
164 581 73 22 betala
255 583 32 20 sin
306 582 68 26 skuld,
394 582 60 26 skall,
474 582 87 22 alldeles
579 582 90 21 likasom
683 589 37 19 nu,
735 581 59 22 finna
808 581 32 28 sig

88 617 94 26 tvungen
201 617 32 20 att
251 617 52 21 söka
321 618 93 20 omsätta
433 617 129 26 densamma,
582 617 39 21 och
637 618 32 19 att
683 616 48 26 den,
747 623 46 14 som
807 615 34 22 för

88 650 102 21 skuldens
204 650 115 22 betalande
333 650 70 28 ingätt
417 651 89 28 proprie
520 651 88 28 borgen,
621 650 60 27 skall,
693 650 102 22 likaledes
807 649 33 22 sä-

88 691 47 14 som
153 692 36 18 nu,
204 683 58 22 finna
277 685 32 27 sig
323 684 122 23 föranläten
460 687 37 24 att,
513 685 32 21 till
560 685 136 21 undvikande
710 685 25 21 af
746 684 94 21 nödvän-

89 718 101 27 digheten
209 720 31 19 att
255 719 50 27 sjelf
318 719 120 28 ombesörja
452 719 143 28 betalningen,
611 719 54 27 ånyo
680 719 78 21 teckna
773 717 68 23 sådan

88 751 82 28 borgen
189 753 78 21 derför.
297 753 189 28 Omsättningarne
504 753 69 22 skulle
591 753 92 22 sålunda
702 753 68 22 oftare
785 752 56 22 åter-

88 786 87 22 komma
196 789 27 19 än
245 795 39 18 nu;
306 787 70 26 lånen,
399 787 33 22 till
450 788 54 27 följd
523 787 22 22 af
563 788 26 21 de
608 787 72 22 dervid
699 787 142 22 förefallande

88 822 151 26 kostnaderna,
258 822 67 22 blifva
344 823 76 27 dyrare
439 823 34 21 för
491 823 130 28 gäldenären
639 823 27 21 än
681 829 36 19 nu,
733 822 40 21 och
788 822 53 28 möj-

88 856 95 28 ligheten
201 857 34 21 för
253 857 78 21 honom
346 859 32 19 att
393 857 93 22 afbörda
500 857 32 28 sig
548 857 32 22 sin
595 857 62 21 skuld
671 857 8 21 i
694 864 82 14 samma
791 856 51 22 mån

88 891 101 21 minskas.
219 892 49 21 Men
286 891 72 29 någon
375 892 121 28 minskning
514 893 7 21 i
540 891 151 29 begagnandet
709 892 25 21 af
749 891 92 22 nämnde

89 927 35 21 art
138 926 25 21 af
175 926 81 28 borgen
271 926 40 21 bör
326 926 96 28 skäligen
437 927 19 27 ej
471 926 115 28 påräknas.

157 960 76 22 Denna
248 959 83 29 påföljd.
345 961 49 26 kan,
411 961 65 28 enligt
487 962 49 20 mitt
547 961 103 26 omdöme,
663 960 76 27 endast
750 960 28 22 då
790 962 50 21 vän-

88 996 41 25 tas,
145 1002 36 14 om
195 994 165 29 ifrågavarande
374 995 230 29 lagstiftningsåtgärd,
621 1003 75 21 genom
712 997 32 20 att
755 995 87 22 sträcka

89 1030 33 28 sig
144 1028 55 22 både
221 1030 33 21 till
273 1030 26 21 de
317 1030 69 28 bägge
406 1032 86 20 arterna:
511 1031 24 21 af
551 1030 82 28 borgen
648 1030 41 22 och
704 1030 32 21 till
752 1030 41 21 den
808 1030 33 21 sä-

89 1064 75 22 kerhet
182 1064 103 27 gäldenär
303 1064 43 21 kan
365 1064 56 28 gifva
440 1072 77 20 genom
531 1066 98 26 panträtt
643 1065 7 21 i
664 1065 92 25 lösören,
772 1064 69 22 erhål-

88 1098 32 22 ler
136 1105 26 15 en
177 1100 69 20 större
261 1099 136 28 omfattning,
414 1100 27 21 än
458 1099 40 21 den
509 1098 85 29 Nådiga
604 1099 160 28 propositionen
775 1101 67 20 utsta-

88 1133 48 21 kar.
166 1133 31 28 Ty
212 1135 63 26 göras
290 1133 74 28 lagens
380 1134 132 28 stadganden
528 1134 24 22 sä
567 1134 34 21 väl
616 1141 35 14 om
665 1135 98 27 panträtt
777 1134 8 20 i
799 1134 43 21 lös-

90 1169 52 20 ören
164 1168 41 20 och
224 1175 35 14 om
276 1168 50 28 laga
346 1168 82 28 borgen
446 1176 46 14 som
506 1176 35 14 om
556 1168 82 28 borgen
653 1168 72 22 såsom
740 1168 34 21 för
789 1175 53 21 egen

90 1202 61 22 skuld
166 1202 33 21 till
214 1202 90 22 föremäl
318 1202 34 21 för
368 1210 25 14 en
409 1203 124 27 fullständig
549 1204 56 20 samt
619 1203 7 20 i
642 1205 30 19 ett
687 1203 155 27 sammanhang

90 1237 40 21 och
149 1237 54 21 efter
221 1244 82 14 samma
321 1237 140 27 grundsatser
475 1238 73 20 utförd
563 1237 97 26 revision,
676 1237 49 21 med
740 1236 55 28 syfte
810 1239 32 19 att

89 1271 71 21 ändra
182 1271 51 21 eller
255 1271 109 27 upphäfva
384 1271 25 21 de
428 1272 159 27 bestämningar
609 1271 135 21 beträffande
762 1271 80 22 lösöre-

89 1307 54 25 pant
158 1306 40 20 och
212 1305 49 27 laga
276 1305 87 28 borgen,
379 1313 45 14 som
438 1308 53 19 utan
506 1306 71 28 giltigt
587 1305 47 22 skäl
645 1306 40 21 och
697 1304 82 23 säledes
791 1307 50 20 onö-

90 1339 76 27 digtvis
183 1341 52 25 göra
251 1340 61 21 dessa
327 1340 45 26 slag
388 1340 24 20 af
424 1340 100 21 säkerhet
539 1340 82 20 mindre
633 1340 109 26 antagliga
753 1339 33 21 för
798 1340 44 20 för-

90 1373 223 27 sträckningsgifvare,
332 1372 25 22 sä
375 1373 43 21 blir
436 1374 40 20 ock
494 1372 33 21 för
542 1373 47 25 den,
605 1372 84 22 hvilken
704 1372 68 22 mäste
786 1380 55 19 upp-

89 1408 52 26 taga
155 1406 37 22 län
207 1414 48 14 men
270 1407 19 27 ej
305 1407 43 21 kan
362 1406 64 22 ställa
440 1407 99 21 säkerhet
553 1407 8 20 i
576 1406 43 22 fast
633 1406 111 28 egendom,
760 1413 26 14 en
800 1406 42 21 lät-

90 1443 47 20 tare
158 1443 66 27 utväg
245 1441 81 22 beredd
349 1443 32 20 att
395 1442 8 20 i
417 1441 137 22 nästberördt
573 1440 99 22 afseende
690 1440 100 29 begagna
804 1448 37 14 an-

90 1476 73 28 tingen
178 1476 33 22 sin
225 1476 46 22 lösa
286 1476 104 28 egendom
404 1476 52 22 eller
471 1476 61 22 enkel
542 1476 82 28 borgen
636 1475 24 22 af
671 1475 54 27 dem,
737 1483 46 15 som
794 1475 47 22 der-
