978 1717
255 149 72 24 Nådiga
338 151 139 22 Propositionen
489 152 35 18 N:o
537 154 29 16 27.
719 154 44 16 1415

101 215 69 27 enligt
188 218 58 23 taxa,
262 214 86 22 hvilken
357 216 43 28 för
415 216 74 22 landet
504 216 25 30 af
543 215 141 23 Guvernören
698 224 19 15 o.
733 224 17 14 s.
765 224 18 14 v.

102 248 67 28 enligt
183 249 11 28 $
211 250 26 20 20
252 249 8 21 i
275 251 168 26 propositionen.

409 305 12 27 $
436 303 40 23 20.

156 345 53 23 Lika
223 346 49 22 med
287 347 12 28 $
315 348 26 20 21
357 347 8 21 i
378 347 166 28 propositionen.

407 410 12 27 $
438 410 35 21 21.

156 453 21 28 (1
193 453 74 28 mom.)
288 453 147 28 Likalydande
449 452 48 23 med
514 455 9 20 1
540 460 64 15 mom.
620 453 24 22 af
652 454 12 27 &
678 455 27 20 22
715 453 8 22 i
734 461 48 20 pro-

98 487 127 28 positionen.

156 523 22 27 (2
200 522 74 28 mom.)
303 521 104 27 Resande,
431 530 44 13 som
495 526 55 18 utan
571 526 34 18 att
624 522 65 28 hafva
704 522 79 21 sådant

91 556 114 29 fullgjort,
226 557 82 21 lemnar
326 557 160 28 gästgifveriet,
496 557 72 29 plikte
577 557 59 29 från
651 561 33 17 tre
700 557 36 20 till
745 557 37 28 fy-

97 592 60 20 ratio
172 591 69 21 mark.
269 591 42 21 Vid
325 591 114 22 enahanda
455 592 36 21 bot
505 592 36 21 mä
553 592 20 28 ej
583 592 71 28 någon
667 595 56 18 emot
734 599 48 21 ega-

96 633 50 14 rens
162 626 60 28 vilja,
237 625 49 22 med
301 625 119 29 skjutshäst
428 627 83 27 färdas
527 627 77 28 längre
620 627 28 20 än
664 627 36 20 till
715 627 66 20 nästa

97 659 138 28 gästgifveri,
259 660 24 20 de
302 661 9 20 i
326 661 12 26 $
353 659 32 21 23
399 660 142 28 uppräknade
550 661 48 28 fall
612 667 19 14 o.
647 667 17 15 s.
679 667 19 15 v.
715 660 66 27 enligt

97 693 91 22 sednare
202 700 63 15 mom.
281 693 24 21 af
318 694 11 27 $
345 694 27 20 22
387 694 7 21 i
409 695 167 26 propositionen.

407 745 13 28 $
435 744 38 22 22.

154 787 32 22 Af
196 787 45 23 lika
255 787 80 29 lydelse
349 788 49 21 med
413 789 11 26 &
440 789 27 20 23
482 788 7 21 i
503 787 168 29 propositionen.

405 834 13 28 $
432 833 39 22 23.

153 876 37 22 En
212 877 55 22 hvar
289 884 36 22 ege
343 878 10 19 i
371 877 49 21 stad
435 878 52 21 eller
497 877 34 28 pä
546 877 74 21 landet
634 878 49 20 rätt
697 881 34 18 att
746 885 33 13 er-

96 913 61 21 hålla
176 912 119 29 skjutshäst
304 912 42 29 för
362 913 33 27 sig
411 912 39 21 och
465 912 45 21 sine
525 911 140 29 reseefekter,
681 919 48 14 men
737 913 43 28 för

97 950 113 25 transport
233 947 25 28 af
273 953 67 14 varor
356 946 38 21 och
405 946 169 29 flyttningsgods
590 949 55 18 samt
660 950 68 17 annat
743 946 38 29 dy-

97 981 41 22 likt
159 981 36 21 mä
217 981 19 28 ej
259 980 120 29 skjutshäst
399 981 103 28 utgifvas.
532 980 114 21 Likaledes
668 988 51 13 vare
736 982 43 19 stä-

96 1017 79 21 dernas
196 1016 132 21 innevänare
351 1015 39 21 och
412 1015 52 26 dem,
484 1022 44 14 som
543 1015 39 21 der
596 1016 89 27 näring,
702 1015 77 22 embete

95 1051 53 21 eller
164 1051 65 28 tjenst
244 1050 72 29 hafva,
332 1051 52 20 eller
400 1050 59 27 eljest
472 1051 39 19 äro
524 1049 87 26 bosatte,
618 1049 117 29 förbjudet
747 1054 32 17 att

89 1086 42 29 för
154 1092 61 14 resor
228 1084 59 29 från
305 1085 75 20 staden
396 1084 96 29 begagna
507 1083 126 30 skjutshäst,
649 1084 95 28 såframt
759 1085 20 28 ej

94 1127 66 14 resan
181 1119 48 22 sker
252 1120 35 21 till
305 1119 196 28 gästgifvaregård
512 1119 33 28 på
561 1119 72 20 landet
648 1119 53 21 eller
716 1119 38 20 ock
769 1120 10 20 i

95 1154 258 29 embetsangelägenheter
375 1154 134 21 verkställes.
541 1153 51 21 Men
614 1153 46 26 den,
683 1161 45 13 som
751 1155 27 19 är

90 1190 34 28 på
140 1189 73 21 landet
228 1189 77 26 bosatt,
321 1189 52 20 eller
388 1188 39 21 der
439 1189 74 24 vistas,
525 1195 51 13 vare
590 1187 123 29 berättigad
727 1188 51 28 från

94 1225 110 20 närmaste
219 1223 133 29 gästgifveri
363 1230 19 14 o.
394 1229 17 15 s.
423 1231 18 13 v.
453 1223 66 27 enligt
536 1222 5 27 $
554 1223 27 20 24
592 1222 7 21 i
610 1222 167 27 propositionen.

405 1269 13 27 $
433 1267 35 21 24.

153 1312 36 21 På
211 1311 70 22 kärra
303 1312 52 21 eller
374 1311 59 21 släde
442 1311 43 28 får
501 1310 54 30 efter
570 1317 26 14 en
610 1310 49 20 häst
675 1310 20 28 ej
703 1310 74 28 fram-

88 1347 68 27 föras
171 1347 70 19 större
257 1346 67 28 tyngd
339 1347 29 18 än
384 1346 61 26 tjugu
461 1344 91 28 lispund,
569 1344 146 27 skjutskarlen
729 1345 49 19 deri

94 1380 46 20 icke
162 1379 134 29 inbegripen.
326 1378 35 20 Pä
383 1378 72 21 äkdon
477 1378 54 28 efter
554 1378 36 20 två
606 1378 51 20 eller
668 1378 55 26 flere
739 1378 38 20 hä-

95 1418 47 18 star
164 1414 35 20 må
215 1413 93 29 tyngden
323 1412 51 22 ökas
389 1412 48 21 med
446 1412 85 28 femton
548 1410 86 29 lispund
643 1411 42 28 för
701 1410 76 29 hvarje

95 1450 56 26 häst,
166 1449 53 21 dock
235 1452 33 18 att
283 1447 147 30 skjutskarlen
443 1447 10 20 i
468 1447 40 21 den
523 1446 111 21 bestämda
645 1447 75 27 vigten
731 1445 45 21 icke

94 1484 74 30 ingår.

686 1520 22 17 89
