981 1720
263 150 72 24 Nädiga
346 152 138 22 Propositionen
496 152 35 17 N:o
544 153 28 16 27.
727 153 43 17 1413

420 216 13 28 8
452 215 30 21 15.

166 257 15 21 I
201 257 49 22 stad
272 259 86 27 äligger
380 258 36 21 det
437 258 163 29 Borgerskapet
614 262 34 18 att
663 258 130 27 tillsvidare,

110 294 70 20 säsom
195 293 120 26 härintills,
332 290 148 31 skjutsningen
494 293 122 28 uppehälla,
632 293 39 21 och
683 300 51 14 vare
746 293 48 21 der-

110 327 62 29 ifrån
190 328 65 28 ingen
264 328 44 28 fri,
324 334 44 14 som
384 327 111 29 borgerlig
511 327 59 21 skatt
584 327 39 21 och
638 330 68 25 tunga
720 328 73 27 utgör.

110 361 91 29 Egande
220 362 122 28 Magistrat
356 362 52 20 eller
425 361 155 29 Stadsstyrelse
596 364 38 23 att,
650 361 48 23 med
712 361 82 21 iaktta-

110 396 70 29 gande
196 396 24 28 af
234 396 56 21 hvad
305 396 73 21 derom
393 397 10 19 i
418 396 69 21 denna
495 396 139 28 förordning
650 396 96 28 stadgas,
757 397 37 19 rö-

110 431 69 20 rande
198 430 159 29 skjutsningens
376 432 102 19 närmare
494 430 118 26 ordnande,
626 431 168 28 gästgifveriers

109 465 127 21 inrättande
252 469 56 17 samt
323 472 33 14 om
366 465 147 28 gästgifvares
525 465 122 28 antagande
658 465 10 20 i
680 464 51 29 laga
745 465 49 20 ord-

110 501 53 27 ning
186 500 96 29 besörja;
300 499 54 22 dock
372 503 34 17 att
419 499 109 22 inseendet
543 499 103 28 häröfver
663 499 131 21 tillkommer

112 532 140 23 Guvernören
267 535 9 20 i
291 535 65 20 länet.

110 567 52 23 eller

167 601 15 23 I
202 604 50 20 stad
274 604 86 28 äligger
382 603 36 21 det
438 603 53 27 dem,
511 610 44 14 som
574 602 88 29 deltaga
676 603 10 20 i
702 602 93 21 kommu-

110 645 51 14 nens
178 639 111 20 allmänna
305 635 82 29 besvär,
403 641 33 17 att
451 638 149 28 skjutsningen
613 636 127 29 uppehälla;
756 636 39 21 och

111 680 36 21 ege
169 672 122 29 Magistrat
313 673 52 20 eller
384 671 155 29 Stadsstyrelse
554 678 20 15 o.
589 678 17 14 s.
622 679 18 13 v.
656 670 66 28 enligt
736 672 58 20 näst-

110 706 130 28 föregäende
254 706 120 22 alternativ.

422 752 12 28 $
451 751 32 22 16.

168 794 141 30 Skjutslegan
319 796 73 28 utgör,
404 796 104 27 antingen
520 794 144 28 entreprenad
666 794 42 28 för
717 793 78 29 skjuts-

112 830 126 28 hällmingen
254 831 27 20 är
295 829 103 21 inrättad
413 830 51 20 eller
480 830 26 28 ej,
516 828 59 30 frän
590 829 48 21 stad
654 829 62 28 tjugu
727 829 69 28 penni

113 865 39 21 och
163 865 32 28 pä
211 864 73 21 landet
293 864 85 29 femton
388 865 70 26 penni
467 864 42 28 för
524 866 92 18 versten.

186 898 29 22 ör
238 899 134 28 skjutsandes
394 898 71 21 äkdon
487 897 39 22 och
540 901 91 25 resetyg,
646 904 46 14 som
706 897 89 21 resande

113 934 117 28 begagnar,
246 934 98 27 erlägges
360 933 20 28 ej
396 932 95 22 särskild
506 933 130 27 ersättning.

174 967 42 22 Vid
237 968 138 28 gästgifveri,
398 967 39 21 der
460 967 120 28 skjutsning
595 967 47 20 med
658 966 38 21 båt
709 966 86 29 ifråga-

114 1003 100 27 kommer,
234 1009 36 21 ege
289 1002 127 28 skjutslaget
432 1009 33 13 om
480 1001 144 29 båtskjutsens
638 1000 158 28 uppehållande

114 1038 39 20 och
172 1037 110 29 båtlegans
298 1036 75 28 belopp
389 1036 13 21 &
418 1036 215 21 kommunalstämma
642 1035 63 29 fatta
721 1034 74 26 beslut,

114 1080 45 14 som
182 1070 150 24 Guvernörens
346 1072 110 28 pröfning
474 1070 151 22 underställes.
656 1068 140 23 Guvernören

114 1107 114 21 bestämme
243 1106 65 22 sedan
324 1106 112 21 huruledes
451 1105 133 29 båtskjutsen
599 1104 56 22 skall
666 1104 130 21 verkställas

114 1145 56 18 samt
185 1142 40 20 den
241 1142 55 27 lega,
312 1148 44 14 som
372 1140 75 29 derför
462 1140 74 28 utgår.

425 1201 13 27 $
452 1199 34 22 17.

172 1245 53 21 Lika
239 1244 49 22 med
303 1245 11 27 $
332 1245 25 19 18
372 1244 8 20 i
395 1244 167 27 propositionen,
576 1249 50 15 men
640 1242 49 21 med
704 1241 41 22 den
760 1242 37 20 än-

116 1280 62 27 dring
194 1281 32 20 att
240 1278 162 27 bötesbeloppet
416 1278 8 21 i
438 1278 90 21 sednare
543 1277 62 20 delen
616 1276 24 21 af
652 1277 12 26 $
676 1275 48 22 frän
736 1275 62 28 tjugu

115 1314 33 21 till
163 1313 72 22 femtio
250 1313 62 21 mark
326 1313 60 27 höjes
396 1313 58 28 från
470 1312 60 29 tjugu
546 1311 36 21 till
596 1310 118 21 etthundra
727 1309 69 21 mark.

426 1372 12 27 $
454 1369 32 22 18.

173 1415 84 29 Hvarje
276 1415 137 28 gästgifveri,
428 1414 10 21 i
453 1413 49 21 stad
520 1413 52 21 eller
587 1412 32 28 pä
628 1411 86 26 landet,
724 1411 74 29 förses

116 1458 76 22 genom
215 1449 151 22 Guvernörens
382 1449 94 28 försorg
492 1447 39 22 och
542 1447 33 28 pä
590 1446 116 21 bekostnad
722 1446 25 29 af
760 1446 39 21 all-

117 1487 81 20 männa
219 1485 68 21 medel
304 1484 47 21 med
370 1490 25 14 en
412 1482 92 30 dagbok,
520 1482 88 21 hvaruti
623 1481 40 21 bör
672 1481 74 27 finnas
762 1488 36 13 an-
