1025 1725
315 163 71 23 Nädiga
398 164 135 22 Propositionen
545 164 35 17 N:o
593 165 27 17 25.
774 165 43 17 1157

159 227 89 21 Pröfvar
265 227 115 22 Hofrätten
398 228 145 28 ansökningen
564 228 87 22 tillhöra
664 234 79 15 annan
759 228 82 21 Under-

89 262 55 20 rätts
158 260 140 28 behandling,
307 260 80 24 förvise
401 262 67 21 saken
478 262 35 23 dit
527 262 41 21 och
582 262 97 22 meddele
694 262 36 21 det
745 262 41 21 den
796 262 45 21 Un-

90 295 87 26 derrätt,
193 302 46 14 som
254 295 124 29 densamma
395 296 105 28 upptagit.
529 291 32 26 Är
578 296 187 28 inställelsedagen
783 298 58 20 ännu

90 330 18 28 ej
128 330 59 26 inne;
207 330 48 28 foge
271 330 130 22 sistnämnde
416 330 127 22 Underrätts
562 330 130 22 ordförande
710 332 76 26 genast
804 338 37 14 an-

89 364 57 27 stalt,
162 366 32 20 att
209 364 133 28 stämningen
357 364 76 22 blifver
447 364 49 22 från
509 366 90 21 Rättens
615 365 50 21 dörr
675 366 115 27 borttagen
801 365 41 22 och

88 399 127 28 kungörelse
231 407 34 14 om
280 399 47 22 dess
347 398 146 24 återkallande
507 400 7 22 i
529 400 109 22 allmänna
655 400 137 27 tidningarne
809 400 32 21 in-

88 434 58 26 förd;
162 434 66 21 sände
243 434 40 22 ock
297 433 125 23 Hofrättens
441 434 70 22 beslut
525 434 67 28 jemte
610 434 43 22 alla
671 434 33 22 till
723 434 66 22 saken
803 434 39 22 hö-

88 469 68 21 rande
171 468 127 28 handlingar
309 468 33 22 till
354 469 40 21 den
406 468 68 22 andra
484 469 155 26 Underrätten;
654 469 41 21 och
709 468 67 22 varde
789 468 53 22 kon-

89 504 79 20 kursen
187 503 42 25 der,
245 505 53 19 utan
316 502 100 22 afseende
431 502 13 22 å
458 503 55 21 hvad
531 503 59 21 förut
608 502 96 28 åtgjordt
718 502 76 27 blifvit,
808 503 34 21 till

88 545 29 21 ny
134 537 130 28 behandling
281 539 117 26 upptagen.
430 537 46 21 Har
498 537 187 28 inställelsedagen
705 537 68 23 redan
794 536 48 28 gått

88 572 62 26 förbi,
167 571 27 22 då
213 572 55 21 skall
286 572 66 21 saken
370 572 24 21 af
411 572 40 21 den
466 572 57 26 Rätt,
538 579 46 15 som
602 571 55 22 först
670 571 106 28 handlagt
790 571 51 23 den-

88 614 89 20 samma,
192 607 99 21 hänvisas
306 606 33 22 till
354 606 73 22 vidare
441 606 113 22 utförande
568 606 36 22 vid
622 606 41 22 den
682 605 93 31 domstol
788 606 53 29 Hof-

88 643 72 20 rätten
176 641 99 26 bestämt,
294 641 40 22 och
353 637 156 32 handlingarne
523 641 68 28 jemte
609 640 36 23 det
661 640 115 29 protokoll,
794 635 48 28 som

87 675 59 22 fördt
160 677 31 25 är,
207 675 32 22 dit
253 675 144 22 öfversändas.

434 727 12 28 8
461 729 34 20 24.

156 763 19 28 Å
189 769 159 28 inställelsedag
365 769 44 23 låte
423 770 79 21 Rätten
519 769 125 28 offentligen
661 769 93 28 uppläsa
769 769 71 27 gälde-

87 805 78 21 närens
180 804 95 21 ansökan
290 804 58 26 eller,
364 803 38 22 der
416 804 55 21 hans
486 804 103 28 egendom
605 804 53 21 efter
672 804 118 27 borgenärs
804 811 36 20 yr-

87 838 70 21 kande
179 838 101 26 afträdes,
298 838 93 21 beslutet
413 838 79 27 derom,
511 837 24 22 så
553 838 40 21 ock
615 838 68 27 öfrige
704 838 135 27 handlingar,

87 873 79 21 hvaraf
185 873 159 27 borgenärerne
365 873 72 21 kunna
460 880 34 14 om
515 872 66 22 saken
603 873 65 27 nödig
690 872 98 28 kunskap
810 871 29 22 få.

88 907 71 22 Sedan
177 907 55 27 gifve
250 907 54 21 hvar
321 906 108 28 borgenär
447 907 118 27 skriftligen
579 914 46 20 upp
640 908 33 20 sin
688 907 88 21 fordran
790 906 50 22 med

87 942 41 21 den
142 942 44 20 rätt
201 942 43 20 han
258 940 85 29 påstår;
358 941 63 28 lägge
440 942 40 20 ock
499 942 25 21 de
538 942 129 27 handlingar
681 941 29 27 in,
725 940 29 29 på
768 940 72 23 hvilka

86 977 44 21 han
145 976 32 21 sin
192 976 60 21 talan
270 976 101 27 grundar.
402 976 143 21 Obemedlade
563 978 80 25 parter,
663 983 46 14 som
728 976 18 28 ej
766 975 74 28 sjelfve

85 1012 74 20 kunna
177 1010 86 27 skrifva,
278 1017 51 15 vare
348 1010 55 22 dock
420 1009 78 23 tillåtet
516 1012 32 20 att
566 1010 47 22 sina
632 1010 123 28 fordringar
770 1011 70 21 munt-

86 1046 57 28 ligen
158 1045 90 21 anmäla.

154 1079 44 21 Vill
212 1079 113 27 borgenär,
340 1078 47 22 före
398 1078 192 28 inställelsedagen,
603 1079 32 21 sin
646 1078 118 28 ansökning
773 1078 67 28 jemte

86 1114 129 26 handlingar
233 1114 33 20 till
284 1113 79 21 Rätten
381 1112 80 28 ingifva
479 1113 51 21 eller
548 1113 97 25 insända,
660 1112 76 22 stånde
751 1112 36 22 det
801 1113 38 21 ho-

86 1155 51 14 nom
155 1147 56 26 fritt;
231 1148 40 21 och
289 1146 79 23 Rätten
386 1146 43 23 låte
447 1145 13 22 å
478 1146 185 28 inställelsedagen
678 1146 162 23 vederbörande

86 1184 74 25 parter
171 1181 66 22 undfå
247 1181 121 22 kännedom
376 1189 34 14 om
421 1181 134 28 handlingar,
564 1188 47 15 som
617 1181 59 22 förut
686 1181 100 21 inkomne
793 1183 45 19 äro.

154 1211 31 26 Är
199 1215 118 28 borgenärs
332 1215 90 22 fordran
436 1214 74 27 sådan,
525 1217 32 20 att
571 1215 101 28 beloppet
688 1215 62 22 deraf
759 1215 19 28 ej
790 1215 49 22 med

86 1250 79 21 visshet
179 1249 130 23 bestämmas
323 1250 49 26 kan,
387 1249 101 29 uppgifve
506 1250 65 21 likväl
588 1249 57 22 hvad
659 1249 43 22 han
717 1250 63 27 högst
795 1249 43 22 for-

87 1284 40 22 dra
141 1285 43 21 vill.

431 1320 11 27 &
459 1320 33 20 25.

154 1361 69 21 Yrkas
238 1361 25 21 af
275 1361 92 21 flertalet
381 1361 49 21 utaf
444 1362 26 20 de
484 1361 136 27 borgenärer,
632 1367 46 14 som
689 1360 14 21 å
713 1360 125 21 inställelse-

87 1395 69 26 dagen
170 1395 135 26 personligen
321 1395 51 21 eller
387 1402 77 19 genom
478 1395 79 21 ombud
571 1394 200 25 tillstädeskommit,
786 1394 52 21 eller

87 1428 24 21 af
124 1429 129 27 gäldenären
272 1429 40 21 och
331 1437 26 13 en
376 1429 34 21 del
428 1429 24 21 af
467 1429 61 21 desse
543 1429 136 28 borgenärer,
695 1429 101 27 antingen
811 1427 28 22 då

86 1463 52 21 eller
160 1465 39 20 när
217 1463 69 22 första
304 1465 107 26 uppropet
429 1463 66 28 enligt
512 1463 12 28 $
544 1464 26 20 35
589 1463 109 26 anställes,
717 1465 33 20 att
767 1461 71 29 någon

86 1498 106 28 borgenär
210 1498 39 22 bör
267 1499 33 21 sin
318 1498 105 29 uppgifna
440 1497 88 22 fordran
546 1497 49 22 med
613 1497 53 28 liflig
685 1497 26 22 ed
732 1497 104 27 bekräfta,
