1014 1723
284 147 72 24 Nådiga
368 149 137 21 Propositionen
518 149 33 17 N:o
564 149 29 17 32.
745 149 43 17 1619

131 213 49 21 Med
195 213 114 27 anledning
323 213 65 22 häraf
399 213 40 21 har
454 214 59 21 Hans
528 213 120 29 Kejserliga
662 213 102 28 Majestät
777 220 35 15 ve-

61 248 32 22 lat
107 248 33 21 till
156 247 130 22 Ständernas
301 247 126 29 antagande,
442 248 8 20 i
465 248 40 21 den
521 248 90 27 ordning
629 248 133 28 grundlagen
776 248 36 21 be-

61 284 108 24 stämmer,
192 282 129 21 öfverlemna
342 282 81 27 förslag
444 282 33 21 till
498 282 94 28 följande
613 281 170 29 lagstadganden
804 281 8 21 i

64 318 81 20 ämnet:

414 351 47 27 81.

131 391 73 21 Sätter
220 390 72 28 någon
310 391 34 21 eld
362 390 14 22 å
393 391 38 22 sitt
445 391 40 21 hus
500 392 51 21 eller
566 390 13 22 &
594 392 33 20 sin
641 392 46 21 lösa
702 391 109 27 egendom,

62 426 8 21 i
85 425 65 28 afsigt
164 427 32 20 att
210 424 109 23 ätkomma
334 426 124 27 ersättning,
474 433 45 14 som
534 433 76 21 genom
624 426 73 22 husets
709 426 51 21 eller
772 426 41 21 den

62 461 47 21 lösa
124 459 141 29 egendomens
280 460 121 28 försäkring
414 462 45 19 mot
479 460 136 23 brandskada
632 460 68 22 utfäst
714 461 31 25 är,
761 460 53 22 eller

63 495 8 21 i
89 497 67 19 annat
174 495 84 27 svikligt
276 494 64 29 syfte;
360 495 85 22 straffes
462 495 49 21 med
529 495 74 22 arbete
621 494 13 22 å
655 495 88 21 tukthus
765 493 49 23 från

64 531 31 20 ett
112 529 34 21 till
163 529 47 28 fyra
229 528 30 22 är.
292 529 50 21 Blef
357 537 77 20 genom
453 529 40 21 den
512 529 34 22 eld
565 537 80 14 annans
663 529 80 28 boning
762 529 51 21 eller

63 564 104 27 egendom
181 564 8 21 i
204 563 48 22 fara
266 565 52 25 satt;
334 571 49 14 vare
398 563 85 22 straffet
497 564 73 21 arbete
585 563 13 22 å
612 564 88 21 tukthus
715 562 48 23 från
777 563 37 22 två

63 598 34 21 till
111 605 38 14 sex
164 597 30 22 år.
223 598 74 27 Ljuter
314 596 71 29 någon
404 598 25 22 af
444 598 96 22 branden
559 598 69 22 döden
646 598 52 21 eller
716 597 34 22 får
764 597 49 22 svår

63 632 158 28 kroppsskada;
236 632 65 22 varde
320 633 191 27 gerningsmannen
531 633 64 21 dömd
609 633 33 21 till
656 632 136 23 straffarbete
806 633 8 20 i

63 667 89 22 tukthus
166 666 30 29 pä
210 667 67 21 lifstid
292 667 52 22 eller
358 666 48 23 från
421 667 46 22 åtta
481 667 33 21 till
529 668 29 21 tio
575 667 30 22 är.

417 726 11 28 8
444 727 19 20 2.

133 761 31 26 Är
179 766 34 22 eld
228 765 56 22 äsatt
299 766 40 21 hus
354 765 51 22 eller
420 766 141 28 lösegendom,
577 767 8 20 i
599 766 38 21 fall
651 766 89 22 hvarom
754 767 7 20 i
776 767 11 27 $
801 768 10 19 1

65 802 55 27 sägs,
139 808 49 14 men
205 801 77 22 varder
300 801 61 22 elden
379 801 74 26 släckt,
472 801 65 21 innan
556 801 40 21 den
615 801 31 28 sig
664 801 88 21 utbredt
772 801 41 21 och

64 835 68 22 skada
147 836 66 28 gjort;
228 835 87 22 straffes
330 835 191 29 gerningsmannen
539 835 48 22 med
605 835 94 29 fängelse
714 835 48 22 frän
777 843 37 14 sex

64 870 104 22 mänader
183 871 32 21 till
229 871 63 27 högst
306 870 36 22 tvä
357 870 30 22 är.

417 918 47 27 83.

132 957 138 28 Delaktighet
287 957 8 21 i
313 957 156 22 ofvannämnda
487 957 138 28 förbrytelser
642 957 114 23 bestraffas
779 964 35 15 en-

64 991 40 28 ligt
119 993 25 19 61
161 991 91 28 kapitlet
265 991 236 29 Missgerningsbalken.

417 1049 12 27 8
445 1051 19 19 4.

133 1089 265 28 Brandskadeersättning,
414 1097 45 15 som
474 1097 75 21 genom
564 1090 120 28 försäkring
699 1090 69 22 blifvit
778 1090 36 22 be-

65 1124 81 28 tingad,
161 1131 51 14 vare
231 1124 61 21 alltid
310 1124 112 22 förverkad
441 1123 27 22 dä
485 1124 221 28 försäkringstagaren
724 1124 90 28 öfverty-

67 1165 38 21 gas
121 1160 31 20 att
167 1158 63 22 hafva
245 1158 97 22 anstiftat
357 1159 95 21 branden
467 1159 51 21 eller
534 1159 54 21 varit
600 1159 8 20 i
623 1159 81 21 brottet
715 1158 99 28 delaktig.

260 1204 72 28 Enligt
346 1204 60 22 Hans
421 1205 120 27 Kejserliga
555 1204 110 28 Majestäts
680 1204 85 28 Nädiga
778 1204 37 22 be-

202 1238 100 28 fallning,
325 1238 69 28 gifven
416 1240 7 20 i
446 1238 31 22 S:t
498 1239 139 27 Petersburg,
661 1239 40 21 den
721 1240 25 20 10
769 1239 45 27 (22)

203 1272 58 22 Mars
278 1274 60 20 1867.

348 1328 64 25 Alex.
431 1329 108 24 Armfelt.

401 1395 10 16 1
423 1396 62 16 Förste
497 1396 248 20 Expeditionssekreterarens
758 1395 56 17 ställe:

516 1426 30 20 Ch.
558 1427 38 19 Em.
608 1428 106 18 Frosterus.
