1025 1723
317 148 73 24 Nädiga
402 150 138 21 Propositionen
552 150 35 16 N:o
600 150 27 16 25.
782 151 45 16 1153

165 208 32 26 Är
207 212 116 22 verkställä
333 213 125 29 utmätning
473 212 146 30 öfverklagad;
635 212 35 23 mä
684 212 78 29 frägan
777 213 74 21 derom

96 246 119 22 behandlas
230 247 8 21 i
253 247 41 21 den
308 247 35 21 för
358 248 54 20 slika
426 247 44 22 mål
485 248 104 27 stadgade
603 248 91 27 ordning
709 248 47 26 och,
768 254 34 15 om
816 249 34 19 ut-

96 281 124 27 mätningen
241 281 76 22 blifver
339 280 126 28 ständande,
484 282 8 21 i
509 281 160 22 konkursmälet
690 282 87 28 pröfvas
794 282 57 21 hvad

96 314 140 23 förmänsrätt
251 315 41 22 den
306 315 98 22 medföra
418 316 49 22 kan.

444 376 12 28 s
473 377 33 20 11.

166 418 181 28 Utsökningsmäl,
363 425 46 15 som
424 420 25 20 är
463 419 39 21 hos
517 418 112 23 Guvernör
643 418 124 28 anhängigt,
779 418 72 26 varde,

98 451 28 23 dä
144 452 101 22 anmälan
262 454 49 20 sker
329 455 33 19 att
380 453 41 22 den
439 453 96 28 lagsökte
550 454 69 21 blifvit
634 453 78 22 försatt
725 453 8 21 i
746 452 106 22 konkurs-

97 486 104 27 tillständ,
216 486 48 23 frän
279 488 139 22 Guvernören
435 488 34 21 till
486 488 214 22 konkursdomstolen
718 487 82 27 förvist,
818 486 35 22 sä-

97 521 66 22 framt
177 522 47 21 icke
238 522 135 28 borgenären
391 522 85 28 afsäger
493 522 33 29 sig
544 521 94 29 anspråk
655 521 30 29 pä
700 522 131 28 delaktighet
844 521 8 21 i

98 556 188 22 konkursmassan.

167 591 52 26 Har,
231 592 66 20 innan
310 591 95 22 konkurs
420 592 83 28 börjats
518 592 53 22 eller
584 592 102 21 anmälan
700 591 75 22 derom
790 591 62 26 skett,

100 625 122 23 Guvernörs
239 626 72 28 utslag
328 626 56 22 fallit
402 626 40 22 och
461 628 26 19 är
501 626 122 28 derigenom
638 625 215 28 hetalningsskyldig-

98 660 38 22 het
150 660 131 28 gäldenären
296 659 70 29 älagd,
382 660 36 22 mä
432 660 59 22 talan
507 661 94 21 deremot
615 660 103 28 fullföljas
728 660 9 21 i
748 660 41 21 den
804 659 49 22 ord-

99 694 58 28 ning,
179 701 46 15 som
246 694 35 22 för
301 694 172 28 utsökningsmäl
491 695 91 27 stadgad
600 696 31 25 är,
651 694 39 22 och
709 694 25 22 af
749 694 104 22 konkurs-

100 728 125 27 domstolen,
248 728 90 22 såframt
360 729 124 27 fordringen
506 729 38 21 der
561 728 98 22 bevakad
676 728 83 27 blifver,
778 728 76 22 endast

99 763 130 21 bestämmas
248 763 41 21 den
307 764 45 20 rätt
369 764 135 27 borgenären
521 764 8 20 i
548 763 41 21 den
607 762 101 22 afträdda
723 762 132 29 egendomen

99 797 135 26 tillkommer,
251 797 54 21 efter
320 798 36 21 det
370 797 85 28 belopp,
471 798 86 21 hvartill
575 797 124 28 fordringen
714 803 79 22 genom.
804 796 51 28 laga

100 831 59 22 kraft
175 832 81 28 egande
271 832 93 22 domslut
378 832 44 22 kan
436 832 67 22 blifva
517 832 115 22 fastställd.

447 894 12 27 8
476 895 33 20 12.

169 931 32 26 Är
215 936 51 21 tvist
281 943 34 14 om
330 935 126 29 giltigheten
467 936 24 21 af
499 935 66 29 nägot
576 937 57 21 emot
647 935 131 28 gäldenären
791 935 64 22 väckt

101 970 216 28 betalningsanspräk
338 970 35 22 vid
395 970 132 22 konkursens
553 971 78 28 början
652 971 39 21 hos
712 977 72 15 annan
805 969 52 22 Rätt

102 1005 118 28 anhängig,
236 1005 52 21 eller
306 1005 62 27 eljest
386 1003 24 23 sä
427 1005 119 26 beskaffad,
562 1007 33 19 att
609 1005 128 28 pröfningen
752 1003 63 22 deraf
827 1003 30 28 pä

102 1047 73 14 annan
189 1040 51 21 Rätt
255 1040 134 26 ankommer;
404 1039 66 22 varde
489 1039 40 21 den
548 1039 38 22 der
604 1039 86 28 afgjord
709 1039 40 21 och
768 1038 25 21 af
804 1038 52 21 kon-

102 1074 172 22 kursdomstolen
292 1073 108 23 bestämdt
417 1073 50 22 med
484 1073 56 21 hvad
558 1074 44 20 rätt
621 1073 40 21 den
679 1072 110 28 betalning
803 1071 53 29 utgå

103 1108 61 27 skall,
180 1115 46 15 som
239 1108 135 28 borgenären
389 1108 25 22 af
426 1108 89 28 behörig
530 1107 93 22 domstol
635 1106 146 23 tillerkännes.

416 1202 79 22 Kap.
515 1203 32 17 2.
720 1220 3 2 :

256 1252 31 20 Om
296 1238 127 45 rättegängen
438 1251 56 21 sedan
508 1251 81 21 konkurs
603 1250 64 28 börjad
682 1252 26 19 är.

452 1302 11 27 8
481 1303 31 20 13.

175 1340 30 25 Är
219 1345 96 21 ansökan
331 1352 35 13 om
380 1344 115 27 egendoms
510 1343 127 22 afträdande
649 1343 23 21 af
681 1343 103 27 gäldenär
795 1343 64 27 gjord

107 1379 52 21 eller
174 1378 40 22 ock
228 1378 29 27 pä
270 1378 118 26 borgenärs
403 1378 95 26 begäran
515 1377 72 21 beslut
602 1377 73 21 derom
690 1376 24 22 af
726 1376 78 22 Rätten
819 1376 40 21 fat-

106 1412 55 27 tadt,
176 1414 80 20 utsätte
270 1412 78 21 Rätten
363 1412 51 21 eller
429 1411 48 22 dess
492 1410 129 23 ordförande
636 1411 75 21 förhör
726 1412 33 20 att
772 1410 9 22 i
795 1410 66 22 saken

109 1447 109 27 anställas,
234 1446 13 23 å
261 1446 74 22 landet
348 1446 58 22 inom
420 1448 34 20 tre
469 1446 40 22 och
523 1446 8 21 i
545 1445 49 22 stad
608 1446 58 21 inom
680 1444 37 23 två
731 1445 78 22 veckor
820 1444 40 22 och

108 1482 44 23 läte
174 1482 70 22 dertill
266 1481 59 23 kalla
346 1481 135 29 gäldenären,
504 1480 89 23 säframt
610 1481 43 21 han
671 1480 8 22 i
696 1480 75 22 landet
787 1480 73 26 vistas,
