1003 1720
213 140 44 16 1282
411 139 71 23 Nädiga
493 140 137 21 Propositionen
642 140 35 16 N:o
683 140 34 16 25.

259 202 109 27 äfvensom
383 205 32 17 att
423 201 155 29 frånvarande
594 201 133 28 borgenärer
743 208 19 15 0.
775 207 16 16 s.
803 208 19 14 v.
834 201 45 21 lika
890 199 49 23 med

256 236 168 27 propositionen.

530 273 26 28 88
572 274 90 21 61—84.

523 310 154 23 Oförändrade.

535 405 79 24 Kap.
633 407 32 16 6.

261 455 31 21 Om
311 454 95 28 gäldenärs
424 452 207 30 betalningsskyldighet
649 454 47 22 efter
709 454 104 22 konkursen
827 454 33 22 och
874 461 68 15 ansvar

390 491 29 22 för
432 491 102 27 bedrägeri,
548 491 74 21 tredska
637 492 45 20 eller
695 490 116 23 vårdslöshet.

571 546 11 28 s
598 546 34 20 85.

317 588 77 22 Första
415 588 83 29 stycket
515 588 145 27 oförändradt,
679 589 111 21 hvaremot
804 588 69 22 andra
887 590 55 27 styc-

260 624 37 22 ket
311 622 92 24 erhåller
417 623 94 28 följande
526 623 90 28 lydelse:

319 657 47 22 För
381 658 69 26 skuld,
466 664 45 15 som
525 659 68 20 innan
608 657 131 22 konkursens
755 657 79 30 början
849 657 93 23 tillkom-
955 680 5 4 .

260 694 47 25 mit,
323 699 52 15 vare
393 693 108 28 gäldenär
516 693 19 28 ej
551 692 124 29 bysättning
689 692 147 22 underkastad
851 694 10 20 i
875 696 68 18 annat

255 728 54 28 fall,
325 728 30 20 än
370 734 34 14 om
419 726 48 22 skäl
481 728 57 20 visas
555 725 36 23 till
605 725 122 30 antagande
743 727 65 28 deraf
822 730 33 17 att
869 727 75 28 gälde-

261 763 70 19 nären
352 761 54 29 efter
429 761 120 21 konkursen
566 762 93 20 innehar
678 768 47 14 men
738 761 144 29 undandöljer
899 762 45 20 till-

261 796 60 28 gång
344 795 38 22 och
404 795 43 21 han
464 796 11 20 i
493 798 22 26 ty
531 796 46 28 fall:
596 796 19 28 ej
633 796 67 28 gitter
719 796 36 21 vid
774 796 92 20 domstol
882 796 13 21 å
910 795 34 21 tid

263 838 46 13 som
331 830 76 22 dertill
429 830 130 26 bestämmes,
578 830 47 21 med
641 830 25 20 ed
681 830 74 28 styrka
770 833 32 18 att
818 830 42 20 han
876 830 19 29 ej
910 830 34 21 så-

263 865 44 20 dan
330 865 93 28 tillgång
447 871 56 22 eger.
533 863 51 22 Har
606 865 20 28 ej
644 865 113 28 gäldenär,
777 871 75 22 genom
868 865 77 21 bedrä-

262 899 55 28 geri,
327 899 126 28 oredlighet,
463 898 87 22 tredska
561 893 51 27 eller
624 899 135 21 vårdslöshet
771 903 54 17 emot
838 900 45 20 sine
896 899 48 21 bor-

262 934 94 27 genärer
379 934 32 27 sig
425 933 119 28 förbrutit,
559 933 59 29 njute
634 934 105 21 dessutom
754 934 40 21 den
802 934 94 29 förmån
912 937 32 18 att

263 968 26 29 af
306 967 53 22 hans
378 968 123 28 tillgångar
519 969 10 20 i
536 968 130 28 framtiden,
676 969 43 27 för
734 967 68 27 skuld,
818 975 44 13 som
876 969 68 20 innan

263 1001 121 22 konkursen
399 1001 130 28 tillkommit,
546 1002 19 29 ej
580 1003 35 20 må
630 1003 10 20 i
650 1003 45 20 mät
707 1005 63 26 tagas
783 1001 56 22 hvad
851 1003 35 20 till
897 1003 47 28 gäl-

264 1036 105 22 denärens
385 1039 52 26 eget,
453 1036 53 21 hans
517 1036 74 21 makas
603 1036 39 21 och
652 1037 148 28 minderärige
813 1037 65 21 barns
890 1037 54 28 tarf-

265 1071 46 28 liga
332 1070 116 22 underhåll
469 1071 79 28 nödigt
570 1071 33 26 är,
623 1071 38 20 och
675 1078 51 14 vare
742 1072 20 28 ej
777 1071 67 22 heller
859 1071 85 29 skyldig

265 1108 33 18 att
313 1104 68 21 sådan
397 1105 62 21 skuld
473 1105 46 21 med
535 1105 71 21 arbete
622 1105 89 29 aftjena.

355 1139 76 28 Tredje
445 1139 82 28 stycket
542 1139 146 22 oförändradt.

574 1194 11 29 8
601 1195 33 20 86.

321 1235 80 28 Början
419 1236 46 22 och
477 1243 63 15 mom.
557 1245 19 18 a,
595 1236 19 27 b,
634 1244 16 19 o,
669 1237 14 22 d
702 1237 40 22 och
762 1244 10 14 e
791 1237 153 27 oförändrade;

265 1270 110 21 hvaremot
390 1270 64 21 slutet
467 1270 85 21 komme
567 1271 32 21 att
613 1270 60 27 lyda:

321 1302 57 22 skall
400 1303 43 20 han
465 1303 94 21 dömmas
579 1304 35 20 till
633 1304 86 21 tukthus
731 1304 55 29 frän
801 1305 38 20 och
853 1304 48 21 med
916 1308 30 17 ett

265 1337 36 21 till
323 1336 39 22 och
383 1338 46 20 med
447 1345 36 13 sex
502 1338 27 20 är
544 1342 55 17 samt
607 1338 118 30 förklaras
741 1339 93 29 ovärdig
848 1339 98 22 medbor-

265 1372 83 29 gerligt
357 1372 130 29 förtroende
496 1372 59 29 frän
569 1373 39 21 och
622 1373 47 21 med
685 1377 32 17 tre
733 1374 36 21 till
784 1374 38 21 och
836 1375 48 21 med
889 1374 57 29 fem-

267 1410 36 18 ton
319 1407 34 21 är.

323 1441 51 22 Med
392 1441 129 31 -ovärdighet
537 1442 25 30 af
574 1442 171 30 medborgerligt
753 1444 131 29 förtroende
894 1444 52 30 för-

267 1477 45 21 stäs
320 1477 86 29 förlust
420 1478 27 28 af
458 1477 135 29 rättigheten
607 1480 33 18 att
652 1478 92 22 bekläda
756 1479 52 21 eller
818 1480 77 28 utöfva
906 1486 40 14 em-
