981 1725
212 154 44 17 1374
417 152 71 24 Nådiga
500 154 137 21 Propositionen
649 153 34 17 N:o
696 154 28 15 27.

189 215 28 22 då
234 216 123 28 derigenom
376 223 26 15 en
419 216 48 22 icke
484 216 108 28 obetydlig
608 216 95 27 lindring
720 214 34 22 för
773 214 53 26 dem,
845 221 39 15 som
896 214 44 21 för

188 250 135 22 närvarande
337 252 77 27 utgöra
429 250 59 22 detta
501 250 83 26 besvär,
599 250 84 22 komme
697 251 33 20 att
747 248 85 29 uppstå,
848 250 33 20 att
895 248 45 22 lan-

191 285 45 22 dets
258 285 87 22 ständer
362 285 50 22 ville
434 286 48 21 med
504 284 151 29 upphäfvande
674 284 25 22 af
715 286 11 20 3
746 284 95 28 punkten
859 284 8 20 i
885 283 57 22 före-

189 320 72 28 nings-
279 320 41 22 och
337 320 176 22 säkerhetsakten
532 320 24 22 af
572 320 40 21 den
632 320 22 21 21
673 318 104 22 Februari
796 319 40 21 och
851 320 12 19 3
879 318 63 28 April

191 356 62 25 1789,
272 356 55 20 samt
345 356 13 19 8
377 356 11 27 &
406 355 7 21 i
433 354 71 29 adliga
526 355 150 28 privilegierna
698 354 24 22 af
742 354 41 21 den
802 354 25 20 16
847 353 95 21 Oktober

191 390 55 20 1723
261 389 40 21 och
317 390 13 20 7
345 390 11 26 $
372 390 7 20 i
393 388 168 29 presteståndets
576 389 121 28 privilegier
712 389 25 21 af
748 395 83 15 samma
846 388 48 28 dag,
910 388 32 21 till

190 423 42 22 den
250 423 35 21 del
307 423 62 21 dessa
390 424 84 26 lagrum
496 422 108 23 innehålla
626 423 160 27 bestämningar
807 430 35 14 om
864 422 78 28 skjuts-

189 457 171 28 ningsbesvärets
378 458 126 27 utgörande,
524 460 79 26 antaga
620 459 9 19 1
647 458 11 28 $
673 458 8 20 i
696 457 36 22 det
748 456 80 28 nådiga
845 457 97 27 proposi-

190 492 73 22 tionen
277 492 87 28 bilagda
379 492 81 29 förslag
474 492 32 22 till
521 492 126 28 förordning
662 490 111 30 angående
783 490 160 29 skjutshållnin-

191 533 41 21 gen
247 526 40 22 och
302 526 177 28 gästgifverierna
492 528 7 20 i
514 526 97 22 Finland.

259 561 62 22 Hvad
339 561 73 23 vidare
431 561 68 28 angår
517 563 13 20 2
549 562 11 28 $
580 562 12 21 3
610 568 71 20 mom.,
700 561 86 22 hvarest
803 560 90 23 föreslås
911 562 33 20 att

190 595 155 29 kungsgårdar,
360 596 201 29 kungsladugårdar
579 598 56 20 samt
649 596 112 26 boställen,
776 595 81 22 indelta
872 595 29 28 på
916 595 28 22 ci-

191 630 45 27 vil-,
255 631 84 22 militie-
357 631 41 22 och
417 631 220 26 ecklesiastik-staten,
655 631 73 22 hvilka
745 632 39 21 äro
805 629 30 29 på
853 630 91 22 arrende

193 664 22 23 åt
230 665 95 22 enskilde
339 673 103 20 personer
455 661 104 33 upplåtne
574 666 52 22 eller
641 665 61 28 eljest
717 666 24 21 af
754 665 47 22 dem
812 665 133 27 innehafvas,

192 700 60 22 skola
270 700 7 21 i
295 700 274 29 hållskjutsningsbesväret
588 701 87 28 deltaga
693 699 24 23 sä
735 703 60 19 snart
817 701 41 21 den
880 707 65 15 nuva-

192 735 67 22 rande
278 736 150 21 arrendetiden
446 736 71 27 utgått
535 737 51 20 eller
604 736 163 21 innehafvarens
786 735 160 28 besittningstid

191 770 102 27 upphört,
312 770 43 21 kan
377 770 219 28 grundlagsutskottet
618 770 46 21 icke
686 770 106 28 tillstyrka
815 770 48 21 dess
885 771 61 20 anta-

193 804 69 28 gande
277 804 146 22 oförändradt.
453 805 33 21 En
501 807 45 19 stor
561 805 34 21 del
610 804 24 22 af
649 805 93 21 kronans
761 804 105 22 -boställen
882 804 64 22 hafva

193 838 86 29 nyligen
300 839 69 21 blifvit
391 839 168 22 utarrenderade
576 839 34 22 för
630 846 26 15 en
673 839 32 21 tid
723 839 24 21 af
763 838 73 22 femtio
855 838 31 26 är,
906 839 40 21 och

192 874 94 27 utsigten
301 876 32 19 att
349 874 92 22 derefter
452 874 80 28 jemväl
551 875 72 21 dessas
641 874 138 22 innehafvare
793 874 85 22 komme
893 875 32 21 att
939 874 8 21 i

194 908 240 28 skjutsningsbesvärets
448 910 120 27 utgörande
582 909 92 28 deltaga,
691 910 24 20 är
730 909 24 21 af
769 909 50 28 föga
837 908 109 28 betydelse

193 944 40 20 när
251 950 50 15 man
319 942 81 29 äsyftar
418 944 93 27 lindring
530 944 24 21 af
569 951 30 14 nu
617 943 109 28 utgäende
741 944 205 28 skjutsningstunga,

193 977 58 22 helst
268 979 89 27 antagas
376 978 43 21 kan
438 980 32 20 att
488 978 54 22 efter
560 978 73 22 femtio
651 977 36 22 års
705 978 85 28 förlopp
813 978 44 21 helt
880 978 68 21 andra

195 1012 94 28 grunder
302 1012 35 22 för
351 1012 230 28 gästgifveriskjutsens
596 1012 190 28 upprätthällande
803 1012 63 22 torde
883 1012 65 22 hafva

195 1046 58 28 gjort
267 1047 32 27 sig
315 1046 105 28 gällande.
444 1046 59 22 Skall
518 1047 62 21 dessa
593 1046 135 28 lägenheters
745 1047 127 27 deltagande
886 1047 61 21 verk-

194 1080 57 28 ligen
267 1079 148 23 ästadkomma
429 1088 26 15 en
469 1081 93 28 lindring
578 1081 33 21 för
627 1081 26 21 de
668 1088 28 14 nu
715 1081 233 28 skjutsningsskyldige,

194 1115 41 21 bör
250 1114 77 22 sädant
341 1115 89 21 inträffa
444 1116 57 21 inom
520 1123 26 14 en
560 1116 41 21 viss
619 1116 98 21 bestämd
735 1116 87 21 kortare
839 1116 39 21 tid.
907 1116 42 21 Det

195 1149 40 22 har
249 1149 125 28 visserligen
393 1150 109 22 anmärkts
521 1152 32 20 att
571 1150 127 22 arrendator
716 1150 24 21 af
755 1149 159 23 kronoboställe
930 1149 18 28 ej

195 1184 40 21 bör
249 1184 50 21 med
317 1184 50 21 slikt
385 1184 76 22 besvär
475 1185 105 28 betungas
599 1186 52 20 enär
665 1185 43 21 han
723 1185 46 21 icke
784 1185 7 21 i
806 1185 143 21 arrendekon-

196 1219 81 21 traktet
291 1219 71 21 dertill
377 1219 111 21 förbundit
502 1219 38 28 sig,
557 1219 39 22 och
612 1219 68 21 ehuru
694 1219 104 22 utskottet
813 1219 62 22 äfven
886 1226 64 15 anser

196 1251 79 24 sädant
288 1253 47 21 icke
349 1253 73 21 kunna
436 1253 85 22 komma
536 1254 7 20 i
558 1253 62 28 fräga
634 1255 52 20 utan
698 1254 117 26 ersättning
827 1253 24 22 af
860 1253 90 26 kronan,

195 1288 47 20 tror
259 1287 106 20 utskottet
382 1285 68 23 sädan
468 1288 118 27 ersätining
604 1286 25 22 sä
647 1287 84 28 mycket
748 1287 67 22 hellre
829 1287 73 22 kunna
916 1294 34 14 ar-

195 1321 105 22 rendator
317 1320 124 28 medgifvas,
460 1327 46 15 som
524 1321 83 21 kronan
625 1321 35 21 vid
679 1321 26 22 de
723 1321 86 28 nyligen
828 1321 74 22 hällna
916 1328 36 14 ar-

197 1355 208 22 rendeauktionerna
420 1354 86 23 erhällit
519 1355 105 29 betydligt.
642 1356 66 27 högre
723 1356 106 21 arrenden
843 1357 29 20 än
886 1356 64 21 förut.

199 1389 109 23 Utskottet
330 1388 90 23 föreslär
438 1389 30 28 pä
486 1390 62 22 dessa
566 1390 47 22 skäl
631 1392 32 20 att
689 1392 5 19 2
714 1391 11 28 $
745 1393 12 19 3
777 1398 62 15 mom.
859 1389 93 24 erhåller

196 1423 98 29 följande
307 1423 91 30 lydelse:

392 1458 155 31 Skyldigheten
558 1463 33 19 att
602 1462 10 20 i
623 1460 280 31 hällskjutsningsbesväret
910 1461 43 22 del-

340 1497 57 26 taga,
416 1495 100 29 vidtager
536 1497 29 20 tio
582 1495 26 22 är
624 1495 97 30 härefter
733 1497 43 28 för
791 1496 161 30 kungsgärdar,
