984 1714
276 153 70 23 Nådiga
358 154 138 22 Propositionen
508 154 33 17 N:o
555 154 28 17 27.
738 156 43 17 1363

406 218 10 27 8
432 219 20 19 4.

121 252 62 21 Inom
197 251 74 28 hvarje
285 252 127 26 vägdistrikt
427 252 61 21 skola
502 251 130 28 landsvägar
647 252 40 21 och
701 252 59 26 bror,
775 253 30 21 ef-

53 288 33 19 ter
101 285 25 22 af
137 285 144 22 landtmätare
295 285 8 21 i
317 285 89 27 behörig
425 285 91 27 ordning
531 285 115 21 verkställd
662 286 121 28 gradering,
797 287 9 21 i

54 319 99 22 afseende
172 318 13 22 å
204 320 62 20 deras
288 319 113 28 byggande
420 320 40 20 och
478 318 113 22 underhåll
605 319 94 23 fördelas
715 321 91 21 emellan

54 354 98 27 samtlige
170 360 65 20 egare
250 354 40 21 och
304 353 138 21 innehafvare
457 353 24 21 af
490 353 58 28 jord,
563 354 49 20 med
625 354 111 28 undantag
751 354 55 22 dock

54 388 24 22 af
90 388 148 26 lotshemman,
254 388 41 21 och
309 388 40 21 bör
363 387 35 22 vid
414 386 67 23 sådan
496 388 128 27 vägdelning
639 388 76 22 endast
725 388 82 28 tagas
795 382 16 39 i

53 422 142 22 betraktande
210 423 78 26 vägens
303 420 113 23 underhåll
432 422 40 21 den
487 421 32 21 tid
530 421 28 22 då
568 422 41 21 bar
619 422 62 21 mark
692 424 30 20 är.
745 423 61 21 Lots-

54 457 100 21 hemman
177 456 107 21 äfvensom
304 456 25 21 de
343 457 50 27 väg-
409 456 39 22 och
464 456 255 28 brobyggnadsskyldige,
734 457 73 21 hvilka

53 492 48 21 icke
120 492 37 21 äro
173 490 195 28 jordinnehafvare,
388 490 86 28 deltaga
487 491 8 20 i
510 490 65 29 sagde
593 490 76 22 besvär
684 498 77 21 genom
775 491 32 22 bi-

56 527 54 26 drag
127 526 8 21 i
152 526 126 27 penningar,
301 532 45 14 som
368 525 86 21 tillfalla
475 525 149 27 vägdistriktet
639 525 40 22 och
694 525 61 22 skola
770 533 37 14 an-

54 560 81 23 vändas
151 560 33 21 till
199 559 112 28 byggande
326 560 40 21 och
381 559 113 22 underhåll
509 559 24 21 af
546 559 47 21 dess
605 561 67 26 vägar
684 559 40 22 och
734 560 72 22 broar.

56 595 75 22 Såsom
146 595 69 28 grund
230 593 33 22 för
274 595 50 26 väg-
336 594 40 21 och
387 593 266 28 brobyggnadsdelningen
664 594 90 21 emellan
767 594 41 22 den

55 630 8 21 i
84 628 82 23 mantal
188 630 57 19 satta
257 628 78 28 jorden
351 627 67 28 gäller
432 628 162 27 lägenheternes
609 628 82 21 mantal
706 629 47 26 och,
769 629 38 22 der

56 663 128 28 förmedling
199 663 51 21 eller
265 663 155 27 uppskattning
435 663 62 25 skett,
514 662 36 21 det
561 669 43 20 nya
615 663 109 21 mantalet.
747 660 62 25 Dock

56 697 36 22 må
107 698 19 27 ej
142 696 67 23 sådan
224 696 127 28 förmedling
367 697 51 21 eller
433 697 154 27 uppskattning
599 697 24 21 af
631 697 88 27 mantal,
732 697 20 28 ej
764 698 44 21 hel-

56 733 33 21 ler
103 732 130 22 tillkomsten
248 731 24 22 af
284 731 120 28 nybyggen,
419 731 65 21 verka
499 731 108 28 rubbning
622 731 24 21 af
659 731 67 22 redan
741 732 68 22 skedd

56 766 135 29 vägdelning,
214 768 53 19 utan
289 765 69 22 denna
376 765 65 22 lända
455 765 33 21 till
503 765 142 22 efterrättelse
660 766 44 21 tills
718 774 29 20 ny
761 773 48 22 reg-

56 802 70 27 lering
148 801 34 21 för
201 807 71 14 annan
290 800 64 22 orsak
369 800 37 21 ske
421 800 61 21 skall.
511 799 47 22 Den
572 801 48 21 icke
633 800 8 22 i
656 801 82 22 mantal
753 803 57 20 satta

55 836 78 28 jorden
155 835 108 22 tillskiftas
286 834 62 21 andel
366 835 7 20 i
393 834 116 22 distriktets
531 835 68 27 vägar
617 835 40 21 och
671 835 66 22 broar
752 835 7 21 i
775 836 35 21 det

58 869 140 27 förhällande,
221 869 87 22 hvartill
330 869 123 21 densamma
474 869 35 21 vid
531 869 100 27 taxering
650 868 13 22 &
677 869 134 22 kommunal-

58 905 52 22 eller
133 905 171 21 socknestämma
320 903 9 21 i
346 903 82 21 mantal
449 903 134 27 uppskattas.
613 903 121 22 Enahanda
751 906 59 20 taxe-

58 940 49 27 ring
130 940 40 21 och
191 938 155 28 uppskattning
367 938 34 20 till
422 938 81 20 mantal
526 937 40 21 bör
588 937 62 22 äfven
668 938 37 22 ske
720 939 49 21 med
784 938 27 22 de

59 975 50 27 väg-
131 974 40 21 och
193 971 253 29 brobyggnadsskyldige,
465 972 72 22 hvilka
551 972 47 21 icke
613 972 37 21 äro
663 971 148 28 jordinnehaf-

59 1015 57 19 vare,
140 1009 55 20 samt
218 1007 62 21 deras
302 1006 109 22 äfvensom
433 1006 180 22 lotshemmanens
627 1006 184 29 penningebidrag

58 1042 35 22 till
106 1042 150 28 vägdistriktet
271 1040 73 22 dervid
358 1041 130 21 bestämmas
503 1040 54 22 efter
569 1040 190 28 mantalsgrunden
771 1041 40 22 och

61 1077 41 21 den
120 1076 98 26 kostnad,
236 1075 87 22 hvartill
340 1071 225 31 vägunderhället
530 1067 38 40 för
577 1074 50 28 jord
642 1074 24 22 af
679 1077 30 20 ett
723 1075 88 27 mantal,

59 1112 8 21 i
82 1111 94 27 enlighet
191 1110 48 22 med
254 1110 41 22 den
310 1109 80 22 skedda
404 1109 161 27 vägdelningen,
581 1108 24 22 af
617 1109 132 22 kommunal-
761 1110 51 21 eller

61 1145 170 22 socknestämma.
245 1144 86 27 pröfvas
342 1142 79 29 uppgå.
444 1143 62 22 Hvad
518 1143 132 22 kommunal-
663 1144 51 21 eller
725 1144 87 22 sockne-

61 1181 92 20 stämma
171 1180 6 20 i
196 1179 63 21 dessa
280 1178 40 21 fall
341 1177 93 26 beslutit,
457 1177 55 22 skall
534 1177 67 26 alltid,
621 1176 27 22 dä
663 1178 150 27 vägdistriktet

60 1212 74 23 består
152 1213 25 21 af
193 1213 51 21 flere
263 1214 27 19 än
309 1219 27 14 en
353 1212 107 25 kommun,
476 1210 71 22 såsom
562 1211 40 21 ock
617 1211 61 27 eljest
692 1210 69 23 sävidt
775 1219 38 14 an-

61 1246 40 29 gär
116 1247 98 21 Kronans
230 1246 202 27 öfverloppsjordar,
447 1246 78 26 skogar
540 1245 40 21 och
595 1245 79 27 parker
688 1245 34 21 till
733 1246 80 21 Guver-

62 1282 77 20 nörens
154 1281 8 20 i
176 1280 58 21 länet
249 1280 100 27 pröfning
364 1280 41 20 och
420 1278 117 28 afgörande
552 1279 133 27 hänskjutas.

131 1314 11 22 I
156 1314 53 28 följd
224 1314 25 21 af
261 1313 57 22 hvad
333 1312 110 28 angående
457 1313 153 21 lotshemmans
624 1313 77 28 bidrag
716 1314 33 21 till
763 1314 50 28 väg-

64 1348 40 22 och
118 1348 168 28 brobyggnaden
301 1354 29 14 nu
341 1346 70 22 blifvit
422 1346 106 28 stadgadt,
540 1347 96 20 kommer
647 1347 41 21 den
698 1348 116 27 penninge-

63 1383 69 26 afgift,
147 1382 86 22 hvartill
248 1382 53 21 slike
315 1382 111 20 hemmans
441 1380 84 21 härtills
541 1379 98 29 ätnjutna
653 1381 99 22 befrielse
767 1381 48 22 frän

64 1416 92 22 nämnde
173 1417 77 21 besvär
268 1417 25 20 är
307 1414 131 29 uppskattad
453 1414 40 22 och
508 1413 85 23 hvilken
609 1415 67 27 afgift,
691 1415 67 28 enligt
772 1415 43 22 för-

64 1451 119 28 ordningen
198 1458 34 15 om
247 1451 51 22 lots-
310 1450 39 22 och
359 1449 189 28 bäkinrättningen
559 1449 24 22 af
593 1449 40 22 den
645 1451 26 20 30
682 1449 59 23 Mars
753 1452 61 26 1857,

64 1486 33 22 till
112 1486 88 22 Kronan
216 1485 86 28 erlagts,
318 1487 32 19 att
364 1485 35 22 för
413 1483 114 23 framtiden
543 1483 107 23 bortfalla.
