<?xml version="1.0" encoding="UTF-8"?>
<alto xmlns="http://www.loc.gov/standards/alto/ns-v3#" xmlns:xlink="http://www.w3.org/1999/xlink" xmlns:xsi="http://www.w3.org/2001/XMLSchema-instance" xsi:schemaLocation="http://www.loc.gov/standards/alto/ns-v3# http://www.loc.gov/alto/v3/alto-3-0.xsd">
	<Description>
		<MeasurementUnit>pixel</MeasurementUnit>
		<sourceImageInformation>
			<fileName>/tmp/tess_48nadat3_input.PNG</fileName>
		</sourceImageInformation>
		<OCRProcessing ID="OCR_0">
			<ocrProcessingStep>
				<processingSoftware>
					<softwareName>tesseract 5.3.4</softwareName>
				</processingSoftware>
			</ocrProcessingStep>
		</OCRProcessing>
	</Description>
	<Layout>
		<Page WIDTH="1000" HEIGHT="1720" PHYSICAL_IMG_NR="0" ID="page_0">
			<PrintSpace HPOS="0" VPOS="0" WIDTH="1000" HEIGHT="1720">
				<ComposedBlock ID="cblock_0" HPOS="295" VPOS="139" WIDTH="507" HEIGHT="27">
					<TextBlock ID="block_0" HPOS="295" VPOS="139" WIDTH="507" HEIGHT="27">
						<TextLine ID="line_0" HPOS="295" VPOS="139" WIDTH="507" HEIGHT="27">
							<String ID="string_0" HPOS="295" VPOS="143" WIDTH="72" HEIGHT="23" WC="0.91" CONTENT="Nådiga"/><SP WIDTH="11" VPOS="143" HPOS="367"/>
							<String ID="string_1" HPOS="378" VPOS="139" WIDTH="138" HEIGHT="27" WC="0.91" CONTENT="Propositionén"/><SP WIDTH="12" VPOS="139" HPOS="516"/>
							<String ID="string_2" HPOS="528" VPOS="144" WIDTH="35" HEIGHT="17" WC="0.96" CONTENT="N:o"/><SP WIDTH="13" VPOS="144" HPOS="563"/>
							<String ID="string_3" HPOS="576" VPOS="145" WIDTH="27" HEIGHT="16" WC="0.93" CONTENT="25."/><SP WIDTH="156" VPOS="145" HPOS="603"/>
							<String ID="string_4" HPOS="759" VPOS="145" WIDTH="43" HEIGHT="17" WC="0.94" CONTENT="1253"/>
						</TextLine>
					</TextBlock>
				</ComposedBlock>
				<ComposedBlock ID="cblock_1" HPOS="72" VPOS="206" WIDTH="761" HEIGHT="1298">
					<TextBlock ID="block_1" HPOS="72" VPOS="206" WIDTH="754" HEIGHT="96">
						<TextLine ID="line_1" HPOS="72" VPOS="206" WIDTH="753" HEIGHT="29">
							<String ID="string_5" HPOS="72" VPOS="206" WIDTH="152" HEIGHT="22" WC="0.92" CONTENT="oförminskad."/><SP WIDTH="31" VPOS="206" HPOS="224"/>
							<String ID="string_6" HPOS="255" VPOS="207" WIDTH="45" HEIGHT="21" WC="0.96" CONTENT="Och"/><SP WIDTH="19" VPOS="207" HPOS="300"/>
							<String ID="string_7" HPOS="319" VPOS="214" WIDTH="34" HEIGHT="14" WC="0.93" CONTENT="om"/><SP WIDTH="18" VPOS="214" HPOS="353"/>
							<String ID="string_8" HPOS="371" VPOS="207" WIDTH="43" HEIGHT="21" WC="0.91" CONTENT="-han"/><SP WIDTH="18" VPOS="207" HPOS="414"/>
							<String ID="string_9" HPOS="432" VPOS="206" WIDTH="128" HEIGHT="22" WC="0.92" CONTENT="försummar"/><SP WIDTH="15" VPOS="206" HPOS="560"/>
							<String ID="string_10" HPOS="575" VPOS="206" WIDTH="69" HEIGHT="29" WC="0.95" CONTENT="något"/><SP WIDTH="15" VPOS="206" HPOS="644"/>
							<String ID="string_11" HPOS="659" VPOS="207" WIDTH="67" HEIGHT="26" WC="0.90" CONTENT="deraf,"/><SP WIDTH="15" VPOS="207" HPOS="726"/>
							<String ID="string_12" HPOS="741" VPOS="206" WIDTH="25" HEIGHT="24" WC="0.93" CONTENT="sä"/><SP WIDTH="14" VPOS="206" HPOS="766"/>
							<String ID="string_13" HPOS="780" VPOS="206" WIDTH="45" HEIGHT="24" WC="0.91" CONTENT="mä-"/>
						</TextLine>
						<TextLine ID="line_2" HPOS="72" VPOS="240" WIDTH="754" HEIGHT="29">
							<String ID="string_14" HPOS="72" VPOS="243" WIDTH="32" HEIGHT="20" WC="0.90" CONTENT="ste"/><SP WIDTH="16" VPOS="243" HPOS="104"/>
							<String ID="string_15" HPOS="120" VPOS="240" WIDTH="105" HEIGHT="28" WC="0.89" CONTENT="följderna"/><SP WIDTH="15" VPOS="240" HPOS="225"/>
							<String ID="string_16" HPOS="240" VPOS="241" WIDTH="25" HEIGHT="21" WC="0.96" CONTENT="af"/><SP WIDTH="12" VPOS="241" HPOS="265"/>
							<String ID="string_17" HPOS="277" VPOS="248" WIDTH="26" HEIGHT="14" WC="0.93" CONTENT="en"/><SP WIDTH="15" VPOS="248" HPOS="303"/>
							<String ID="string_18" HPOS="318" VPOS="240" WIDTH="41" HEIGHT="22" WC="0.92" CONTENT="slik"/><SP WIDTH="18" VPOS="240" HPOS="359"/>
							<String ID="string_19" HPOS="377" VPOS="240" WIDTH="147" HEIGHT="22" WC="0.92" CONTENT="försummelse"/><SP WIDTH="18" VPOS="240" HPOS="524"/>
							<String ID="string_20" HPOS="542" VPOS="241" WIDTH="128" HEIGHT="28" WC="0.91" CONTENT="följdrigtigt"/><SP WIDTH="17" VPOS="241" HPOS="670"/>
							<String ID="string_21" HPOS="687" VPOS="241" WIDTH="83" HEIGHT="22" WC="0.92" CONTENT="drabba"/><SP WIDTH="18" VPOS="241" HPOS="770"/>
							<String ID="string_22" HPOS="788" VPOS="242" WIDTH="38" HEIGHT="21" WC="0.92" CONTENT="ho-"/>
						</TextLine>
						<TextLine ID="line_3" HPOS="74" VPOS="275" WIDTH="277" HEIGHT="27">
							<String ID="string_23" HPOS="74" VPOS="282" WIDTH="50" HEIGHT="14" WC="0.96" CONTENT="nom"/><SP WIDTH="16" VPOS="282" HPOS="124"/>
							<String ID="string_24" HPOS="140" VPOS="275" WIDTH="40" HEIGHT="21" WC="0.96" CONTENT="och"/><SP WIDTH="14" VPOS="275" HPOS="180"/>
							<String ID="string_25" HPOS="194" VPOS="275" WIDTH="64" HEIGHT="27" WC="0.96" CONTENT="ingen"/><SP WIDTH="16" VPOS="275" HPOS="258"/>
							<String ID="string_26" HPOS="274" VPOS="282" WIDTH="77" HEIGHT="14" WC="0.96" CONTENT="annan."/>
						</TextLine>
					</TextBlock>
					<TextBlock ID="block_2" HPOS="72" VPOS="309" WIDTH="758" HEIGHT="545">
						<TextLine ID="line_4" HPOS="143" VPOS="309" WIDTH="683" HEIGHT="29">
							<String ID="string_27" HPOS="143" VPOS="309" WIDTH="46" HEIGHT="21" WC="0.95" CONTENT="Den"/><SP WIDTH="16" VPOS="309" HPOS="189"/>
							<String ID="string_28" HPOS="205" VPOS="310" WIDTH="108" HEIGHT="20" WC="0.95" CONTENT="närmaste"/><SP WIDTH="15" VPOS="310" HPOS="313"/>
							<String ID="string_29" HPOS="328" VPOS="309" WIDTH="24" HEIGHT="21" WC="0.96" CONTENT="af"/><SP WIDTH="16" VPOS="309" HPOS="352"/>
							<String ID="string_30" HPOS="368" VPOS="309" WIDTH="62" HEIGHT="22" WC="0.93" CONTENT="dessa"/><SP WIDTH="17" VPOS="309" HPOS="430"/>
							<String ID="string_31" HPOS="447" VPOS="310" WIDTH="77" HEIGHT="27" WC="0.90" CONTENT="följder"/><SP WIDTH="16" VPOS="310" HPOS="524"/>
							<String ID="string_32" HPOS="540" VPOS="310" WIDTH="24" HEIGHT="20" WC="0.96" CONTENT="är"/><SP WIDTH="16" VPOS="310" HPOS="564"/>
							<String ID="string_33" HPOS="580" VPOS="309" WIDTH="46" HEIGHT="27" WC="0.96" CONTENT="den,"/><SP WIDTH="16" VPOS="309" HPOS="626"/>
							<String ID="string_34" HPOS="642" VPOS="312" WIDTH="32" HEIGHT="19" WC="0.96" CONTENT="att"/><SP WIDTH="15" VPOS="312" HPOS="674"/>
							<String ID="string_35" HPOS="689" VPOS="310" WIDTH="41" HEIGHT="21" WC="0.96" CONTENT="den"/><SP WIDTH="15" VPOS="310" HPOS="730"/>
							<String ID="string_36" HPOS="745" VPOS="310" WIDTH="25" HEIGHT="21" WC="0.93" CONTENT="af"/><SP WIDTH="12" VPOS="310" HPOS="770"/>
							<String ID="string_37" HPOS="782" VPOS="310" WIDTH="44" HEIGHT="28" WC="0.92" CONTENT="gäl-"/>
						</TextLine>
						<TextLine ID="line_5" HPOS="73" VPOS="342" WIDTH="753" HEIGHT="29">
							<String ID="string_38" HPOS="73" VPOS="344" WIDTH="124" HEIGHT="25" WC="0.92" CONTENT="denärerne,"/><SP WIDTH="16" VPOS="344" HPOS="197"/>
							<String ID="string_39" HPOS="213" VPOS="345" WIDTH="57" HEIGHT="19" WC="0.93" CONTENT="emot"/><SP WIDTH="14" VPOS="345" HPOS="270"/>
							<String ID="string_40" HPOS="284" VPOS="343" WIDTH="84" HEIGHT="21" WC="0.92" CONTENT="hvilken"/><SP WIDTH="15" VPOS="343" HPOS="368"/>
							<String ID="string_41" HPOS="383" VPOS="344" WIDTH="43" HEIGHT="21" WC="0.93" CONTENT="han"/><SP WIDTH="18" VPOS="344" HPOS="426"/>
							<String ID="string_42" HPOS="444" VPOS="342" WIDTH="112" HEIGHT="23" WC="0.92" CONTENT="uraktlätit"/><SP WIDTH="14" VPOS="342" HPOS="556"/>
							<String ID="string_43" HPOS="570" VPOS="346" WIDTH="32" HEIGHT="19" WC="0.93" CONTENT="att"/><SP WIDTH="14" VPOS="346" HPOS="602"/>
							<String ID="string_44" HPOS="616" VPOS="344" WIDTH="87" HEIGHT="27" WC="0.93" CONTENT="afbryta"/><SP WIDTH="15" VPOS="344" HPOS="703"/>
							<String ID="string_45" HPOS="718" VPOS="344" WIDTH="108" HEIGHT="27" WC="0.93" CONTENT="preskrip-"/>
						</TextLine>
						<TextLine ID="line_6" HPOS="72" VPOS="377" WIDTH="754" HEIGHT="29">
							<String ID="string_46" HPOS="72" VPOS="378" WIDTH="80" HEIGHT="26" WC="0.93" CONTENT="tionen,"/><SP WIDTH="20" VPOS="378" HPOS="152"/>
							<String ID="string_47" HPOS="172" VPOS="377" WIDTH="122" HEIGHT="28" WC="0.92" CONTENT="derigenom"/><SP WIDTH="19" VPOS="377" HPOS="294"/>
							<String ID="string_48" HPOS="313" VPOS="377" WIDTH="74" HEIGHT="21" WC="0.96" CONTENT="vinner"/><SP WIDTH="18" VPOS="377" HPOS="387"/>
							<String ID="string_49" HPOS="405" VPOS="377" WIDTH="99" HEIGHT="22" WC="0.90" CONTENT="befrielse"/><SP WIDTH="18" VPOS="377" HPOS="504"/>
							<String ID="string_50" HPOS="522" VPOS="377" WIDTH="48" HEIGHT="22" WC="0.96" CONTENT="från"/><SP WIDTH="20" VPOS="377" HPOS="570"/>
							<String ID="string_51" HPOS="590" VPOS="378" WIDTH="40" HEIGHT="21" WC="0.93" CONTENT="den"/><SP WIDTH="18" VPOS="378" HPOS="630"/>
							<String ID="string_52" HPOS="648" VPOS="378" WIDTH="178" HEIGHT="28" WC="0.81" CONTENT="betalningsskyl-"/>
						</TextLine>
						<TextLine ID="line_7" HPOS="73" VPOS="410" WIDTH="753" HEIGHT="30">
							<String ID="string_53" HPOS="73" VPOS="412" WIDTH="79" HEIGHT="28" WC="0.96" CONTENT="dighet,"/><SP WIDTH="23" VPOS="412" HPOS="152"/>
							<String ID="string_54" HPOS="175" VPOS="418" WIDTH="45" HEIGHT="15" WC="0.96" CONTENT="som"/><SP WIDTH="22" VPOS="418" HPOS="220"/>
							<String ID="string_55" HPOS="242" VPOS="412" WIDTH="61" HEIGHT="26" WC="0.93" CONTENT="eljest"/><SP WIDTH="22" VPOS="412" HPOS="303"/>
							<String ID="string_56" HPOS="325" VPOS="410" WIDTH="72" HEIGHT="29" WC="0.92" CONTENT="älegat"/><SP WIDTH="21" VPOS="410" HPOS="397"/>
							<String ID="string_57" HPOS="418" VPOS="412" WIDTH="79" HEIGHT="24" WC="0.96" CONTENT="honom"/><SP WIDTH="23" VPOS="412" HPOS="497"/>
							<String ID="string_58" HPOS="520" VPOS="412" WIDTH="138" HEIGHT="22" WC="0.88" CONTENT="fortfarande."/><SP WIDTH="34" VPOS="412" HPOS="658"/>
							<String ID="string_59" HPOS="692" VPOS="413" WIDTH="76" HEIGHT="20" WC="0.93" CONTENT="Denna"/><SP WIDTH="22" VPOS="413" HPOS="768"/>
							<String ID="string_60" HPOS="790" VPOS="413" WIDTH="36" HEIGHT="21" WC="0.86" CONTENT="be-"/>
						</TextLine>
						<TextLine ID="line_8" HPOS="73" VPOS="445" WIDTH="754" HEIGHT="30">
							<String ID="string_61" HPOS="73" VPOS="446" WIDTH="72" HEIGHT="22" WC="0.91" CONTENT="frielse"/><SP WIDTH="22" VPOS="446" HPOS="145"/>
							<String ID="string_62" HPOS="167" VPOS="446" WIDTH="126" HEIGHT="21" WC="0.96" CONTENT="inskränker"/><SP WIDTH="22" VPOS="446" HPOS="293"/>
							<String ID="string_63" HPOS="315" VPOS="445" WIDTH="33" HEIGHT="28" WC="0.96" CONTENT="sig"/><SP WIDTH="21" VPOS="445" HPOS="348"/>
							<String ID="string_64" HPOS="369" VPOS="446" WIDTH="47" HEIGHT="21" WC="0.96" CONTENT="icke"/><SP WIDTH="18" VPOS="446" HPOS="416"/>
							<String ID="string_65" HPOS="434" VPOS="446" WIDTH="75" HEIGHT="21" WC="0.92" CONTENT="endast"/><SP WIDTH="23" VPOS="446" HPOS="509"/>
							<String ID="string_66" HPOS="532" VPOS="446" WIDTH="76" HEIGHT="26" WC="0.92" CONTENT="dertill,"/><SP WIDTH="20" VPOS="446" HPOS="608"/>
							<String ID="string_67" HPOS="628" VPOS="449" WIDTH="32" HEIGHT="19" WC="0.93" CONTENT="att"/><SP WIDTH="21" VPOS="449" HPOS="660"/>
							<String ID="string_68" HPOS="681" VPOS="447" WIDTH="146" HEIGHT="28" WC="0.92" CONTENT="borgenärens"/>
						</TextLine>
						<TextLine ID="line_9" HPOS="73" VPOS="480" WIDTH="753" HEIGHT="27">
							<String ID="string_69" HPOS="73" VPOS="481" WIDTH="140" HEIGHT="22" WC="0.92" CONTENT="förenämnda"/><SP WIDTH="17" VPOS="481" HPOS="213"/>
							<String ID="string_70" HPOS="230" VPOS="480" WIDTH="104" HEIGHT="27" WC="0.96" CONTENT="rättighet"/><SP WIDTH="15" VPOS="480" HPOS="334"/>
							<String ID="string_71" HPOS="349" VPOS="482" WIDTH="32" HEIGHT="19" WC="0.96" CONTENT="att"/><SP WIDTH="13" VPOS="482" HPOS="381"/>
							<String ID="string_72" HPOS="394" VPOS="480" WIDTH="34" HEIGHT="22" WC="0.93" CONTENT="för"/><SP WIDTH="14" VPOS="480" HPOS="428"/>
							<String ID="string_73" HPOS="442" VPOS="481" WIDTH="179" HEIGHT="21" WC="0.91" CONTENT="utbekommande"/><SP WIDTH="14" VPOS="481" HPOS="621"/>
							<String ID="string_74" HPOS="635" VPOS="481" WIDTH="25" HEIGHT="22" WC="0.96" CONTENT="af"/><SP WIDTH="12" VPOS="481" HPOS="660"/>
							<String ID="string_75" HPOS="672" VPOS="481" WIDTH="49" HEIGHT="21" WC="0.95" CONTENT="hela"/><SP WIDTH="14" VPOS="481" HPOS="721"/>
							<String ID="string_76" HPOS="735" VPOS="481" WIDTH="34" HEIGHT="21" WC="0.93" CONTENT="sin"/><SP WIDTH="14" VPOS="481" HPOS="769"/>
							<String ID="string_77" HPOS="783" VPOS="481" WIDTH="43" HEIGHT="21" WC="0.91" CONTENT="for-"/>
						</TextLine>
						<TextLine ID="line_10" HPOS="73" VPOS="514" WIDTH="754" HEIGHT="29">
							<String ID="string_78" HPOS="73" VPOS="515" WIDTH="54" HEIGHT="22" WC="0.91" CONTENT="dran"/><SP WIDTH="18" VPOS="515" HPOS="127"/>
							<String ID="string_79" HPOS="145" VPOS="514" WIDTH="59" HEIGHT="22" WC="0.94" CONTENT="hålla"/><SP WIDTH="18" VPOS="514" HPOS="204"/>
							<String ID="string_80" HPOS="222" VPOS="515" WIDTH="32" HEIGHT="27" WC="0.96" CONTENT="sig"/><SP WIDTH="18" VPOS="515" HPOS="254"/>
							<String ID="string_81" HPOS="272" VPOS="515" WIDTH="33" HEIGHT="22" WC="0.95" CONTENT="till"/><SP WIDTH="18" VPOS="515" HPOS="305"/>
							<String ID="string_82" HPOS="323" VPOS="514" WIDTH="77" HEIGHT="22" WC="0.95" CONTENT="honom"/><SP WIDTH="20" VPOS="514" HPOS="400"/>
							<String ID="string_83" HPOS="420" VPOS="515" WIDTH="90" HEIGHT="27" WC="0.96" CONTENT="upphör,"/><SP WIDTH="19" VPOS="515" HPOS="510"/>
							<String ID="string_84" HPOS="529" VPOS="515" WIDTH="88" HEIGHT="22" WC="0.96" CONTENT="hvarvid"/><SP WIDTH="18" VPOS="515" HPOS="617"/>
							<String ID="string_85" HPOS="635" VPOS="515" WIDTH="81" HEIGHT="28" WC="0.96" CONTENT="följden"/><SP WIDTH="19" VPOS="515" HPOS="716"/>
							<String ID="string_86" HPOS="735" VPOS="515" WIDTH="24" HEIGHT="22" WC="0.93" CONTENT="af"/><SP WIDTH="19" VPOS="515" HPOS="759"/>
							<String ID="string_87" HPOS="778" VPOS="522" WIDTH="49" HEIGHT="21" WC="0.92" CONTENT="pre-"/>
						</TextLine>
						<TextLine ID="line_11" HPOS="72" VPOS="548" WIDTH="755" HEIGHT="28">
							<String ID="string_88" HPOS="72" VPOS="549" WIDTH="144" HEIGHT="27" WC="0.91" CONTENT="skriptionens"/><SP WIDTH="14" VPOS="549" HPOS="216"/>
							<String ID="string_89" HPOS="230" VPOS="548" WIDTH="150" HEIGHT="22" WC="0.91" CONTENT="mellankomst"/><SP WIDTH="14" VPOS="548" HPOS="380"/>
							<String ID="string_90" HPOS="394" VPOS="549" WIDTH="75" HEIGHT="21" WC="0.96" CONTENT="endast"/><SP WIDTH="15" VPOS="549" HPOS="469"/>
							<String ID="string_91" HPOS="484" VPOS="548" WIDTH="27" HEIGHT="22" WC="0.96" CONTENT="då"/><SP WIDTH="15" VPOS="548" HPOS="511"/>
							<String ID="string_92" HPOS="526" VPOS="549" WIDTH="68" HEIGHT="22" WC="0.96" CONTENT="skulle"/><SP WIDTH="14" VPOS="549" HPOS="594"/>
							<String ID="string_93" HPOS="608" VPOS="549" WIDTH="73" HEIGHT="22" WC="0.92" CONTENT="kunna"/><SP WIDTH="14" VPOS="549" HPOS="681"/>
							<String ID="string_94" HPOS="695" VPOS="549" WIDTH="84" HEIGHT="27" WC="0.90" CONTENT="stadna,"/><SP WIDTH="13" VPOS="549" HPOS="779"/>
							<String ID="string_95" HPOS="792" VPOS="556" WIDTH="35" HEIGHT="14" WC="0.96" CONTENT="om"/>
						</TextLine>
						<TextLine ID="line_12" HPOS="74" VPOS="583" WIDTH="754" HEIGHT="28">
							<String ID="string_96" HPOS="74" VPOS="584" WIDTH="146" HEIGHT="27" WC="0.90" CONTENT="borgenärens"/><SP WIDTH="14" VPOS="584" HPOS="220"/>
							<String ID="string_97" HPOS="234" VPOS="583" WIDTH="143" HEIGHT="28" WC="0.93" CONTENT="nyssberörda"/><SP WIDTH="14" VPOS="583" HPOS="377"/>
							<String ID="string_98" HPOS="391" VPOS="584" WIDTH="103" HEIGHT="27" WC="0.96" CONTENT="rättighet"/><SP WIDTH="14" VPOS="584" HPOS="494"/>
							<String ID="string_99" HPOS="508" VPOS="590" WIDTH="51" HEIGHT="15" WC="0.95" CONTENT="vore"/><SP WIDTH="15" VPOS="590" HPOS="559"/>
							<String ID="string_100" HPOS="574" VPOS="584" WIDTH="36" HEIGHT="21" WC="0.96" CONTENT="det"/><SP WIDTH="14" VPOS="584" HPOS="610"/>
							<String ID="string_101" HPOS="624" VPOS="584" WIDTH="56" HEIGHT="21" WC="0.93" CONTENT="enda"/><SP WIDTH="14" VPOS="584" HPOS="680"/>
							<String ID="string_102" HPOS="694" VPOS="584" WIDTH="134" HEIGHT="27" WC="0.89" CONTENT="väsendtliga"/>
						</TextLine>
						<TextLine ID="line_13" HPOS="73" VPOS="617" WIDTH="755" HEIGHT="29">
							<String ID="string_103" HPOS="73" VPOS="618" WIDTH="8" HEIGHT="22" WC="0.96" CONTENT="i"/><SP WIDTH="14" VPOS="618" HPOS="81"/>
							<String ID="string_104" HPOS="95" VPOS="617" WIDTH="164" HEIGHT="29" WC="0.93" CONTENT="ifrågavarande"/><SP WIDTH="15" VPOS="617" HPOS="259"/>
							<String ID="string_105" HPOS="274" VPOS="617" WIDTH="209" HEIGHT="27" WC="0.92" CONTENT="skuldförbindelser,"/><SP WIDTH="16" VPOS="617" HPOS="483"/>
							<String ID="string_106" HPOS="499" VPOS="619" WIDTH="53" HEIGHT="20" WC="0.97" CONTENT="utan"/><SP WIDTH="12" VPOS="619" HPOS="552"/>
							<String ID="string_107" HPOS="564" VPOS="618" WIDTH="41" HEIGHT="21" WC="0.93" CONTENT="den"/><SP WIDTH="11" VPOS="618" HPOS="605"/>
							<String ID="string_108" HPOS="616" VPOS="619" WIDTH="95" HEIGHT="21" WC="0.96" CONTENT="sträcker"/><SP WIDTH="12" VPOS="619" HPOS="711"/>
							<String ID="string_109" HPOS="723" VPOS="618" WIDTH="32" HEIGHT="28" WC="0.96" CONTENT="sig"/><SP WIDTH="15" VPOS="618" HPOS="755"/>
							<String ID="string_110" HPOS="770" VPOS="620" WIDTH="58" HEIGHT="21" WC="0.96" CONTENT="ännu"/>
						</TextLine>
						<TextLine ID="line_14" HPOS="74" VPOS="652" WIDTH="754" HEIGHT="28">
							<String ID="string_111" HPOS="74" VPOS="652" WIDTH="122" HEIGHT="22" WC="0.91" CONTENT="derutöfver"/><SP WIDTH="18" VPOS="652" HPOS="196"/>
							<String ID="string_112" HPOS="214" VPOS="652" WIDTH="32" HEIGHT="21" WC="0.93" CONTENT="till"/><SP WIDTH="19" VPOS="652" HPOS="246"/>
							<String ID="string_113" HPOS="265" VPOS="652" WIDTH="141" HEIGHT="28" WC="0.91" CONTENT="gäldenärens"/><SP WIDTH="18" VPOS="652" HPOS="406"/>
							<String ID="string_114" HPOS="424" VPOS="652" WIDTH="120" HEIGHT="28" WC="0.96" CONTENT="skyldighet"/><SP WIDTH="18" VPOS="652" HPOS="544"/>
							<String ID="string_115" HPOS="562" VPOS="655" WIDTH="32" HEIGHT="19" WC="0.96" CONTENT="att"/><SP WIDTH="22" VPOS="655" HPOS="594"/>
							<String ID="string_116" HPOS="616" VPOS="652" WIDTH="99" HEIGHT="28" WC="0.96" CONTENT="slutligen"/><SP WIDTH="22" VPOS="652" HPOS="715"/>
							<String ID="string_117" HPOS="737" VPOS="660" WIDTH="91" HEIGHT="15" WC="0.95" CONTENT="ansvara"/>
						</TextLine>
						<TextLine ID="line_15" HPOS="72" VPOS="686" WIDTH="758" HEIGHT="28">
							<String ID="string_118" HPOS="72" VPOS="688" WIDTH="36" HEIGHT="21" WC="0.96" CONTENT="för"/><SP WIDTH="16" VPOS="688" HPOS="108"/>
							<String ID="string_119" HPOS="124" VPOS="687" WIDTH="139" HEIGHT="27" WC="0.95" CONTENT="betalningen"/><SP WIDTH="18" VPOS="687" HPOS="263"/>
							<String ID="string_120" HPOS="281" VPOS="686" WIDTH="24" HEIGHT="22" WC="0.94" CONTENT="af"/><SP WIDTH="16" VPOS="686" HPOS="305"/>
							<String ID="string_121" HPOS="321" VPOS="686" WIDTH="41" HEIGHT="22" WC="0.96" CONTENT="den"/><SP WIDTH="18" VPOS="686" HPOS="362"/>
							<String ID="string_122" HPOS="380" VPOS="686" WIDTH="29" HEIGHT="28" WC="0.96" CONTENT="på"/><SP WIDTH="17" VPOS="686" HPOS="409"/>
							<String ID="string_123" HPOS="426" VPOS="688" WIDTH="79" HEIGHT="20" WC="0.95" CONTENT="honom"/><SP WIDTH="22" VPOS="688" HPOS="505"/>
							<String ID="string_124" HPOS="527" VPOS="687" WIDTH="32" HEIGHT="27" WC="0.93" CONTENT="sig"/><SP WIDTH="22" VPOS="687" HPOS="559"/>
							<String ID="string_125" HPOS="581" VPOS="687" WIDTH="119" HEIGHT="27" WC="0.91" CONTENT="belöpande"/><SP WIDTH="22" VPOS="687" HPOS="700"/>
							<String ID="string_126" HPOS="722" VPOS="687" WIDTH="62" HEIGHT="22" WC="0.96" CONTENT="delen"/><SP WIDTH="21" VPOS="687" HPOS="784"/>
							<String ID="string_127" HPOS="805" VPOS="687" WIDTH="25" HEIGHT="22" WC="0.96" CONTENT="af"/>
						</TextLine>
						<TextLine ID="line_16" HPOS="73" VPOS="720" WIDTH="755" HEIGHT="30">
							<String ID="string_128" HPOS="73" VPOS="722" WIDTH="51" HEIGHT="22" WC="0.96" CONTENT="hela"/><SP WIDTH="14" VPOS="722" HPOS="124"/>
							<String ID="string_129" HPOS="138" VPOS="722" WIDTH="95" HEIGHT="26" WC="0.96" CONTENT="skulden,"/><SP WIDTH="17" VPOS="722" HPOS="233"/>
							<String ID="string_130" HPOS="250" VPOS="720" WIDTH="89" HEIGHT="23" WC="0.96" CONTENT="emedan"/><SP WIDTH="15" VPOS="720" HPOS="339"/>
							<String ID="string_131" HPOS="354" VPOS="721" WIDTH="70" HEIGHT="22" WC="0.96" CONTENT="denna"/><SP WIDTH="14" VPOS="721" HPOS="424"/>
							<String ID="string_132" HPOS="438" VPOS="722" WIDTH="126" HEIGHT="28" WC="0.95" CONTENT="skyldighet,"/><SP WIDTH="15" VPOS="722" HPOS="564"/>
							<String ID="string_133" HPOS="579" VPOS="720" WIDTH="30" HEIGHT="29" WC="0.96" CONTENT="på"/><SP WIDTH="14" VPOS="720" HPOS="609"/>
							<String ID="string_134" HPOS="623" VPOS="723" WIDTH="43" HEIGHT="21" WC="0.96" CONTENT="sätt"/><SP WIDTH="14" VPOS="723" HPOS="666"/>
							<String ID="string_135" HPOS="680" VPOS="722" WIDTH="68" HEIGHT="21" WC="0.93" CONTENT="redan"/><SP WIDTH="10" VPOS="722" HPOS="748"/>
							<String ID="string_136" HPOS="758" VPOS="722" WIDTH="70" HEIGHT="21" WC="0.91" CONTENT="visadt"/>
						</TextLine>
						<TextLine ID="line_17" HPOS="74" VPOS="755" WIDTH="754" HEIGHT="29">
							<String ID="string_137" HPOS="74" VPOS="758" WIDTH="31" HEIGHT="24" WC="0.96" CONTENT="är,"/><SP WIDTH="15" VPOS="758" HPOS="105"/>
							<String ID="string_138" HPOS="120" VPOS="757" WIDTH="64" HEIGHT="27" WC="0.96" CONTENT="utgör"/><SP WIDTH="18" VPOS="757" HPOS="184"/>
							<String ID="string_139" HPOS="202" VPOS="762" WIDTH="26" HEIGHT="16" WC="0.96" CONTENT="en"/><SP WIDTH="18" VPOS="762" HPOS="228"/>
							<String ID="string_140" HPOS="246" VPOS="756" WIDTH="44" HEIGHT="20" WC="0.93" CONTENT="lika"/><SP WIDTH="15" VPOS="756" HPOS="290"/>
							<String ID="string_141" HPOS="305" VPOS="755" WIDTH="119" HEIGHT="29" WC="0.90" CONTENT="väsendtlig"/><SP WIDTH="19" VPOS="755" HPOS="424"/>
							<String ID="string_142" HPOS="443" VPOS="756" WIDTH="33" HEIGHT="22" WC="0.96" CONTENT="del"/><SP WIDTH="15" VPOS="756" HPOS="476"/>
							<String ID="string_143" HPOS="491" VPOS="756" WIDTH="24" HEIGHT="21" WC="0.96" CONTENT="af"/><SP WIDTH="16" VPOS="756" HPOS="515"/>
							<String ID="string_144" HPOS="531" VPOS="756" WIDTH="76" HEIGHT="28" WC="0.93" CONTENT="sjelfva"/><SP WIDTH="13" VPOS="756" HPOS="607"/>
							<String ID="string_145" HPOS="620" VPOS="756" WIDTH="208" HEIGHT="22" WC="0.92" CONTENT="skuldförbindelsen"/>
						</TextLine>
						<TextLine ID="line_18" HPOS="74" VPOS="790" WIDTH="754" HEIGHT="28">
							<String ID="string_146" HPOS="74" VPOS="791" WIDTH="41" HEIGHT="22" WC="0.93" CONTENT="och"/><SP WIDTH="14" VPOS="791" HPOS="115"/>
							<String ID="string_147" HPOS="129" VPOS="790" WIDTH="273" HEIGHT="28" WC="0.92" CONTENT="preskriptionsinstitutets"/><SP WIDTH="15" VPOS="790" HPOS="402"/>
							<String ID="string_148" HPOS="417" VPOS="791" WIDTH="134" HEIGHT="27" WC="0.93" CONTENT="tillämpning"/><SP WIDTH="19" VPOS="791" HPOS="551"/>
							<String ID="string_149" HPOS="570" VPOS="790" WIDTH="13" HEIGHT="22" WC="0.88" CONTENT="&amp;"/><SP WIDTH="19" VPOS="790" HPOS="583"/>
							<String ID="string_150" HPOS="602" VPOS="791" WIDTH="59" HEIGHT="21" WC="0.96" CONTENT="detta"/><SP WIDTH="18" VPOS="791" HPOS="661"/>
							<String ID="string_151" HPOS="679" VPOS="791" WIDTH="47" HEIGHT="27" WC="0.96" CONTENT="slag"/><SP WIDTH="19" VPOS="791" HPOS="726"/>
							<String ID="string_152" HPOS="745" VPOS="791" WIDTH="24" HEIGHT="21" WC="0.93" CONTENT="af"/><SP WIDTH="16" VPOS="791" HPOS="769"/>
							<String ID="string_153" HPOS="785" VPOS="790" WIDTH="43" HEIGHT="22" WC="0.92" CONTENT="för-"/>
						</TextLine>
						<TextLine ID="line_19" HPOS="74" VPOS="824" WIDTH="728" HEIGHT="30">
							<String ID="string_154" HPOS="74" VPOS="826" WIDTH="96" HEIGHT="22" WC="0.82" CONTENT="bindelse"/><SP WIDTH="16" VPOS="826" HPOS="170"/>
							<String ID="string_155" HPOS="186" VPOS="832" WIDTH="78" HEIGHT="15" WC="0.93" CONTENT="annars"/><SP WIDTH="15" VPOS="832" HPOS="264"/>
							<String ID="string_156" HPOS="279" VPOS="824" WIDTH="69" HEIGHT="22" WC="0.92" CONTENT="blefve"/><SP WIDTH="14" VPOS="824" HPOS="348"/>
							<String ID="string_157" HPOS="362" VPOS="826" WIDTH="95" HEIGHT="21" WC="0.92" CONTENT="hvarken"/><SP WIDTH="15" VPOS="826" HPOS="457"/>
							<String ID="string_158" HPOS="472" VPOS="826" WIDTH="124" HEIGHT="27" WC="0.96" CONTENT="fullständig"/><SP WIDTH="16" VPOS="826" HPOS="596"/>
							<String ID="string_159" HPOS="612" VPOS="826" WIDTH="51" HEIGHT="20" WC="0.93" CONTENT="eller"/><SP WIDTH="15" VPOS="826" HPOS="663"/>
							<String ID="string_160" HPOS="678" VPOS="825" WIDTH="124" HEIGHT="29" WC="0.35" CONTENT="följdrigtig."/>
						</TextLine>
					</TextBlock>
					<TextBlock ID="block_3" HPOS="74" VPOS="859" WIDTH="755" HEIGHT="235">
						<TextLine ID="line_20" HPOS="143" VPOS="859" WIDTH="685" HEIGHT="28">
							<String ID="string_161" HPOS="143" VPOS="860" WIDTH="48" HEIGHT="21" WC="0.86" CONTENT="Den"/><SP WIDTH="22" VPOS="860" HPOS="191"/>
							<String ID="string_162" HPOS="213" VPOS="860" WIDTH="122" HEIGHT="27" WC="0.96" CONTENT="grundsats,"/><SP WIDTH="22" VPOS="860" HPOS="335"/>
							<String ID="string_163" HPOS="357" VPOS="867" WIDTH="47" HEIGHT="14" WC="0.93" CONTENT="som"/><SP WIDTH="21" VPOS="867" HPOS="404"/>
							<String ID="string_164" HPOS="425" VPOS="860" WIDTH="80" HEIGHT="21" WC="0.95" CONTENT="uttalas"/><SP WIDTH="21" VPOS="860" HPOS="505"/>
							<String ID="string_165" HPOS="526" VPOS="860" WIDTH="8" HEIGHT="21" WC="0.93" CONTENT="i"/><SP WIDTH="22" VPOS="860" HPOS="534"/>
							<String ID="string_166" HPOS="556" VPOS="860" WIDTH="59" HEIGHT="21" WC="0.96" CONTENT="förra"/><SP WIDTH="22" VPOS="860" HPOS="615"/>
							<String ID="string_167" HPOS="637" VPOS="860" WIDTH="61" HEIGHT="21" WC="0.96" CONTENT="delen"/><SP WIDTH="23" VPOS="860" HPOS="698"/>
							<String ID="string_168" HPOS="721" VPOS="859" WIDTH="23" HEIGHT="22" WC="0.96" CONTENT="af"/><SP WIDTH="16" VPOS="859" HPOS="744"/>
							<String ID="string_169" HPOS="760" VPOS="860" WIDTH="68" HEIGHT="21" WC="0.96" CONTENT="första"/>
						</TextLine>
						<TextLine ID="line_21" HPOS="74" VPOS="893" WIDTH="754" HEIGHT="29">
							<String ID="string_170" HPOS="74" VPOS="901" WIDTH="64" HEIGHT="14" WC="0.96" CONTENT="mom."/><SP WIDTH="15" VPOS="901" HPOS="138"/>
							<String ID="string_171" HPOS="153" VPOS="894" WIDTH="8" HEIGHT="21" WC="0.96" CONTENT="i"/><SP WIDTH="15" VPOS="894" HPOS="161"/>
							<String ID="string_172" HPOS="176" VPOS="896" WIDTH="12" HEIGHT="19" WC="0.93" CONTENT="3"/><SP WIDTH="16" VPOS="896" HPOS="188"/>
							<String ID="string_173" HPOS="204" VPOS="895" WIDTH="18" HEIGHT="27" WC="0.90" CONTENT="&amp;,"/><SP WIDTH="15" VPOS="895" HPOS="222"/>
							<String ID="string_174" HPOS="237" VPOS="894" WIDTH="70" HEIGHT="22" WC="0.92" CONTENT="hvilar"/><SP WIDTH="15" VPOS="894" HPOS="307"/>
							<String ID="string_175" HPOS="322" VPOS="893" WIDTH="90" HEIGHT="27" WC="0.92" CONTENT="derföre,"/><SP WIDTH="16" VPOS="893" HPOS="412"/>
							<String ID="string_176" HPOS="428" VPOS="895" WIDTH="67" HEIGHT="27" WC="0.95" CONTENT="enligt"/><SP WIDTH="17" VPOS="895" HPOS="495"/>
							<String ID="string_177" HPOS="512" VPOS="894" WIDTH="48" HEIGHT="22" WC="0.95" CONTENT="mitt"/><SP WIDTH="18" VPOS="894" HPOS="560"/>
							<String ID="string_178" HPOS="578" VPOS="894" WIDTH="104" HEIGHT="26" WC="0.96" CONTENT="omdöme,"/><SP WIDTH="16" VPOS="894" HPOS="682"/>
							<String ID="string_179" HPOS="698" VPOS="893" WIDTH="29" HEIGHT="28" WC="0.96" CONTENT="pä"/><SP WIDTH="18" VPOS="893" HPOS="727"/>
							<String ID="string_180" HPOS="745" VPOS="901" WIDTH="27" HEIGHT="15" WC="0.92" CONTENT="en"/><SP WIDTH="18" VPOS="901" HPOS="772"/>
							<String ID="string_181" HPOS="790" VPOS="895" WIDTH="38" HEIGHT="22" WC="0.92" CONTENT="all-"/>
						</TextLine>
						<TextLine ID="line_22" HPOS="76" VPOS="929" WIDTH="752" HEIGHT="28">
							<String ID="string_182" HPOS="76" VPOS="929" WIDTH="58" HEIGHT="22" WC="0.92" CONTENT="deles"/><SP WIDTH="15" VPOS="929" HPOS="134"/>
							<String ID="string_183" HPOS="149" VPOS="929" WIDTH="64" HEIGHT="28" WC="0.93" CONTENT="rigtig"/><SP WIDTH="15" VPOS="929" HPOS="213"/>
							<String ID="string_184" HPOS="228" VPOS="929" WIDTH="138" HEIGHT="27" WC="0.96" CONTENT="uppfattning"/><SP WIDTH="19" VPOS="929" HPOS="366"/>
							<String ID="string_185" HPOS="385" VPOS="929" WIDTH="24" HEIGHT="20" WC="0.93" CONTENT="af"/><SP WIDTH="16" VPOS="929" HPOS="409"/>
							<String ID="string_186" HPOS="425" VPOS="929" WIDTH="183" HEIGHT="28" WC="0.92" CONTENT="preskriptionens"/><SP WIDTH="15" VPOS="929" HPOS="608"/>
							<String ID="string_187" HPOS="623" VPOS="929" WIDTH="94" HEIGHT="21" WC="0.92" CONTENT="väsende"/><SP WIDTH="16" VPOS="929" HPOS="717"/>
							<String ID="string_188" HPOS="733" VPOS="929" WIDTH="40" HEIGHT="22" WC="0.93" CONTENT="och"/><SP WIDTH="19" VPOS="929" HPOS="773"/>
							<String ID="string_189" HPOS="792" VPOS="929" WIDTH="36" HEIGHT="22" WC="0.88" CONTENT="be-"/>
						</TextLine>
						<TextLine ID="line_23" HPOS="75" VPOS="963" WIDTH="754" HEIGHT="28">
							<String ID="string_190" HPOS="75" VPOS="963" WIDTH="88" HEIGHT="28" WC="0.93" CONTENT="tydelse,"/><SP WIDTH="16" VPOS="963" HPOS="163"/>
							<String ID="string_191" HPOS="179" VPOS="963" WIDTH="41" HEIGHT="21" WC="0.96" CONTENT="och"/><SP WIDTH="15" VPOS="963" HPOS="220"/>
							<String ID="string_192" HPOS="235" VPOS="963" WIDTH="26" HEIGHT="21" WC="0.96" CONTENT="de"/><SP WIDTH="15" VPOS="963" HPOS="261"/>
							<String ID="string_193" HPOS="276" VPOS="963" WIDTH="46" HEIGHT="21" WC="0.96" CONTENT="skäl"/><SP WIDTH="15" VPOS="963" HPOS="322"/>
							<String ID="string_194" HPOS="337" VPOS="963" WIDTH="41" HEIGHT="22" WC="0.96" CONTENT="och"/><SP WIDTH="15" VPOS="963" HPOS="378"/>
							<String ID="string_195" HPOS="393" VPOS="963" WIDTH="187" HEIGHT="28" WC="0.96" CONTENT="omständigheter,"/><SP WIDTH="16" VPOS="963" HPOS="580"/>
							<String ID="string_196" HPOS="596" VPOS="970" WIDTH="46" HEIGHT="15" WC="0.93" CONTENT="som"/><SP WIDTH="14" VPOS="970" HPOS="642"/>
							<String ID="string_197" HPOS="656" VPOS="963" WIDTH="59" HEIGHT="28" WC="0.90" CONTENT="tjena"/><SP WIDTH="15" VPOS="963" HPOS="715"/>
							<String ID="string_198" HPOS="730" VPOS="963" WIDTH="33" HEIGHT="22" WC="0.96" CONTENT="till"/><SP WIDTH="18" VPOS="963" HPOS="763"/>
							<String ID="string_199" HPOS="781" VPOS="963" WIDTH="48" HEIGHT="22" WC="0.96" CONTENT="stöd"/>
						</TextLine>
						<TextLine ID="line_24" HPOS="75" VPOS="997" WIDTH="754" HEIGHT="27">
							<String ID="string_200" HPOS="75" VPOS="997" WIDTH="35" HEIGHT="22" WC="0.93" CONTENT="för"/><SP WIDTH="14" VPOS="997" HPOS="110"/>
							<String ID="string_201" HPOS="124" VPOS="997" WIDTH="269" HEIGHT="27" WC="0.92" CONTENT="preskriptionsinstitutet,"/><SP WIDTH="16" VPOS="997" HPOS="393"/>
							<String ID="string_202" HPOS="409" VPOS="998" WIDTH="7" HEIGHT="20" WC="0.93" CONTENT="i"/><SP WIDTH="15" VPOS="998" HPOS="416"/>
							<String ID="string_203" HPOS="431" VPOS="998" WIDTH="116" HEIGHT="21" WC="0.92" CONTENT="allmänhet"/><SP WIDTH="14" VPOS="998" HPOS="547"/>
							<String ID="string_204" HPOS="561" VPOS="998" WIDTH="108" HEIGHT="25" WC="0.91" CONTENT="bedömdt,"/><SP WIDTH="12" VPOS="998" HPOS="669"/>
							<String ID="string_205" HPOS="681" VPOS="999" WIDTH="38" HEIGHT="20" WC="0.92" CONTENT="äro"/><SP WIDTH="12" VPOS="999" HPOS="719"/>
							<String ID="string_206" HPOS="731" VPOS="998" WIDTH="98" HEIGHT="21" WC="0.90" CONTENT="fullkom-"/>
						</TextLine>
						<TextLine ID="line_25" HPOS="75" VPOS="1030" WIDTH="754" HEIGHT="30">
							<String ID="string_207" HPOS="75" VPOS="1032" WIDTH="40" HEIGHT="28" WC="0.92" CONTENT="ligt"/><SP WIDTH="14" VPOS="1032" HPOS="115"/>
							<String ID="string_208" HPOS="129" VPOS="1031" WIDTH="45" HEIGHT="22" WC="0.93" CONTENT="lika"/><SP WIDTH="15" VPOS="1031" HPOS="174"/>
							<String ID="string_209" HPOS="189" VPOS="1031" WIDTH="139" HEIGHT="22" WC="0.92" CONTENT="användbara"/><SP WIDTH="14" VPOS="1031" HPOS="328"/>
							<String ID="string_210" HPOS="342" VPOS="1032" WIDTH="40" HEIGHT="21" WC="0.93" CONTENT="och"/><SP WIDTH="15" VPOS="1032" HPOS="382"/>
							<String ID="string_211" HPOS="397" VPOS="1032" WIDTH="75" HEIGHT="27" WC="0.92" CONTENT="giltiga"/><SP WIDTH="13" VPOS="1032" HPOS="472"/>
							<String ID="string_212" HPOS="485" VPOS="1032" WIDTH="7" HEIGHT="21" WC="0.93" CONTENT="i"/><SP WIDTH="14" VPOS="1032" HPOS="492"/>
							<String ID="string_213" HPOS="506" VPOS="1030" WIDTH="62" HEIGHT="30" WC="0.92" CONTENT="fräga"/><SP WIDTH="19" VPOS="1030" HPOS="568"/>
							<String ID="string_214" HPOS="587" VPOS="1038" WIDTH="34" HEIGHT="15" WC="0.96" CONTENT="om"/><SP WIDTH="20" VPOS="1038" HPOS="621"/>
							<String ID="string_215" HPOS="641" VPOS="1032" WIDTH="58" HEIGHT="21" WC="0.93" CONTENT="detta"/><SP WIDTH="14" VPOS="1032" HPOS="699"/>
							<String ID="string_216" HPOS="713" VPOS="1032" WIDTH="116" HEIGHT="22" WC="0.92" CONTENT="rättsinsti-"/>
						</TextLine>
						<TextLine ID="line_26" HPOS="76" VPOS="1065" WIDTH="626" HEIGHT="29">
							<String ID="string_217" HPOS="76" VPOS="1068" WIDTH="44" HEIGHT="21" WC="0.91" CONTENT="tuts"/><SP WIDTH="15" VPOS="1068" HPOS="120"/>
							<String ID="string_218" HPOS="135" VPOS="1066" WIDTH="135" HEIGHT="27" WC="0.93" CONTENT="tillämpning"/><SP WIDTH="16" VPOS="1066" HPOS="270"/>
							<String ID="string_219" HPOS="286" VPOS="1065" WIDTH="13" HEIGHT="22" WC="0.64" CONTENT="ä"/><SP WIDTH="14" VPOS="1065" HPOS="299"/>
							<String ID="string_220" HPOS="313" VPOS="1065" WIDTH="139" HEIGHT="23" WC="0.95" CONTENT="förevarande"/><SP WIDTH="16" VPOS="1065" HPOS="452"/>
							<String ID="string_221" HPOS="468" VPOS="1066" WIDTH="46" HEIGHT="28" WC="0.96" CONTENT="slag"/><SP WIDTH="15" VPOS="1066" HPOS="514"/>
							<String ID="string_222" HPOS="529" VPOS="1066" WIDTH="24" HEIGHT="22" WC="0.93" CONTENT="af"/><SP WIDTH="13" VPOS="1066" HPOS="553"/>
							<String ID="string_223" HPOS="566" VPOS="1066" WIDTH="136" HEIGHT="22" WC="0.80" CONTENT="förbindelse."/>
						</TextLine>
					</TextBlock>
					<TextBlock ID="block_4" HPOS="76" VPOS="1100" WIDTH="757" HEIGHT="404">
						<TextLine ID="line_27" HPOS="144" VPOS="1100" WIDTH="686" HEIGHT="28">
							<String ID="string_224" HPOS="144" VPOS="1101" WIDTH="102" HEIGHT="22" WC="0.91" CONTENT="Deremot"/><SP WIDTH="18" VPOS="1101" HPOS="246"/>
							<String ID="string_225" HPOS="264" VPOS="1107" WIDTH="61" HEIGHT="21" WC="0.92" CONTENT="synes"/><SP WIDTH="20" VPOS="1107" HPOS="325"/>
							<String ID="string_226" HPOS="345" VPOS="1100" WIDTH="44" HEIGHT="28" WC="0.93" CONTENT="mig"/><SP WIDTH="19" VPOS="1100" HPOS="389"/>
							<String ID="string_227" HPOS="408" VPOS="1100" WIDTH="92" HEIGHT="22" WC="0.92" CONTENT="nämnde"/><SP WIDTH="18" VPOS="1100" HPOS="500"/>
							<String ID="string_228" HPOS="518" VPOS="1101" WIDTH="11" HEIGHT="27" WC="0.91" CONTENT="$"/><SP WIDTH="20" VPOS="1101" HPOS="529"/>
							<String ID="string_229" HPOS="549" VPOS="1100" WIDTH="45" HEIGHT="22" WC="0.92" CONTENT="lida"/><SP WIDTH="14" VPOS="1100" HPOS="594"/>
							<String ID="string_230" HPOS="608" VPOS="1100" WIDTH="24" HEIGHT="22" WC="0.96" CONTENT="af"/><SP WIDTH="13" VPOS="1100" HPOS="632"/>
							<String ID="string_231" HPOS="645" VPOS="1108" WIDTH="26" HEIGHT="14" WC="0.96" CONTENT="en"/><SP WIDTH="16" VPOS="1108" HPOS="671"/>
							<String ID="string_232" HPOS="687" VPOS="1101" WIDTH="81" HEIGHT="27" WC="0.93" CONTENT="ganska"/><SP WIDTH="14" VPOS="1101" HPOS="768"/>
							<String ID="string_233" HPOS="782" VPOS="1100" WIDTH="48" HEIGHT="22" WC="0.91" CONTENT="huf-"/>
						</TextLine>
						<TextLine ID="line_28" HPOS="76" VPOS="1132" WIDTH="754" HEIGHT="30">
							<String ID="string_234" HPOS="76" VPOS="1134" WIDTH="112" HEIGHT="28" WC="0.91" CONTENT="vudsaklig"/><SP WIDTH="18" VPOS="1134" HPOS="188"/>
							<String ID="string_235" HPOS="206" VPOS="1134" WIDTH="55" HEIGHT="22" WC="0.92" CONTENT="brist"/><SP WIDTH="19" VPOS="1134" HPOS="261"/>
							<String ID="string_236" HPOS="280" VPOS="1135" WIDTH="51" HEIGHT="25" WC="0.90" CONTENT="deri,"/><SP WIDTH="17" VPOS="1135" HPOS="331"/>
							<String ID="string_237" HPOS="348" VPOS="1136" WIDTH="32" HEIGHT="20" WC="0.97" CONTENT="att"/><SP WIDTH="18" VPOS="1136" HPOS="380"/>
							<String ID="string_238" HPOS="398" VPOS="1134" WIDTH="41" HEIGHT="22" WC="0.93" CONTENT="den"/><SP WIDTH="14" VPOS="1134" HPOS="439"/>
							<String ID="string_239" HPOS="453" VPOS="1135" WIDTH="47" HEIGHT="21" WC="0.93" CONTENT="icke"/><SP WIDTH="18" VPOS="1135" HPOS="500"/>
							<String ID="string_240" HPOS="518" VPOS="1136" WIDTH="115" HEIGHT="20" WC="0.92" CONTENT="uttömmer"/><SP WIDTH="15" VPOS="1136" HPOS="633"/>
							<String ID="string_241" HPOS="648" VPOS="1136" WIDTH="72" HEIGHT="20" WC="0.90" CONTENT="ämnet"/><SP WIDTH="4" VPOS="1136" HPOS="720"/>
							<String ID="string_242" HPOS="724" VPOS="1128" WIDTH="43" HEIGHT="38" WC="0.96" CONTENT="till"/><SP WIDTH="14" VPOS="1128" HPOS="767"/>
							<String ID="string_243" HPOS="781" VPOS="1132" WIDTH="49" HEIGHT="25" WC="0.95" CONTENT="hela"/>
						</TextLine>
						<TextLine ID="line_29" HPOS="78" VPOS="1168" WIDTH="753" HEIGHT="28">
							<String ID="string_244" HPOS="78" VPOS="1169" WIDTH="48" HEIGHT="21" WC="0.93" CONTENT="dess"/><SP WIDTH="15" VPOS="1169" HPOS="126"/>
							<String ID="string_245" HPOS="141" VPOS="1169" WIDTH="55" HEIGHT="21" WC="0.95" CONTENT="vidd."/><SP WIDTH="30" VPOS="1169" HPOS="196"/>
							<String ID="string_246" HPOS="226" VPOS="1169" WIDTH="43" HEIGHT="21" WC="0.95" CONTENT="Det"/><SP WIDTH="16" VPOS="1169" HPOS="269"/>
							<String ID="string_247" HPOS="285" VPOS="1170" WIDTH="43" HEIGHT="20" WC="0.93" CONTENT="kan"/><SP WIDTH="18" VPOS="1170" HPOS="328"/>
							<String ID="string_248" HPOS="346" VPOS="1169" WIDTH="106" HEIGHT="27" WC="0.92" CONTENT="nemligen"/><SP WIDTH="18" VPOS="1169" HPOS="452"/>
							<String ID="string_249" HPOS="470" VPOS="1170" WIDTH="7" HEIGHT="21" WC="0.96" CONTENT="i"/><SP WIDTH="18" VPOS="1170" HPOS="477"/>
							<String ID="string_250" HPOS="495" VPOS="1169" WIDTH="37" HEIGHT="21" WC="0.96" CONTENT="det"/><SP WIDTH="17" VPOS="1169" HPOS="532"/>
							<String ID="string_251" HPOS="549" VPOS="1170" WIDTH="39" HEIGHT="20" WC="0.92" CONTENT="här"/><SP WIDTH="20" VPOS="1170" HPOS="588"/>
							<String ID="string_252" HPOS="608" VPOS="1168" WIDTH="149" HEIGHT="28" WC="0.92" CONTENT="ifrägakomna"/><SP WIDTH="14" VPOS="1168" HPOS="757"/>
							<String ID="string_253" HPOS="771" VPOS="1169" WIDTH="60" HEIGHT="22" WC="0.96" CONTENT="fallet"/>
						</TextLine>
						<TextLine ID="line_30" HPOS="77" VPOS="1202" WIDTH="754" HEIGHT="28">
							<String ID="string_254" HPOS="77" VPOS="1203" WIDTH="95" HEIGHT="26" WC="0.92" CONTENT="inträffa,"/><SP WIDTH="17" VPOS="1203" HPOS="172"/>
							<String ID="string_255" HPOS="189" VPOS="1205" WIDTH="31" HEIGHT="19" WC="0.93" CONTENT="att"/><SP WIDTH="15" VPOS="1205" HPOS="220"/>
							<String ID="string_256" HPOS="235" VPOS="1202" WIDTH="74" HEIGHT="28" WC="0.91" CONTENT="nägon"/><SP WIDTH="12" VPOS="1202" HPOS="309"/>
							<String ID="string_257" HPOS="321" VPOS="1203" WIDTH="25" HEIGHT="21" WC="0.97" CONTENT="af"/><SP WIDTH="13" VPOS="1203" HPOS="346"/>
							<String ID="string_258" HPOS="359" VPOS="1203" WIDTH="26" HEIGHT="21" WC="0.93" CONTENT="de"/><SP WIDTH="15" VPOS="1203" HPOS="385"/>
							<String ID="string_259" HPOS="400" VPOS="1204" WIDTH="133" HEIGHT="26" WC="0.92" CONTENT="gäldenärer,"/><SP WIDTH="15" VPOS="1204" HPOS="533"/>
							<String ID="string_260" HPOS="548" VPOS="1205" WIDTH="46" HEIGHT="20" WC="0.93" CONTENT="mot"/><SP WIDTH="17" VPOS="1205" HPOS="594"/>
							<String ID="string_261" HPOS="611" VPOS="1203" WIDTH="72" HEIGHT="21" WC="0.92" CONTENT="hvilka"/><SP WIDTH="14" VPOS="1203" HPOS="683"/>
							<String ID="string_262" HPOS="697" VPOS="1203" WIDTH="134" HEIGHT="27" WC="0.91" CONTENT="borgenären"/>
						</TextLine>
						<TextLine ID="line_31" HPOS="77" VPOS="1236" WIDTH="753" HEIGHT="29">
							<String ID="string_263" HPOS="77" VPOS="1237" WIDTH="92" HEIGHT="22" WC="0.92" CONTENT="afbrutit"/><SP WIDTH="14" VPOS="1237" HPOS="169"/>
							<String ID="string_264" HPOS="183" VPOS="1237" WIDTH="172" HEIGHT="27" WC="0.92" CONTENT="preskriptionen"/><SP WIDTH="19" VPOS="1237" HPOS="355"/>
							<String ID="string_265" HPOS="374" VPOS="1238" WIDTH="40" HEIGHT="20" WC="0.93" CONTENT="och"/><SP WIDTH="19" VPOS="1238" HPOS="414"/>
							<String ID="string_266" HPOS="433" VPOS="1236" WIDTH="90" HEIGHT="22" WC="0.96" CONTENT="sålunda"/><SP WIDTH="18" VPOS="1236" HPOS="523"/>
							<String ID="string_267" HPOS="541" VPOS="1237" WIDTH="89" HEIGHT="22" WC="0.93" CONTENT="bevarat"/><SP WIDTH="14" VPOS="1237" HPOS="630"/>
							<String ID="string_268" HPOS="644" VPOS="1237" WIDTH="186" HEIGHT="28" WC="0.93" CONTENT="fordringsrätten,"/>
						</TextLine>
						<TextLine ID="line_32" HPOS="78" VPOS="1271" WIDTH="753" HEIGHT="27">
							<String ID="string_269" HPOS="78" VPOS="1271" WIDTH="122" HEIGHT="22" WC="0.92" CONTENT="sedermera"/><SP WIDTH="14" VPOS="1271" HPOS="200"/>
							<String ID="string_270" HPOS="214" VPOS="1272" WIDTH="35" HEIGHT="20" WC="0.96" CONTENT="vid"/><SP WIDTH="16" VPOS="1272" HPOS="249"/>
							<String ID="string_271" HPOS="265" VPOS="1271" WIDTH="36" HEIGHT="21" WC="0.96" CONTENT="det"/><SP WIDTH="15" VPOS="1271" HPOS="301"/>
							<String ID="string_272" HPOS="316" VPOS="1271" WIDTH="41" HEIGHT="21" WC="0.92" CONTENT="den"/><SP WIDTH="19" VPOS="1271" HPOS="357"/>
							<String ID="string_273" HPOS="376" VPOS="1271" WIDTH="108" HEIGHT="27" WC="0.92" CONTENT="gäldenär,"/><SP WIDTH="19" VPOS="1271" HPOS="484"/>
							<String ID="string_274" HPOS="503" VPOS="1272" WIDTH="24" HEIGHT="20" WC="0.93" CONTENT="af"/><SP WIDTH="16" VPOS="1272" HPOS="527"/>
							<String ID="string_275" HPOS="543" VPOS="1272" WIDTH="84" HEIGHT="20" WC="0.92" CONTENT="hvilken"/><SP WIDTH="19" VPOS="1272" HPOS="627"/>
							<String ID="string_276" HPOS="646" VPOS="1272" WIDTH="134" HEIGHT="26" WC="0.92" CONTENT="borgenären"/><SP WIDTH="18" VPOS="1272" HPOS="780"/>
							<String ID="string_277" HPOS="798" VPOS="1274" WIDTH="33" HEIGHT="19" WC="0.90" CONTENT="ut-"/>
						</TextLine>
						<TextLine ID="line_33" HPOS="78" VPOS="1305" WIDTH="753" HEIGHT="26">
							<String ID="string_278" HPOS="78" VPOS="1305" WIDTH="117" HEIGHT="22" WC="0.91" CONTENT="bekommit"/><SP WIDTH="14" VPOS="1305" HPOS="195"/>
							<String ID="string_279" HPOS="209" VPOS="1305" WIDTH="32" HEIGHT="22" WC="0.93" CONTENT="sin"/><SP WIDTH="16" VPOS="1305" HPOS="241"/>
							<String ID="string_280" HPOS="257" VPOS="1305" WIDTH="94" HEIGHT="26" WC="0.92" CONTENT="fordran,"/><SP WIDTH="16" VPOS="1305" HPOS="351"/>
							<String ID="string_281" HPOS="367" VPOS="1305" WIDTH="87" HEIGHT="22" WC="0.92" CONTENT="utsöker"/><SP WIDTH="15" VPOS="1305" HPOS="454"/>
							<String ID="string_282" HPOS="469" VPOS="1305" WIDTH="55" HEIGHT="22" WC="0.92" CONTENT="hvad"/><SP WIDTH="18" VPOS="1305" HPOS="524"/>
							<String ID="string_283" HPOS="542" VPOS="1305" WIDTH="43" HEIGHT="22" WC="0.93" CONTENT="han"/><SP WIDTH="15" VPOS="1305" HPOS="585"/>
							<String ID="string_284" HPOS="600" VPOS="1305" WIDTH="84" HEIGHT="22" WC="0.90" CONTENT="utöfver"/><SP WIDTH="15" VPOS="1305" HPOS="684"/>
							<String ID="string_285" HPOS="699" VPOS="1305" WIDTH="32" HEIGHT="21" WC="0.96" CONTENT="sin"/><SP WIDTH="16" VPOS="1305" HPOS="731"/>
							<String ID="string_286" HPOS="747" VPOS="1305" WIDTH="34" HEIGHT="22" WC="0.93" CONTENT="del"/><SP WIDTH="13" VPOS="1305" HPOS="781"/>
							<String ID="string_287" HPOS="794" VPOS="1305" WIDTH="37" HEIGHT="22" WC="0.92" CONTENT="be-"/>
						</TextLine>
						<TextLine ID="line_34" HPOS="78" VPOS="1339" WIDTH="754" HEIGHT="27">
							<String ID="string_288" HPOS="78" VPOS="1340" WIDTH="47" HEIGHT="25" WC="0.93" CONTENT="talt,"/><SP WIDTH="18" VPOS="1340" HPOS="125"/>
							<String ID="string_289" HPOS="143" VPOS="1340" WIDTH="94" HEIGHT="21" WC="0.92" CONTENT="befinnes"/><SP WIDTH="20" VPOS="1340" HPOS="237"/>
							<String ID="string_290" HPOS="257" VPOS="1340" WIDTH="67" HEIGHT="20" WC="0.92" CONTENT="sakna"/><SP WIDTH="19" VPOS="1340" HPOS="324"/>
							<String ID="string_291" HPOS="343" VPOS="1339" WIDTH="89" HEIGHT="27" WC="0.92" CONTENT="tillgäng"/><SP WIDTH="18" VPOS="1339" HPOS="432"/>
							<String ID="string_292" HPOS="450" VPOS="1340" WIDTH="34" HEIGHT="20" WC="0.93" CONTENT="till"/><SP WIDTH="18" VPOS="1340" HPOS="484"/>
							<String ID="string_293" HPOS="502" VPOS="1339" WIDTH="105" HEIGHT="27" WC="0.92" CONTENT="gäldande"/><SP WIDTH="18" VPOS="1339" HPOS="607"/>
							<String ID="string_294" HPOS="625" VPOS="1339" WIDTH="24" HEIGHT="21" WC="0.96" CONTENT="af"/><SP WIDTH="15" VPOS="1339" HPOS="649"/>
							<String ID="string_295" HPOS="664" VPOS="1340" WIDTH="33" HEIGHT="20" WC="0.96" CONTENT="sin"/><SP WIDTH="19" VPOS="1340" HPOS="697"/>
							<String ID="string_296" HPOS="716" VPOS="1339" WIDTH="35" HEIGHT="21" WC="0.96" CONTENT="del"/><SP WIDTH="17" VPOS="1339" HPOS="751"/>
							<String ID="string_297" HPOS="768" VPOS="1340" WIDTH="8" HEIGHT="20" WC="0.96" CONTENT="i"/><SP WIDTH="15" VPOS="1340" HPOS="776"/>
							<String ID="string_298" HPOS="791" VPOS="1339" WIDTH="41" HEIGHT="22" WC="0.96" CONTENT="den"/>
						</TextLine>
						<TextLine ID="line_35" HPOS="78" VPOS="1371" WIDTH="754" HEIGHT="30">
							<String ID="string_299" HPOS="78" VPOS="1380" WIDTH="159" HEIGHT="21" WC="0.95" CONTENT="gemensamma"/><SP WIDTH="15" VPOS="1380" HPOS="237"/>
							<String ID="string_300" HPOS="252" VPOS="1373" WIDTH="95" HEIGHT="22" WC="0.95" CONTENT="skulden."/><SP WIDTH="29" VPOS="1373" HPOS="347"/>
							<String ID="string_301" HPOS="376" VPOS="1371" WIDTH="71" HEIGHT="29" WC="0.95" CONTENT="Fråga"/><SP WIDTH="18" VPOS="1371" HPOS="447"/>
							<String ID="string_302" HPOS="465" VPOS="1372" WIDTH="90" HEIGHT="28" WC="0.96" CONTENT="uppstår"/><SP WIDTH="15" VPOS="1372" HPOS="555"/>
							<String ID="string_303" HPOS="570" VPOS="1372" WIDTH="29" HEIGHT="22" WC="0.96" CONTENT="dä"/><SP WIDTH="17" VPOS="1372" HPOS="599"/>
							<String ID="string_304" HPOS="616" VPOS="1380" WIDTH="35" HEIGHT="13" WC="0.96" CONTENT="om"/><SP WIDTH="15" VPOS="1380" HPOS="651"/>
							<String ID="string_305" HPOS="666" VPOS="1373" WIDTH="41" HEIGHT="20" WC="0.93" CONTENT="den"/><SP WIDTH="16" VPOS="1373" HPOS="707"/>
							<String ID="string_306" HPOS="723" VPOS="1373" WIDTH="109" HEIGHT="27" WC="0.92" CONTENT="gäldenär,"/>
						</TextLine>
						<TextLine ID="line_36" HPOS="79" VPOS="1406" WIDTH="753" HEIGHT="29">
							<String ID="string_307" HPOS="79" VPOS="1408" WIDTH="45" HEIGHT="21" WC="0.93" CONTENT="mot"/><SP WIDTH="14" VPOS="1408" HPOS="124"/>
							<String ID="string_308" HPOS="138" VPOS="1407" WIDTH="85" HEIGHT="22" WC="0.92" CONTENT="hvilken"/><SP WIDTH="14" VPOS="1407" HPOS="223"/>
							<String ID="string_309" HPOS="237" VPOS="1407" WIDTH="135" HEIGHT="28" WC="0.92" CONTENT="borgenären"/><SP WIDTH="14" VPOS="1407" HPOS="372"/>
							<String ID="string_310" HPOS="386" VPOS="1407" WIDTH="47" HEIGHT="21" WC="0.93" CONTENT="icke"/><SP WIDTH="15" VPOS="1407" HPOS="433"/>
							<String ID="string_311" HPOS="448" VPOS="1407" WIDTH="92" HEIGHT="21" WC="0.93" CONTENT="afbrutit"/><SP WIDTH="18" VPOS="1407" HPOS="540"/>
							<String ID="string_312" HPOS="558" VPOS="1407" WIDTH="171" HEIGHT="27" WC="0.93" CONTENT="preskriptionen"/><SP WIDTH="15" VPOS="1407" HPOS="729"/>
							<String ID="string_313" HPOS="744" VPOS="1407" WIDTH="40" HEIGHT="22" WC="0.93" CONTENT="och"/><SP WIDTH="15" VPOS="1407" HPOS="784"/>
							<String ID="string_314" HPOS="799" VPOS="1406" WIDTH="33" HEIGHT="23" WC="0.93" CONTENT="sä-"/>
						</TextLine>
						<TextLine ID="line_37" HPOS="78" VPOS="1441" WIDTH="754" HEIGHT="28">
							<String ID="string_315" HPOS="78" VPOS="1442" WIDTH="68" HEIGHT="22" WC="0.90" CONTENT="lunda"/><SP WIDTH="18" VPOS="1442" HPOS="146"/>
							<String ID="string_316" HPOS="164" VPOS="1441" WIDTH="90" HEIGHT="22" WC="0.96" CONTENT="förlorat"/><SP WIDTH="18" VPOS="1441" HPOS="254"/>
							<String ID="string_317" HPOS="272" VPOS="1442" WIDTH="33" HEIGHT="21" WC="0.93" CONTENT="sin"/><SP WIDTH="18" VPOS="1442" HPOS="305"/>
							<String ID="string_318" HPOS="323" VPOS="1441" WIDTH="158" HEIGHT="28" WC="0.93" CONTENT="fordringsrätt,"/><SP WIDTH="20" VPOS="1441" HPOS="481"/>
							<String ID="string_319" HPOS="501" VPOS="1441" WIDTH="83" HEIGHT="22" WC="0.96" CONTENT="ändock"/><SP WIDTH="19" VPOS="1441" HPOS="584"/>
							<String ID="string_320" HPOS="603" VPOS="1441" WIDTH="57" HEIGHT="22" WC="0.96" CONTENT="skall"/><SP WIDTH="15" VPOS="1441" HPOS="660"/>
							<String ID="string_321" HPOS="675" VPOS="1448" WIDTH="53" HEIGHT="15" WC="0.93" CONTENT="vara"/><SP WIDTH="21" VPOS="1448" HPOS="728"/>
							<String ID="string_322" HPOS="749" VPOS="1441" WIDTH="83" HEIGHT="28" WC="0.96" CONTENT="skyldig"/>
						</TextLine>
						<TextLine ID="line_38" HPOS="80" VPOS="1475" WIDTH="753" HEIGHT="29">
							<String ID="string_323" HPOS="80" VPOS="1478" WIDTH="32" HEIGHT="20" WC="0.92" CONTENT="att"/><SP WIDTH="18" VPOS="1478" HPOS="112"/>
							<String ID="string_324" HPOS="130" VPOS="1476" WIDTH="86" HEIGHT="28" WC="0.91" CONTENT="deltaga"/><SP WIDTH="18" VPOS="1476" HPOS="216"/>
							<String ID="string_325" HPOS="234" VPOS="1477" WIDTH="6" HEIGHT="20" WC="0.92" CONTENT="i"/><SP WIDTH="20" VPOS="1477" HPOS="240"/>
							<String ID="string_326" HPOS="260" VPOS="1476" WIDTH="136" HEIGHT="28" WC="0.92" CONTENT="betalningen"/><SP WIDTH="19" VPOS="1476" HPOS="396"/>
							<String ID="string_327" HPOS="415" VPOS="1475" WIDTH="23" HEIGHT="23" WC="0.96" CONTENT="af"/><SP WIDTH="18" VPOS="1475" HPOS="438"/>
							<String ID="string_328" HPOS="456" VPOS="1476" WIDTH="41" HEIGHT="26" WC="0.96" CONTENT="det,"/><SP WIDTH="19" VPOS="1476" HPOS="497"/>
							<String ID="string_329" HPOS="516" VPOS="1482" WIDTH="46" HEIGHT="16" WC="0.96" CONTENT="som"/><SP WIDTH="18" VPOS="1482" HPOS="562"/>
							<String ID="string_330" HPOS="580" VPOS="1475" WIDTH="24" HEIGHT="22" WC="0.93" CONTENT="af"/><SP WIDTH="16" VPOS="1475" HPOS="604"/>
							<String ID="string_331" HPOS="620" VPOS="1475" WIDTH="131" HEIGHT="29" WC="0.90" CONTENT="nyssantydd"/><SP WIDTH="19" VPOS="1475" HPOS="751"/>
							<String ID="string_332" HPOS="770" VPOS="1476" WIDTH="63" HEIGHT="22" WC="0.92" CONTENT="orsak"/>
						</TextLine>
					</TextBlock>
				</ComposedBlock>
			</PrintSpace>
		</Page>
	</Layout>
</alto>
