1020 1720
219 153 43 16 1714
415 150 71 22 Nådiga
498 151 137 20 Propositionen
647 149 34 17 N:o
694 149 27 16 34.

193 214 49 21 med
256 213 87 28 bakugn
358 214 40 21 och
412 213 112 27 badstuga.
554 211 34 22 Då
601 212 40 21 hos
655 211 133 22 förbemälde
803 210 67 21 Stånd
884 211 8 20 i
906 211 35 20 be-

193 248 115 21 traktande
322 247 90 22 kommit
426 249 31 19 att
472 247 6 20 i
494 247 82 20 mindre
590 245 79 28 gårdar
685 246 35 21 det
735 245 64 22 oftast
813 245 61 21 torde
888 244 54 22 falla

194 282 32 27 sig
244 283 77 26 ytterst
342 281 58 21 svårt
419 281 33 21 för
474 280 120 22 husvärden
617 282 32 19 att
666 280 82 27 nödgas
765 278 90 29 upplåta
873 279 69 22 skilda

193 317 49 25 kök,
264 316 129 27 betjentrum
415 315 40 21 och
476 315 55 21 lider
554 313 22 22 åt
595 314 26 21 de
638 314 149 27 ingvarterade
805 316 61 23 samt,
886 313 56 21 hvad

193 350 98 22 stallrum
309 349 110 26 beträffar,
439 349 107 22 dessutom
564 348 142 22 förekommer
724 350 32 19 att
770 348 68 21 under
853 347 89 22 fredstid

194 384 76 22 endast
292 384 36 21 det
348 384 67 27 högre
432 383 80 22 befälet
530 383 40 22 och
587 382 68 28 några
672 381 22 23 få
712 382 230 22 subaltern-officerare

193 419 36 21 vid
246 419 166 26 infanteritrupp
431 417 83 28 åtnjuta
533 417 94 21 rationer
644 417 35 21 för
695 417 116 25 ridhästar,
830 424 48 13 men
896 417 46 20 icke

193 452 36 22 vid
250 452 71 28 någon
343 454 65 25 trupp
427 452 32 21 för
478 451 36 22 åk-
533 452 52 22 eller
602 452 135 27 packhästar,
756 451 72 21 hvilka
845 451 97 25 sednare,

194 487 38 21 der
250 486 82 23 sådana
349 486 113 26 medföras,
478 486 83 22 således
576 486 75 21 endast
666 486 44 21 afse
726 493 87 20 egarens
828 486 49 26 nöje
892 485 51 21 eller

193 521 164 27 beqvämlighet,
372 521 64 21 hafva
451 520 97 22 bemälde
563 520 62 21 stånd
637 520 46 21 icke
693 520 72 21 tvekat
776 522 31 19 att
819 520 57 27 gifva
886 520 56 21 före-

193 555 62 21 träde
271 554 22 22 åt
308 555 36 21 det
358 555 24 21 af
394 555 93 21 komitén
498 555 123 27 uppgjorda
631 554 81 28 förslag
724 555 7 20 i
743 554 62 22 dessa
817 554 64 26 delar,
894 554 48 21 med

192 590 77 27 tillägg
291 589 75 22 endast
388 590 24 20 af
429 596 24 14 en
472 589 55 21 skild
545 590 66 20 klass:
631 589 149 26 ,stabsofficer,
795 596 45 14 som
855 590 25 19 är
894 588 50 22 chef

193 624 34 21 för
243 624 67 21 afdelt
324 625 82 26 trupp",
422 626 55 19 samt
492 624 56 27 förty
564 625 8 20 i
586 624 25 27 $$
628 625 25 20 18
669 625 40 20 och
725 625 26 19 20
766 624 77 27 intagit
853 623 89 27 härmed

193 658 230 22 öfverensstämmande
445 659 138 26 stadganden,
606 658 63 21 likväl
688 657 90 23 sålunda
796 660 37 24 att,
853 658 89 21 emedan

193 692 134 22 beträffande
342 693 81 20 antalet
437 693 24 21 af
473 693 91 21 befälets
579 693 138 27 boningsrum
731 694 77 27 yppats
819 692 123 28 skiljaktiga

193 726 86 29 åsigter,
295 727 7 21 i
318 727 36 21 det
371 727 84 22 Presta-
474 728 40 21 och
533 726 185 29 Borgarestånden
736 727 61 22 äfven
812 727 130 21 härutinnan

193 761 110 28 godkännt
317 761 104 22 komiténs
436 761 86 28 förslag,
538 762 77 21 medan
631 762 93 21 deremot
734 761 157 28 Ridderskapet
902 761 40 22 och

193 795 68 22 Adeln
275 795 83 22 biträdt
372 796 41 21 den
427 795 84 28 Nädiga
525 796 168 27 Propositionen,
709 797 34 27 $:n
757 795 75 27 blifvit,
847 796 49 21 med
911 795 31 22 af-

193 830 77 21 seende
292 829 54 22 härå
365 830 122 21 alternativt
506 830 123 27 redigerad;
648 830 95 21 börande
758 830 120 21 Ständerna
892 830 49 21 här-

192 864 36 21 vid
241 862 155 29 underdånigst
411 864 85 21 anmäla
511 866 31 19 att
557 864 155 27 Ridderskapet
727 864 40 22 och
781 864 70 21 Adeln
865 864 33 20 för
909 864 33 21 sin

193 898 34 21 del
245 898 88 21 beslutit
352 900 32 19 att
402 898 25 21 de
442 898 121 28 föreslagne
576 898 179 28 förändringarne
769 898 34 21 vid
819 899 24 27 $$
860 899 25 20 18
901 898 41 22 och

193 933 26 21 20
235 932 101 28 utgjorde
351 932 75 21 endast
440 935 30 18 ett
486 932 99 22 Ståndets
601 931 163 29 önskningsmål.

262 966 132 28 Stadgandet
408 966 7 21 i
431 968 11 26 $
459 968 25 20 25
500 974 64 14 mom.
580 968 11 20 2
608 966 72 22 derom
695 969 32 19 att
741 967 86 26 militär,
845 974 47 14 som
904 967 37 21 be-

193 1007 83 21 gagnar
289 1001 43 21 kök
348 1003 130 25 gemensamt
492 1002 49 20 med
555 1001 135 26 värdsfolket,
702 1001 54 21 skall
766 1002 33 20 till
809 1002 133 28 matlagning

192 1034 71 22 bestås
283 1035 39 21 ved
340 1035 33 21 till
391 1035 80 21 hälften
486 1036 24 20 af
523 1036 37 21 det
573 1036 7 20 i
595 1042 76 15 senare
686 1036 60 21 delen
761 1036 24 20 af
798 1036 65 27 sagde
877 1043 63 14 mom.

191 1069 129 22 föreskrifna
340 1069 84 28 belopp,
447 1070 40 21 har
509 1071 79 20 ansetts
611 1070 116 27 olämpligt,
751 1071 51 20 enär
824 1070 36 21 vid
874 1069 67 23 sådan

192 1110 121 21 gemensam
332 1104 130 27 matlagning
482 1104 35 20 det
535 1104 60 21 torde
613 1104 66 21 blifva
698 1104 57 21 svårt
773 1106 32 19 att
822 1104 120 21 bestämma

191 1138 57 21 huru
265 1138 84 26 mycket
367 1138 25 20 af
408 1138 40 20 den
466 1138 73 21 härtill
557 1137 104 27 åtgående
678 1138 66 21 veden
760 1138 53 21 skall
829 1145 61 14 anses
904 1138 37 21 be-

191 1171 51 27 löpa
265 1172 31 27 sig
314 1171 30 27 på
362 1171 40 21 den
424 1172 159 26 inqvarterades
606 1171 68 27 andel,
696 1172 99 21 hvarföre
814 1171 101 26 Stånden,
932 1172 8 20 i

191 1205 68 21 likhet
276 1206 48 20 med
339 1206 98 25 komitén,
453 1205 153 27 underdånigst
620 1206 106 28 tillstyrka
741 1208 32 20 att
787 1206 33 21 för
834 1205 106 29 ifrågava-

192 1240 67 21 rande
275 1239 98 22 ändamål
388 1239 35 22 må
438 1238 22 22 åt
476 1240 26 22 de
513 1240 149 27 ingvarterade
673 1240 92 28 utgifvas
777 1241 39 21 ved
827 1240 54 22 efter
892 1240 48 22 skä-

191 1273 30 27 lig
240 1272 89 27 åtgång;
349 1273 40 20 och
404 1274 39 19 har
458 1274 34 19 för
507 1274 65 26 öfrigt
586 1274 33 19 till
633 1274 93 21 nämnda
741 1275 11 26 $
767 1274 121 27 föreslagits
906 1272 34 22 sä-

192 1307 53 20 dant
258 1306 75 27 tillägg
348 1308 32 19 att
394 1307 46 26 ved,
456 1313 46 14 som
516 1307 33 21 till
563 1307 136 27 ingvarterad
711 1307 138 22 utlevererats
860 1315 48 14 men
920 1307 18 28 ej

191 1340 62 29 åtgår
268 1341 34 21 för
316 1341 54 21 hans
384 1341 70 26 behof,
470 1341 40 22 bör
524 1344 52 20 utan
588 1342 117 28 ersättning
716 1342 85 22 tillfalla
812 1342 127 22 husvärden.

259 1375 50 22 Med
328 1376 98 21 afseende
444 1376 52 22 derä
514 1379 32 19 att
564 1378 47 20 dei
626 1376 133 23 förestäende
777 1376 67 23 mätto
864 1377 76 28 gjorda

191 1410 167 28 anmärkningar
373 1412 44 20 mot
431 1412 11 27 &
460 1413 24 19 18
500 1412 46 22 icke
561 1419 40 21 ega
611 1412 150 28 tillämplighet
771 1412 7 22 i
789 1412 62 28 fräga
861 1420 35 14 om
906 1413 33 21 in-

191 1445 123 28 gvartering
332 1444 8 22 i
358 1445 93 23 kronans
469 1446 47 27 hus,
536 1448 25 20 är
574 1447 93 22 tabellen
681 1447 8 21 i
703 1447 142 29 nyssnämnde
860 1448 11 27 $
886 1449 52 20 utan

191 1480 125 28 förändring
331 1480 85 28 intagen
431 1480 7 22 i
452 1481 12 27 $
480 1482 33 20 27.
