1020 1717
102 376 278 32 Storfurstendömet
404 377 141 31 Finlands
572 376 140 32 Ständers
737 376 114 39 Beslut,

157 443 82 22 fattadt
255 443 40 23 och
309 443 69 28 gifvet
393 443 13 22 å
421 444 80 22 allmän
515 443 107 28 landtdag
635 443 8 22 i
657 443 142 28 Helsingfors,

374 483 42 23 den
431 483 23 22 31
468 483 42 30 Maj
526 482 55 23 1867.

169 555 28 21 Vi
208 555 133 21 efterskrifne
353 554 204 22 Storfurstendömet
568 554 102 22 Finlands
681 555 98 26 Ständer,
791 554 62 22 Gref-

102 597 45 19 var,
161 589 119 26 Friherrar,
295 589 112 27 Biskopar,
426 589 132 28 Ridderskap
577 590 40 21 och
631 589 60 26 Adel,
707 589 146 28 Presterskap,

101 623 136 28 Borgerskap
256 623 40 22 och
310 623 85 28 Menige
410 623 102 28 Allmoge,
528 631 46 14 som
587 631 30 14 nu
635 623 14 22 å
667 631 55 20 egna
739 623 40 21 och
794 623 59 22 Våra

102 657 180 22 hemmavarande
296 657 139 22 medbröders
448 659 82 26 vägnar
544 657 33 22 till
595 658 80 21 allmän
692 657 103 28 landtdag
810 657 43 22 för-

103 693 94 21 samlade
215 693 62 24 varit,
296 693 51 26 göre
366 692 106 27 veterligt:
495 693 37 24 att,
552 699 45 14 som
621 693 39 20 den
683 692 170 27 Stormäktigste,

102 727 116 28 Högborne
240 727 90 20 Fursten
349 727 40 21 och
407 726 92 27 Herren,
519 726 171 22 ALEXANDER
712 726 40 21 den
775 726 78 26 Andre,

103 761 89 28 Kejsare
207 761 40 21 och
263 760 166 28 Sjelfherrskare
444 761 58 21 öfver
516 761 49 22 hela
579 761 112 28 Ryssland,
706 761 53 21 Tsar
775 761 23 21 af
815 761 39 21 Po-

103 797 41 26 len,
160 796 117 21 Storfurste
296 796 32 21 till
346 796 89 21 Finland
451 797 46 24 etc.,
513 797 47 25 etc.,
576 798 47 24 etc.,
638 795 45 22 Vår
697 795 157 28 Allernädigste

103 830 119 22 Storfurste
243 830 41 21 och
302 831 74 25 Herre,
396 830 7 21 i
421 829 67 22 näder
505 829 100 28 behagat,
625 837 76 20 genom
724 831 65 26 öppet
807 829 50 22 bref

103 865 40 22 och
158 864 73 28 päbud
247 865 24 21 af
284 865 40 21 den
340 866 26 19 25
383 864 124 28 September
523 866 54 19 1866
596 864 59 21 kalla
669 864 40 21 Oss
724 866 32 19 att
771 864 40 21 den
827 865 26 20 22

103 899 92 22 Januari
209 899 144 22 innevarande
368 898 24 22 är
404 899 187 26 sammankomma,
602 899 63 21 hafve
676 899 26 21 Vi
714 898 141 22 nästnämnde

105 934 41 27 dag
161 933 40 22 Oss
216 934 40 21 här
270 934 7 21 i
292 933 134 28 Helsingfors
441 933 98 22 infunnit.

171 961 120 28 Äkallande
309 968 41 21 den
368 968 90 27 Högstes
477 968 126 27 välsignelse
621 969 59 20 ötver
695 967 58 22 Våra
771 967 84 27 företag

104 1003 63 22 hafva
186 1003 26 20 Vi
230 1002 72 28 börjat
320 1001 58 22 Våra
397 1002 104 27 göromål;
524 1002 40 21 och
587 1001 66 22 sedan
671 1001 26 22 Vi
720 1001 13 22 ä
750 1001 105 22 rikssalen

105 1037 40 22 den
161 1038 26 19 26
203 1037 7 20 i
225 1037 106 27 sistsagda
345 1035 78 22 mänad
442 1036 40 22 fätt
500 1038 107 25 emottaga
625 1036 118 21 Berättelse
759 1043 33 14 om
808 1035 47 28 Sty-

103 1071 82 22 relsens
200 1071 141 28 tillgöranden
356 1071 7 20 i
378 1070 114 29 anledning
507 1071 24 21 af
544 1071 26 21 de
584 1071 49 20 utaf
643 1071 40 21 Oss
694 1071 34 21 vid
743 1069 112 22 sisthällna

104 1105 103 28 landtdag
222 1106 82 21 fattade
318 1105 76 26 beslut,
410 1105 71 22 hvilka
496 1105 74 22 vunnit
584 1105 60 21 Hans
659 1105 119 28 Kejserliga
788 1104 67 28 Maje-

104 1141 53 20 stäts
172 1139 79 28 nådiga
265 1139 61 22 bifall
344 1139 40 22 och
403 1139 141 27 fastställelse,
562 1139 109 22 äfvensom
689 1139 92 22 rörande
799 1138 56 22 hvad

105 1175 59 21 Hans
182 1175 120 28 Kejserliga
319 1174 101 27 Majestät
437 1175 7 20 i
464 1175 70 27 öfrigt,
553 1174 32 21 till
607 1173 51 29 följe
680 1174 24 21 af
724 1173 131 22 förhandlin-

106 1216 65 21 garne
190 1208 13 22 å
220 1208 141 29 nyssberörde
379 1208 112 28 landtdag,
510 1208 70 21 täckts
602 1207 108 27 förordna,
733 1209 56 20 samt
810 1208 45 21 sär-

105 1243 70 22 skilda
192 1243 80 28 nådiga
289 1243 162 27 propositioner,
471 1243 62 21 hafve
547 1243 33 25 Vi,
600 1243 54 20 efter
671 1241 131 28 föregängne
824 1243 31 20 öf-

105 1278 164 27 verläggningar
287 1277 92 21 rörande
398 1277 61 21 dessa
477 1279 55 19 samt
551 1276 26 21 de
594 1276 79 28 nådiga
691 1276 164 27 propositioner,

105 1312 71 21 hvilka
195 1311 121 22 sedermera
333 1311 68 21 under
415 1311 140 27 landtdagens
570 1310 100 28 fortgång
685 1310 32 22 till
732 1310 40 21 Oss
787 1310 67 22 öfver-

105 1346 97 24 lemnats,
217 1347 88 19 stannat
318 1346 7 18 i
340 1344 94 28 följande
448 1346 80 19 beslut:

458 1404 12 27 8
486 1404 18 20 1.

174 1448 11 22 I
203 1447 114 28 anledning
335 1447 24 22 af
375 1447 36 21 det
427 1446 160 27 mordattentat,
606 1454 46 14 som
670 1446 7 21 i
694 1445 62 29 April
777 1444 78 24 mänad

107 1482 96 23 sistlidne
221 1481 24 23 år
264 1482 78 22 hotade
360 1483 32 21 att
410 1481 96 22 utsläcka
524 1481 59 22 Hans
602 1481 120 29 Kejserliga
744 1481 111 28 Majestäts
