1031 1720
201 141 24 14 VI

174 503 41 21 N:o
224 504 32 20 26.

172 856 41 22 N:o
222 856 33 21 27.

171 1114 41 21 N:o
220 1115 34 20 28.

170 1302 41 22 N:o
220 1303 33 20 29.

309 203 33 18 fall
354 204 46 21 samt
412 208 29 14 om
452 203 140 22 urarfvagörelse
604 203 33 16 och
650 202 150 18 undanskiftande

309 231 20 18 af
340 230 84 24 egendom
436 231 7 17 i
455 231 34 18 död
501 232 60 17 makes
573 231 23 18 bo
616 245 4 4 .
638 245 4 4 .
660 245 4 4 .
683 244 5 4 .
706 244 96 5 0.0.

275 260 75 22 Förslag
362 260 29 17 till
403 260 104 23 förordning
519 266 28 11 om
558 259 120 24 preskription
687 259 6 17 i
703 259 97 23 fordrings-

308 289 37 17 mål
357 289 33 17 och
402 294 29 12 om
440 288 119 23 årsstämning
572 302 1 4 .
593 302 2 4 .
615 301 3 4 .
650 302 14 4 <
682 302 120 4 se

274 317 76 23 Förslag
359 318 29 18 till
397 317 104 24 förordning
511 323 39 17 ang.
558 317 124 22 förändringar
692 317 33 17 och
734 318 66 22 tillägg

310 347 30 17 vid
350 346 90 17 allmänna
451 346 61 23 lagens
525 346 111 23 stadganden
646 352 28 12 om
683 346 117 23 äktenskaps-

309 375 60 17 OTOYA:
387 389 4 3 <
410 389 5 3 a
434 389 3 3 s
456 388 49 4 mmm
525 389 26 3 rg
570 388 4 3 =
592 388 28 4 RR
657 388 30 4 KR
706 389 4 3 &
729 388 27 4 aa
774 388 28 3 0

275 403 137 22 Lagutskottets
422 403 112 18 betänkande
550 417 1 3 .
570 417 4 4 .
593 417 163 4 n
797 417 5 4 =

339 440 7 7 ”
420 431 250 23 sammanjemkningsförslag,
676 431 38 18 tab.
721 432 30 17 vid
757 438 41 16 pag.

276 460 107 18 Ständernes
395 460 42 17 und.
450 465 40 12 svar
501 474 3 3 .
522 474 5 4 .
546 473 254 5 ks

276 503 54 27 Ang.
346 503 123 27 inteckning
487 504 7 20 i
512 503 43 21 fast
573 502 103 28 egendom
695 505 56 19 samt
766 510 35 14 om

310 537 142 27 borgenärers
466 538 44 20 rätt
522 538 40 20 och
574 537 107 21 företräde
693 537 33 21 för
738 538 62 20 hvar-

310 572 68 20 andra
396 571 33 21 till
451 571 109 27 betalning
578 578 26 14 ur
623 572 113 26 egendom,
755 578 45 14 som

310 606 68 21 blifvit
393 606 33 20 till
441 605 93 22 konkurs
550 605 97 22 afträdd:

274 643 23 18 H.
309 642 22 18 K.
342 643 43 17 M:ts
396 643 72 22 Nädiga
480 643 112 22 Proposition
616 656 2 4 .
636 655 5 4 .
660 656 4 4 .
682 656 4 4 .
705 657 4 3 .
728 656 73 5 cc.

275 671 75 22 Förslag
358 671 30 18 till
397 671 103 22 förordning
506 677 28 12 om
543 672 104 22 inteckning
656 671 6 18 i
670 672 36 17 fast
713 672 85 22 egendöm

275 700 75 22 Förslag
359 700 29 17 till
398 700 102 23 förordning
510 706 28 11 om
546 701 116 22 borgenärers
671 701 37 17 rätt
715 701 32 17 och
754 701 44 18 före-

308 728 52 18 träde
371 729 27 18 för
409 729 101 18 hvarandra
525 729 30 18 till
570 729 93 22 betalning
674 735 21 12 ur
708 727 90 25 egendom,

310 763 38 12 som
358 757 61 18 blifvit
431 758 30 17 till
473 758 77 17 konkurs
563 758 72 17 afträdd
658 771 5 4 .
681 771 5 4 .
704 772 4 3 .
727 772 4 4 .
750 772 50 4 ...

274 787 136 22 Lagutskottets
422 786 113 18 betänkande
550 800 1 4 .
568 800 4 4 .
592 800 3 4 .
614 800 3 3 .
636 799 50 5 ...
705 799 27 6 oe
773 801 27 4 Bn

275 815 108 18 Ständernes
395 815 42 17 und.
450 821 54 12 svar.
522 829 4 4 .
546 829 4 4 .
568 829 118 4 ..«.cc
704 827 96 7 EE

274 856 54 27 Ang.
338 855 119 22 ordnandet
464 856 24 20 af
494 855 192 28 skjutshållningen
694 857 40 20 och
742 855 58 29 gäst-

308 889 127 28 gifverierne
442 892 56 19 samt
508 892 50 26 väg-
570 890 39 21 och
620 890 176 28 brobyggnaden:

274 927 22 17 H.
308 927 22 17 K.
342 927 42 17 M:ts
396 926 72 23 Nådiga
479 927 114 23 Proposition
613 941 4 3 .
636 941 4 4 .
658 941 5 4 .
699 937 5 5 +
727 942 27 4 ss
773 941 27 5 ss

274 955 191 23 Grundlagsutskottet
476 955 114 19 betänkande
613 969 4 4 .
636 969 4 5 .
659 970 3 3 .
681 970 119 4 .....
791 951 12 31 .«

274 984 134 18 Sammansatta
416 984 95 18 Ekonomi-
517 986 45 16 samt
572 985 57 17 Stats-
636 984 32 18 och
677 984 120 24 Bevillnings-

310 1013 98 17 utskottets
419 1012 113 18 betänkande
546 1026 2 4 .
567 1026 4 4 .
590 1027 4 4 .
612 1026 50 4 ...
681 1026 119 6 ITP

274 1041 200 23 Grundlagsutskottets
486 1042 245 23 sammanjemkningsförslag
749 1056 4 4 .
771 1056 5 4 .
794 1056 5 4 .

274 1069 108 19 Ständernes
394 1070 42 18 und.
449 1076 40 11 svar.
523 1083 2 4 .
544 1083 209 5 «sn
772 1084 27 5 3

272 1113 55 27 Ang.
342 1113 103 27 utvidgad
460 1113 98 21 handels-
574 1112 40 22 och
628 1112 162 29 näringsfrihet:

273 1150 23 17 H.
308 1150 22 17 K.
341 1150 43 17 M:ts
395 1150 72 22 Nädiga
478 1150 114 23 Proposition
612 1163 4 5 .
635 1163 5 5 .
659 1164 3 4 .
681 1164 119 4 «ss.
771 1146 32 32 sc

274 1179 46 22 Lag-
332 1179 33 17 och
377 1178 184 18 Ekonomiutskottets
572 1179 112 19 betänkande
702 1192 5 4 .
725 1192 5 4 .
749 1193 4 4 .
771 1194 5 4 .
795 1193 4 4 .

412 1215 8 8 2
576 1208 215 22 sammanjemkningsför-

308 1236 44 22 slag,
364 1236 57 17 tabell
433 1236 30 18 vid
475 1242 40 17 pag.
542 1248 4 4 .
565 1250 4 3 .
588 1249 51 5 ...
656 1249 70 5 RE
745 1232 53 31 OPALA

274 1264 108 17 Ständernes
394 1265 42 15 und,
449 1270 53 11 svar.
521 1277 4 4 .
549 1260 44 30 oss
612 1276 26 5 ss
658 1276 26 4 sc
705 1277 25 5 oc
759 1278 40 4 ör

273 1303 41 20 Om
328 1303 122 26 antagande
465 1303 24 20 af
502 1310 26 14 en
543 1303 125 27 förordning
687 1302 111 29 angående

307 1338 100 20 närmare
422 1337 144 28 begränsning
577 1337 25 22 af
610 1337 58 22 tiden
679 1337 34 22 för
724 1335 78 25 löftes-'

306 1379 61 14 mans
383 1372 210 28 ansvarsskyldighet
606 1380 29 14 m.
650 1378 39 16 m.:

272 1409 22 18 H.
306 1408 22 18 K.
339 1409 43 18 M:ts
394 1409 72 23 Nådiga
477 1409 113 23 Proposition
612 1424 4 4 .
636 1423 2 4 .
658 1423 140 6 0.0.0.

272 1438 136 24 Lagutskottets
420 1438 113 18 betänkande.
565 1452 5 4 .
603 1452 12 4 <
634 1452 165 6 L

273 1467 107 18 Ständernes
392 1468 41 17 und.
446 1473 54 13 svar.
521 1482 2 4 .
610 1481 188 6 L.

851 244 4 4 .
874 232 50 17 1193.

874 289 50 18 1200.

874 376 50 18 1206.

874 405 50 18 1207.

874 434 50 17 1260.

874 462 50 17 1260.

873 645 50 18 1296.

874 675 50 17 1299.

873 761 51 18 1307.

872 790 51 17 1313.

873 819 49 17 1328.

872 930 50 18 1339.

872 959 50 17 1372.

872 1016 50 18 18387.

871 1044 51 18 1427.

871 1073 50 18 1428.

872 1153 50 17 1456.

872 1181 49 18 1471.

870 1238 51 18 1492.

871 1266 50 17 1492.

870 1413 50 18 1505.

871 1442 49 18 1508.

870 1472 50 18 1528.
