1025 1731
305 154 72 24 Nådiga
388 155 137 22 Propositionen
537 156 34 18 N:o
585 156 27 18 29.
771 156 41 17 1511

86 219 99 22 afseende
200 219 39 21 bör
254 219 67 22 fästas
337 218 59 23 såväl
411 218 13 23 ä
439 220 41 21 den
493 220 110 28 betydliga
616 220 80 28 mängd
707 220 25 22 af
740 221 96 27 proprie-

85 253 130 28 borges-lån,
239 260 46 15 som
306 254 35 21 för
363 254 133 22 närvarande
517 254 70 22 utestå
609 256 41 20 och
671 255 73 21 hvilka
762 256 75 20 endast

86 287 133 29 småningom
241 288 72 21 kunna
331 288 108 28 indragas,
459 296 45 14 som
523 291 31 19 att
573 290 26 20 de
614 289 69 28 öfriga
698 290 92 26 utvägar
804 290 33 20 till

85 321 149 29 penningelån,
253 322 73 21 hvilka
344 322 54 22 böra:
415 322 115 22 förefinnas
549 323 34 21 för
602 324 36 21 det
653 323 96 28 verkliga
762 324 75 21 behof-

85 359 41 24 vet,
143 357 44 21 dels
203 356 98 22 erfordra
312 364 26 14 en
349 357 73 22 vidare
434 357 127 29 utveckling,
574 358 45 22 dels
631 358 88 28 påkalla
730 365 26 14 en
768 359 69 21 större

85 399 55 15 vana
156 392 40 22 och
211 392 66 27 insigt
291 392 7 20 i
313 392 63 22 deras
392 392 114 22 anlitande.
529 392 11 22 I
556 393 105 21 anseende
676 392 33 22 till
721 393 43 21 alla
776 393 62 21 dessa

85 426 149 22 förhållanden
249 426 67 22 borde
332 427 40 21 den
387 427 132 28 författning,
536 434 45 15 som
593 427 28 28 på
633 428 69 28 grund
714 428 24 21 af
746 435 30 13 nu
787 427 51 22 ifrå-

85 461 122 28 gavarande
222 460 81 28 förslag
318 461 44 21 kan
376 462 125 26 tillkomma,
515 462 112 27 uppfattas
643 462 76 22 endast
730 461 70 23 såsom
811 470 27 14 en

84 496 147 21 förmedlande
249 494 164 30 öfvergångslag
432 496 40 22 och
490 496 144 22 förberedelse
651 497 35 21 till
700 496 137 28 propriebor-

85 530 166 29 ges-institutets
273 530 69 22 totala
364 530 139 22 afskaffande.
532 530 42 22 Vid
596 531 134 21 bedömande
752 531 24 21 af
792 531 46 22 det-

86 572 83 15 samma
182 572 27 14 ur
223 572 27 14 en
265 564 68 22 sådan
347 565 108 27 synpunkt
469 566 66 21 blifva
550 565 107 28 sjelffallet
672 565 108 29 åtskilliga
795 565 43 22 för-

86 600 117 27 ändringar
219 600 45 21 deri
279 599 142 28 oundvikliga.

155 630 76 31 Enligt
249 633 121 22 Utskottets
392 634 65 21 tanke
475 633 67 23 borde
557 634 7 21 i
579 634 76 27 antydt
673 635 55 27 syfte
742 634 96 28 proprie-

86 669 159 28 borgesmanna
264 669 165 26 ansvarigheten
444 669 66 21 redan
525 677 30 14 nu
569 668 18 28 ej
603 668 56 22 blott
673 669 117 28 begränsas
806 669 33 22 till

86 711 26 15 en
132 703 86 22 kortare
236 703 37 26 tid,
293 704 29 21 än
337 703 36 21 det
388 702 79 29 nådiga
481 703 103 29 förslaget
598 703 125 28 innehåller,
739 706 53 19 utan
806 703 32 22 äf-

86 746 40 15 ven
140 739 8 20 i
163 739 56 21 vissa
238 738 38 21 fall
294 738 104 21 likställas
414 738 48 21 med
476 739 56 21 hvad
548 746 34 14 om
597 737 110 23 såkallade
721 739 51 28 laga
787 739 51 21 eller

86 773 63 22 enkel
168 773 80 28 borgen
267 774 24 20 är
310 773 108 28 stadgadt,
437 773 37 22 der
490 773 35 22 det
539 773 116 28 lämpligen
669 773 43 22 kan
728 774 44 26 ske,
787 775 53 20 utan

87 811 33 19 att
141 808 83 22 minska
246 807 198 28 fordringsegarens
463 809 45 20 rätt
525 810 32 19 att
576 807 68 22 under
659 808 59 21 tiden
733 807 59 22 hålla
806 808 33 28 sig

87 843 133 22 omedelbart
234 843 33 20 till
282 843 163 25 löftesmannen,
462 845 55 18 samt
531 843 34 21 för
581 843 65 27 öfrigt
660 844 112 26 strängare
784 842 56 22 före-

87 878 86 21 skrifter
195 877 108 21 meddelas
325 884 35 14 .om
382 877 199 28 fordringsegarens
601 877 121 28 skyldighet
740 879 32 19 att
787 878 53 26 göra

88 913 32 21 sin
142 914 45 20 rätt
206 914 44 19 mot
267 911 202 28 proprielöftesman
488 911 104 28 gällande.
625 912 101 21 Deremot
744 910 68 23 måste
827 911 13 22 å

88 947 70 22 andra
176 946 61 23 sidan
257 946 62 22 äfven
334 946 197 28 fordringsegarens
547 946 100 22 säkerhet
660 946 125 28 tillgodoses
800 946 40 22 och

86 983 8 20 i
112 982 55 28 följd
185 981 62 22 deraf
263 981 207 28 proprielöftesman,
490 988 76 21 genom
584 981 146 28 borgenärens
749 981 91 21 försum-

88 1017 65 22 melse
168 1019 32 20 att
214 1017 58 21 inom
287 1016 139 22 föreskrifven
442 1016 31 21 tid
488 1016 75 22 utsöka
579 1016 33 22 sin
626 1017 96 25 fordran,
737 1016 47 21 icke
796 1016 44 22 helt

88 1053 40 21 och
148 1051 66 22 hållet
232 1050 73 29 undgå
323 1051 137 28 ansvarighet
478 1051 34 21 för
531 1051 129 26 densamma,
675 1053 53 20 utan
743 1051 97 28 proprie-

87 1087 145 21 förbindelsen
247 1086 8 21 i
270 1085 78 22 sådant
366 1085 38 22 fall
422 1086 96 28 förbytas
537 1085 33 22 till
585 1085 50 28 laga
649 1086 82 27 borgen
746 1086 40 21 och
801 1085 40 22 löf-

88 1123 124 20 tesmannen
227 1120 82 23 således
325 1127 91 14 ansvara
430 1121 34 21 för
479 1120 55 22 hvad
549 1120 38 21 hos
599 1120 130 28 gäldenären
740 1120 47 21 icke
797 1120 43 21 kan

88 1155 64 27 utfås,
167 1156 7 21 i
189 1156 80 21 hvilket
284 1155 100 21 afseende
399 1156 99 20 närmare
512 1154 160 28 bestämningar
683 1163 35 13 om
731 1154 59 22 tiden
800 1155 41 22 och

88 1191 96 20 vilkoren
200 1189 28 22 då
241 1190 109 26 borgenär
365 1189 53 27 egde
432 1189 78 21 utsöka
524 1189 32 20 sin
572 1189 89 20 fordran
675 1190 40 20 hos
730 1189 50 27 laga
791 1189 49 21 bor-

89 1232 88 21 gesman
196 1231 50 14 vore
261 1223 107 27 behöfliga
382 1223 8 21 i
405 1223 41 21 den
461 1223 94 28 syftning
570 1225 32 19 att
617 1223 189 28 fordringsegaren
822 1223 18 28 ej

90 1259 36 22 må
141 1259 7 21 i
163 1259 33 22 sin
211 1260 44 20 rätt
270 1258 109 27 oskäligen
394 1257 132 28 uppehållas.

158 1293 49 22 Med
225 1293 88 28 ledning
329 1292 25 21 af
365 1293 41 20 här
420 1292 134 22 framställda
569 1292 109 21 allmänna
693 1293 95 27 grunder
802 1293 41 20 har

88 1328 111 22 Utskottet
213 1328 31 21 uti
261 1329 10 19 1
288 1328 11 27 &
311 1326 25 23 af
346 1326 40 21 den
397 1327 123 27 föreslagna
531 1326 154 28 författningen
696 1327 78 28 intagit
786 1326 55 22 före-

89 1362 63 21 skrift
175 1362 72 20 derom
266 1363 32 18 att
317 1360 195 27 fordringsegaren,
530 1360 29 27 pä
578 1362 43 18 sätt
639 1361 61 20 fallet
715 1361 67 27 enligt
796 1360 45 28 gäl-

89 1395 64 22 lande
174 1394 135 28 lagstiftning
331 1396 25 19 är
377 1394 7 20 i
407 1394 99 20 afseende
525 1393 12 21 &
555 1394 50 26 laga
626 1394 214 27 borgesförbindelse,

89 1428 55 23 skall
166 1428 139 28 ovilkorligen
327 1427 83 22 bevaka
432 1427 36 21 sitt
486 1427 197 28 tillgodohafvande
702 1428 7 20 i
728 1428 114 28 gäldenärs

89 1464 95 22 konkurs
203 1463 52 22 eller
273 1463 118 27 proklama,
411 1462 37 21 der
463 1462 43 22 hän
520 1462 37 21 vill
571 1462 64 22 hafva
649 1463 33 20 sin
697 1463 60 21 talan
772 1464 71 26 öppen

91 1500 58 20 emot
163 1497 206 28 proprielöftesman,
388 1496 136 28 hvarigenom
539 1496 80 23 dennes
634 1497 210 28 ansvarsskyldighet

752 1539 22 15 95
