<?xml version="1.0" encoding="UTF-8"?>
<alto xmlns="http://www.loc.gov/standards/alto/ns-v3#" xmlns:xlink="http://www.w3.org/1999/xlink" xmlns:xsi="http://www.w3.org/2001/XMLSchema-instance" xsi:schemaLocation="http://www.loc.gov/standards/alto/ns-v3# http://www.loc.gov/alto/v3/alto-3-0.xsd">
	<Description>
		<MeasurementUnit>pixel</MeasurementUnit>
		<sourceImageInformation>
			<fileName>/tmp/tess_frcojy79_input.PNG</fileName>
		</sourceImageInformation>
		<OCRProcessing ID="OCR_0">
			<ocrProcessingStep>
				<processingSoftware>
					<softwareName>tesseract 5.3.4</softwareName>
				</processingSoftware>
			</ocrProcessingStep>
		</OCRProcessing>
	</Description>
	<Layout>
		<Page WIDTH="1023" HEIGHT="1720" PHYSICAL_IMG_NR="0" ID="page_0">
			<PrintSpace HPOS="0" VPOS="0" WIDTH="1023" HEIGHT="1720">
				<ComposedBlock ID="cblock_0" HPOS="220" VPOS="156" WIDTH="477" HEIGHT="18">
					<TextBlock ID="block_0" HPOS="220" VPOS="156" WIDTH="477" HEIGHT="18">
						<TextLine ID="line_0" HPOS="220" VPOS="156" WIDTH="477" HEIGHT="18">
							<String ID="string_0" HPOS="220" VPOS="157" WIDTH="43" HEIGHT="16" WC="0.95" CONTENT="1770"/><SP WIDTH="176" VPOS="157" HPOS="263"/>
							<String ID="string_1" HPOS="439" VPOS="157" WIDTH="84" HEIGHT="16" WC="0.92" CONTENT="Finlands"/><SP WIDTH="13" VPOS="157" HPOS="523"/>
							<String ID="string_2" HPOS="536" VPOS="156" WIDTH="84" HEIGHT="18" WC="0.90" CONTENT="Ständers"/><SP WIDTH="12" VPOS="156" HPOS="620"/>
							<String ID="string_3" HPOS="632" VPOS="157" WIDTH="65" HEIGHT="15" WC="0.95" CONTENT="Beslut."/>
						</TextLine>
					</TextBlock>
				</ComposedBlock>
				<ComposedBlock ID="cblock_1" HPOS="195" VPOS="218" WIDTH="752" HEIGHT="1082">
					<TextBlock ID="block_1" HPOS="195" VPOS="218" WIDTH="749" HEIGHT="117">
						<TextLine ID="line_1" HPOS="195" VPOS="218" WIDTH="749" HEIGHT="28">
							<String ID="string_4" HPOS="195" VPOS="220" WIDTH="94" HEIGHT="20" WC="0.96" CONTENT="kronans"/><SP WIDTH="21" VPOS="220" HPOS="289"/>
							<String ID="string_5" HPOS="310" VPOS="219" WIDTH="117" HEIGHT="21" WC="0.94" CONTENT="inkomster"/><SP WIDTH="21" VPOS="219" HPOS="427"/>
							<String ID="string_6" HPOS="448" VPOS="218" WIDTH="69" HEIGHT="22" WC="0.94" CONTENT="blifvit"/><SP WIDTH="18" VPOS="218" HPOS="517"/>
							<String ID="string_7" HPOS="535" VPOS="218" WIDTH="33" HEIGHT="22" WC="0.96" CONTENT="till"/><SP WIDTH="19" VPOS="218" HPOS="568"/>
							<String ID="string_8" HPOS="587" VPOS="218" WIDTH="83" HEIGHT="22" WC="0.96" CONTENT="landets"/><SP WIDTH="19" VPOS="218" HPOS="670"/>
							<String ID="string_9" HPOS="689" VPOS="224" WIDTH="56" HEIGHT="22" WC="0.96" CONTENT="gagn"/><SP WIDTH="19" VPOS="224" HPOS="745"/>
							<String ID="string_10" HPOS="764" VPOS="218" WIDTH="40" HEIGHT="21" WC="0.96" CONTENT="och"/><SP WIDTH="18" VPOS="218" HPOS="804"/>
							<String ID="string_11" HPOS="822" VPOS="218" WIDTH="64" HEIGHT="21" WC="0.93" CONTENT="bästa"/><SP WIDTH="21" VPOS="218" HPOS="886"/>
							<String ID="string_12" HPOS="907" VPOS="225" WIDTH="37" HEIGHT="14" WC="0.93" CONTENT="an-"/>
						</TextLine>
						<TextLine ID="line_2" HPOS="195" VPOS="253" WIDTH="75" HEIGHT="21">
							<String ID="string_13" HPOS="195" VPOS="253" WIDTH="75" HEIGHT="21" WC="0.96" CONTENT="vände."/>
						</TextLine>
						<TextLine ID="line_3" HPOS="536" VPOS="308" WIDTH="378" HEIGHT="27">
							<String ID="string_14" HPOS="536" VPOS="308" WIDTH="11" HEIGHT="27" WC="0.92" CONTENT="$"/><SP WIDTH="16" VPOS="308" HPOS="547"/>
							<String ID="string_15" HPOS="563" VPOS="308" WIDTH="34" HEIGHT="20" WC="0.95" CONTENT="28."/><SP WIDTH="314" VPOS="308" HPOS="597"/>
							<String ID="string_16" HPOS="911" VPOS="314" WIDTH="3" HEIGHT="8" WC="0.23" CONTENT="&#39;"/>
						</TextLine>
					</TextBlock>
					<TextBlock ID="block_2" HPOS="195" VPOS="348" WIDTH="752" HEIGHT="475">
						<TextLine ID="line_4" HPOS="263" VPOS="348" WIDTH="682" HEIGHT="29">
							<String ID="string_17" HPOS="263" VPOS="350" WIDTH="11" HEIGHT="21" WC="0.88" CONTENT="I"/><SP WIDTH="14" VPOS="350" HPOS="274"/>
							<String ID="string_18" HPOS="288" VPOS="350" WIDTH="74" HEIGHT="27" WC="0.91" CONTENT="hvarje"/><SP WIDTH="14" VPOS="350" HPOS="362"/>
							<String ID="string_19" HPOS="376" VPOS="348" WIDTH="64" HEIGHT="23" WC="0.92" CONTENT="ständ"/><SP WIDTH="14" VPOS="348" HPOS="440"/>
							<String ID="string_20" HPOS="454" VPOS="350" WIDTH="55" HEIGHT="21" WC="0.96" CONTENT="skall"/><SP WIDTH="14" VPOS="350" HPOS="509"/>
							<String ID="string_21" HPOS="523" VPOS="350" WIDTH="68" HEIGHT="21" WC="0.95" CONTENT="finnas"/><SP WIDTH="16" VPOS="350" HPOS="591"/>
							<String ID="string_22" HPOS="607" VPOS="356" WIDTH="26" HEIGHT="15" WC="0.93" CONTENT="en"/><SP WIDTH="14" VPOS="356" HPOS="633"/>
							<String ID="string_23" HPOS="647" VPOS="350" WIDTH="138" HEIGHT="26" WC="0.92" CONTENT="sekreterare,"/><SP WIDTH="15" VPOS="350" HPOS="785"/>
							<String ID="string_24" HPOS="800" VPOS="356" WIDTH="45" HEIGHT="15" WC="0.96" CONTENT="som"/><SP WIDTH="16" VPOS="356" HPOS="845"/>
							<String ID="string_25" HPOS="861" VPOS="349" WIDTH="38" HEIGHT="21" WC="0.93" CONTENT="der"/><SP WIDTH="14" VPOS="349" HPOS="899"/>
							<String ID="string_26" HPOS="913" VPOS="348" WIDTH="32" HEIGHT="22" WC="0.91" CONTENT="fö-"/>
						</TextLine>
						<TextLine ID="line_5" HPOS="196" VPOS="383" WIDTH="750" HEIGHT="29">
							<String ID="string_27" HPOS="196" VPOS="392" WIDTH="35" HEIGHT="14" WC="0.91" CONTENT="rer"/><SP WIDTH="13" VPOS="392" HPOS="231"/>
							<String ID="string_28" HPOS="244" VPOS="384" WIDTH="136" HEIGHT="28" WC="0.91" CONTENT="protokollet."/><SP WIDTH="29" VPOS="384" HPOS="380"/>
							<String ID="string_29" HPOS="409" VPOS="384" WIDTH="45" HEIGHT="21" WC="0.93" CONTENT="Hos"/><SP WIDTH="14" VPOS="384" HPOS="454"/>
							<String ID="string_30" HPOS="468" VPOS="384" WIDTH="156" HEIGHT="27" WC="0.92" CONTENT="Ridderskapet"/><SP WIDTH="15" VPOS="384" HPOS="624"/>
							<String ID="string_31" HPOS="639" VPOS="384" WIDTH="40" HEIGHT="21" WC="0.93" CONTENT="och"/><SP WIDTH="14" VPOS="384" HPOS="679"/>
							<String ID="string_32" HPOS="693" VPOS="384" WIDTH="69" HEIGHT="22" WC="0.92" CONTENT="Adeln"/><SP WIDTH="14" VPOS="384" HPOS="762"/>
							<String ID="string_33" HPOS="776" VPOS="383" WIDTH="84" HEIGHT="22" WC="0.92" CONTENT="utöfvas"/><SP WIDTH="16" VPOS="383" HPOS="860"/>
							<String ID="string_34" HPOS="876" VPOS="383" WIDTH="70" HEIGHT="21" WC="0.96" CONTENT="denna"/>
						</TextLine>
						<TextLine ID="line_6" HPOS="195" VPOS="418" WIDTH="750" HEIGHT="28">
							<String ID="string_35" HPOS="195" VPOS="419" WIDTH="119" HEIGHT="27" WC="0.96" CONTENT="befattning"/><SP WIDTH="18" VPOS="419" HPOS="314"/>
							<String ID="string_36" HPOS="332" VPOS="419" WIDTH="25" HEIGHT="20" WC="0.93" CONTENT="af"/><SP WIDTH="15" VPOS="419" HPOS="357"/>
							<String ID="string_37" HPOS="372" VPOS="418" WIDTH="275" HEIGHT="22" WC="0.90" CONTENT="Riddarhussekreteraren."/><SP WIDTH="32" VPOS="418" HPOS="647"/>
							<String ID="string_38" HPOS="679" VPOS="418" WIDTH="84" HEIGHT="22" WC="0.90" CONTENT="Preste-"/><SP WIDTH="19" VPOS="418" HPOS="763"/>
							<String ID="string_39" HPOS="782" VPOS="418" WIDTH="40" HEIGHT="22" WC="0.93" CONTENT="och"/><SP WIDTH="18" VPOS="418" HPOS="822"/>
							<String ID="string_40" HPOS="840" VPOS="418" WIDTH="105" HEIGHT="27" WC="0.92" CONTENT="Borgare-"/>
						</TextLine>
						<TextLine ID="line_7" HPOS="196" VPOS="452" WIDTH="748" HEIGHT="28">
							<String ID="string_41" HPOS="196" VPOS="453" WIDTH="89" HEIGHT="22" WC="0.92" CONTENT="ständen"/><SP WIDTH="15" VPOS="453" HPOS="285"/>
							<String ID="string_42" HPOS="300" VPOS="455" WIDTH="47" HEIGHT="19" WC="0.93" CONTENT="utse"/><SP WIDTH="15" VPOS="455" HPOS="347"/>
							<String ID="string_43" HPOS="362" VPOS="453" WIDTH="70" HEIGHT="21" WC="0.92" CONTENT="dertill"/><SP WIDTH="16" VPOS="453" HPOS="432"/>
							<String ID="string_44" HPOS="448" VPOS="459" WIDTH="25" HEIGHT="14" WC="0.96" CONTENT="en"/><SP WIDTH="14" VPOS="459" HPOS="473"/>
							<String ID="string_45" HPOS="487" VPOS="453" WIDTH="89" HEIGHT="27" WC="0.96" CONTENT="lämplig"/><SP WIDTH="13" VPOS="453" HPOS="576"/>
							<String ID="string_46" HPOS="589" VPOS="460" WIDTH="50" HEIGHT="13" WC="0.96" CONTENT="man"/><SP WIDTH="15" VPOS="460" HPOS="639"/>
							<String ID="string_47" HPOS="654" VPOS="453" WIDTH="7" HEIGHT="20" WC="0.97" CONTENT="i"/><SP WIDTH="16" VPOS="453" HPOS="661"/>
							<String ID="string_48" HPOS="677" VPOS="453" WIDTH="41" HEIGHT="21" WC="0.96" CONTENT="den"/><SP WIDTH="15" VPOS="453" HPOS="718"/>
							<String ID="string_49" HPOS="733" VPOS="453" WIDTH="91" HEIGHT="27" WC="0.96" CONTENT="ordning"/><SP WIDTH="15" VPOS="453" HPOS="824"/>
							<String ID="string_50" HPOS="839" VPOS="452" WIDTH="31" HEIGHT="26" WC="0.93" CONTENT="de,"/><SP WIDTH="12" VPOS="452" HPOS="870"/>
							<String ID="string_51" HPOS="882" VPOS="452" WIDTH="62" HEIGHT="21" WC="0.91" CONTENT="hvar-"/>
						</TextLine>
						<TextLine ID="line_8" HPOS="196" VPOS="486" WIDTH="749" HEIGHT="29">
							<String ID="string_52" HPOS="196" VPOS="487" WIDTH="52" HEIGHT="22" WC="0.96" CONTENT="dera"/><SP WIDTH="14" VPOS="487" HPOS="248"/>
							<String ID="string_53" HPOS="262" VPOS="487" WIDTH="34" HEIGHT="21" WC="0.96" CONTENT="för"/><SP WIDTH="14" VPOS="487" HPOS="296"/>
							<String ID="string_54" HPOS="310" VPOS="487" WIDTH="39" HEIGHT="27" WC="0.96" CONTENT="sig,"/><SP WIDTH="15" VPOS="487" HPOS="349"/>
							<String ID="string_55" HPOS="364" VPOS="487" WIDTH="58" HEIGHT="21" WC="0.93" CONTENT="finna"/><SP WIDTH="16" VPOS="487" HPOS="422"/>
							<String ID="string_56" HPOS="438" VPOS="487" WIDTH="51" HEIGHT="28" WC="0.96" CONTENT="godt"/><SP WIDTH="17" VPOS="487" HPOS="489"/>
							<String ID="string_57" HPOS="506" VPOS="487" WIDTH="124" HEIGHT="21" WC="0.96" CONTENT="bestämma."/><SP WIDTH="29" VPOS="487" HPOS="630"/>
							<String ID="string_58" HPOS="659" VPOS="487" WIDTH="11" HEIGHT="20" WC="0.80" CONTENT="1"/><SP WIDTH="14" VPOS="487" HPOS="670"/>
							<String ID="string_59" HPOS="684" VPOS="486" WIDTH="160" HEIGHT="22" WC="0.91" CONTENT="Bondeständet"/><SP WIDTH="17" VPOS="486" HPOS="844"/>
							<String ID="string_60" HPOS="861" VPOS="486" WIDTH="84" HEIGHT="22" WC="0.92" CONTENT="förord-"/>
						</TextLine>
						<TextLine ID="line_9" HPOS="196" VPOS="521" WIDTH="750" HEIGHT="27">
							<String ID="string_61" HPOS="196" VPOS="529" WIDTH="40" HEIGHT="14" WC="0.89" CONTENT="nar"/><SP WIDTH="22" VPOS="529" HPOS="236"/>
							<String ID="string_62" HPOS="258" VPOS="521" WIDTH="104" HEIGHT="27" WC="0.89" CONTENT="Kejsaren"/><SP WIDTH="22" VPOS="521" HPOS="362"/>
							<String ID="string_63" HPOS="384" VPOS="521" WIDTH="40" HEIGHT="21" WC="0.93" CONTENT="och"/><SP WIDTH="22" VPOS="521" HPOS="424"/>
							<String ID="string_64" HPOS="446" VPOS="521" WIDTH="142" HEIGHT="26" WC="0.89" CONTENT="Storfursten,"/><SP WIDTH="22" VPOS="521" HPOS="588"/>
							<String ID="string_65" HPOS="610" VPOS="521" WIDTH="66" HEIGHT="21" WC="0.90" CONTENT="innan"/><SP WIDTH="22" VPOS="521" HPOS="676"/>
							<String ID="string_66" HPOS="698" VPOS="521" WIDTH="121" HEIGHT="21" WC="0.91" CONTENT="Ständerna"/><SP WIDTH="21" VPOS="521" HPOS="819"/>
							<String ID="string_67" HPOS="840" VPOS="528" WIDTH="106" HEIGHT="14" WC="0.92" CONTENT="samman-"/>
						</TextLine>
						<TextLine ID="line_10" HPOS="196" VPOS="555" WIDTH="750" HEIGHT="28">
							<String ID="string_68" HPOS="196" VPOS="555" WIDTH="64" HEIGHT="26" WC="0.92" CONTENT="trädt,"/><SP WIDTH="16" VPOS="555" HPOS="260"/>
							<String ID="string_69" HPOS="276" VPOS="555" WIDTH="33" HEIGHT="21" WC="0.93" CONTENT="till"/><SP WIDTH="14" VPOS="555" HPOS="309"/>
							<String ID="string_70" HPOS="323" VPOS="555" WIDTH="133" HEIGHT="21" WC="0.91" CONTENT="sekreterare"/><SP WIDTH="18" VPOS="555" HPOS="456"/>
							<String ID="string_71" HPOS="474" VPOS="561" WIDTH="26" HEIGHT="14" WC="0.93" CONTENT="en"/><SP WIDTH="18" VPOS="561" HPOS="500"/>
							<String ID="string_72" HPOS="518" VPOS="555" WIDTH="97" HEIGHT="27" WC="0.92" CONTENT="lagfaren"/><SP WIDTH="15" VPOS="555" HPOS="615"/>
							<String ID="string_73" HPOS="630" VPOS="555" WIDTH="40" HEIGHT="21" WC="0.93" CONTENT="och"/><SP WIDTH="15" VPOS="555" HPOS="670"/>
							<String ID="string_74" HPOS="685" VPOS="555" WIDTH="90" HEIGHT="28" WC="0.92" CONTENT="skicklig"/><SP WIDTH="14" VPOS="555" HPOS="775"/>
							<String ID="string_75" HPOS="789" VPOS="562" WIDTH="56" HEIGHT="19" WC="0.93" CONTENT="man,"/><SP WIDTH="16" VPOS="562" HPOS="845"/>
							<String ID="string_76" HPOS="861" VPOS="555" WIDTH="85" HEIGHT="21" WC="0.92" CONTENT="hvilken"/>
						</TextLine>
						<TextLine ID="line_11" HPOS="197" VPOS="588" WIDTH="748" HEIGHT="29">
							<String ID="string_77" HPOS="197" VPOS="589" WIDTH="102" HEIGHT="28" WC="0.92" CONTENT="derjemte"/><SP WIDTH="19" VPOS="589" HPOS="299"/>
							<String ID="string_78" HPOS="318" VPOS="588" WIDTH="81" HEIGHT="28" WC="0.92" CONTENT="äligger"/><SP WIDTH="18" VPOS="588" HPOS="399"/>
							<String ID="string_79" HPOS="417" VPOS="590" WIDTH="32" HEIGHT="20" WC="0.96" CONTENT="att"/><SP WIDTH="14" VPOS="590" HPOS="449"/>
							<String ID="string_80" HPOS="463" VPOS="589" WIDTH="35" HEIGHT="21" WC="0.93" CONTENT="vid"/><SP WIDTH="15" VPOS="589" HPOS="498"/>
							<String ID="string_81" HPOS="513" VPOS="589" WIDTH="130" HEIGHT="21" WC="0.93" CONTENT="ärendernas"/><SP WIDTH="16" VPOS="589" HPOS="643"/>
							<String ID="string_82" HPOS="659" VPOS="589" WIDTH="131" HEIGHT="28" WC="0.93" CONTENT="behandling"/><SP WIDTH="14" VPOS="589" HPOS="790"/>
							<String ID="string_83" HPOS="804" VPOS="589" WIDTH="86" HEIGHT="22" WC="0.91" CONTENT="biträda"/><SP WIDTH="15" VPOS="589" HPOS="890"/>
							<String ID="string_84" HPOS="905" VPOS="589" WIDTH="40" HEIGHT="21" WC="0.92" CONTENT="tal-"/>
						</TextLine>
						<TextLine ID="line_12" HPOS="196" VPOS="622" WIDTH="750" HEIGHT="29">
							<String ID="string_85" HPOS="196" VPOS="630" WIDTH="92" HEIGHT="15" WC="0.93" CONTENT="mannen"/><SP WIDTH="14" VPOS="630" HPOS="288"/>
							<String ID="string_86" HPOS="302" VPOS="623" WIDTH="48" HEIGHT="21" WC="0.93" CONTENT="med"/><SP WIDTH="15" VPOS="623" HPOS="350"/>
							<String ID="string_87" HPOS="365" VPOS="622" WIDTH="39" HEIGHT="22" WC="0.92" CONTENT="räd"/><SP WIDTH="19" VPOS="622" HPOS="404"/>
							<String ID="string_88" HPOS="423" VPOS="623" WIDTH="40" HEIGHT="21" WC="0.93" CONTENT="och"/><SP WIDTH="18" VPOS="623" HPOS="463"/>
							<String ID="string_89" HPOS="481" VPOS="622" WIDTH="132" HEIGHT="29" WC="0.92" CONTENT="tillhandagä"/><SP WIDTH="18" VPOS="622" HPOS="613"/>
							<String ID="string_90" HPOS="631" VPOS="622" WIDTH="96" HEIGHT="23" WC="0.92" CONTENT="ständets"/><SP WIDTH="17" VPOS="622" HPOS="727"/>
							<String ID="string_91" HPOS="744" VPOS="624" WIDTH="139" HEIGHT="21" WC="0.96" CONTENT="medlemmar"/><SP WIDTH="14" VPOS="624" HPOS="883"/>
							<String ID="string_92" HPOS="897" VPOS="623" WIDTH="49" HEIGHT="22" WC="0.96" CONTENT="med"/>
						</TextLine>
						<TextLine ID="line_13" HPOS="196" VPOS="657" WIDTH="750" HEIGHT="29">
							<String ID="string_93" HPOS="196" VPOS="657" WIDTH="155" HEIGHT="28" WC="0.95" CONTENT="upplysningar"/><SP WIDTH="15" VPOS="657" HPOS="351"/>
							<String ID="string_94" HPOS="366" VPOS="664" WIDTH="34" HEIGHT="14" WC="0.96" CONTENT="om"/><SP WIDTH="15" VPOS="664" HPOS="400"/>
							<String ID="string_95" HPOS="415" VPOS="664" WIDTH="26" HEIGHT="14" WC="0.93" CONTENT="en"/><SP WIDTH="14" VPOS="664" HPOS="441"/>
							<String ID="string_96" HPOS="455" VPOS="657" WIDTH="64" HEIGHT="22" WC="0.90" CONTENT="hvars"/><SP WIDTH="15" VPOS="657" HPOS="519"/>
							<String ID="string_97" HPOS="534" VPOS="657" WIDTH="80" HEIGHT="28" WC="0.93" CONTENT="lagliga"/><SP WIDTH="14" VPOS="657" HPOS="614"/>
							<String ID="string_98" HPOS="628" VPOS="658" WIDTH="127" HEIGHT="27" WC="0.96" CONTENT="rättigheter"/><SP WIDTH="15" VPOS="658" HPOS="755"/>
							<String ID="string_99" HPOS="770" VPOS="658" WIDTH="40" HEIGHT="21" WC="0.93" CONTENT="och"/><SP WIDTH="16" VPOS="658" HPOS="810"/>
							<String ID="string_100" HPOS="826" VPOS="657" WIDTH="120" HEIGHT="29" WC="0.93" CONTENT="skyldighe-"/>
						</TextLine>
						<TextLine ID="line_14" HPOS="197" VPOS="691" WIDTH="749" HEIGHT="29">
							<String ID="string_101" HPOS="197" VPOS="694" WIDTH="38" HEIGHT="19" WC="0.89" CONTENT="ter."/><SP WIDTH="31" VPOS="694" HPOS="235"/>
							<String ID="string_102" HPOS="266" VPOS="691" WIDTH="150" HEIGHT="22" WC="0.89" CONTENT="Sekreteraren"/><SP WIDTH="19" VPOS="691" HPOS="416"/>
							<String ID="string_103" HPOS="435" VPOS="691" WIDTH="7" HEIGHT="21" WC="0.93" CONTENT="i"/><SP WIDTH="18" VPOS="691" HPOS="442"/>
							<String ID="string_104" HPOS="460" VPOS="691" WIDTH="159" HEIGHT="22" WC="0.90" CONTENT="Bondeständet"/><SP WIDTH="18" VPOS="691" HPOS="619"/>
							<String ID="string_105" HPOS="637" VPOS="691" WIDTH="35" HEIGHT="22" WC="0.93" CONTENT="mä"/><SP WIDTH="18" VPOS="691" HPOS="672"/>
							<String ID="string_106" HPOS="690" VPOS="692" WIDTH="26" HEIGHT="28" WC="0.89" CONTENT="ej,"/><SP WIDTH="15" VPOS="692" HPOS="716"/>
							<String ID="string_107" HPOS="731" VPOS="694" WIDTH="54" HEIGHT="19" WC="0.96" CONTENT="utan"/><SP WIDTH="18" VPOS="694" HPOS="785"/>
							<String ID="string_108" HPOS="803" VPOS="693" WIDTH="32" HEIGHT="21" WC="0.93" CONTENT="sin"/><SP WIDTH="15" VPOS="693" HPOS="835"/>
							<String ID="string_109" HPOS="850" VPOS="693" WIDTH="96" HEIGHT="27" WC="0.92" CONTENT="uttryck-"/>
						</TextLine>
						<TextLine ID="line_15" HPOS="195" VPOS="726" WIDTH="752" HEIGHT="29">
							<String ID="string_110" HPOS="195" VPOS="727" WIDTH="44" HEIGHT="27" WC="0.93" CONTENT="liga"/><SP WIDTH="15" VPOS="727" HPOS="239"/>
							<String ID="string_111" HPOS="254" VPOS="727" WIDTH="140" HEIGHT="26" WC="0.92" CONTENT="anmärkning"/><SP WIDTH="16" VPOS="727" HPOS="394"/>
							<String ID="string_112" HPOS="410" VPOS="726" WIDTH="40" HEIGHT="22" WC="0.96" CONTENT="och"/><SP WIDTH="14" VPOS="726" HPOS="450"/>
							<String ID="string_113" HPOS="464" VPOS="727" WIDTH="137" HEIGHT="26" WC="0.96" CONTENT="reservation,"/><SP WIDTH="15" VPOS="727" HPOS="601"/>
							<String ID="string_114" HPOS="616" VPOS="727" WIDTH="33" HEIGHT="20" WC="0.93" CONTENT="till"/><SP WIDTH="14" VPOS="727" HPOS="649"/>
							<String ID="string_115" HPOS="663" VPOS="726" WIDTH="96" HEIGHT="23" WC="0.93" CONTENT="ständets"/><SP WIDTH="18" VPOS="726" HPOS="759"/>
							<String ID="string_116" HPOS="777" VPOS="727" WIDTH="107" HEIGHT="28" WC="0.92" CONTENT="protokoll"/><SP WIDTH="15" VPOS="727" HPOS="884"/>
							<String ID="string_117" HPOS="899" VPOS="727" WIDTH="48" HEIGHT="21" WC="0.92" CONTENT="föra"/>
						</TextLine>
						<TextLine ID="line_16" HPOS="196" VPOS="760" WIDTH="750" HEIGHT="28">
							<String ID="string_118" HPOS="196" VPOS="761" WIDTH="52" HEIGHT="21" WC="0.96" CONTENT="eller"/><SP WIDTH="14" VPOS="761" HPOS="248"/>
							<String ID="string_119" HPOS="262" VPOS="760" WIDTH="33" HEIGHT="22" WC="0.93" CONTENT="till"/><SP WIDTH="15" VPOS="760" HPOS="295"/>
							<String ID="string_120" HPOS="310" VPOS="760" WIDTH="156" HEIGHT="27" WC="0.92" CONTENT="expedierande"/><SP WIDTH="14" VPOS="760" HPOS="466"/>
							<String ID="string_121" HPOS="480" VPOS="761" WIDTH="102" HEIGHT="21" WC="0.90" CONTENT="befordra"/><SP WIDTH="13" VPOS="761" HPOS="582"/>
							<String ID="string_122" HPOS="595" VPOS="760" WIDTH="72" HEIGHT="28" WC="0.92" CONTENT="nägot,"/><SP WIDTH="16" VPOS="760" HPOS="667"/>
							<String ID="string_123" HPOS="683" VPOS="769" WIDTH="46" HEIGHT="14" WC="0.96" CONTENT="som"/><SP WIDTH="15" VPOS="769" HPOS="729"/>
							<String ID="string_124" HPOS="744" VPOS="763" WIDTH="25" HEIGHT="20" WC="0.93" CONTENT="är"/><SP WIDTH="11" VPOS="763" HPOS="769"/>
							<String ID="string_125" HPOS="780" VPOS="761" WIDTH="110" HEIGHT="22" WC="0.92" CONTENT="stridande"/><SP WIDTH="11" VPOS="761" HPOS="890"/>
							<String ID="string_126" HPOS="901" VPOS="763" WIDTH="45" HEIGHT="20" WC="0.96" CONTENT="mot"/>
						</TextLine>
						<TextLine ID="line_17" HPOS="197" VPOS="795" WIDTH="669" HEIGHT="28">
							<String ID="string_127" HPOS="197" VPOS="795" WIDTH="167" HEIGHT="28" WC="0.92" CONTENT="grundlagarne;"/><SP WIDTH="17" VPOS="795" HPOS="364"/>
							<String ID="string_128" HPOS="381" VPOS="795" WIDTH="55" HEIGHT="21" WC="0.93" CONTENT="dock"/><SP WIDTH="14" VPOS="795" HPOS="436"/>
							<String ID="string_129" HPOS="450" VPOS="801" WIDTH="50" HEIGHT="21" WC="0.96" CONTENT="eger"/><SP WIDTH="15" VPOS="801" HPOS="500"/>
							<String ID="string_130" HPOS="515" VPOS="795" WIDTH="42" HEIGHT="21" WC="0.93" CONTENT="han"/><SP WIDTH="16" VPOS="795" HPOS="557"/>
							<String ID="string_131" HPOS="573" VPOS="795" WIDTH="18" HEIGHT="28" WC="0.96" CONTENT="ej"/><SP WIDTH="16" VPOS="795" HPOS="591"/>
							<String ID="string_132" HPOS="607" VPOS="795" WIDTH="8" HEIGHT="20" WC="0.96" CONTENT="i"/><SP WIDTH="14" VPOS="795" HPOS="615"/>
							<String ID="string_133" HPOS="629" VPOS="795" WIDTH="86" HEIGHT="22" WC="0.96" CONTENT="ståndet"/><SP WIDTH="14" VPOS="795" HPOS="715"/>
							<String ID="string_134" HPOS="729" VPOS="795" WIDTH="71" HEIGHT="28" WC="0.96" CONTENT="någon"/><SP WIDTH="14" VPOS="795" HPOS="800"/>
							<String ID="string_135" HPOS="814" VPOS="797" WIDTH="52" HEIGHT="20" WC="0.96" CONTENT="röst."/>
						</TextLine>
					</TextBlock>
					<TextBlock ID="block_3" HPOS="195" VPOS="829" WIDTH="752" HEIGHT="337">
						<TextLine ID="line_18" HPOS="264" VPOS="829" WIDTH="682" HEIGHT="23">
							<String ID="string_136" HPOS="264" VPOS="829" WIDTH="68" HEIGHT="21" WC="0.96" CONTENT="Innan"/><SP WIDTH="15" VPOS="829" HPOS="332"/>
							<String ID="string_137" HPOS="347" VPOS="829" WIDTH="146" HEIGHT="21" WC="0.96" CONTENT="sekreteraren"/><SP WIDTH="15" VPOS="829" HPOS="493"/>
							<String ID="string_138" HPOS="508" VPOS="829" WIDTH="7" HEIGHT="21" WC="0.93" CONTENT="i"/><SP WIDTH="14" VPOS="829" HPOS="515"/>
							<String ID="string_139" HPOS="529" VPOS="829" WIDTH="160" HEIGHT="22" WC="0.90" CONTENT="Bondeståndet"/><SP WIDTH="11" VPOS="829" HPOS="689"/>
							<String ID="string_140" HPOS="700" VPOS="830" WIDTH="107" HEIGHT="21" WC="0.96" CONTENT="tillträder"/><SP WIDTH="15" VPOS="830" HPOS="807"/>
							<String ID="string_141" HPOS="822" VPOS="831" WIDTH="32" HEIGHT="20" WC="0.93" CONTENT="sin"/><SP WIDTH="14" VPOS="831" HPOS="854"/>
							<String ID="string_142" HPOS="868" VPOS="830" WIDTH="78" HEIGHT="22" WC="0.91" CONTENT="befatt-"/>
						</TextLine>
						<TextLine ID="line_19" HPOS="196" VPOS="862" WIDTH="751" HEIGHT="28">
							<String ID="string_143" HPOS="196" VPOS="863" WIDTH="58" HEIGHT="27" WC="0.91" CONTENT="ning,"/><SP WIDTH="22" VPOS="863" HPOS="254"/>
							<String ID="string_144" HPOS="276" VPOS="862" WIDTH="96" HEIGHT="28" WC="0.91" CONTENT="aflägger"/><SP WIDTH="20" VPOS="862" HPOS="372"/>
							<String ID="string_145" HPOS="392" VPOS="863" WIDTH="44" HEIGHT="21" WC="0.96" CONTENT="han"/><SP WIDTH="20" VPOS="863" HPOS="436"/>
							<String ID="string_146" HPOS="456" VPOS="863" WIDTH="57" HEIGHT="21" WC="0.95" CONTENT="inför"/><SP WIDTH="21" VPOS="863" HPOS="513"/>
							<String ID="string_147" HPOS="534" VPOS="863" WIDTH="111" HEIGHT="27" WC="0.96" CONTENT="Kejsaren,"/><SP WIDTH="23" VPOS="863" HPOS="645"/>
							<String ID="string_148" HPOS="668" VPOS="863" WIDTH="52" HEIGHT="22" WC="0.96" CONTENT="eller"/><SP WIDTH="22" VPOS="863" HPOS="720"/>
							<String ID="string_149" HPOS="742" VPOS="864" WIDTH="41" HEIGHT="21" WC="0.96" CONTENT="den"/><SP WIDTH="21" VPOS="864" HPOS="783"/>
							<String ID="string_150" HPOS="804" VPOS="864" WIDTH="49" HEIGHT="21" WC="0.96" CONTENT="Han"/><SP WIDTH="21" VPOS="864" HPOS="853"/>
							<String ID="string_151" HPOS="874" VPOS="864" WIDTH="8" HEIGHT="21" WC="0.95" CONTENT="i"/><SP WIDTH="23" VPOS="864" HPOS="882"/>
							<String ID="string_152" HPOS="905" VPOS="864" WIDTH="42" HEIGHT="21" WC="0.95" CONTENT="Sitt"/>
						</TextLine>
						<TextLine ID="line_20" HPOS="197" VPOS="897" WIDTH="750" HEIGHT="27">
							<String ID="string_153" HPOS="197" VPOS="897" WIDTH="61" HEIGHT="21" WC="0.96" CONTENT="ställe"/><SP WIDTH="15" VPOS="897" HPOS="258"/>
							<String ID="string_154" HPOS="273" VPOS="898" WIDTH="48" HEIGHT="25" WC="0.96" CONTENT="satt,"/><SP WIDTH="16" VPOS="898" HPOS="321"/>
							<String ID="string_155" HPOS="337" VPOS="897" WIDTH="94" HEIGHT="27" WC="0.95" CONTENT="följande"/><SP WIDTH="15" VPOS="897" HPOS="431"/>
							<String ID="string_156" HPOS="446" VPOS="897" WIDTH="35" HEIGHT="21" WC="0.93" CONTENT="ed:"/><SP WIDTH="17" VPOS="897" HPOS="481"/>
							<String ID="string_157" HPOS="498" VPOS="897" WIDTH="51" HEIGHT="27" WC="0.91" CONTENT=",Jag"/><SP WIDTH="14" VPOS="897" HPOS="549"/>
							<String ID="string_158" HPOS="563" VPOS="897" WIDTH="25" HEIGHT="21" WC="0.90" CONTENT="N."/><SP WIDTH="16" VPOS="897" HPOS="588"/>
							<String ID="string_159" HPOS="604" VPOS="897" WIDTH="32" HEIGHT="26" WC="0.89" CONTENT="N.,"/><SP WIDTH="16" VPOS="897" HPOS="636"/>
							<String ID="string_160" HPOS="652" VPOS="898" WIDTH="103" HEIGHT="21" WC="0.96" CONTENT="utnämnd"/><SP WIDTH="19" VPOS="898" HPOS="755"/>
							<String ID="string_161" HPOS="774" VPOS="898" WIDTH="40" HEIGHT="22" WC="0.96" CONTENT="och"/><SP WIDTH="15" VPOS="898" HPOS="814"/>
							<String ID="string_162" HPOS="829" VPOS="898" WIDTH="118" HEIGHT="22" WC="0.95" CONTENT="förordnad"/>
						</TextLine>
						<TextLine ID="line_21" HPOS="196" VPOS="930" WIDTH="750" HEIGHT="30">
							<String ID="string_163" HPOS="196" VPOS="931" WIDTH="33" HEIGHT="21" WC="0.94" CONTENT="till"/><SP WIDTH="18" VPOS="931" HPOS="229"/>
							<String ID="string_164" HPOS="247" VPOS="931" WIDTH="132" HEIGHT="21" WC="0.94" CONTENT="sekreterare"/><SP WIDTH="17" VPOS="931" HPOS="379"/>
							<String ID="string_165" HPOS="396" VPOS="931" WIDTH="8" HEIGHT="21" WC="0.93" CONTENT="i"/><SP WIDTH="18" VPOS="931" HPOS="404"/>
							<String ID="string_166" HPOS="422" VPOS="930" WIDTH="159" HEIGHT="22" WC="0.92" CONTENT="Bondeständet"/><SP WIDTH="17" VPOS="930" HPOS="581"/>
							<String ID="string_167" HPOS="598" VPOS="932" WIDTH="35" HEIGHT="20" WC="0.96" CONTENT="vid"/><SP WIDTH="19" VPOS="932" HPOS="633"/>
							<String ID="string_168" HPOS="652" VPOS="932" WIDTH="69" HEIGHT="21" WC="0.93" CONTENT="denna"/><SP WIDTH="20" VPOS="932" HPOS="721"/>
							<String ID="string_169" HPOS="741" VPOS="932" WIDTH="114" HEIGHT="28" WC="0.92" CONTENT="landtdag,"/><SP WIDTH="23" VPOS="932" HPOS="855"/>
							<String ID="string_170" HPOS="878" VPOS="933" WIDTH="68" HEIGHT="21" WC="0.92" CONTENT="lofvar"/>
						</TextLine>
						<TextLine ID="line_22" HPOS="198" VPOS="965" WIDTH="749" HEIGHT="29">
							<String ID="string_171" HPOS="198" VPOS="966" WIDTH="39" HEIGHT="21" WC="0.92" CONTENT="och"/><SP WIDTH="19" VPOS="966" HPOS="237"/>
							<String ID="string_172" HPOS="256" VPOS="967" WIDTH="55" HEIGHT="24" WC="0.90" CONTENT="svär,"/><SP WIDTH="16" VPOS="967" HPOS="311"/>
							<String ID="string_173" HPOS="327" VPOS="965" WIDTH="35" HEIGHT="21" WC="0.96" CONTENT="vid"/><SP WIDTH="19" VPOS="965" HPOS="362"/>
							<String ID="string_174" HPOS="381" VPOS="965" WIDTH="48" HEIGHT="21" WC="0.96" CONTENT="Gud"/><SP WIDTH="19" VPOS="965" HPOS="429"/>
							<String ID="string_175" HPOS="448" VPOS="966" WIDTH="39" HEIGHT="20" WC="0.96" CONTENT="och"/><SP WIDTH="18" VPOS="966" HPOS="487"/>
							<String ID="string_176" HPOS="505" VPOS="966" WIDTH="55" HEIGHT="21" WC="0.93" CONTENT="hans"/><SP WIDTH="14" VPOS="966" HPOS="560"/>
							<String ID="string_177" HPOS="574" VPOS="966" WIDTH="72" HEIGHT="27" WC="0.91" CONTENT="heliga"/><SP WIDTH="15" VPOS="966" HPOS="646"/>
							<String ID="string_178" HPOS="661" VPOS="966" WIDTH="138" HEIGHT="28" WC="0.92" CONTENT="evangelium,"/><SP WIDTH="15" VPOS="966" HPOS="799"/>
							<String ID="string_179" HPOS="814" VPOS="968" WIDTH="33" HEIGHT="20" WC="0.97" CONTENT="att"/><SP WIDTH="11" VPOS="968" HPOS="847"/>
							<String ID="string_180" HPOS="858" VPOS="967" WIDTH="39" HEIGHT="27" WC="0.97" CONTENT="jag"/><SP WIDTH="14" VPOS="967" HPOS="897"/>
							<String ID="string_181" HPOS="911" VPOS="967" WIDTH="36" HEIGHT="21" WC="0.97" CONTENT="vid"/>
						</TextLine>
						<TextLine ID="line_23" HPOS="196" VPOS="1000" WIDTH="751" HEIGHT="29">
							<String ID="string_182" HPOS="196" VPOS="1000" WIDTH="125" HEIGHT="27" WC="0.91" CONTENT="utöfningen"/><SP WIDTH="19" VPOS="1000" HPOS="321"/>
							<String ID="string_183" HPOS="340" VPOS="1000" WIDTH="24" HEIGHT="20" WC="0.96" CONTENT="af"/><SP WIDTH="16" VPOS="1000" HPOS="364"/>
							<String ID="string_184" HPOS="380" VPOS="1000" WIDTH="70" HEIGHT="21" WC="0.96" CONTENT="denna"/><SP WIDTH="17" VPOS="1000" HPOS="450"/>
							<String ID="string_185" HPOS="467" VPOS="1000" WIDTH="43" HEIGHT="21" WC="0.93" CONTENT="min"/><SP WIDTH="19" VPOS="1000" HPOS="510"/>
							<String ID="string_186" HPOS="529" VPOS="1000" WIDTH="119" HEIGHT="28" WC="0.93" CONTENT="befattning"/><SP WIDTH="18" VPOS="1000" HPOS="648"/>
							<String ID="string_187" HPOS="666" VPOS="1000" WIDTH="48" HEIGHT="22" WC="0.96" CONTENT="med"/><SP WIDTH="19" VPOS="1000" HPOS="714"/>
							<String ID="string_188" HPOS="733" VPOS="1001" WIDTH="29" HEIGHT="21" WC="0.96" CONTENT="all"/><SP WIDTH="22" VPOS="1001" HPOS="762"/>
							<String ID="string_189" HPOS="784" VPOS="1001" WIDTH="43" HEIGHT="21" WC="0.93" CONTENT="min"/><SP WIDTH="21" VPOS="1001" HPOS="827"/>
							<String ID="string_190" HPOS="848" VPOS="1000" WIDTH="99" HEIGHT="29" WC="0.95" CONTENT="förmåga"/>
						</TextLine>
						<TextLine ID="line_24" HPOS="196" VPOS="1034" WIDTH="751" HEIGHT="29">
							<String ID="string_191" HPOS="196" VPOS="1034" WIDTH="37" HEIGHT="21" WC="0.96" CONTENT="vill"/><SP WIDTH="15" VPOS="1034" HPOS="233"/>
							<String ID="string_192" HPOS="248" VPOS="1034" WIDTH="40" HEIGHT="21" WC="0.96" CONTENT="och"/><SP WIDTH="15" VPOS="1034" HPOS="288"/>
							<String ID="string_193" HPOS="303" VPOS="1034" WIDTH="54" HEIGHT="21" WC="0.93" CONTENT="skall"/><SP WIDTH="17" VPOS="1034" HPOS="357"/>
							<String ID="string_194" HPOS="374" VPOS="1034" WIDTH="97" HEIGHT="27" WC="0.91" CONTENT="iakttaga"/><SP WIDTH="19" VPOS="1034" HPOS="471"/>
							<String ID="string_195" HPOS="490" VPOS="1034" WIDTH="39" HEIGHT="21" WC="0.93" CONTENT="och"/><SP WIDTH="19" VPOS="1034" HPOS="529"/>
							<String ID="string_196" HPOS="548" VPOS="1034" WIDTH="147" HEIGHT="28" WC="0.92" CONTENT="upprätthälla"/><SP WIDTH="15" VPOS="1034" HPOS="695"/>
							<String ID="string_197" HPOS="710" VPOS="1035" WIDTH="18" HEIGHT="27" WC="0.93" CONTENT="ej"/><SP WIDTH="16" VPOS="1035" HPOS="728"/>
							<String ID="string_198" HPOS="744" VPOS="1035" WIDTH="83" HEIGHT="21" WC="0.93" CONTENT="mindre"/><SP WIDTH="15" VPOS="1035" HPOS="827"/>
							<String ID="string_199" HPOS="842" VPOS="1036" WIDTH="105" HEIGHT="27" WC="0.92" CONTENT="Kejsaren"/>
						</TextLine>
						<TextLine ID="line_25" HPOS="198" VPOS="1068" WIDTH="749" HEIGHT="24">
							<String ID="string_200" HPOS="198" VPOS="1069" WIDTH="40" HEIGHT="21" WC="0.93" CONTENT="och"/><SP WIDTH="18" VPOS="1069" HPOS="238"/>
							<String ID="string_201" HPOS="256" VPOS="1068" WIDTH="142" HEIGHT="22" WC="0.92" CONTENT="Storfurstens"/><SP WIDTH="20" VPOS="1068" HPOS="398"/>
							<String ID="string_202" HPOS="418" VPOS="1070" WIDTH="44" HEIGHT="19" WC="0.96" CONTENT="rätt"/><SP WIDTH="17" VPOS="1070" HPOS="462"/>
							<String ID="string_203" HPOS="479" VPOS="1070" WIDTH="28" HEIGHT="20" WC="0.93" CONTENT="än"/><SP WIDTH="18" VPOS="1070" HPOS="507"/>
							<String ID="string_204" HPOS="525" VPOS="1068" WIDTH="95" HEIGHT="22" WC="0.92" CONTENT="ständets"/><SP WIDTH="19" VPOS="1068" HPOS="620"/>
							<String ID="string_205" HPOS="639" VPOS="1069" WIDTH="39" HEIGHT="21" WC="0.92" CONTENT="och"/><SP WIDTH="19" VPOS="1069" HPOS="678"/>
							<String ID="string_206" HPOS="697" VPOS="1069" WIDTH="132" HEIGHT="22" WC="0.92" CONTENT="Ständernas"/><SP WIDTH="21" VPOS="1069" HPOS="829"/>
							<String ID="string_207" HPOS="850" VPOS="1070" WIDTH="37" HEIGHT="21" WC="0.92" CONTENT="fri-"/><SP WIDTH="19" VPOS="1070" HPOS="887"/>
							<String ID="string_208" HPOS="906" VPOS="1070" WIDTH="41" HEIGHT="22" WC="0.96" CONTENT="och"/>
						</TextLine>
						<TextLine ID="line_26" HPOS="197" VPOS="1102" WIDTH="750" HEIGHT="29">
							<String ID="string_209" HPOS="197" VPOS="1103" WIDTH="133" HEIGHT="27" WC="0.96" CONTENT="rättigheter,"/><SP WIDTH="22" VPOS="1103" HPOS="330"/>
							<String ID="string_210" HPOS="352" VPOS="1102" WIDTH="66" HEIGHT="28" WC="0.96" CONTENT="enligt"/><SP WIDTH="22" VPOS="1102" HPOS="418"/>
							<String ID="string_211" HPOS="440" VPOS="1103" WIDTH="99" HEIGHT="27" WC="0.93" CONTENT="gällande"/><SP WIDTH="22" VPOS="1103" HPOS="539"/>
							<String ID="string_212" HPOS="561" VPOS="1104" WIDTH="137" HEIGHT="27" WC="0.91" CONTENT="grundlagar."/><SP WIDTH="33" VPOS="1104" HPOS="698"/>
							<String ID="string_213" HPOS="731" VPOS="1104" WIDTH="65" HEIGHT="21" WC="0.96" CONTENT="Detta"/><SP WIDTH="22" VPOS="1104" HPOS="796"/>
							<String ID="string_214" HPOS="818" VPOS="1104" WIDTH="39" HEIGHT="22" WC="0.93" CONTENT="allt"/><SP WIDTH="21" VPOS="1104" HPOS="857"/>
							<String ID="string_215" HPOS="878" VPOS="1104" WIDTH="69" HEIGHT="22" WC="0.92" CONTENT="lofvar"/>
						</TextLine>
						<TextLine ID="line_27" HPOS="195" VPOS="1136" WIDTH="752" HEIGHT="30">
							<String ID="string_216" HPOS="195" VPOS="1136" WIDTH="39" HEIGHT="27" WC="0.93" CONTENT="jag"/><SP WIDTH="17" VPOS="1136" HPOS="234"/>
							<String ID="string_217" HPOS="251" VPOS="1138" WIDTH="71" HEIGHT="26" WC="0.96" CONTENT="troget"/><SP WIDTH="18" VPOS="1138" HPOS="322"/>
							<String ID="string_218" HPOS="340" VPOS="1136" WIDTH="64" HEIGHT="26" WC="0.95" CONTENT="hålla,"/><SP WIDTH="16" VPOS="1136" HPOS="404"/>
							<String ID="string_219" HPOS="420" VPOS="1136" WIDTH="24" HEIGHT="22" WC="0.93" CONTENT="sä"/><SP WIDTH="18" VPOS="1136" HPOS="444"/>
							<String ID="string_220" HPOS="462" VPOS="1139" WIDTH="63" HEIGHT="19" WC="0.92" CONTENT="sannt"/><SP WIDTH="14" VPOS="1139" HPOS="525"/>
							<String ID="string_221" HPOS="539" VPOS="1138" WIDTH="44" HEIGHT="26" WC="0.96" CONTENT="mig"/><SP WIDTH="15" VPOS="1138" HPOS="583"/>
							<String ID="string_222" HPOS="598" VPOS="1137" WIDTH="49" HEIGHT="22" WC="0.93" CONTENT="Gud"/><SP WIDTH="14" VPOS="1137" HPOS="647"/>
							<String ID="string_223" HPOS="661" VPOS="1138" WIDTH="71" HEIGHT="27" WC="0.93" CONTENT="hjelpe"/><SP WIDTH="15" VPOS="1138" HPOS="732"/>
							<String ID="string_224" HPOS="747" VPOS="1138" WIDTH="33" HEIGHT="21" WC="0.93" CONTENT="till"/><SP WIDTH="14" VPOS="1138" HPOS="780"/>
							<String ID="string_225" HPOS="794" VPOS="1138" WIDTH="26" HEIGHT="21" WC="0.93" CONTENT="lif"/><SP WIDTH="14" VPOS="1138" HPOS="820"/>
							<String ID="string_226" HPOS="834" VPOS="1138" WIDTH="40" HEIGHT="22" WC="0.93" CONTENT="och"/><SP WIDTH="15" VPOS="1138" HPOS="874"/>
							<String ID="string_227" HPOS="889" VPOS="1138" WIDTH="58" HEIGHT="28" WC="0.91" CONTENT="själ.*"/>
						</TextLine>
					</TextBlock>
					<TextBlock ID="block_4" HPOS="198" VPOS="1170" WIDTH="749" HEIGHT="62">
						<TextLine ID="line_28" HPOS="265" VPOS="1170" WIDTH="682" HEIGHT="30">
							<String ID="string_228" HPOS="265" VPOS="1170" WIDTH="47" HEIGHT="22" WC="0.91" CONTENT="Den"/><SP WIDTH="21" VPOS="1170" HPOS="312"/>
							<String ID="string_229" HPOS="333" VPOS="1170" WIDTH="118" HEIGHT="27" WC="0.51" CONTENT="betjening,"/><SP WIDTH="23" VPOS="1170" HPOS="451"/>
							<String ID="string_230" HPOS="474" VPOS="1172" WIDTH="73" HEIGHT="26" WC="0.96" CONTENT="hvarje"/><SP WIDTH="23" VPOS="1172" HPOS="547"/>
							<String ID="string_231" HPOS="570" VPOS="1170" WIDTH="62" HEIGHT="23" WC="0.96" CONTENT="stånd"/><SP WIDTH="21" VPOS="1170" HPOS="632"/>
							<String ID="string_232" HPOS="653" VPOS="1172" WIDTH="8" HEIGHT="20" WC="0.90" CONTENT="i"/><SP WIDTH="22" VPOS="1172" HPOS="661"/>
							<String ID="string_233" HPOS="683" VPOS="1172" WIDTH="65" HEIGHT="27" WC="0.95" CONTENT="öfrigt"/><SP WIDTH="21" VPOS="1172" HPOS="748"/>
							<String ID="string_234" HPOS="769" VPOS="1172" WIDTH="34" HEIGHT="22" WC="0.96" CONTENT="för"/><SP WIDTH="22" VPOS="1172" HPOS="803"/>
							<String ID="string_235" HPOS="825" VPOS="1173" WIDTH="32" HEIGHT="27" WC="0.96" CONTENT="sig"/><SP WIDTH="21" VPOS="1173" HPOS="857"/>
							<String ID="string_236" HPOS="878" VPOS="1173" WIDTH="69" HEIGHT="21" WC="0.96" CONTENT="under"/>
						</TextLine>
						<TextLine ID="line_29" HPOS="198" VPOS="1203" WIDTH="556" HEIGHT="29">
							<String ID="string_237" HPOS="198" VPOS="1203" WIDTH="130" HEIGHT="28" WC="0.92" CONTENT="landtdagen"/><SP WIDTH="14" VPOS="1203" HPOS="328"/>
							<String ID="string_238" HPOS="342" VPOS="1204" WIDTH="67" HEIGHT="22" WC="0.91" CONTENT="finner"/><SP WIDTH="15" VPOS="1204" HPOS="409"/>
							<String ID="string_239" HPOS="424" VPOS="1204" WIDTH="73" HEIGHT="28" WC="0.91" CONTENT="nödig,"/><SP WIDTH="16" VPOS="1204" HPOS="497"/>
							<String ID="string_240" HPOS="513" VPOS="1205" WIDTH="98" HEIGHT="22" WC="0.91" CONTENT="tillsättes"/><SP WIDTH="16" VPOS="1205" HPOS="611"/>
							<String ID="string_241" HPOS="627" VPOS="1205" WIDTH="24" HEIGHT="21" WC="0.93" CONTENT="af"/><SP WIDTH="12" VPOS="1205" HPOS="651"/>
							<String ID="string_242" HPOS="663" VPOS="1204" WIDTH="91" HEIGHT="23" WC="0.91" CONTENT="ständet."/>
						</TextLine>
					</TextBlock>
					<TextBlock ID="block_5" HPOS="198" VPOS="1237" WIDTH="748" HEIGHT="63">
						<TextLine ID="line_30" HPOS="265" VPOS="1237" WIDTH="681" HEIGHT="30">
							<String ID="string_243" HPOS="265" VPOS="1237" WIDTH="171" HEIGHT="23" WC="0.91" CONTENT="Bondeständets"/><SP WIDTH="18" VPOS="1237" HPOS="436"/>
							<String ID="string_244" HPOS="454" VPOS="1239" WIDTH="132" HEIGHT="22" WC="0.93" CONTENT="sekreterare"/><SP WIDTH="18" VPOS="1239" HPOS="586"/>
							<String ID="string_245" HPOS="604" VPOS="1238" WIDTH="95" HEIGHT="29" WC="0.92" CONTENT="ätnjuter"/><SP WIDTH="18" VPOS="1238" HPOS="699"/>
							<String ID="string_246" HPOS="717" VPOS="1240" WIDTH="25" HEIGHT="21" WC="0.97" CONTENT="af"/><SP WIDTH="15" VPOS="1240" HPOS="742"/>
							<String ID="string_247" HPOS="757" VPOS="1240" WIDTH="109" HEIGHT="22" WC="0.93" CONTENT="allmänna"/><SP WIDTH="18" VPOS="1240" HPOS="866"/>
							<String ID="string_248" HPOS="884" VPOS="1242" WIDTH="62" HEIGHT="21" WC="0.93" CONTENT="stats-"/>
						</TextLine>
						<TextLine ID="line_31" HPOS="198" VPOS="1272" WIDTH="604" HEIGHT="28">
							<String ID="string_249" HPOS="198" VPOS="1272" WIDTH="68" HEIGHT="20" WC="0.95" CONTENT="medel"/><SP WIDTH="16" VPOS="1272" HPOS="266"/>
							<String ID="string_250" HPOS="282" VPOS="1272" WIDTH="40" HEIGHT="20" WC="0.93" CONTENT="den"/><SP WIDTH="16" VPOS="1272" HPOS="322"/>
							<String ID="string_251" HPOS="338" VPOS="1272" WIDTH="99" HEIGHT="26" WC="0.90" CONTENT="aflöning,"/><SP WIDTH="15" VPOS="1272" HPOS="437"/>
							<String ID="string_252" HPOS="452" VPOS="1279" WIDTH="46" HEIGHT="13" WC="0.96" CONTENT="som"/><SP WIDTH="15" VPOS="1279" HPOS="498"/>
							<String ID="string_253" HPOS="513" VPOS="1273" WIDTH="24" HEIGHT="20" WC="0.93" CONTENT="af"/><SP WIDTH="12" VPOS="1273" HPOS="537"/>
							<String ID="string_254" HPOS="549" VPOS="1273" WIDTH="105" HEIGHT="27" WC="0.92" CONTENT="Kejsaren"/><SP WIDTH="13" VPOS="1273" HPOS="654"/>
							<String ID="string_255" HPOS="667" VPOS="1273" WIDTH="135" HEIGHT="22" WC="0.92" CONTENT="bestämmes."/>
						</TextLine>
					</TextBlock>
				</ComposedBlock>
				<ComposedBlock ID="cblock_2" HPOS="197" VPOS="1338" WIDTH="752" HEIGHT="172">
					<TextBlock ID="block_6" HPOS="540" VPOS="1338" WIDTH="61" HEIGHT="28">
						<TextLine ID="line_32" HPOS="540" VPOS="1338" WIDTH="61" HEIGHT="28">
							<String ID="string_256" HPOS="540" VPOS="1338" WIDTH="11" HEIGHT="28" WC="0.76" CONTENT="s"/><SP WIDTH="17" VPOS="1338" HPOS="551"/>
							<String ID="string_257" HPOS="568" VPOS="1339" WIDTH="33" HEIGHT="20" WC="0.83" CONTENT="29."/>
						</TextLine>
					</TextBlock>
					<TextBlock ID="block_7" HPOS="197" VPOS="1380" WIDTH="752" HEIGHT="130">
						<TextLine ID="line_33" HPOS="265" VPOS="1380" WIDTH="681" HEIGHT="31">
							<String ID="string_258" HPOS="265" VPOS="1380" WIDTH="42" HEIGHT="21" WC="0.93" CONTENT="Vid"/><SP WIDTH="15" VPOS="1380" HPOS="307"/>
							<String ID="string_259" HPOS="322" VPOS="1380" WIDTH="73" HEIGHT="28" WC="0.91" CONTENT="hvarje"/><SP WIDTH="14" VPOS="1380" HPOS="395"/>
							<String ID="string_260" HPOS="409" VPOS="1380" WIDTH="89" HEIGHT="28" WC="0.92" CONTENT="lagtima"/><SP WIDTH="15" VPOS="1380" HPOS="498"/>
							<String ID="string_261" HPOS="513" VPOS="1381" WIDTH="103" HEIGHT="29" WC="0.92" CONTENT="landtdag"/><SP WIDTH="15" VPOS="1381" HPOS="616"/>
							<String ID="string_262" HPOS="631" VPOS="1382" WIDTH="60" HEIGHT="22" WC="0.96" CONTENT="skola"/><SP WIDTH="14" VPOS="1382" HPOS="691"/>
							<String ID="string_263" HPOS="705" VPOS="1382" WIDTH="57" HEIGHT="22" WC="0.93" CONTENT="inom"/><SP WIDTH="16" VPOS="1382" HPOS="762"/>
							<String ID="string_264" HPOS="778" VPOS="1382" WIDTH="46" HEIGHT="22" WC="0.93" CONTENT="ätta"/><SP WIDTH="14" VPOS="1382" HPOS="824"/>
							<String ID="string_265" HPOS="838" VPOS="1383" WIDTH="68" HEIGHT="28" WC="0.93" CONTENT="dagar"/><SP WIDTH="10" VPOS="1383" HPOS="906"/>
							<String ID="string_266" HPOS="916" VPOS="1384" WIDTH="30" HEIGHT="21" WC="0.91" CONTENT="ef-"/>
						</TextLine>
						<TextLine ID="line_34" HPOS="197" VPOS="1414" WIDTH="749" HEIGHT="30">
							<String ID="string_267" HPOS="197" VPOS="1415" WIDTH="34" HEIGHT="20" WC="0.95" CONTENT="ter"/><SP WIDTH="22" VPOS="1415" HPOS="231"/>
							<String ID="string_268" HPOS="253" VPOS="1414" WIDTH="47" HEIGHT="22" WC="0.93" CONTENT="dess"/><SP WIDTH="23" VPOS="1414" HPOS="300"/>
							<String ID="string_269" HPOS="323" VPOS="1414" WIDTH="113" HEIGHT="28" WC="0.91" CONTENT="öppnande"/><SP WIDTH="21" VPOS="1414" HPOS="436"/>
							<String ID="string_270" HPOS="457" VPOS="1414" WIDTH="110" HEIGHT="23" WC="0.92" CONTENT="tillsättas:"/><SP WIDTH="23" VPOS="1414" HPOS="567"/>
							<String ID="string_271" HPOS="590" VPOS="1418" WIDTH="31" HEIGHT="20" WC="0.93" CONTENT="ett"/><SP WIDTH="21" VPOS="1418" HPOS="621"/>
							<String ID="string_272" HPOS="642" VPOS="1416" WIDTH="125" HEIGHT="28" WC="0.91" CONTENT="lagutskott,"/><SP WIDTH="24" VPOS="1416" HPOS="767"/>
							<String ID="string_273" HPOS="791" VPOS="1420" WIDTH="30" HEIGHT="19" WC="0.93" CONTENT="ett"/><SP WIDTH="18" VPOS="1420" HPOS="821"/>
							<String ID="string_274" HPOS="839" VPOS="1418" WIDTH="107" HEIGHT="22" WC="0.92" CONTENT="ekonomi-"/>
						</TextLine>
						<TextLine ID="line_35" HPOS="198" VPOS="1448" WIDTH="749" HEIGHT="31">
							<String ID="string_275" HPOS="198" VPOS="1448" WIDTH="87" HEIGHT="26" WC="0.91" CONTENT="utskott,"/><SP WIDTH="16" VPOS="1448" HPOS="285"/>
							<String ID="string_276" HPOS="301" VPOS="1450" WIDTH="31" HEIGHT="20" WC="0.93" CONTENT="ett"/><SP WIDTH="14" VPOS="1450" HPOS="332"/>
							<String ID="string_277" HPOS="346" VPOS="1449" WIDTH="141" HEIGHT="26" WC="0.93" CONTENT="statsutskott,"/><SP WIDTH="16" VPOS="1449" HPOS="487"/>
							<String ID="string_278" HPOS="503" VPOS="1451" WIDTH="30" HEIGHT="20" WC="0.92" CONTENT="ett"/><SP WIDTH="14" VPOS="1451" HPOS="533"/>
							<String ID="string_279" HPOS="547" VPOS="1450" WIDTH="208" HEIGHT="29" WC="0.92" CONTENT="bevillningsutskott"/><SP WIDTH="19" VPOS="1450" HPOS="755"/>
							<String ID="string_280" HPOS="774" VPOS="1452" WIDTH="40" HEIGHT="22" WC="0.97" CONTENT="och"/><SP WIDTH="18" VPOS="1452" HPOS="814"/>
							<String ID="string_281" HPOS="832" VPOS="1454" WIDTH="30" HEIGHT="20" WC="0.93" CONTENT="ett"/><SP WIDTH="18" VPOS="1454" HPOS="862"/>
							<String ID="string_282" HPOS="880" VPOS="1453" WIDTH="67" HEIGHT="21" WC="0.92" CONTENT="bank-"/>
						</TextLine>
						<TextLine ID="line_36" HPOS="199" VPOS="1483" WIDTH="750" HEIGHT="27">
							<String ID="string_283" HPOS="199" VPOS="1483" WIDTH="86" HEIGHT="21" WC="0.91" CONTENT="utskott."/><SP WIDTH="30" VPOS="1483" HPOS="285"/>
							<String ID="string_284" HPOS="315" VPOS="1483" WIDTH="61" HEIGHT="27" WC="0.89" CONTENT="Lag-,"/><SP WIDTH="18" VPOS="1483" HPOS="376"/>
							<String ID="string_285" HPOS="394" VPOS="1484" WIDTH="106" HEIGHT="21" WC="0.91" CONTENT="ekonomi-"/><SP WIDTH="20" VPOS="1484" HPOS="500"/>
							<String ID="string_286" HPOS="520" VPOS="1485" WIDTH="39" HEIGHT="21" WC="0.93" CONTENT="och"/><SP WIDTH="20" VPOS="1485" HPOS="559"/>
							<String ID="string_287" HPOS="579" VPOS="1485" WIDTH="162" HEIGHT="23" WC="0.31" CONTENT="stafutskotten"/><SP WIDTH="18" VPOS="1485" HPOS="741"/>
							<String ID="string_288" HPOS="759" VPOS="1487" WIDTH="61" HEIGHT="21" WC="0.91" CONTENT="skola"/><SP WIDTH="22" VPOS="1487" HPOS="820"/>
							<String ID="string_289" HPOS="842" VPOS="1487" WIDTH="61" HEIGHT="22" WC="0.96" CONTENT="bestå"/><SP WIDTH="22" VPOS="1487" HPOS="903"/>
							<String ID="string_290" HPOS="925" VPOS="1488" WIDTH="24" HEIGHT="21" WC="0.96" CONTENT="af"/>
						</TextLine>
					</TextBlock>
				</ComposedBlock>
			</PrintSpace>
		</Page>
	</Layout>
</alto>
