<?xml version="1.0" encoding="UTF-8"?>
<alto xmlns="http://www.loc.gov/standards/alto/ns-v3#" xmlns:xlink="http://www.w3.org/1999/xlink" xmlns:xsi="http://www.w3.org/2001/XMLSchema-instance" xsi:schemaLocation="http://www.loc.gov/standards/alto/ns-v3# http://www.loc.gov/alto/v3/alto-3-0.xsd">
	<Description>
		<MeasurementUnit>pixel</MeasurementUnit>
		<sourceImageInformation>
			<fileName>/tmp/tess_c2laej3q_input.PNG</fileName>
		</sourceImageInformation>
		<OCRProcessing ID="OCR_0">
			<ocrProcessingStep>
				<processingSoftware>
					<softwareName>tesseract 5.3.4</softwareName>
				</processingSoftware>
			</ocrProcessingStep>
		</OCRProcessing>
	</Description>
	<Layout>
		<Page WIDTH="1020" HEIGHT="1717" PHYSICAL_IMG_NR="0" ID="page_0">
			<PrintSpace HPOS="0" VPOS="0" WIDTH="1020" HEIGHT="1717">
				<ComposedBlock ID="cblock_0" HPOS="202" VPOS="144" WIDTH="503" HEIGHT="23">
					<TextBlock ID="block_0" HPOS="202" VPOS="144" WIDTH="503" HEIGHT="23">
						<TextLine ID="line_0" HPOS="202" VPOS="144" WIDTH="503" HEIGHT="23">
							<String ID="string_0" HPOS="202" VPOS="146" WIDTH="42" HEIGHT="14" WC="0.95" CONTENT="1730"/><SP WIDTH="156" VPOS="146" HPOS="244"/>
							<String ID="string_1" HPOS="400" VPOS="144" WIDTH="68" HEIGHT="23" WC="0.90" CONTENT="Nädiga"/><SP WIDTH="13" VPOS="144" HPOS="468"/>
							<String ID="string_2" HPOS="481" VPOS="145" WIDTH="136" HEIGHT="21" WC="0.96" CONTENT="Propositionen"/><SP WIDTH="13" VPOS="145" HPOS="617"/>
							<String ID="string_3" HPOS="630" VPOS="144" WIDTH="34" HEIGHT="17" WC="0.95" CONTENT="N:o"/><SP WIDTH="13" VPOS="144" HPOS="664"/>
							<String ID="string_4" HPOS="677" VPOS="145" WIDTH="28" HEIGHT="16" WC="0.96" CONTENT="35."/>
						</TextLine>
					</TextBlock>
				</ComposedBlock>
				<ComposedBlock ID="cblock_1" HPOS="311" VPOS="209" WIDTH="618" HEIGHT="201">
					<TextBlock ID="block_1" HPOS="311" VPOS="209" WIDTH="618" HEIGHT="201">
						<TextLine ID="line_1" HPOS="370" VPOS="209" WIDTH="557" HEIGHT="21">
							<String ID="string_5" HPOS="370" VPOS="210" WIDTH="150" HEIGHT="20" WC="0.90" CONTENT="Sammansatta"/><SP WIDTH="14" VPOS="210" HPOS="520"/>
							<String ID="string_6" HPOS="534" VPOS="210" WIDTH="105" HEIGHT="20" WC="0.93" CONTENT="Ekonomi-"/><SP WIDTH="15" VPOS="210" HPOS="639"/>
							<String ID="string_7" HPOS="654" VPOS="210" WIDTH="54" HEIGHT="20" WC="0.93" CONTENT="samt"/><SP WIDTH="15" VPOS="210" HPOS="708"/>
							<String ID="string_8" HPOS="723" VPOS="210" WIDTH="64" HEIGHT="20" WC="0.92" CONTENT="Stats-"/><SP WIDTH="15" VPOS="210" HPOS="787"/>
							<String ID="string_9" HPOS="802" VPOS="210" WIDTH="36" HEIGHT="20" WC="0.93" CONTENT="och"/><SP WIDTH="15" VPOS="210" HPOS="838"/>
							<String ID="string_10" HPOS="853" VPOS="209" WIDTH="74" HEIGHT="21" WC="0.85" CONTENT="Bevill-"/>
						</TextLine>
						<TextLine ID="line_2" HPOS="313" VPOS="242" WIDTH="616" HEIGHT="30">
							<String ID="string_11" HPOS="313" VPOS="244" WIDTH="180" HEIGHT="27" WC="0.91" CONTENT="nings-utskottets"/><SP WIDTH="16" VPOS="244" HPOS="493"/>
							<String ID="string_12" HPOS="509" VPOS="244" WIDTH="131" HEIGHT="21" WC="0.95" CONTENT="betänkande"/><SP WIDTH="18" VPOS="244" HPOS="640"/>
							<String ID="string_13" HPOS="658" VPOS="244" WIDTH="38" HEIGHT="20" WC="0.95" CONTENT="N:o"/><SP WIDTH="14" VPOS="244" HPOS="696"/>
							<String ID="string_14" HPOS="710" VPOS="244" WIDTH="18" HEIGHT="25" WC="0.93" CONTENT="5,"/><SP WIDTH="15" VPOS="244" HPOS="728"/>
							<String ID="string_15" HPOS="743" VPOS="244" WIDTH="10" HEIGHT="21" WC="0.95" CONTENT="i"/><SP WIDTH="15" VPOS="244" HPOS="753"/>
							<String ID="string_16" HPOS="768" VPOS="243" WIDTH="117" HEIGHT="28" WC="0.96" CONTENT="anledning"/><SP WIDTH="18" VPOS="243" HPOS="885"/>
							<String ID="string_17" HPOS="903" VPOS="242" WIDTH="26" HEIGHT="30" WC="0.96" CONTENT="af"/>
						</TextLine>
						<TextLine ID="line_3" HPOS="312" VPOS="278" WIDTH="615" HEIGHT="29">
							<String ID="string_18" HPOS="312" VPOS="278" WIDTH="62" HEIGHT="22" WC="0.93" CONTENT="Hans"/><SP WIDTH="13" VPOS="278" HPOS="374"/>
							<String ID="string_19" HPOS="387" VPOS="278" WIDTH="124" HEIGHT="28" WC="0.91" CONTENT="Kejserliga"/><SP WIDTH="11" VPOS="278" HPOS="511"/>
							<String ID="string_20" HPOS="522" VPOS="278" WIDTH="114" HEIGHT="29" WC="0.92" CONTENT="Majestäts"/><SP WIDTH="11" VPOS="278" HPOS="636"/>
							<String ID="string_21" HPOS="647" VPOS="278" WIDTH="83" HEIGHT="28" WC="0.93" CONTENT="nädiga"/><SP WIDTH="3" VPOS="278" HPOS="730"/>
							<String ID="string_22" HPOS="733" VPOS="278" WIDTH="147" HEIGHT="28" WC="0.93" CONTENT="proposition,"/><SP WIDTH="9" VPOS="278" HPOS="880"/>
							<String ID="string_23" HPOS="889" VPOS="284" WIDTH="38" HEIGHT="14" WC="0.93" CONTENT="an-"/>
						</TextLine>
						<TextLine ID="line_4" HPOS="312" VPOS="311" WIDTH="614" HEIGHT="30">
							<String ID="string_24" HPOS="312" VPOS="313" WIDTH="81" HEIGHT="28" WC="0.87" CONTENT="gäende"/><SP WIDTH="16" VPOS="313" HPOS="393"/>
							<String ID="string_25" HPOS="409" VPOS="312" WIDTH="120" HEIGHT="29" WC="0.96" CONTENT="byggandet"/><SP WIDTH="16" VPOS="312" HPOS="529"/>
							<String ID="string_26" HPOS="545" VPOS="313" WIDTH="25" HEIGHT="28" WC="0.96" CONTENT="af"/><SP WIDTH="12" VPOS="313" HPOS="570"/>
							<String ID="string_27" HPOS="582" VPOS="320" WIDTH="26" HEIGHT="13" WC="0.93" CONTENT="en"/><SP WIDTH="15" VPOS="320" HPOS="608"/>
							<String ID="string_28" HPOS="623" VPOS="313" WIDTH="94" HEIGHT="28" WC="0.89" CONTENT="jernväg"/><SP WIDTH="13" VPOS="313" HPOS="717"/>
							<String ID="string_29" HPOS="730" VPOS="312" WIDTH="58" HEIGHT="29" WC="0.92" CONTENT="frän"/><SP WIDTH="14" VPOS="312" HPOS="788"/>
							<String ID="string_30" HPOS="802" VPOS="311" WIDTH="124" HEIGHT="22" WC="0.96" CONTENT="Riihimäki"/>
						</TextLine>
						<TextLine ID="line_5" HPOS="312" VPOS="346" WIDTH="615" HEIGHT="30">
							<String ID="string_31" HPOS="312" VPOS="348" WIDTH="82" HEIGHT="20" WC="0.93" CONTENT="station"/><SP WIDTH="22" VPOS="348" HPOS="394"/>
							<String ID="string_32" HPOS="416" VPOS="348" WIDTH="14" HEIGHT="20" WC="0.89" CONTENT="&amp;"/><SP WIDTH="17" VPOS="348" HPOS="430"/>
							<String ID="string_33" HPOS="447" VPOS="342" WIDTH="150" HEIGHT="38" WC="0.0" CONTENT="Helsingfors"/><SP WIDTH="5" VPOS="342" HPOS="597"/>
							<String ID="string_34" HPOS="602" VPOS="346" WIDTH="147" HEIGHT="22" WC="0.0" CONTENT="—Tavastehus"/><SP WIDTH="24" VPOS="346" HPOS="749"/>
							<String ID="string_35" HPOS="773" VPOS="346" WIDTH="70" HEIGHT="22" WC="0.94" CONTENT="banan"/><SP WIDTH="23" VPOS="346" HPOS="843"/>
							<String ID="string_36" HPOS="866" VPOS="346" WIDTH="61" HEIGHT="30" WC="0.96" CONTENT="öfver"/>
						</TextLine>
						<TextLine ID="line_6" HPOS="311" VPOS="380" WIDTH="497" HEIGHT="30">
							<String ID="string_37" HPOS="311" VPOS="381" WIDTH="79" HEIGHT="22" WC="0.92" CONTENT="Lahtis"/><SP WIDTH="16" VPOS="381" HPOS="390"/>
							<String ID="string_38" HPOS="406" VPOS="382" WIDTH="39" HEIGHT="20" WC="0.91" CONTENT="och"/><SP WIDTH="17" VPOS="382" HPOS="445"/>
							<String ID="string_39" HPOS="462" VPOS="381" WIDTH="90" HEIGHT="29" WC="0.92" CONTENT="Wiborg"/><SP WIDTH="17" VPOS="381" HPOS="552"/>
							<String ID="string_40" HPOS="569" VPOS="382" WIDTH="34" HEIGHT="21" WC="0.96" CONTENT="till"/><SP WIDTH="15" VPOS="382" HPOS="603"/>
							<String ID="string_41" HPOS="618" VPOS="380" WIDTH="36" HEIGHT="22" WC="0.96" CONTENT="S:t"/><SP WIDTH="15" VPOS="380" HPOS="654"/>
							<String ID="string_42" HPOS="669" VPOS="381" WIDTH="139" HEIGHT="28" WC="0.96" CONTENT="Petersburg."/>
						</TextLine>
					</TextBlock>
				</ComposedBlock>
				<ComposedBlock ID="cblock_2" HPOS="174" VPOS="434" WIDTH="753" HEIGHT="476">
					<TextBlock ID="block_2" HPOS="174" VPOS="434" WIDTH="753" HEIGHT="305">
						<TextLine ID="line_7" HPOS="244" VPOS="434" WIDTH="682" HEIGHT="29">
							<String ID="string_43" HPOS="244" VPOS="436" WIDTH="82" HEIGHT="22" WC="0.92" CONTENT="Genom"/><SP WIDTH="18" VPOS="436" HPOS="326"/>
							<String ID="string_44" HPOS="344" VPOS="436" WIDTH="155" HEIGHT="27" WC="0.92" CONTENT="samstämmigt"/><SP WIDTH="16" VPOS="436" HPOS="499"/>
							<String ID="string_45" HPOS="515" VPOS="436" WIDTH="70" HEIGHT="21" WC="0.96" CONTENT="beslut"/><SP WIDTH="17" VPOS="436" HPOS="585"/>
							<String ID="string_46" HPOS="602" VPOS="436" WIDTH="39" HEIGHT="21" WC="0.96" CONTENT="hos"/><SP WIDTH="16" VPOS="436" HPOS="641"/>
							<String ID="string_47" HPOS="657" VPOS="436" WIDTH="43" HEIGHT="21" WC="0.93" CONTENT="alla"/><SP WIDTH="14" VPOS="436" HPOS="700"/>
							<String ID="string_48" HPOS="714" VPOS="434" WIDTH="68" HEIGHT="23" WC="0.96" CONTENT="Stånd"/><SP WIDTH="14" VPOS="434" HPOS="782"/>
							<String ID="string_49" HPOS="796" VPOS="435" WIDTH="41" HEIGHT="22" WC="0.93" CONTENT="har"/><SP WIDTH="13" VPOS="435" HPOS="837"/>
							<String ID="string_50" HPOS="850" VPOS="435" WIDTH="76" HEIGHT="22" WC="0.42" CONTENT="bered-"/>
						</TextLine>
						<TextLine ID="line_8" HPOS="175" VPOS="468" WIDTH="750" HEIGHT="30">
							<String ID="string_51" HPOS="175" VPOS="470" WIDTH="78" HEIGHT="28" WC="0.96" CONTENT="ningen"/><SP WIDTH="19" VPOS="470" HPOS="253"/>
							<String ID="string_52" HPOS="272" VPOS="470" WIDTH="24" HEIGHT="22" WC="0.93" CONTENT="af"/><SP WIDTH="17" VPOS="470" HPOS="296"/>
							<String ID="string_53" HPOS="313" VPOS="470" WIDTH="157" HEIGHT="22" WC="0.93" CONTENT="ofvannämnda"/><SP WIDTH="18" VPOS="470" HPOS="470"/>
							<String ID="string_54" HPOS="488" VPOS="468" WIDTH="79" HEIGHT="29" WC="0.96" CONTENT="nådiga"/><SP WIDTH="17" VPOS="468" HPOS="567"/>
							<String ID="string_55" HPOS="584" VPOS="470" WIDTH="133" HEIGHT="28" WC="0.93" CONTENT="proposition"/><SP WIDTH="14" VPOS="470" HPOS="717"/>
							<String ID="string_56" HPOS="731" VPOS="470" WIDTH="70" HEIGHT="21" WC="0.93" CONTENT="blifvit"/><SP WIDTH="15" VPOS="470" HPOS="801"/>
							<String ID="string_57" HPOS="816" VPOS="470" WIDTH="109" HEIGHT="21" WC="0.92" CONTENT="öfverlem-"/>
						</TextLine>
						<TextLine ID="line_9" HPOS="174" VPOS="504" WIDTH="752" HEIGHT="28">
							<String ID="string_58" HPOS="174" VPOS="505" WIDTH="44" HEIGHT="21" WC="0.94" CONTENT="nad"/><SP WIDTH="19" VPOS="505" HPOS="218"/>
							<String ID="string_59" HPOS="237" VPOS="504" WIDTH="22" HEIGHT="22" WC="0.93" CONTENT="ät"/><SP WIDTH="15" VPOS="504" HPOS="259"/>
							<String ID="string_60" HPOS="274" VPOS="505" WIDTH="158" HEIGHT="21" WC="0.92" CONTENT="Sammansatta"/><SP WIDTH="13" VPOS="505" HPOS="432"/>
							<String ID="string_61" HPOS="445" VPOS="505" WIDTH="114" HEIGHT="21" WC="0.92" CONTENT="Ekonomi-"/><SP WIDTH="15" VPOS="505" HPOS="559"/>
							<String ID="string_62" HPOS="574" VPOS="508" WIDTH="55" HEIGHT="18" WC="0.93" CONTENT="samt"/><SP WIDTH="19" VPOS="508" HPOS="629"/>
							<String ID="string_63" HPOS="648" VPOS="504" WIDTH="68" HEIGHT="22" WC="0.92" CONTENT="Stats-"/><SP WIDTH="16" VPOS="504" HPOS="716"/>
							<String ID="string_64" HPOS="732" VPOS="505" WIDTH="39" HEIGHT="21" WC="0.93" CONTENT="och"/><SP WIDTH="15" VPOS="505" HPOS="771"/>
							<String ID="string_65" HPOS="786" VPOS="504" WIDTH="140" HEIGHT="28" WC="0.91" CONTENT="Bevillnings-"/>
						</TextLine>
						<TextLine ID="line_10" HPOS="174" VPOS="538" WIDTH="752" HEIGHT="29">
							<String ID="string_66" HPOS="174" VPOS="540" WIDTH="111" HEIGHT="26" WC="0.90" CONTENT="utskottet,"/><SP WIDTH="23" VPOS="540" HPOS="285"/>
							<String ID="string_67" HPOS="308" VPOS="540" WIDTH="118" HEIGHT="27" WC="0.90" CONTENT="hvarjemte"/><SP WIDTH="21" VPOS="540" HPOS="426"/>
							<String ID="string_68" HPOS="447" VPOS="538" WIDTH="159" HEIGHT="23" WC="0.91" CONTENT="Bondeständet"/><SP WIDTH="21" VPOS="538" HPOS="606"/>
							<String ID="string_69" HPOS="627" VPOS="539" WIDTH="34" HEIGHT="21" WC="0.93" CONTENT="till"/><SP WIDTH="22" VPOS="539" HPOS="661"/>
							<String ID="string_70" HPOS="683" VPOS="539" WIDTH="103" HEIGHT="21" WC="0.92" CONTENT="utskottet"/><SP WIDTH="21" VPOS="539" HPOS="786"/>
							<String ID="string_71" HPOS="807" VPOS="539" WIDTH="119" HEIGHT="28" WC="0.90" CONTENT="hänskjutit"/>
						</TextLine>
						<TextLine ID="line_11" HPOS="174" VPOS="573" WIDTH="751" HEIGHT="28">
							<String ID="string_72" HPOS="174" VPOS="576" WIDTH="77" HEIGHT="20" WC="0.91" CONTENT="tvenne"/><SP WIDTH="21" VPOS="576" HPOS="251"/>
							<String ID="string_73" HPOS="272" VPOS="574" WIDTH="57" HEIGHT="22" WC="0.95" CONTENT="inom"/><SP WIDTH="23" VPOS="574" HPOS="329"/>
							<String ID="string_74" HPOS="352" VPOS="574" WIDTH="60" HEIGHT="21" WC="0.93" CONTENT="detta"/><SP WIDTH="21" VPOS="574" HPOS="412"/>
							<String ID="string_75" HPOS="433" VPOS="573" WIDTH="68" HEIGHT="21" WC="0.92" CONTENT="Ständ"/><SP WIDTH="22" VPOS="573" HPOS="501"/>
							<String ID="string_76" HPOS="523" VPOS="573" WIDTH="134" HEIGHT="22" WC="0.92" CONTENT="framställda"/><SP WIDTH="20" VPOS="573" HPOS="657"/>
							<String ID="string_77" HPOS="677" VPOS="573" WIDTH="189" HEIGHT="28" WC="0.90" CONTENT="petitionsförslag,"/><SP WIDTH="23" VPOS="573" HPOS="866"/>
							<String ID="string_78" HPOS="889" VPOS="574" WIDTH="36" HEIGHT="21" WC="0.96" CONTENT="det"/>
						</TextLine>
						<TextLine ID="line_12" HPOS="175" VPOS="607" WIDTH="752" HEIGHT="29">
							<String ID="string_79" HPOS="175" VPOS="616" WIDTH="41" HEIGHT="14" WC="0.92" CONTENT="ena"/><SP WIDTH="21" VPOS="616" HPOS="216"/>
							<String ID="string_80" HPOS="237" VPOS="607" WIDTH="111" HEIGHT="29" WC="0.92" CONTENT="angäende"/><SP WIDTH="20" VPOS="607" HPOS="348"/>
							<String ID="string_81" HPOS="368" VPOS="608" WIDTH="123" HEIGHT="28" WC="0.96" CONTENT="byggandet"/><SP WIDTH="22" VPOS="608" HPOS="491"/>
							<String ID="string_82" HPOS="513" VPOS="608" WIDTH="22" HEIGHT="22" WC="0.96" CONTENT="af"/><SP WIDTH="20" VPOS="608" HPOS="535"/>
							<String ID="string_83" HPOS="555" VPOS="616" WIDTH="26" HEIGHT="14" WC="0.93" CONTENT="en"/><SP WIDTH="19" VPOS="616" HPOS="581"/>
							<String ID="string_84" HPOS="600" VPOS="608" WIDTH="91" HEIGHT="28" WC="0.92" CONTENT="jernväg"/><SP WIDTH="22" VPOS="608" HPOS="691"/>
							<String ID="string_85" HPOS="713" VPOS="608" WIDTH="90" HEIGHT="22" WC="0.92" CONTENT="emellan"/><SP WIDTH="21" VPOS="608" HPOS="803"/>
							<String ID="string_86" HPOS="824" VPOS="608" WIDTH="103" HEIGHT="22" WC="0.91" CONTENT="städerna"/>
						</TextLine>
						<TextLine ID="line_13" HPOS="174" VPOS="642" WIDTH="751" HEIGHT="28">
							<String ID="string_87" HPOS="174" VPOS="643" WIDTH="91" HEIGHT="27" WC="0.92" CONTENT="Wiborg"/><SP WIDTH="15" VPOS="643" HPOS="265"/>
							<String ID="string_88" HPOS="280" VPOS="643" WIDTH="40" HEIGHT="21" WC="0.95" CONTENT="och"/><SP WIDTH="15" VPOS="643" HPOS="320"/>
							<String ID="string_89" HPOS="335" VPOS="642" WIDTH="32" HEIGHT="22" WC="0.96" CONTENT="S:t"/><SP WIDTH="17" VPOS="642" HPOS="367"/>
							<String ID="string_90" HPOS="384" VPOS="642" WIDTH="139" HEIGHT="28" WC="0.96" CONTENT="Petersburg,"/><SP WIDTH="19" VPOS="642" HPOS="523"/>
							<String ID="string_91" HPOS="542" VPOS="642" WIDTH="36" HEIGHT="22" WC="0.96" CONTENT="det"/><SP WIDTH="17" VPOS="642" HPOS="578"/>
							<String ID="string_92" HPOS="595" VPOS="642" WIDTH="69" HEIGHT="22" WC="0.96" CONTENT="andra"/><SP WIDTH="19" VPOS="642" HPOS="664"/>
							<String ID="string_93" HPOS="683" VPOS="650" WIDTH="34" HEIGHT="14" WC="0.93" CONTENT="om"/><SP WIDTH="15" VPOS="650" HPOS="717"/>
							<String ID="string_94" HPOS="732" VPOS="642" WIDTH="102" HEIGHT="28" WC="0.92" CONTENT="jernvägs"/><SP WIDTH="18" VPOS="642" HPOS="834"/>
							<String ID="string_95" HPOS="852" VPOS="642" WIDTH="73" HEIGHT="28" WC="0.92" CONTENT="anläg-"/>
						</TextLine>
						<TextLine ID="line_14" HPOS="175" VPOS="675" WIDTH="750" HEIGHT="29">
							<String ID="string_96" HPOS="175" VPOS="677" WIDTH="69" HEIGHT="27" WC="0.96" CONTENT="gande"/><SP WIDTH="19" VPOS="677" HPOS="244"/>
							<String ID="string_97" HPOS="263" VPOS="675" WIDTH="48" HEIGHT="23" WC="0.93" CONTENT="från"/><SP WIDTH="17" VPOS="675" HPOS="311"/>
							<String ID="string_98" HPOS="328" VPOS="676" WIDTH="292" HEIGHT="28" WC="0.86" CONTENT="Helsingfors—Tavastehus"/><SP WIDTH="18" VPOS="676" HPOS="620"/>
							<String ID="string_99" HPOS="638" VPOS="676" WIDTH="72" HEIGHT="22" WC="0.96" CONTENT="banan"/><SP WIDTH="18" VPOS="676" HPOS="710"/>
							<String ID="string_100" HPOS="728" VPOS="676" WIDTH="32" HEIGHT="21" WC="0.93" CONTENT="till"/><SP WIDTH="15" VPOS="676" HPOS="760"/>
							<String ID="string_101" HPOS="775" VPOS="676" WIDTH="79" HEIGHT="26" WC="0.95" CONTENT="Lahtis,"/><SP WIDTH="16" VPOS="676" HPOS="854"/>
							<String ID="string_102" HPOS="870" VPOS="678" WIDTH="55" HEIGHT="20" WC="0.96" CONTENT="samt"/>
						</TextLine>
						<TextLine ID="line_15" HPOS="174" VPOS="710" WIDTH="682" HEIGHT="29">
							<String ID="string_103" HPOS="174" VPOS="711" WIDTH="89" HEIGHT="28" WC="0.91" CONTENT="Päijäne"/><SP WIDTH="12" VPOS="711" HPOS="263"/>
							<String ID="string_104" HPOS="275" VPOS="712" WIDTH="39" HEIGHT="21" WC="0.93" CONTENT="och"/><SP WIDTH="11" VPOS="712" HPOS="314"/>
							<String ID="string_105" HPOS="325" VPOS="711" WIDTH="112" HEIGHT="27" WC="0.91" CONTENT="Wesijärvi"/><SP WIDTH="11" VPOS="711" HPOS="437"/>
							<String ID="string_106" HPOS="448" VPOS="711" WIDTH="68" HEIGHT="27" WC="0.92" CONTENT="sjöars"/><SP WIDTH="15" VPOS="711" HPOS="516"/>
							<String ID="string_107" HPOS="531" VPOS="711" WIDTH="140" HEIGHT="21" WC="0.92" CONTENT="förbindande"/><SP WIDTH="14" VPOS="711" HPOS="671"/>
							<String ID="string_108" HPOS="685" VPOS="710" WIDTH="91" HEIGHT="22" WC="0.96" CONTENT="medelst"/><SP WIDTH="10" VPOS="710" HPOS="776"/>
							<String ID="string_109" HPOS="786" VPOS="711" WIDTH="70" HEIGHT="21" WC="0.95" CONTENT="kanal."/>
						</TextLine>
					</TextBlock>
					<TextBlock ID="block_3" HPOS="174" VPOS="745" WIDTH="752" HEIGHT="165">
						<TextLine ID="line_16" HPOS="244" VPOS="745" WIDTH="681" HEIGHT="27">
							<String ID="string_110" HPOS="244" VPOS="745" WIDTH="56" HEIGHT="21" WC="0.96" CONTENT="Från"/><SP WIDTH="20" VPOS="745" HPOS="300"/>
							<String ID="string_111" HPOS="320" VPOS="746" WIDTH="92" HEIGHT="21" WC="0.96" CONTENT="Senaten"/><SP WIDTH="19" VPOS="746" HPOS="412"/>
							<String ID="string_112" HPOS="431" VPOS="746" WIDTH="40" HEIGHT="21" WC="0.96" CONTENT="har"/><SP WIDTH="17" VPOS="746" HPOS="471"/>
							<String ID="string_113" HPOS="488" VPOS="746" WIDTH="104" HEIGHT="21" WC="0.93" CONTENT="utskottet"/><SP WIDTH="18" VPOS="746" HPOS="592"/>
							<String ID="string_114" HPOS="610" VPOS="746" WIDTH="111" HEIGHT="26" WC="0.91" CONTENT="emottagit"/><SP WIDTH="15" VPOS="746" HPOS="721"/>
							<String ID="string_115" HPOS="736" VPOS="745" WIDTH="18" HEIGHT="27" WC="0.96" CONTENT="ej"/><SP WIDTH="16" VPOS="745" HPOS="754"/>
							<String ID="string_116" HPOS="770" VPOS="746" WIDTH="83" HEIGHT="20" WC="0.93" CONTENT="mindre"/><SP WIDTH="15" VPOS="746" HPOS="853"/>
							<String ID="string_117" HPOS="868" VPOS="745" WIDTH="57" HEIGHT="21" WC="0.91" CONTENT="kost-"/>
						</TextLine>
						<TextLine ID="line_17" HPOS="174" VPOS="779" WIDTH="751" HEIGHT="29">
							<String ID="string_118" HPOS="174" VPOS="779" WIDTH="136" HEIGHT="28" WC="0.90" CONTENT="nadsförslag"/><SP WIDTH="15" VPOS="779" HPOS="310"/>
							<String ID="string_119" HPOS="325" VPOS="780" WIDTH="40" HEIGHT="21" WC="0.92" CONTENT="och"/><SP WIDTH="14" VPOS="780" HPOS="365"/>
							<String ID="string_120" HPOS="379" VPOS="780" WIDTH="167" HEIGHT="27" WC="0.92" CONTENT="karteritningar"/><SP WIDTH="15" VPOS="780" HPOS="546"/>
							<String ID="string_121" HPOS="561" VPOS="779" WIDTH="57" HEIGHT="21" WC="0.96" CONTENT="öfver"/><SP WIDTH="12" VPOS="779" HPOS="618"/>
							<String ID="string_122" HPOS="630" VPOS="780" WIDTH="40" HEIGHT="20" WC="0.96" CONTENT="den"/><SP WIDTH="11" VPOS="780" HPOS="670"/>
							<String ID="string_123" HPOS="681" VPOS="779" WIDTH="122" HEIGHT="28" WC="0.93" CONTENT="föreslagna"/><SP WIDTH="11" VPOS="779" HPOS="803"/>
							<String ID="string_124" HPOS="814" VPOS="780" WIDTH="111" HEIGHT="28" WC="0.91" CONTENT="jernvägs-"/>
						</TextLine>
						<TextLine ID="line_18" HPOS="174" VPOS="813" WIDTH="752" HEIGHT="29">
							<String ID="string_125" HPOS="174" VPOS="813" WIDTH="72" HEIGHT="27" WC="0.92" CONTENT="linien,"/><SP WIDTH="16" VPOS="813" HPOS="246"/>
							<String ID="string_126" HPOS="262" VPOS="815" WIDTH="27" HEIGHT="20" WC="0.95" CONTENT="än"/><SP WIDTH="16" VPOS="815" HPOS="289"/>
							<String ID="string_127" HPOS="305" VPOS="814" WIDTH="40" HEIGHT="21" WC="0.96" CONTENT="ock"/><SP WIDTH="18" VPOS="814" HPOS="345"/>
							<String ID="string_128" HPOS="363" VPOS="816" WIDTH="30" HEIGHT="19" WC="0.96" CONTENT="ett"/><SP WIDTH="18" VPOS="816" HPOS="393"/>
							<String ID="string_129" HPOS="411" VPOS="814" WIDTH="24" HEIGHT="21" WC="0.93" CONTENT="af"/><SP WIDTH="12" VPOS="814" HPOS="435"/>
							<String ID="string_130" HPOS="447" VPOS="814" WIDTH="227" HEIGHT="27" WC="0.91" CONTENT="Finansexpeditionen"/><SP WIDTH="15" VPOS="814" HPOS="674"/>
							<String ID="string_131" HPOS="689" VPOS="814" WIDTH="87" HEIGHT="28" WC="0.90" CONTENT="afgifvet"/><SP WIDTH="14" VPOS="814" HPOS="776"/>
							<String ID="string_132" HPOS="790" VPOS="813" WIDTH="136" HEIGHT="22" WC="0.96" CONTENT="betänkande"/>
						</TextLine>
						<TextLine ID="line_19" HPOS="175" VPOS="847" WIDTH="750" HEIGHT="29">
							<String ID="string_133" HPOS="175" VPOS="848" WIDTH="111" HEIGHT="28" WC="0.93" CONTENT="angående"/><SP WIDTH="14" VPOS="848" HPOS="286"/>
							<String ID="string_134" HPOS="300" VPOS="850" WIDTH="91" HEIGHT="26" WC="0.92" CONTENT="utvägar"/><SP WIDTH="14" VPOS="850" HPOS="391"/>
							<String ID="string_135" HPOS="405" VPOS="848" WIDTH="33" HEIGHT="21" WC="0.96" CONTENT="till"/><SP WIDTH="15" VPOS="848" HPOS="438"/>
							<String ID="string_136" HPOS="453" VPOS="848" WIDTH="137" HEIGHT="22" WC="0.95" CONTENT="bestridande"/><SP WIDTH="14" VPOS="848" HPOS="590"/>
							<String ID="string_137" HPOS="604" VPOS="848" WIDTH="24" HEIGHT="21" WC="0.96" CONTENT="af"/><SP WIDTH="14" VPOS="848" HPOS="628"/>
							<String ID="string_138" HPOS="642" VPOS="848" WIDTH="25" HEIGHT="22" WC="0.96" CONTENT="de"/><SP WIDTH="16" VPOS="848" HPOS="667"/>
							<String ID="string_139" HPOS="683" VPOS="847" WIDTH="67" HEIGHT="29" WC="0.95" CONTENT="årliga"/><SP WIDTH="14" VPOS="847" HPOS="750"/>
							<String ID="string_140" HPOS="764" VPOS="848" WIDTH="94" HEIGHT="28" WC="0.93" CONTENT="utgifter,"/><SP WIDTH="16" VPOS="848" HPOS="858"/>
							<String ID="string_141" HPOS="874" VPOS="847" WIDTH="51" HEIGHT="22" WC="0.91" CONTENT="ifrå-"/>
						</TextLine>
						<TextLine ID="line_20" HPOS="174" VPOS="882" WIDTH="418" HEIGHT="28">
							<String ID="string_142" HPOS="174" VPOS="882" WIDTH="122" HEIGHT="28" WC="0.90" CONTENT="gavarande"/><SP WIDTH="14" VPOS="882" HPOS="296"/>
							<String ID="string_143" HPOS="310" VPOS="882" WIDTH="84" HEIGHT="28" WC="0.96" CONTENT="företag"/><SP WIDTH="14" VPOS="882" HPOS="394"/>
							<String ID="string_144" HPOS="408" VPOS="883" WIDTH="68" HEIGHT="21" WC="0.96" CONTENT="skulle"/><SP WIDTH="15" VPOS="883" HPOS="476"/>
							<String ID="string_145" HPOS="491" VPOS="882" WIDTH="101" HEIGHT="22" WC="0.96" CONTENT="medföra."/>
						</TextLine>
					</TextBlock>
				</ComposedBlock>
				<ComposedBlock ID="cblock_3" HPOS="172" VPOS="992" WIDTH="753" HEIGHT="510">
					<TextBlock ID="block_4" HPOS="172" VPOS="992" WIDTH="753" HEIGHT="194">
						<TextLine ID="line_21" HPOS="243" VPOS="992" WIDTH="682" HEIGHT="30">
							<String ID="string_146" HPOS="243" VPOS="994" WIDTH="38" HEIGHT="21" WC="0.96" CONTENT="Uti"/><SP WIDTH="19" VPOS="994" HPOS="281"/>
							<String ID="string_147" HPOS="300" VPOS="994" WIDTH="40" HEIGHT="21" WC="0.95" CONTENT="den"/><SP WIDTH="18" VPOS="994" HPOS="340"/>
							<String ID="string_148" HPOS="358" VPOS="993" WIDTH="33" HEIGHT="22" WC="0.95" CONTENT="till"/><SP WIDTH="17" VPOS="993" HPOS="391"/>
							<String ID="string_149" HPOS="408" VPOS="995" WIDTH="52" HEIGHT="19" WC="0.96" CONTENT="1863"/><SP WIDTH="20" VPOS="995" HPOS="460"/>
							<String ID="string_150" HPOS="480" VPOS="992" WIDTH="35" HEIGHT="23" WC="0.93" CONTENT="års"/><SP WIDTH="15" VPOS="992" HPOS="515"/>
							<String ID="string_151" HPOS="530" VPOS="993" WIDTH="92" HEIGHT="22" WC="0.92" CONTENT="Ständer"/><SP WIDTH="15" VPOS="993" HPOS="622"/>
							<String ID="string_152" HPOS="637" VPOS="993" WIDTH="80" HEIGHT="22" WC="0.92" CONTENT="aflåtna"/><SP WIDTH="17" VPOS="993" HPOS="717"/>
							<String ID="string_153" HPOS="734" VPOS="993" WIDTH="79" HEIGHT="28" WC="0.93" CONTENT="nådiga"/><SP WIDTH="15" VPOS="993" HPOS="813"/>
							<String ID="string_154" HPOS="828" VPOS="994" WIDTH="97" HEIGHT="28" WC="0.91" CONTENT="proposi-"/>
						</TextLine>
						<TextLine ID="line_22" HPOS="174" VPOS="1027" WIDTH="750" HEIGHT="29">
							<String ID="string_155" HPOS="174" VPOS="1028" WIDTH="53" HEIGHT="26" WC="0.93" CONTENT="tion,"/><SP WIDTH="19" VPOS="1028" HPOS="227"/>
							<String ID="string_156" HPOS="246" VPOS="1027" WIDTH="120" HEIGHT="29" WC="0.92" CONTENT=",angående"/><SP WIDTH="18" VPOS="1027" HPOS="366"/>
							<String ID="string_157" HPOS="384" VPOS="1028" WIDTH="75" HEIGHT="27" WC="0.96" CONTENT="anslag"/><SP WIDTH="19" VPOS="1028" HPOS="459"/>
							<String ID="string_158" HPOS="478" VPOS="1028" WIDTH="33" HEIGHT="21" WC="0.96" CONTENT="till"/><SP WIDTH="17" VPOS="1028" HPOS="511"/>
							<String ID="string_159" HPOS="528" VPOS="1028" WIDTH="122" HEIGHT="21" WC="0.96" CONTENT="inrättande"/><SP WIDTH="16" VPOS="1028" HPOS="650"/>
							<String ID="string_160" HPOS="666" VPOS="1028" WIDTH="23" HEIGHT="22" WC="0.96" CONTENT="af"/><SP WIDTH="13" VPOS="1028" HPOS="689"/>
							<String ID="string_161" HPOS="702" VPOS="1028" WIDTH="122" HEIGHT="26" WC="0.96" CONTENT="folkskolor,"/><SP WIDTH="16" VPOS="1028" HPOS="824"/>
							<String ID="string_162" HPOS="840" VPOS="1029" WIDTH="32" HEIGHT="21" WC="0.93" CONTENT="till"/><SP WIDTH="15" VPOS="1029" HPOS="872"/>
							<String ID="string_163" HPOS="887" VPOS="1036" WIDTH="37" HEIGHT="13" WC="0.90" CONTENT="an-"/>
						</TextLine>
						<TextLine ID="line_23" HPOS="174" VPOS="1062" WIDTH="751" HEIGHT="28">
							<String ID="string_164" HPOS="174" VPOS="1062" WIDTH="107" HEIGHT="28" WC="0.96" CONTENT="läggande"/><SP WIDTH="15" VPOS="1062" HPOS="281"/>
							<String ID="string_165" HPOS="296" VPOS="1062" WIDTH="24" HEIGHT="22" WC="0.96" CONTENT="af"/><SP WIDTH="12" VPOS="1062" HPOS="320"/>
							<String ID="string_166" HPOS="332" VPOS="1069" WIDTH="42" HEIGHT="21" WC="0.92" CONTENT="nya"/><SP WIDTH="14" VPOS="1069" HPOS="374"/>
							<String ID="string_167" HPOS="388" VPOS="1062" WIDTH="297" HEIGHT="21" WC="0.91" CONTENT="kommunikationsanstalter"/><SP WIDTH="18" VPOS="1062" HPOS="685"/>
							<String ID="string_168" HPOS="703" VPOS="1065" WIDTH="55" HEIGHT="19" WC="0.95" CONTENT="samt"/><SP WIDTH="14" VPOS="1065" HPOS="758"/>
							<String ID="string_169" HPOS="772" VPOS="1062" WIDTH="34" HEIGHT="22" WC="0.95" CONTENT="till"/><SP WIDTH="14" VPOS="1062" HPOS="806"/>
							<String ID="string_170" HPOS="820" VPOS="1062" WIDTH="105" HEIGHT="22" WC="0.96" CONTENT="särskilda"/>
						</TextLine>
						<TextLine ID="line_24" HPOS="175" VPOS="1096" WIDTH="750" HEIGHT="28">
							<String ID="string_171" HPOS="175" VPOS="1096" WIDTH="68" HEIGHT="22" WC="0.95" CONTENT="andra"/><SP WIDTH="15" VPOS="1096" HPOS="243"/>
							<String ID="string_172" HPOS="258" VPOS="1096" WIDTH="162" HEIGHT="28" WC="0.96" CONTENT="allmännyttiga"/><SP WIDTH="15" VPOS="1096" HPOS="420"/>
							<String ID="string_173" HPOS="435" VPOS="1096" WIDTH="100" HEIGHT="27" WC="0.93" CONTENT="företag&quot;,"/><SP WIDTH="16" VPOS="1096" HPOS="535"/>
							<String ID="string_174" HPOS="551" VPOS="1096" WIDTH="132" HEIGHT="28" WC="0.96" CONTENT="uppställdes"/><SP WIDTH="15" VPOS="1096" HPOS="683"/>
							<String ID="string_175" HPOS="698" VPOS="1096" WIDTH="176" HEIGHT="28" WC="0.93" CONTENT="hufvudsakligen"/><SP WIDTH="11" VPOS="1096" HPOS="874"/>
							<String ID="string_176" HPOS="885" VPOS="1096" WIDTH="40" HEIGHT="22" WC="0.92" CONTENT="föl-"/>
						</TextLine>
						<TextLine ID="line_25" HPOS="172" VPOS="1130" WIDTH="752" HEIGHT="28">
							<String ID="string_177" HPOS="172" VPOS="1130" WIDTH="66" HEIGHT="28" WC="0.93" CONTENT="jande"/><SP WIDTH="18" VPOS="1130" HPOS="238"/>
							<String ID="string_178" HPOS="256" VPOS="1130" WIDTH="108" HEIGHT="28" WC="0.96" CONTENT="principer"/><SP WIDTH="18" VPOS="1130" HPOS="364"/>
							<String ID="string_179" HPOS="382" VPOS="1130" WIDTH="34" HEIGHT="21" WC="0.92" CONTENT="för"/><SP WIDTH="16" VPOS="1130" HPOS="416"/>
							<String ID="string_180" HPOS="432" VPOS="1130" WIDTH="306" HEIGHT="22" WC="0.92" CONTENT="kommunikationsväsendets"/><SP WIDTH="18" VPOS="1130" HPOS="738"/>
							<String ID="string_181" HPOS="756" VPOS="1131" WIDTH="8" HEIGHT="21" WC="0.96" CONTENT="i"/><SP WIDTH="17" VPOS="1131" HPOS="764"/>
							<String ID="string_182" HPOS="781" VPOS="1131" WIDTH="73" HEIGHT="21" WC="0.93" CONTENT="landet"/><SP WIDTH="22" VPOS="1131" HPOS="854"/>
							<String ID="string_183" HPOS="876" VPOS="1131" WIDTH="48" HEIGHT="22" WC="0.92" CONTENT="ord-"/>
						</TextLine>
						<TextLine ID="line_26" HPOS="174" VPOS="1164" WIDTH="290" HEIGHT="22">
							<String ID="string_184" HPOS="174" VPOS="1164" WIDTH="70" HEIGHT="22" WC="0.95" CONTENT="nande"/><SP WIDTH="16" VPOS="1164" HPOS="244"/>
							<String ID="string_185" HPOS="260" VPOS="1165" WIDTH="40" HEIGHT="21" WC="0.96" CONTENT="och"/><SP WIDTH="14" VPOS="1165" HPOS="300"/>
							<String ID="string_186" HPOS="314" VPOS="1164" WIDTH="150" HEIGHT="22" WC="0.96" CONTENT="utvecklande:"/>
						</TextLine>
					</TextBlock>
					<TextBlock ID="block_5" HPOS="174" VPOS="1199" WIDTH="751" HEIGHT="128">
						<TextLine ID="line_27" HPOS="242" VPOS="1199" WIDTH="683" HEIGHT="27">
							<String ID="string_187" HPOS="242" VPOS="1199" WIDTH="33" HEIGHT="21" WC="0.96" CONTENT="De"/><SP WIDTH="14" VPOS="1199" HPOS="275"/>
							<String ID="string_188" HPOS="289" VPOS="1200" WIDTH="46" HEIGHT="20" WC="0.93" CONTENT="inre"/><SP WIDTH="15" VPOS="1200" HPOS="335"/>
							<String ID="string_189" HPOS="350" VPOS="1200" WIDTH="188" HEIGHT="26" WC="0.91" CONTENT="vattensystemens"/><SP WIDTH="16" VPOS="1200" HPOS="538"/>
							<String ID="string_190" HPOS="554" VPOS="1199" WIDTH="141" HEIGHT="22" WC="0.91" CONTENT="förbindande"/><SP WIDTH="15" VPOS="1199" HPOS="695"/>
							<String ID="string_191" HPOS="710" VPOS="1200" WIDTH="48" HEIGHT="21" WC="0.96" CONTENT="med"/><SP WIDTH="17" VPOS="1200" HPOS="758"/>
							<String ID="string_192" HPOS="775" VPOS="1200" WIDTH="79" HEIGHT="26" WC="0.93" CONTENT="hafvet,"/><SP WIDTH="16" VPOS="1200" HPOS="854"/>
							<String ID="string_193" HPOS="870" VPOS="1207" WIDTH="55" HEIGHT="15" WC="0.90" CONTENT="eme-"/>
						</TextLine>
						<TextLine ID="line_28" HPOS="175" VPOS="1233" WIDTH="750" HEIGHT="29">
							<String ID="string_194" HPOS="175" VPOS="1233" WIDTH="42" HEIGHT="21" WC="0.95" CONTENT="dan"/><SP WIDTH="18" VPOS="1233" HPOS="217"/>
							<String ID="string_195" HPOS="235" VPOS="1233" WIDTH="25" HEIGHT="21" WC="0.95" CONTENT="de"/><SP WIDTH="14" VPOS="1233" HPOS="260"/>
							<String ID="string_196" HPOS="274" VPOS="1235" WIDTH="60" HEIGHT="19" WC="0.96" CONTENT="stora"/><SP WIDTH="14" VPOS="1235" HPOS="334"/>
							<String ID="string_197" HPOS="348" VPOS="1233" WIDTH="86" HEIGHT="28" WC="0.96" CONTENT="sjöarna"/><SP WIDTH="14" VPOS="1233" HPOS="434"/>
							<String ID="string_198" HPOS="448" VPOS="1240" WIDTH="51" HEIGHT="14" WC="0.96" CONTENT="vore"/><SP WIDTH="15" VPOS="1240" HPOS="499"/>
							<String ID="string_199" HPOS="514" VPOS="1234" WIDTH="107" HEIGHT="28" WC="0.96" CONTENT="naturliga"/><SP WIDTH="13" VPOS="1234" HPOS="621"/>
							<String ID="string_200" HPOS="634" VPOS="1234" WIDTH="77" HEIGHT="22" WC="0.96" CONTENT="länkar"/><SP WIDTH="14" VPOS="1234" HPOS="711"/>
							<String ID="string_201" HPOS="725" VPOS="1234" WIDTH="7" HEIGHT="21" WC="0.93" CONTENT="i"/><SP WIDTH="15" VPOS="1234" HPOS="732"/>
							<String ID="string_202" HPOS="747" VPOS="1234" WIDTH="178" HEIGHT="22" WC="0.92" CONTENT="kommunikatio-"/>
						</TextLine>
						<TextLine ID="line_29" HPOS="174" VPOS="1267" WIDTH="751" HEIGHT="28">
							<String ID="string_203" HPOS="174" VPOS="1274" WIDTH="77" HEIGHT="14" WC="0.91" CONTENT="nernas"/><SP WIDTH="16" VPOS="1274" HPOS="251"/>
							<String ID="string_204" HPOS="267" VPOS="1267" WIDTH="69" HEIGHT="27" WC="0.96" CONTENT="kedja,"/><SP WIDTH="17" VPOS="1267" HPOS="336"/>
							<String ID="string_205" HPOS="353" VPOS="1267" WIDTH="39" HEIGHT="21" WC="0.96" CONTENT="och"/><SP WIDTH="16" VPOS="1267" HPOS="392"/>
							<String ID="string_206" HPOS="408" VPOS="1267" WIDTH="61" HEIGHT="27" WC="0.96" CONTENT="kring"/><SP WIDTH="20" VPOS="1267" HPOS="469"/>
							<String ID="string_207" HPOS="489" VPOS="1268" WIDTH="46" HEIGHT="20" WC="0.96" CONTENT="dem"/><SP WIDTH="16" VPOS="1268" HPOS="535"/>
							<String ID="string_208" HPOS="551" VPOS="1268" WIDTH="99" HEIGHT="26" WC="0.93" CONTENT="odlingen"/><SP WIDTH="19" VPOS="1268" HPOS="650"/>
							<String ID="string_209" HPOS="669" VPOS="1267" WIDTH="147" HEIGHT="28" WC="0.92" CONTENT="förnämligast"/><SP WIDTH="18" VPOS="1267" HPOS="816"/>
							<String ID="string_210" HPOS="834" VPOS="1268" WIDTH="91" HEIGHT="21" WC="0.91" CONTENT="koncen-"/>
						</TextLine>
						<TextLine ID="line_30" HPOS="174" VPOS="1300" WIDTH="125" HEIGHT="27">
							<String ID="string_211" HPOS="174" VPOS="1302" WIDTH="69" HEIGHT="20" WC="0.92" CONTENT="trerat"/><SP WIDTH="14" VPOS="1302" HPOS="243"/>
							<String ID="string_212" HPOS="257" VPOS="1300" WIDTH="42" HEIGHT="27" WC="0.96" CONTENT="sig;"/>
						</TextLine>
					</TextBlock>
					<TextBlock ID="block_6" HPOS="173" VPOS="1334" WIDTH="752" HEIGHT="168">
						<TextLine ID="line_31" HPOS="243" VPOS="1334" WIDTH="680" HEIGHT="30">
							<String ID="string_213" HPOS="243" VPOS="1334" WIDTH="129" HEIGHT="28" WC="0.91" CONTENT="Jernvägars"/><SP WIDTH="22" VPOS="1334" HPOS="372"/>
							<String ID="string_214" HPOS="394" VPOS="1334" WIDTH="108" HEIGHT="23" WC="0.96" CONTENT="företräde"/><SP WIDTH="24" VPOS="1334" HPOS="502"/>
							<String ID="string_215" HPOS="526" VPOS="1334" WIDTH="90" HEIGHT="23" WC="0.96" CONTENT="framför"/><SP WIDTH="22" VPOS="1334" HPOS="616"/>
							<String ID="string_216" HPOS="638" VPOS="1336" WIDTH="69" HEIGHT="21" WC="0.93" CONTENT="större"/><SP WIDTH="21" VPOS="1336" HPOS="707"/>
							<String ID="string_217" HPOS="728" VPOS="1335" WIDTH="195" HEIGHT="29" WC="0.92" CONTENT="kanalbyggnader,"/>
						</TextLine>
						<TextLine ID="line_32" HPOS="174" VPOS="1368" WIDTH="751" HEIGHT="29">
							<String ID="string_218" HPOS="174" VPOS="1369" WIDTH="33" HEIGHT="22" WC="0.93" CONTENT="för"/><SP WIDTH="15" VPOS="1369" HPOS="207"/>
							<String ID="string_219" HPOS="222" VPOS="1368" WIDTH="138" HEIGHT="29" WC="0.91" CONTENT="uppnåendet"/><SP WIDTH="15" VPOS="1368" HPOS="360"/>
							<String ID="string_220" HPOS="375" VPOS="1369" WIDTH="23" HEIGHT="21" WC="0.96" CONTENT="af"/><SP WIDTH="13" VPOS="1369" HPOS="398"/>
							<String ID="string_221" HPOS="411" VPOS="1369" WIDTH="67" HEIGHT="28" WC="0.95" CONTENT="sagda"/><SP WIDTH="14" VPOS="1369" HPOS="478"/>
							<String ID="string_222" HPOS="492" VPOS="1369" WIDTH="136" HEIGHT="27" WC="0.96" CONTENT="förbindelse,"/><SP WIDTH="12" VPOS="1369" HPOS="628"/>
							<String ID="string_223" HPOS="640" VPOS="1372" WIDTH="52" HEIGHT="20" WC="0.96" CONTENT="enär"/><SP WIDTH="15" VPOS="1372" HPOS="692"/>
							<String ID="string_224" HPOS="707" VPOS="1370" WIDTH="117" HEIGHT="23" WC="0.95" CONTENT="kanalerna"/><SP WIDTH="15" VPOS="1370" HPOS="824"/>
							<String ID="string_225" HPOS="839" VPOS="1378" WIDTH="26" HEIGHT="14" WC="0.96" CONTENT="en"/><SP WIDTH="14" VPOS="1378" HPOS="865"/>
							<String ID="string_226" HPOS="879" VPOS="1373" WIDTH="46" HEIGHT="20" WC="0.96" CONTENT="stor"/>
						</TextLine>
						<TextLine ID="line_33" HPOS="175" VPOS="1402" WIDTH="749" HEIGHT="32">
							<String ID="string_227" HPOS="175" VPOS="1404" WIDTH="34" HEIGHT="21" WC="0.96" CONTENT="del"/><SP WIDTH="15" VPOS="1404" HPOS="209"/>
							<String ID="string_228" HPOS="224" VPOS="1404" WIDTH="24" HEIGHT="21" WC="0.96" CONTENT="af"/><SP WIDTH="13" VPOS="1404" HPOS="248"/>
							<String ID="string_229" HPOS="261" VPOS="1402" WIDTH="46" HEIGHT="23" WC="0.96" CONTENT="året"/><SP WIDTH="15" VPOS="1402" HPOS="307"/>
							<String ID="string_230" HPOS="322" VPOS="1404" WIDTH="46" HEIGHT="21" WC="0.96" CONTENT="icke"/><SP WIDTH="15" VPOS="1404" HPOS="368"/>
							<String ID="string_231" HPOS="383" VPOS="1404" WIDTH="71" HEIGHT="22" WC="0.93" CONTENT="kunna"/><SP WIDTH="14" VPOS="1404" HPOS="454"/>
							<String ID="string_232" HPOS="468" VPOS="1404" WIDTH="114" HEIGHT="29" WC="0.91" CONTENT="begagnas,"/><SP WIDTH="16" VPOS="1404" HPOS="582"/>
							<String ID="string_233" HPOS="598" VPOS="1405" WIDTH="112" HEIGHT="22" WC="0.93" CONTENT="hvaremot"/><SP WIDTH="8" VPOS="1405" HPOS="710"/>
							<String ID="string_234" HPOS="718" VPOS="1406" WIDTH="149" HEIGHT="28" WC="0.91" CONTENT="jernvägarne,"/><SP WIDTH="12" VPOS="1406" HPOS="867"/>
							<String ID="string_235" HPOS="879" VPOS="1407" WIDTH="45" HEIGHT="21" WC="0.92" CONTENT="sär-"/>
						</TextLine>
						<TextLine ID="line_34" HPOS="174" VPOS="1438" WIDTH="750" HEIGHT="31">
							<String ID="string_236" HPOS="174" VPOS="1438" WIDTH="65" HEIGHT="22" WC="0.88" CONTENT="skildt"/><SP WIDTH="17" VPOS="1438" HPOS="239"/>
							<String ID="string_237" HPOS="256" VPOS="1438" WIDTH="34" HEIGHT="22" WC="0.93" CONTENT="för"/><SP WIDTH="18" VPOS="1438" HPOS="290"/>
							<String ID="string_238" HPOS="308" VPOS="1438" WIDTH="172" HEIGHT="23" WC="0.90" CONTENT="inrikeshandeln"/><SP WIDTH="19" VPOS="1438" HPOS="480"/>
							<String ID="string_239" HPOS="499" VPOS="1440" WIDTH="39" HEIGHT="22" WC="0.92" CONTENT="och"/><SP WIDTH="18" VPOS="1440" HPOS="538"/>
							<String ID="string_240" HPOS="556" VPOS="1440" WIDTH="236" HEIGHT="29" WC="0.91" CONTENT="personbefordringen,"/><SP WIDTH="19" VPOS="1440" HPOS="792"/>
							<String ID="string_241" HPOS="811" VPOS="1440" WIDTH="49" HEIGHT="23" WC="0.96" CONTENT="hela"/><SP WIDTH="17" VPOS="1440" HPOS="860"/>
							<String ID="string_242" HPOS="877" VPOS="1440" WIDTH="47" HEIGHT="23" WC="0.96" CONTENT="året"/>
						</TextLine>
						<TextLine ID="line_35" HPOS="173" VPOS="1473" WIDTH="524" HEIGHT="29">
							<String ID="string_243" HPOS="173" VPOS="1474" WIDTH="85" HEIGHT="28" WC="0.93" CONTENT="igenom"/><SP WIDTH="17" VPOS="1474" HPOS="258"/>
							<String ID="string_244" HPOS="275" VPOS="1473" WIDTH="87" HEIGHT="28" WC="0.91" CONTENT="erbjöde"/><SP WIDTH="14" VPOS="1473" HPOS="362"/>
							<String ID="string_245" HPOS="376" VPOS="1474" WIDTH="132" HEIGHT="28" WC="0.90" CONTENT="väsendtliga"/><SP WIDTH="15" VPOS="1474" HPOS="508"/>
							<String ID="string_246" HPOS="523" VPOS="1474" WIDTH="102" HEIGHT="28" WC="0.96" CONTENT="fördelar;"/><SP WIDTH="16" VPOS="1474" HPOS="625"/>
							<String ID="string_247" HPOS="641" VPOS="1477" WIDTH="56" HEIGHT="20" WC="0.96" CONTENT="samt"/>
						</TextLine>
					</TextBlock>
				</ComposedBlock>
			</PrintSpace>
		</Page>
	</Layout>
</alto>
