1000 1720
285 144 72 22 Nådiga
368 145 139 21 Propositionen
518 145 34 17 N:o
565 145 27 17 25.
748 146 42 15 1249

64 208 54 26 göra
136 208 132 26 testamente,
286 206 30 29 på
333 209 44 21 sätt
393 208 8 21 i
415 203 146 28 Ärfdabalken
579 208 24 22 af
621 208 111 22 allmänna
752 208 63 27 lagen

64 241 94 28 stadgas.

133 275 104 28 Slutligen
252 276 62 22 torde
328 276 7 20 i
350 276 164 28 författningens
529 276 52 22 sista
599 276 105 28 paragraf
716 276 54 21 böra
783 276 32 20 in-

64 310 52 27 flyta
131 310 117 27 stadgande
264 310 79 26 derom,
359 312 32 19 att
406 310 76 28 8.kap.
499 310 24 21 G.
539 311 24 20 B.
580 311 39 20 och
642 312 5 19 2
663 318 63 13 mom.
741 312 25 18 18
782 311 11 26 $
808 310 8 20 i

65 344 77 27 Kongl.
161 344 186 28 konkursstadgan
366 344 24 21 af
407 344 40 22 den
466 346 26 19 28
511 344 51 22 Juni
579 345 53 20 1798
650 344 34 22 för
702 344 114 21 framtiden

64 378 94 27 upphöra
173 380 41 20 att
232 378 64 28 gälla,
315 378 117 28 hvarjemte
450 379 111 25 utskottet,
579 378 49 23 med
645 378 101 22 afseende
765 376 52 23 derå

65 413 40 21 och
124 412 88 22 emedan
232 412 40 21 den
291 420 42 20 nya
351 413 154 27 författningen
521 412 118 21 innehåller
658 412 39 21 allt
711 412 56 21 hvad
782 419 35 14 om

65 446 203 27 äktenskapsförord
286 447 84 21 komme
389 449 32 19 att
438 453 53 15 vara
508 447 107 27 stadgadt,
634 448 71 20 ansett
724 447 32 20 att
774 445 42 22 för-

66 481 130 27 fattningens
216 481 76 21 rubrik
309 481 67 21 borde
398 481 113 22 förändras
533 481 40 22 och
595 481 58 28 lyda:
674 480 144 27 ,Förordning

66 514 110 29 angående
191 515 219 27 äktenskapsförord".

134 548 32 22 På
180 550 70 26 grund
265 549 24 21 af
301 550 56 20 hvad
371 550 104 21 utskottet
492 548 91 23 sålunda
600 548 121 26 framställt,
736 547 34 23 får
784 550 34 19 ut-

66 584 79 22 skottet
159 584 110 21 vördsamt
283 583 79 22 föreslå

192 618 36 21 det
242 619 50 21 ville
309 619 82 21 landets
407 617 102 28 Ständer,
524 618 47 22 med
580 618 148 30 förklarande
741 621 32 17 att
784 617 36 21 det

136 653 82 28 nådiga
227 653 112 29 förslaget
353 654 35 20 uti
397 661 30 13 nu
437 653 172 29 ifrågavarande
621 654 61 20 ämne
692 652 46 21 icke
751 651 68 21 kunde

135 688 149 28 oförändradt
303 691 98 25 antagas,
414 688 42 28 för
472 689 33 20 sin
523 688 35 21 del
575 687 83 22 besluta
677 688 35 20 till
731 694 25 13 en
768 686 52 29 för-

131 722 103 29 fattning
249 722 49 22 deri
312 722 26 26 af
345 722 102 29 följande
463 722 90 29 lydelse:

252 811 150 33 Förordning
420 818 36 20 om
473 810 237 34 äktenskapsförord.

459 876 13 28 $
487 876 17 21 1.

200 919 59 30 Vilja
272 927 52 14 man
339 919 38 21 och
392 921 87 27 gvinna,
493 926 45 14 som
552 919 54 28 ingå
625 918 125 28 äktenskap,
765 919 57 27 göra

134 955 85 29 förord
237 961 34 15 om
289 954 41 21 den
348 955 105 27 giftorätt
471 954 108 21 hvardera
593 954 10 21 i
617 953 48 21 boet
678 953 64 28 njuta
757 953 66 24 skall;

140 989 66 22 varde
225 989 36 22 det
273 989 85 29 förord
370 989 53 28 före
442 989 82 27 vigseln
543 987 125 29 skriftligen
686 987 136 28 upprättadt,

140 1024 48 21 med
204 1024 42 28 dag
262 1023 38 21 och
316 1023 66 26 årtal,
398 1026 55 18 samt
469 1023 25 29 af
506 1024 83 20 vittnen
609 1021 101 29 bestyrkt.
742 1020 81 22 Teckne

142 1058 38 22 ock
198 1058 42 22 den
258 1061 69 25 prest,
347 1065 45 13 som
410 1058 68 28 viger,
495 1058 62 28 intyg
576 1056 14 22 &
605 1056 112 29 förordet,
737 1059 33 17 att
788 1056 36 20 det

136 1094 54 28 före
205 1093 83 28 vigseln
302 1092 76 28 gjordt
392 1099 47 13 var.

199 1126 47 22 För
264 1128 42 24 mö,
325 1134 44 14 som
388 1127 19 28 ej
423 1126 56 29 fyllt
501 1126 92 29 tjuguett
611 1125 33 26 år,
663 1132 36 21 ege
718 1124 108 29 giftoman

136 1162 85 29 förord
238 1162 116 28 upprätta;
373 1164 48 25 tage
441 1160 52 22 dock
513 1160 75 21 hennes
607 1158 105 30 samtycke
731 1158 39 21 och
787 1166 39 13 un-

144 1196 106 29 derskrift
265 1196 60 21 derå.
646 1191 3 4 i

461 1230 12 28 $
488 1228 22 22 2.

202 1272 31 29 Ej
247 1273 36 20 mä
295 1272 84 29 förord
393 1274 67 26 göras
476 1280 33 13 om
524 1274 73 23 annat,
613 1272 29 19 än
656 1270 114 22 makarnes
784 1270 44 28 gif-

146 1308 70 21 torätt
230 1308 10 19 i
254 1307 108 28 egendom,
378 1313 45 14 som
438 1307 95 28 lagligen
549 1305 121 29 bortgifvas
686 1304 52 25 kan;
752 1304 21 27 ej
785 1304 43 20 hel-

147 1342 31 20 ler
194 1341 36 20 till
238 1341 96 28 förfäng
343 1341 42 27 för
401 1341 52 24 dem,
469 1347 50 18 som,
531 1339 32 28 pä
578 1339 41 21 den
634 1339 33 20 tid
676 1338 105 28 förordet
795 1339 33 18 in-

147 1375 45 28 gäs,
209 1374 71 21 bättre
296 1375 48 19 rätt
359 1374 36 20 till
409 1373 127 28 egendomen
551 1372 72 28 hafva.

204 1407 38 22 All
261 1407 107 29 egendom,
387 1414 45 14 som
450 1407 72 28 nägon
543 1413 76 22 genom
635 1405 83 29 förord
737 1405 33 28 sig
794 1405 36 20 til

148 1443 83 22 enskild
250 1449 38 22 ego
306 1442 144 29 förbehåller,
469 1441 56 22 skall
545 1440 125 28 förtecknas
691 1440 41 21 och
753 1439 77 22 dervid

149 1478 99 28 behörigt
266 1477 67 22 värde
352 1477 14 21 &
385 1477 85 21 lösören
487 1477 101 20 utsättas.
617 1474 88 29 Intages
724 1475 20 27 ej
762 1474 68 21 sådan
