1003 1720
175 153 72 17 1250
397 147 73 31 Nädiga
484 147 136 31 Propositionen
632 151 34 17 N:o
678 152 28 16 25.

241 216 144 29 förteckning
404 216 38 20 och
461 216 119 27 värdering
594 216 10 20 i
617 215 111 29 förordet,
744 215 65 21 varde
825 215 40 21 den
883 216 49 20 sär-

247 250 68 22 skildt
323 251 54 28 före
392 250 83 28 vigseln
489 250 126 28 upprättad,
631 257 45 14 som
690 250 10 20 i
714 250 13 28 $
742 250 11 20 1
768 251 56 27 sägs.

563 310 17 27 8
594 309 22 21 3.

305 352 52 22 Kan
371 354 35 20 det
420 354 57 20 visas
493 357 33 17 att
544 360 39 14 ena
601 353 79 21 makan
696 353 19 28 ej
729 354 10 20 i
754 353 46 21 boet
814 353 71 28 infört
901 354 31 20 all

248 388 41 21 den
304 388 106 28 egendom,
426 395 46 13 som
491 388 53 28 efter
558 388 83 28 förord
656 388 144 28 äterfordras,
815 394 52 14 vare
879 388 54 28 för-

249 422 62 21 ordet
325 426 53 17 utan
394 422 60 28 kraft
466 423 42 27 för
523 422 40 21 den
582 422 107 28 egendom,
708 429 44 13 som
768 422 93 28 oriktigt
878 430 54 19 upp-

248 457 74 29 gifven
337 457 33 20 är.
399 456 80 21 Finnes
494 457 14 21 &
524 457 85 21 lösören
627 457 67 28 högre
712 457 68 20 värde
796 460 49 23 satt,
862 457 28 20 än
905 457 26 20 de

248 491 14 21 ä
281 491 40 22 den
340 491 33 21 tid
391 491 57 28 egde,
468 491 29 21 dä
515 492 58 27 gälle
592 491 19 28 ej
630 491 67 21 heller
713 491 84 29 förord
813 491 42 29 för
875 491 56 21 hvad

249 533 44 13 som
312 526 60 28 öfver
390 527 63 19 rätta
468 526 76 20 värdet
564 526 73 27 stiger,
653 526 38 20 der
707 527 122 27 ersättning
839 526 42 28 för
897 526 34 20 sä-

249 560 55 21 dane
320 560 85 21 lösören
419 560 53 29 utgå
488 560 61 22 skall.

566 610 12 27 $
593 608 19 22 4

305 652 88 21 Förord
411 652 56 22 skall
486 653 63 27 öppet
566 652 96 28 ingifvas
681 653 35 20 till
734 652 197 28 Rådstufvurätten

248 688 10 20 i
273 687 41 21 den
329 687 48 21 stad
393 688 51 20 eller
459 686 166 22 Häradsrätten
639 688 10 19 i
667 687 40 21 den
726 690 42 23 ort,
787 686 39 22 der
845 687 85 28 lysning

248 720 61 28 skett,
329 722 39 20 sist
390 721 13 21 &
425 721 40 21 den
487 722 111 20 allmänna
619 721 179 29 rättegängsdag,
821 722 53 20 eller
896 721 36 21 det

249 756 92 28 lagtima
357 756 53 28 ting,
426 763 44 14 som
484 756 90 28 infaller
588 757 50 20 näst
656 756 55 28 efter
727 756 36 21 två
781 756 104 20 månader
901 762 31 14 se-

249 790 44 22 dan
311 791 68 28 vigsel
397 790 86 27 skedde;
503 790 38 21 och
560 798 51 13 vare
630 790 36 22 det
683 792 9 19 i
710 790 91 22 Rättens
820 790 111 22 särskilda

244 825 115 28 protokoll
374 825 60 29 öfver
449 825 74 29 dylika
538 826 92 20 ärender
645 825 93 29 infördt.

305 859 125 21 Innehåller
449 861 20 27 ej
481 860 105 28 förordet
598 859 144 29 förteckning
758 859 38 21 och
810 860 120 27 värdering

248 893 13 21 å
280 894 109 28 egendom,
405 894 88 21 hvarom
512 894 35 21 det
565 894 75 28 gjordt
659 895 34 24 är,
708 894 66 21 varde
787 893 143 30 förteckning

248 928 39 21 och
301 929 128 27 värdering,
442 935 46 14 som
502 928 106 21 särskildt
625 928 121 28 upprättad
762 929 34 26 är,
815 928 53 29 efter
884 931 21 26 ty
920 929 11 20 i

248 963 12 28 $
275 962 16 21 2
307 963 56 28 sägs,
376 963 64 28 jemte
450 963 104 28 förordet
568 963 10 20 i
588 963 134 28 protokollet
736 963 95 28 intagen.

564 1022 12 28 $
592 1021 19 22 5.

303 1056 22 29 Å
343 1066 117 28 giftomans
478 1066 101 21 vårdnad
598 1066 64 28 ligge,
678 1068 33 18 att
723 1066 90 28 förord,
830 1072 44 15 som
893 1066 37 21 till

240 1100 94 29 förmån
351 1101 42 28 för
411 1100 99 28 omyndig
532 1100 75 28 gjordt
629 1102 33 24 är,
685 1101 117 27 rätteligen
825 1101 104 28 lagföljdt

247 1134 86 22 varder.

564 1170 12 28 $
593 1168 20 22 6.

305 1209 61 24 Göra
384 1219 51 13 man
454 1212 38 21 och
510 1214 80 27 gvinna
601 1212 84 29 förord
704 1216 58 18 utom
777 1212 96 22 Finland
889 1212 39 20 och

247 1245 84 22 komma
345 1246 24 20 de
385 1246 64 21 sedan
465 1246 33 21 hit
512 1248 9 20 i
536 1247 78 25 landet,
630 1247 29 21 då
678 1247 56 21 skall
748 1247 103 27 förordet
868 1247 61 19 inom

246 1286 35 13 sex
298 1280 104 19 månader
421 1280 93 27 derefter
532 1281 95 27 ingifvas
647 1281 35 19 till
700 1280 82 20 Rätten
799 1281 9 19 i
826 1281 41 20 den
886 1283 41 23 ort,

246 1313 39 20 der
300 1313 25 21 de
341 1314 38 19 sitt
394 1313 90 21 hemvist
492 1313 62 29 först
571 1317 58 25 taga.
659 1313 91 22 Komma
770 1314 24 20 de
813 1315 20 28 ej
851 1314 77 29 sjelfva

245 1347 34 21 hit
292 1348 10 20 i
317 1347 80 26 landet,
412 1355 48 14 men
474 1348 55 29 vilja
544 1351 33 18 att
585 1348 105 29 förordet
706 1348 82 22 ändock
800 1349 61 28 gälla
872 1347 57 23 skall

241 1378 35 39 om
289 1382 50 29 fast
354 1382 106 29 egendom,
476 1390 44 14 som
535 1383 25 21 de
576 1383 41 21 här
632 1383 9 20 i
657 1383 73 22 landet
745 1383 70 30 hafva,
831 1384 30 21 då
872 1383 56 22 skall

239 1417 106 28 förordet
360 1417 58 21 inom
433 1417 26 21 år
476 1417 38 21 och
532 1418 42 28 dag
593 1417 65 22 sedan
676 1419 68 28 wigsel
763 1417 82 28 skedde,
860 1419 67 28 ingif-

245 1459 37 14 vas
298 1453 35 20 till
347 1451 81 22 Rätten
443 1453 9 20 i
467 1452 40 21 den
522 1456 42 23 ort,
580 1453 38 20 der
634 1453 128 28 egendomen
771 1453 77 28 finnes.
871 1453 56 22 Sker

245 1486 36 21 det
299 1487 26 28 ej,
343 1493 51 15 vare
408 1486 105 29 förordet
532 1494 33 14 om
584 1488 68 21 sådan
671 1488 101 28 egendom
792 1488 19 28 ej
825 1488 102 28 gällande
