981 1723
279 143 73 25 Nädiga
363 146 137 21 Propositionen
513 146 34 17 N:o
560 144 27 19 27.
743 148 42 17 1381

160 208 30 21 Af
201 208 58 22 Herr
272 208 117 22 Nassokin:

124 241 35 23 Då
177 242 39 28 jag
231 243 49 21 med
293 244 45 20 min
353 244 46 20 röst
415 244 18 27 ej
449 244 95 28 bidragit
557 225 34 41 till
607 244 36 22 det
658 244 24 22 af
694 245 115 22 utskottets

56 276 111 29 pluralitet
189 276 81 22 fattade
288 277 77 27 beslut,
381 277 24 22 så
419 278 45 21 vidt
479 279 120 21 detsamma
613 278 66 22 bland
693 282 68 19 annat
774 281 35 20 rö-

55 318 37 15 rer
114 312 32 20 att
167 311 39 21 hos
225 311 84 21 landets
324 312 114 28 högloflige
453 313 88 21 ständer
555 312 108 28 tillstyrka
678 314 131 27 antagandet

56 346 24 22 af
98 348 9 19 1
127 353 63 14 mom.
210 346 7 20 i
238 348 9 19 1
268 347 11 27 $
299 346 8 21 i
321 346 141 23 förevarande
477 347 80 28 nådiga
571 348 139 26 proposition,
727 348 82 41 nödgas

52 380 39 28 jag
113 382 46 20 mot
180 380 92 22 beslutet
289 381 8 21 i
319 380 70 22 denna
410 380 34 22 del
465 389 111 15 reservera
590 382 43 27 mig
649 382 40 22 och
704 381 54 23 får
748 376 15 37 i
775 382 34 23 så-

55 415 52 21 dant
122 414 100 22 afseende
237 415 88 21 anföra:

109 460 2 2 -
123 449 101 22 Hvarken
243 450 26 21 de
288 450 47 21 skäl
349 449 35 22 för
398 427 93 45 beslutet
507 458 45 14 som
567 450 115 22 utskottets
697 451 112 27 pluralitet

54 484 121 26 framställt,
192 483 51 23 eller
258 484 57 22 hvad
329 491 57 19 man,
402 485 67 27 enligt
485 485 25 21 de
524 485 105 21 utskottet
643 485 7 21 i
666 485 70 21 denna
747 484 62 29 fråga

54 519 126 21 meddelade
202 519 135 27 handlingar,
360 519 33 21 till
412 520 48 21 stöd
478 520 34 20 för
528 519 59 22 detta
601 522 94 19 moment
710 520 24 21 af
748 521 33 20 I:a
796 520 12 28 $

54 552 119 23 framhällit
190 554 35 20 vid
244 553 99 22 ärendets
358 554 157 22 förberedande
529 554 132 28 behandling
675 554 8 21 i
698 554 27 22 de
739 554 70 22 skilda

54 587 96 27 ständen,
173 588 65 22 hafva
255 588 7 21 i
280 588 95 28 ringaste
397 588 50 22 män
469 589 82 21 kunnat
572 588 70 22 rubba
657 589 44 21 min
716 588 93 28 öfverty-

54 623 58 28 gelse
134 630 34 14 om
191 623 36 21 det
248 622 56 22 bäde
327 623 102 21 orättvisa
451 623 40 21 och
511 623 88 27 obilliga
615 624 51 25 deri,
682 625 33 19 att
729 623 79 28 skjuts-

53 657 162 28 ningsbesväret
236 664 30 14 nu
288 658 77 26 genast
387 657 39 21 och
448 659 53 19 utan
520 656 70 28 nägon
606 658 118 27 ersättning
739 658 70 21 skulle

52 692 95 21 fördelas
166 690 13 22 å
198 692 28 20 all
244 692 8 20 i
266 691 83 21 mantal
364 693 44 19 satt
420 691 57 28 jord,
492 691 139 27 hvarigenom
646 691 62 22 äfven
723 690 84 24 landets

54 728 41 20 358
114 726 96 26 säterier,
226 733 35 14 om
276 725 141 22 tillsammans
433 727 40 19 346
489 726 88 26 mantal,
590 728 55 19 samt
662 727 39 20 119
717 725 35 22 rå-
768 727 40 21 och

53 762 154 24 rörshemman,
223 760 120 28 utgörande
358 760 160 28 sammanlagde
534 760 40 29 541
590 760 88 26 mantal,
690 760 73 22 hvilka
775 762 34 20 för

53 795 141 26 närvarande,
213 794 190 28 grundlagsenligt,
423 796 37 20 äro
476 794 48 22 från
539 795 59 21 detta
612 795 77 21 besvär
703 794 104 28 befriade,

53 830 96 22 kommer
164 832 32 19 att
211 830 46 21 deri
272 829 92 28 deltaga.

124 865 110 22 Ehuruväl
247 864 39 29 jag
301 863 68 23 måste
383 864 94 22 erkänna
491 864 100 22 behofvet
606 864 24 21 af
642 864 93 28 lindring
751 865 8 21 i
773 867 34 20 ut-

53 900 105 29 görandet
173 899 23 22 af
210 900 66 27 detta
284 899 77 22 besvär
377 899 36 21 för
429 899 55 26 dem,
499 907 46 14 som
561 899 62 22 deraf
635 907 30 13 nu
679 901 83 27 tyngas,
775 907 33 20 sy-

53 943 37 14 nes
112 935 44 27 mig
177 934 135 22 närvarande
334 933 149 22 förhållanden
499 934 18 27 ej
534 934 138 27 ovilkorligen
687 934 72 28 tvinga
773 934 34 21 till

52 969 130 28 vidtagande
204 969 23 21 af
249 977 25 13 en
290 968 83 28 åtgärd,
390 975 45 14 som
450 967 25 22 så
489 968 130 27 fullkomligt
633 968 96 28 ingriper
742 969 8 20 i
766 969 41 21 den

54 1004 105 22 enskildes
177 1005 49 24 rätt,
246 1003 91 26 hvilken,
352 1003 8 21 i
375 1003 102 22 händelse
491 1003 103 28 förslaget
609 1005 96 25 antages,
721 1003 86 22 oveder-

53 1039 97 28 sägligen
168 1037 29 28 på
212 1039 30 20 ett
256 1037 120 28 betänkligt
391 1039 43 19 sätt
448 1037 85 22 komme
548 1039 33 20 att
595 1037 131 27 förnärmas;
735 1039 30 26 ty
781 1037 28 22 då

52 1072 92 22 nämnde
166 1072 7 21 i
192 1072 107 22 enskildas
321 1071 58 22 hand
399 1072 94 22 varande
513 1072 178 28 jordlägenheter
713 1072 95 28 ombytte

53 1115 70 21 egare,
145 1108 41 20 har
207 1106 137 28 naturligtvis
367 1106 62 22 deras
451 1107 66 21 värde
535 1106 116 22 beräknats
664 1106 79 29 jemväl
758 1106 49 22 med

53 1142 100 22 afseende
172 1140 13 22 å
204 1142 41 22 den
267 1141 158 28 omständighet
447 1143 33 20 att
495 1142 26 20 de
535 1148 51 14 voro
601 1140 42 22 fria
658 1141 149 28 skyldigheten

53 1179 33 20 alt
107 1176 89 28 skjutsa.
227 1176 73 22 Skulle
322 1184 29 13 nu
373 1176 60 22 detta
455 1183 54 15 onus
529 1176 48 22 dem
593 1174 115 28 åhvälfvas,
723 1176 84 21 komme

53 1211 83 22 således
152 1211 61 22 deras
228 1211 65 22 värde
308 1212 33 20 att
355 1210 95 22 minskas
464 1211 49 21 med
529 1212 31 20 ett
570 1210 89 27 kapital,
672 1211 64 20 hvars
744 1211 64 20 ränta

53 1246 135 21 motsvarade
204 1246 41 20 den
260 1244 69 29 årliga
343 1245 92 27 utgiften
450 1245 34 21 för
499 1245 108 21 besvärets
623 1244 126 28 utgörande,
765 1244 41 21 och

53 1280 27 22 de
102 1280 123 22 nuvarande
248 1286 102 21 egarenes
372 1279 148 28 förmögenhet
542 1279 7 21 i
568 1286 82 14 samma
671 1278 136 22 förhållande

52 1315 101 21 minskas.
184 1314 34 22 Då
237 1314 36 22 det
287 1315 26 20 är
327 1314 116 28 föreslaget
457 1315 33 20 att
505 1313 96 28 grunden
616 1313 34 21 för
665 1312 142 28 skjutsnings-

44 1351 100 24 -tungans
166 1348 120 27 utgörande
309 1348 54 20 skall
382 1348 76 20 liksom
477 1347 106 21 härintills
597 1347 102 20 förblifva
714 1349 93 23 ,manta-

52 1383 48 25 let,*
122 1383 85 21 komme
227 1382 59 21 detta
301 1382 78 21 besvär
393 1383 33 19 att
441 1381 108 21 dessutom
565 1380 84 21 drabba
664 1380 143 22 allodialsäte-

53 1417 78 27 rierna,
147 1418 56 20 samt
217 1415 34 22 rå-
267 1416 40 21 och
322 1416 174 21 rörshemmanen
511 1415 8 21 i
533 1415 54 21 nära
601 1421 43 21 nog
657 1413 89 22 dubbelt
753 1413 55 23 afse-

53 1452 54 22 ende
130 1451 104 26 orättvist,
257 1450 89 22 emedan
369 1450 62 21 dessa
445 1449 124 28 lägenheter
583 1449 8 21 i
607 1448 117 22 allmänhet
738 1450 46 25 äro,
799 1450 8 20 i

52 1486 136 23 förhållande
201 1486 33 21 till
249 1485 124 28 ägovidden,
389 1484 70 22 åsatte
474 1486 31 20 ett
516 1484 67 28 högre
594 1483 81 22 mantal
687 1484 28 20 än
728 1483 79 23 skatte-
