1014 1714
237 159 43 17 1658
435 157 70 23 Nådiga
518 159 137 21 Propositionen
668 159 34 17 N:o
715 160 27 16 34.

213 224 49 22 med
277 223 137 28 gårdsfolket,
431 224 70 22 derest
516 224 18 28 ej
550 224 51 21 flere
617 225 28 19 än
660 223 35 22 två
710 224 33 20 till
757 224 49 28 fyra
817 231 50 15 man
878 224 85 22 komma

213 259 32 20 att
259 258 8 20 i
281 258 74 27 hvarje
370 256 53 29 gård
437 258 116 27 förläggas,
569 264 48 15 men
633 265 34 14 om
682 257 81 22 antalet
777 259 26 20 är
817 259 76 25 större,
908 266 55 20 upp-

213 290 54 24 lätes
285 291 23 23 åt
327 292 26 22 de
372 292 150 28 ingvarterade
543 292 65 22 skildt
625 299 54 14 rum.
710 292 124 22 Detsamma
853 292 56 28 gälle
929 300 34 14 om

213 328 87 25 avarter
314 326 33 22 för
363 326 121 22 officerares
499 326 114 28 betjening.

555 398 12 28 $
583 400 33 20 40.

279 442 162 27 Kronobetjent,
461 449 45 14 som
525 440 86 29 ätföljer
629 440 92 29 tägande
736 444 72 26 trupp,
824 441 83 29 ätnjute
923 443 39 22 ock

211 476 47 21 fritt
276 479 95 25 gvarter:
393 476 139 28 Kronofogde
547 476 52 21 eller
613 476 107 21 Länsman
734 476 44 21 lika
792 476 49 22 med
855 477 106 22 öfveroffi-

212 517 35 15 cer
262 511 41 22 och
317 511 86 27 ringare
417 511 150 28 kronobetjent
581 509 71 23 såsom
666 511 155 22 underbefälet.

553 593 12 27 8
581 593 34 20 41.

278 635 43 21 För
338 635 80 25 hästar,
437 641 46 14 som
501 637 116 25 trupperne
636 635 103 26 medföra,
754 635 108 22 anskaffas
877 634 25 23 sä
916 636 45 21 vidt

210 669 32 28 sig
261 670 52 27 göra
331 669 54 21 läter
403 669 57 26 plats
478 669 69 21 under
565 669 42 26 tak,
628 669 51 21 eller
694 669 7 20 i
717 671 66 20 annat
801 669 38 21 fall
854 669 105 22 erforder-

209 703 42 28 lige
269 702 139 28 krubbpälar.
438 703 42 21 För
498 703 91 22 befälets
605 710 53 21 egne
673 703 36 21 äk-
725 703 39 22 och
779 703 77 22 fordon
871 703 88 22 beredes

209 740 105 26 utrymme
329 737 66 28 enligt
410 738 11 27 $
438 739 32 20 18.

551 799 12 27 8
579 799 33 20 42.

275 840 34 23 Dä
323 839 94 29 tägande
431 842 64 26 trupp
511 840 141 28 ingvarteras,
668 847 39 20 ege
721 840 42 21 den
777 840 33 22 till
824 841 134 28 matlagning

207 875 98 28 begagna
320 875 42 20 kök
376 876 132 26 gemensamt
521 874 50 21 med
584 874 128 27 husvärden,
727 881 46 14 som
784 874 63 22 äfven
857 874 40 22 bör
908 875 49 21 här-

207 909 33 22 till
254 909 71 22 lemna
339 909 78 27 nödige
431 908 95 21 kokkäri.

275 944 11 20 I
304 943 78 26 städer,
402 944 39 20 der
458 943 168 27 kronobagerier
641 943 76 26 finnas,
731 942 102 28 upplätas
848 943 62 21 dessa
924 943 33 21 till

206 979 104 26 truppens
320 977 146 28 begagnande.
489 977 42 21 Vid
542 977 91 21 exercis-
646 977 40 21 och
697 977 132 27 lägermöten
837 977 49 21 sker
893 977 64 21 bröd-

206 1011 122 28 bakningen
345 1012 8 20 i
371 1011 24 21 af
411 1011 82 21 kronan
509 1010 125 22 anskaffade
648 1010 105 28 bagerier.
783 1010 32 22 På
828 1010 73 22 landet
917 1012 39 21 och

205 1046 8 21 i
232 1046 54 26 stad,
306 1046 38 21 der
361 1046 83 20 kronan
458 1045 109 27 tillhöriga
581 1045 98 27 bagerier
695 1045 39 21 och
749 1044 118 28 badstugor
883 1045 19 28 ej
917 1046 39 20 fin-

206 1087 45 19 nas,
270 1080 39 21 bör
327 1080 94 21 husvärd
439 1078 22 22 ät
480 1079 26 21 de
520 1079 151 27 ingvarterade
686 1078 90 28 uppläta
791 1079 86 28 bakugn
889 1079 67 28 jemte

205 1114 34 21 till
259 1114 150 26 brödbakning
431 1113 126 27 erforderlig
579 1113 99 26 redskap,
697 1113 107 21 äfvensom
823 1113 108 27 badstuga
948 1114 8 20 i

207 1148 38 21 fall
263 1148 67 21 sädan
348 1147 74 21 finnes.
451 1146 35 22 All
504 1146 45 26 ved,
565 1154 46 14 som
625 1147 34 20 för
673 1146 93 28 tägande
781 1148 64 26 trupp
861 1146 53 22 eller
927 1146 30 28 pä

206 1182 88 22 kortare
311 1182 32 20 tid
360 1181 166 21 kommenderad
547 1180 159 28 militärperson
725 1180 108 22 erfordras
850 1180 34 22 till
901 1183 54 19 mat-

206 1216 89 28 lagning
313 1216 39 21 och
371 1215 155 28 brödbakning,
545 1214 108 22 anskaffas
671 1214 25 22 af
711 1214 121 22 husvärden
846 1215 8 21 i
869 1214 50 22 män
934 1216 25 20 af

206 1250 68 21 behof
290 1250 41 21 och
349 1249 23 21 af
389 1249 35 21 det
442 1249 52 26 slag,
513 1248 67 22 hvarä
597 1248 91 28 tillgäng
702 1248 77 26 finnes;
795 1248 54 22 dock
863 1256 52 14 vare
930 1249 25 21 de

206 1282 253 28 ingvarteringsskyldige
480 1282 48 22 från
550 1282 140 21 nästnämnde
711 1281 113 29 äliggande
842 1282 113 22 frikallade

206 1319 41 21 när
265 1319 89 26 trupper
368 1317 8 21 i
391 1318 68 20 större
477 1316 78 28 mängd
569 1316 8 21 i
592 1316 73 22 landet
682 1316 89 28 inrycka
789 1316 52 22 eller
860 1316 94 22 derifrän

206 1351 76 30 uttäga
296 1352 8 21 i
318 1351 140 28 afdelningar,
473 1350 150 23 innehållande
634 1351 65 22 minst
709 1358 27 15 en
746 1351 97 28 bataljon
854 1351 51 22 eller
917 1358 36 15 an-

207 1395 42 14 nan
264 1386 150 23 motsvarande
429 1385 78 30 styrka,
522 1386 7 21 i
544 1386 79 21 hvilket
637 1385 38 22 fall
689 1386 120 22 kostnaden
823 1386 34 22 för
871 1386 40 22 ved
921 1387 33 21 till

205 1424 105 26 truppens
325 1421 132 28 matlagning
472 1421 40 22 och
523 1421 149 28 brödbakning
683 1420 64 29 utgär
759 1421 24 21 af
792 1421 108 22 allmänna
910 1429 43 14 me-

207 1457 40 22 del.
277 1457 41 21 Om
336 1457 39 21 ved
393 1456 34 21 för
444 1456 66 28 sagde
524 1455 100 22 ändamål
638 1456 35 21 vid
688 1456 91 21 exercis-
794 1456 39 21 och
848 1456 104 29 lägermö-

206 1494 36 19 ten
257 1491 52 22 eller
324 1491 107 21 allmänna
446 1490 87 22 arbeten
549 1490 87 28 stadgas
650 1491 7 21 i
672 1491 11 27 &
700 1492 33 20 34.
