1000 1723
225 159 18 14 SE
406 156 23 25 sök
466 161 63 11 Father
548 162 121 9 GA
618 154 13 25 to
641 154 32 25 nua

198 174 43 17 1256
394 173 71 22 Nådiga
477 171 138 23 Propositionen
627 172 34 17 N:o
674 172 28 16 25.

237 227 63 15 vigt

174 232 103 37 gäldenär

174 262 111 47 mellankor

353 224 66 45 -afsec
395 228 38 46 cen
449 221 51 36 SE
483 243 14 14 å
517 220 71 37 hvars
602 218 140 38 förbindelse”
752 218 179 48 pröskriptiören

325 272 24 24 it,
362 262 152 46 väsendtligen
522 263 76 36 olika.
625 297 2 2 *-

243 293 57 43 Örsa:
325 302 16 33 ni
351 298 36 27 till
402 303 69 30 denna
485 297 153 43 inkonseqvens
652 301 75 29 ligger
732 295 198 40 omisskänneligen

175 334 51 32 deri,
242 341 32 20 att
288 331 47 30 den
344 328 70 46 tanke,
430 337 46 23 som
491 336 27 23 är
529 337 103 22 uttalad
625 328 11 42 i
649 337 36 22 det
700 332 115 27 allmänna
822 329 100 40 stadgan"

175 370 36 25 det
229 374 37 27 om.
281 368 150 43 preskription,
450 370 47 32 icke
514 367 69 27 blifvit
601 367 134 32 fullständigt
752 362 120 47 tillämpåd
883 367 47 43 och!

174 396 119 45 genomförd
305 407 13 30 i
313 415 8 14 i
327 407 44 29 det
386 399 112 30 anmärkta
512 405 133 30 stadgandet.
676 406 45 21 Och
732 406 39 27 jag
786 404 80 23 tillåter
880 401 50 36 mig

175 436 87 44 derförc
273 434 85 34 föreslå,
366 433 40 30 att
420 438 93 39 nämnda
528 438 118 31 stadgande
660 435 98 27 erhäller'
767 439 26 22 en
807 433 124 46 förändrad

174 469 50 43 lyte]
279 469 56 29 "det
349 469 60 40 syfte,
424 468 35 29 ätt
475 468 108 36 gäldenär,
602 474 57 31 emot
676 473 85 23 hvilken
779 469 111 45 hörgenär
904 470 27 32 ej.

174 501 91 42 afbrutit
285 506 187 39 preskriptionen,.
483 509 121 33 derigenom
621 510 74 21 vinner
712 506 105 25 befrielse
829 502 55 29 från.
896 509 33 22 all

174 538 26 29 af
210 540 64 28 hans
279 538 163 39 ifrågavarande
457 539 128 28 förbindelse
599 542 133 33 härrörande
747 537 183 41 betälningsskyl"

175 572 79 47 dighet,
272 580 8 21 i
297 573 80 28 hvilket
395 578 100 33 ändamål
513 579 40 21 den
575 580 28 28 än
624 576 35 23 mä
681 575 111 31 åberopas,
815 585 10 14 s
920 574 2 3 E

174 593 106 64 följderna
298 608 24 27 af
338 607 75 28 denna'
425 606 98 29 befrielse
540 605 53 29 utan
611 610 110 30 undartag
738 606 84 44 ytterst
842 605 24 39 dri

174 642 139 47 horgenären.
344 643 80 33 Genom
440 649 32 20 sin
488 641 145 28 försummelse
648 647 40 21 har
702 647 44 21 han
758 642 34 33 till
807 641 50 27 alla
866 643 64 25 delar

174 670 42 51 väll
217 675 26 29 at
249 679 51 31 den
309 668 125 53 förändring
448 682 8 21 i
471 682 26 21 de
505 678 120 26 bestående
639 671 219 32 rättsförhälländenä
926 677 2 8 ;

224 703 37 47 iät;
278 715 39 35 och
332 708 49 37 med
387 709 142 45 (tillämpning
545 711 26 26 af
581 709 41 39 den
637 715 89 22 allmänt
742 709 79 46 giltiga

174 740 40 45 son
226 734 38 51 att
273 742 82 36 enlivar
367 747 49 42 eger
431 751 32 29 sin
479 751 46 22 sak.
531 746 73 32 ensam
618 745 57 31 böta,
690 750 42 22 bör
749 745 44 26 han
810 747 64 24 också
889 745 43 26 en-'

174 778 46 29 säm
234 777 54 31 bära
303 778 49 40 alla”
355 780 101 41 menliga
461 782 83 40 följder
559 779 25 27 af
595 779 129 40 densamma.

242 814 68 27 Äfven
327 815 92 25 rörande
438 812 26 28 en
482 816 71 24 annan
572 812 36 32 del
624 812 25 28 af
663 816 142 25 förevarande
822 820 14 27 &
849 821 25 19 är
880 815 51 33 jag

173 847 101 39 tvungen.
281 847 40 28 att
331 849 86 26 anmäla
435 852 26 23 en
479 852 24 22 sä
517 853 36 29 väl
569 852 48 32 från
636 852 41 23 den
694 847 85 34 Nädiga
797 848 131 47 propositio-

173 895 42 23 nen
230 884 46 25 som
293 879 53 40 från
359 877 160 52 Lagutskottots
537 880 56 41 äsigt
611 887 117 22 afvikände
741 887 91 35 mening.
862 887 11 22 I
888 881 39 46 det

173 912 47 41 före;
235 913 68 30 ående
316 914 14 29 ki
337 914 12 40 ir
379 919 31 30 jag
421 914 70 29 redan
503 920 47 23 sökt
564 922 51 25 visa,
627 922 32 21 att
670 919 55 24 både
739 916 130 41 rättigheten
884 914 43 29 och

174 947 24 30 sk
177 929 147 66 aylihoen
349 952 20 25 tt
383 950 86 34 vidtaga
484 953 45 35 den
541 953 77 39 åtgärd
637 963 45 14 som
697 949 112 33 erfordras
827 951 35 26 för
875 955 53 36 pre-

174 982 141 49 skriptionens
327 986 138 36 äfhrytande,
481 986 70 25 såsom
569 983 106 29 hvardera
691 984 118 27 beroende
817 983 65 29 .deraf
890 985 39 40 att

174 1017 46 41 den
230 1018 108 40 åtgärden
345 1015 136 45 vidtagande
490 1022 108 35 verkligen
616 1022 50 29 éger
684 1021 40 31 och
742 1019 89 35 besitter
849 1016 79 48 sjelfva

173 1050 87 49 fordring
265 1051 93 43 ssrätten,
369 1081 7 7 ,
379 1056 118 30 tillkomma
518 1053 133 44 borgepären
673 1050 58 29 intill
747 1050 38 29 det
804 1055 55 37 ögon!

174 1084 38 30 då
218 1084 74 33 någon
308 1093 24 21 af
362 1077 139 50 äldenärerne
521 1087 68 27 Petalt
611 1091 95 32 skulden,
725 1093 48 21 men
792 1089 30 25 då

174 1115 69 50 också
247 1098 61 50 Törst
320 1094 17 65 då
321 1119 28 41 då
363 1140 17 3 —
399 1120 98 42 öfvergå
505 1120 37 28 till
554 1127 73 21 denne.
657 1127 11 21 I
687 1121 47 34 den,
742 1122 85 33 Nådiga
844 1123 32 34 prc

174 1154 90 45 sitionen
253 1153 15 11 n
278 1152 43 44 här
314 1153 51 28 eh
375 1154 71 37 annan
460 1157 147 34 uppfattning,
623 1158 34 24 öm
673 1153 64 29 öckså
752 1159 74 24 endast
835 1158 64 43 indä

199 1187 43 12 ösvi
335 1222 9 11 ib
363 1189 68 44 insteg
447 1195 39 21 och
501 1195 70 40 denna
582 1189 140 48 uppfattning
737 1195 40 37 har
792 1188 66 44 äfven
862 1188 38 47 Ta

304 1256 36 40 len
351 1255 30 28 är
393 1259 60 24 förra
471 1256 62 38 mom.
553 1264 7 19 i
578 1265 11 18 3
609 1262 18 27 8,
647 1261 37 22 der
702 1257 68 37 sagde
785 1257 141 44 uppfättning

299 1289 9 12 i
320 1289 100 30 uttalad.
413 1285 11 42 .
439 1288 79 39 Donna
534 1291 33 26 del
586 1296 24 21 af
627 1298 12 19 3
658 1297 12 26 &
688 1297 40 20 har
743 1292 33 25 fill
793 1290 132 41 hufvudsak-

175 1356 34 13 ligt
223 1357 7 12 «
302 1325 32 27 al
347 1320 56 75 vh
397 1322 30 41 åt.
432 1323 45 46 den
496 1330 24 21 af
536 1330 170 39 gäldenärerne,
715 1327 45 25 som
778 1327 26 44 af
816 1329 32 38 en
871 1320 55 51 eller

173 1372 71 32 annan
266 1364 35 40 ors

174 1387 94 52 skuldén,
284 1397 34 24 me
501 1388 50 40 ngd
565 1394 192 46 preskriptionstid.
769 1400 8 22 i
795 1394 130 31 afseende
911 1390 16 43 &

236 1427 64 42 ändet
315 1428 24 28 af
352 1431 40 25 den
407 1426 94 35 fordran,
519 1432 43 24 han
581 1433 75 42 genöm
674 1427 138 48 betälningen
830 1430 92 28 erhåller

173 1461 39 30 Hos
234 1464 46 27 sina
301 1462 184 35 medgäldenärör.
512 1463 190 34 Nödvändighetön
720 1464 43 28 öch
778 1467 106 25 rättvisan
900 1465 25 28 af

173 1505 31 20 ett
218 1503 77 23 sådant
308 1504 148 28 medgifvande
470 1504 72 22 kunna
556 1504 47 22 icke
617 1504 105 22 förnekas.
745 1505 31 28 Ty
786 1505 136 29 betalningen
