1025 1720
208 174 44 16 1156
405 172 72 23 Nådiga
489 173 137 22 Propositionen
638 173 34 17 N:o
686 174 27 15 25.

182 236 123 26 bördsmän,
323 236 114 22 hvarutom
456 235 41 22 alle
517 235 103 28 uppgifne
641 235 131 28 borgenärer
793 236 40 21 och
854 235 81 22 inteck-

183 270 159 28 ningshafvare,
359 277 46 15 som
422 270 8 21 i
448 270 74 22 landet
535 270 72 26 vistas,
623 269 61 22 skola
699 269 73 23 derom
787 268 82 24 erhålla
883 270 51 21 kän-

183 304 78 22 nedom
280 312 76 21 genom
375 304 105 22 särskilda
497 304 105 26 kallelser,
621 304 72 21 hvilka
711 304 54 22 böra
783 303 24 22 så
824 304 64 28 tidigt
901 306 34 20 ut-

183 338 81 27 färdas,
286 341 33 19 att
339 339 158 27 borgenärerne
518 339 73 21 kunna
612 337 22 22 få
657 338 35 22 del
710 338 24 22 af
750 338 48 22 dem
819 339 65 21 minst
902 340 33 20 tre

184 374 77 22 veckor
276 373 46 22 före
336 372 192 29 inställelsedagen.

528 434 12 27 8
556 434 34 20 21.

252 477 103 21 Ansökan
373 483 35 14 om
427 476 113 28 egendoms
556 475 126 22 afträdande
697 475 42 28 må,
754 476 36 22 vid
805 476 35 21 det
854 476 81 27 förhör,

185 518 46 15 som
248 511 59 25 förut
325 512 25 20 är
368 511 130 26 omnämndt,
517 509 123 28 återkallas,
659 517 35 15 om
713 510 40 22 alle
776 509 28 22 dä
821 511 114 22 tillstädes-

184 546 77 21 komne
275 545 131 27 borgenärer
421 545 36 21 det
475 545 115 27 medgifva:
610 552 50 14 men
678 545 67 21 sedan
763 545 70 21 beslut
851 553 35 13 om
905 545 31 21 of-

184 580 76 28 fentlig
277 579 118 28 stämnings
413 578 130 22 utfärdande
560 578 69 23 blifvit
647 579 85 27 fattadt,
749 586 38 21 ege
802 578 135 24 återkallelse

185 614 25 22 af
222 614 146 27 ansökningen
381 614 48 21 icke
443 620 54 14 rum.

529 668 12 28 8
557 669 34 20 22.

252 710 47 22 Har
313 710 110 28 gäldenär,
439 710 66 22 sedan
519 711 78 22 Rätten
611 711 88 21 beslutit
714 712 33 21 att
760 712 54 21 hans
833 712 104 28 egendom

185 745 96 23 afträdas
298 745 62 27 skall,
379 745 96 22 deröfver
493 745 73 22 anfört
583 746 82 26 besvär,
680 746 41 21 och
739 746 93 21 beslutet
845 746 70 22 blifvit
929 746 8 21 i

184 781 67 27 högre
269 780 52 21 Rätt
342 787 76 21 genom
439 780 50 27 laga
510 780 58 21 kraft
590 780 82 28 egande
694 780 72 28 utslag
787 780 102 27 ändradt;
909 779 28 23 dä

185 814 55 22 skall
255 814 130 28 gäldenären
399 814 94 21 inlemna
507 814 93 28 utslaget
614 814 33 21 till
662 814 147 22 Underrätten
823 815 52 21 eller
890 814 48 22 dess

186 848 135 26 ordförande,
337 848 24 21 sä
375 848 44 21 fort
433 848 37 21 ske
484 848 49 26 kan,
548 848 35 21 vid
597 847 83 28 påföljd
696 850 32 19 att
740 850 81 20 ersätta
835 848 30 21 all
879 849 58 20 kost-

184 883 50 25 nad,
249 889 47 14 som
310 882 24 21 af
348 881 123 28 dröjsmälet
485 882 112 28 härflyter;
613 882 40 21 och
668 882 49 27 foge
729 882 144 22 Underrätten
885 883 52 20 eller

185 916 150 27 ordföranden,
350 916 8 21 i
376 916 101 25 händelse
496 916 97 27 offentlig
610 917 107 27 stämning
736 917 117 21 emellertid
869 917 68 21 blitvit

184 950 108 27 utfärdad;
308 952 75 27 genast
401 950 81 22 anstalt
500 958 34 14 om
552 950 48 22 dess
619 949 152 28 återkallande,
787 958 76 20 genom
878 951 59 21 bort-

184 985 94 27 tagande
299 985 24 21 af
342 984 97 28 anslaget
457 983 14 22 å
487 985 90 20 Rättens
596 985 51 20 dörr
666 985 40 21 och
728 985 126 28 kungörelse
872 985 8 20 i
898 985 39 21 all-

184 1020 80 21 männa
284 1019 143 27 tidningarne,
447 1018 37 22 der
505 1018 78 22 sådant
604 1019 43 21 kan
666 1018 37 22 ske
721 1019 66 21 minst
806 1018 45 22 åtta
869 1019 68 28 dagar

185 1053 45 22 före
246 1054 41 21 den
300 1053 113 21 bestämda
426 1052 192 28 inställelsedagen.
640 1053 11 21 I
666 1055 66 20 annat
747 1053 38 22 fall
799 1052 44 22 låte
853 1054 84 22 Under-

184 1088 72 22 rätten
270 1088 159 26 borgenärerne
444 1087 35 22 vid
497 1087 80 26 förhör,
593 1094 46 14 som
653 1088 49 21 med
718 1088 48 21 dem
781 1088 40 21 och
836 1088 101 27 gäldenä-

184 1129 38 15 ren
236 1121 70 23 hållas
321 1122 60 25 skall,
397 1121 82 22 erhålla
494 1122 34 21 del
543 1121 24 21 af
580 1121 36 21 det
629 1121 51 29 laga
694 1122 58 21 kraft
770 1122 81 27 egande
866 1122 70 22 beslu-

184 1157 41 25 tet;
248 1156 40 22 och
306 1156 119 26 ankomme,
447 1156 66 21 sedan
534 1156 122 21 konkursen
678 1155 91 22 sålunda
789 1156 96 26 förfallit,
908 1156 29 28 på

184 1190 92 22 särskild
290 1190 101 28 pröfning
405 1190 62 22 hvem
481 1190 119 21 kostnaden
614 1190 8 20 i
637 1190 66 22 saken
719 1190 82 21 drabba
815 1190 61 22 skall.

528 1250 12 27 8
556 1251 33 19 23.

252 1292 118 21 Förmenar
387 1291 72 28 någon
478 1291 40 22 den
535 1291 125 26 Underrätt,
679 1299 46 14 som
742 1293 101 26 upptagit
861 1293 76 20 ansök-

184 1326 52 28 ning
254 1333 34 15 om
305 1325 101 27 konkurs,
426 1325 18 28 ej
460 1333 52 14 vara
527 1325 70 22 dertill
610 1326 100 27 behörig,
726 1333 38 21 ege
779 1326 32 21 sin
826 1327 59 21 talan
901 1333 35 21 ge-

184 1369 50 15 nom
248 1361 77 22 besvär
338 1361 8 21 i
361 1361 114 22 Hofrätten
489 1360 81 22 utföra:
587 1361 40 21 och
641 1361 66 22 varde
724 1361 146 22 besvärstiden
887 1362 49 21 räk-

184 1397 44 21 nad
242 1395 49 23 från
306 1396 41 21 den
363 1396 47 28 dag,
426 1395 112 28 offentliga
548 1396 134 27 stämningen
696 1395 47 22 blef
754 1396 7 21 i
777 1396 108 22 allmänna
895 1397 41 21 tid-

184 1432 104 28 ningarne
305 1431 69 22 första
391 1430 84 29 gången
493 1430 113 29 kungjord.
635 1431 25 28 Ej
676 1430 36 22 må
726 1429 67 24 sådan
811 1431 78 29 klagan
905 1439 31 14 se-

186 1467 42 21 dan
242 1466 64 25 föras,
322 1466 52 21 eller
389 1465 76 22 sakens
479 1465 100 28 fortgång
594 1465 63 21 deraf
669 1465 133 28 uppehållas.
