1003 1723
208 146 48 32 1244
412 149 71 23 Nådiga
494 150 137 22 Propositionen
643 149 35 18 N:o
690 150 28 19 25.

254 213 71 22 såsom
346 213 55 21 hade
423 213 41 21 den
486 213 36 22 hos
545 213 76 21 honom
643 211 96 22 bevakad
757 212 74 29 blifvit
848 218 19 15 o.
883 218 16 15 s.
914 218 20 15 v.

253 247 44 26 lika
310 247 50 22 med
374 247 166 28 propositionen.

572 293 12 28 $
599 291 22 22 3.

311 331 48 26 Äro
369 337 54 28 flere
438 337 139 27 gäldenärer,
592 335 25 22 de
632 335 46 26 der,
694 343 24 14 en
728 336 42 29 för
785 335 46 22 alla
842 335 39 22 och
892 335 46 22 alla

250 372 43 29 för
308 378 31 19 en,
356 370 243 29 betalningsskyldighet
614 371 33 27 sig
662 369 78 27 iklädt,
757 370 39 21 och
801 370 137 29 försummar

256 406 109 28 borgenär
387 409 33 17 att
442 407 34 20 sin
492 405 100 30 fordran
610 405 38 20 hos
662 406 73 27 någon
750 405 26 28 af
788 405 47 21 dem
851 404 88 27 bevaka,

256 441 69 27 enligt
339 441 14 27 $
367 440 17 27 1,
400 448 51 13 vare
466 441 25 20 de
505 440 69 21 andre
590 439 19 30 ej
625 438 96 30 skyldige
737 443 33 17 att
784 437 34 23 till
829 439 110 29 borgenär

255 475 69 28 gälda
346 475 40 20 den
405 475 35 21 del
458 475 70 28 deraf,
544 481 45 14 som
603 474 55 29 efter
674 474 135 29 hufvudtalet
824 473 66 22 skulle
907 474 32 21 be-

257 510 56 27 lupit
328 510 33 27 sig
377 509 13 21 å
400 510 48 27 den,
460 509 86 21 hvilken
558 509 134 28 borgenären
704 509 92 20 sålunda
808 509 51 20 låtit
871 509 69 28 blifva

258 543 166 29 ansvarigheten
439 545 62 28 qvitt.
530 542 50 22 Har
596 543 109 29 borgenär
719 543 70 21 under
804 543 73 22 tionde
893 543 48 21 året

251 578 50 29 fått
323 578 110 29 betalning
456 578 26 28 af
501 578 73 28 någon
593 577 65 22 bland
676 578 167 28 gäldenärerne,
859 578 30 21 då
905 584 36 22 ege

257 612 74 27 denne,
346 613 59 21 inom
419 616 49 18 natt
482 612 40 22 och
537 613 26 20 år
579 613 53 28 efter
649 613 71 20 tionde
732 613 59 24 årets
801 613 91 28 utgång,
898 612 43 29 för

259 647 56 23 hvad
338 647 42 22 han
403 648 59 28 öfver
485 654 51 21 egen
555 647 33 22 del
608 647 67 21 betalt
694 647 52 21 söka
762 647 45 23 alla
818 647 29 24 de
861 647 80 26 andra,

259 681 74 22 hvilka
351 683 66 28 jemte
441 682 77 21 honom
536 683 60 20 varit
604 682 43 29 för
663 681 137 28 betalningen
815 682 126 27 ansvarige;

257 717 60 22 inom
339 724 81 14 samma
442 717 32 20 tid
492 716 36 21 må
546 716 114 28 gäldenär,
680 716 36 21 hos
732 715 85 22 hvilken
833 716 108 28 borgenär

258 751 69 23 under
350 751 72 22 tionde
444 751 48 21 året
504 751 50 28 fått
573 751 34 21 sin
615 751 100 29 fordran
729 751 90 21 utdömd
833 751 53 23 eller
901 751 41 21 den

260 785 97 27 bevakat,
380 786 60 21 hålla
458 786 35 23 sin
508 786 66 26 talan,
590 786 9 20 i
614 786 98 28 afseende
728 786 13 20 å
757 785 56 21 hvad
828 786 43 21 han
885 785 57 29 utöf-

260 827 37 14 ver
315 828 53 20 egen
382 820 64 21 andel
460 820 43 21 kan
518 819 83 22 komma
617 823 33 17 att
665 820 77 26 betala,
759 822 69 26 öppen
843 823 44 19 mot
902 820 41 21 den

260 855 162 28 medgäldenär,
446 854 86 22 hvilken
554 854 142 29 borgenären,
718 861 76 21 genom
803 854 140 29 försummad

261 888 126 29 bevakning,
404 889 50 22 låtit
469 889 68 30 blifva
552 889 166 28 ansvarigheten
734 890 62 27 qvitt,

548 941 24 28 85
591 941 63 20 4—6.

526 977 156 22 Oförändrade.

578 1033 12 27 8
605 1033 19 20 7.

323 1075 44 22 Vill
381 1075 153 30 efterlefvande
548 1075 67 27 make,
631 1075 100 29 arfvinge
747 1076 52 21 eller
812 1079 132 18 testaments-

263 1113 84 26 tagare,
365 1110 65 21 sedan
448 1112 51 27 laga
516 1109 144 30 uppteckning
679 1110 61 26 skett,
759 1110 63 21 säker
840 1116 55 16 vara
910 1115 35 17 att

261 1145 47 21 icke
323 1144 86 22 okända
418 1145 137 28 fordringar
570 1145 34 28 sig
618 1151 68 22 yppa;
701 1151 36 22 ege
752 1145 29 21 dä
796 1148 33 17 att
841 1145 37 22 hos
889 1145 55 22 Rät-

262 1182 42 23 ten,
327 1179 123 21 hvarunder
473 1179 46 21 boet
534 1179 10 20 i
558 1178 138 22 konkursmäl
715 1179 72 26 hörer,
802 1179 33 28 pä
850 1181 45 19 sätt
910 1187 34 14 om

262 1213 54 21 slike
337 1213 46 21 mål
404 1213 103 29 stadgadt
530 1214 33 25 är,
586 1213 59 21 inom
668 1214 74 20 trettio
765 1213 71 29 dagar
854 1221 19 14 o.
893 1221 16 14 s.
924 1221 19 14 v.

262 1247 45 22 lika
320 1247 49 22 med
384 1248 165 27 propositionen.

533 1292 24 27 $$
573 1293 13 20 8
602 1293 40 21 och
657 1294 19 19 9.

528 1328 155 23 Oförändrade.

571 1375 13 29 $
602 1373 34 24 10.

321 1418 116 30 Kejsarens
452 1418 238 30 befallningshafvande
705 1420 10 21 i
730 1420 59 21 länet
802 1420 40 22 och
855 1421 46 21 alla
911 1421 34 21 in-

264 1453 93 23 ländska
379 1454 139 28 borgenärer,
541 1461 45 15 som
608 1461 19 15 o.
647 1461 16 15 s.
682 1462 19 14 v.
719 1454 45 22 lika
781 1455 49 22 med
847 1456 98 27 proposi-

264 1488 79 22 tionen.
