1020 1723
334 155 83 16 Finlands
430 154 83 17 Ständers
526 155 66 16 Beslut.
769 152 44 16 1757

87 216 141 28 upphörande
243 216 25 21 af
280 216 265 28 bränvinsförpaktningen
559 216 7 21 i
581 216 146 27 fästningarne
742 215 31 21 uti
788 215 48 20 Fin-

87 251 58 25 land,
159 250 71 22 blifvit
244 250 40 22 Oss
301 250 103 28 förelagd,
421 250 62 21 hafve
497 250 33 26 Vi,
545 249 29 28 på
589 250 26 21 de
630 250 46 21 skäl
690 248 45 23 Vår
751 249 40 21 den
809 250 28 19 24

88 285 96 21 sistlidne
199 285 82 27 April
275 280 15 37 i
300 286 70 20 ämnet
389 284 80 21 aflåtna
487 284 147 28 underdåniga
652 284 109 21 skrifvelse
779 284 58 20 inne-

88 318 74 27 håller,
177 319 47 21 icke
238 318 82 22 kunnat
334 319 71 21 lemna
419 318 54 22 Vårt
487 319 61 21 bifall
562 318 32 22 till
610 318 70 22 denna
694 318 79 28 nådiga
787 324 50 20 pro-

88 354 100 27 position.

438 400 11 28 8
467 400 18 20 6.

155 442 45 22 Hos
218 442 60 22 Hans
297 442 119 28 Kejserliga
433 442 101 28 Majestät
551 442 62 21 hafve
630 442 28 21 Vi
675 442 8 21 i
704 440 133 29 underdänig

88 477 109 22 skrifvelse
216 478 23 20 af
256 478 41 20 den
315 479 12 19 2
346 477 143 22 innevarande
507 476 78 22 mänad
603 476 115 22 framställt
739 476 26 22 de
783 476 53 26 skäl,

88 519 46 15 som
148 512 122 21 förorsakat
284 514 32 18 att
330 512 27 20 Vi
372 512 18 27 ej
409 512 82 21 kunnat
509 514 79 24 antaga
606 511 36 22 det
660 512 39 20 Oss
715 511 66 28 jemte
799 510 37 22 nä-

89 546 36 28 dig
142 546 133 28 proposition
293 546 110 28 förelagda
420 546 81 28 förslag
519 546 32 21 till
573 546 135 28 förordning,
727 544 110 30 angäende

89 581 122 28 grunderna
225 581 33 21 för
273 581 168 27 presterskapets
457 581 100 27 aflöning.

439 652 11 27 8
467 652 19 20 7.

156 693 55 22 Värt
225 693 146 29 underdäniga
386 702 54 18 svar,
455 694 8 21 i
479 694 113 28 anledning
608 694 24 22 af
643 694 60 21 Hans
718 694 120 28 Kejserliga

88 729 112 28 Majestäts
216 729 39 21 Oss
273 728 111 29 förelagda
401 728 79 29 nädiga
498 729 139 27 proposition,
656 736 35 14 om
708 728 130 28 beviljandet

89 763 24 22 af
126 764 75 27 anslag
216 763 32 21 till
263 763 103 22 särskilde
380 764 77 27 nödige
472 763 95 21 ansedda
584 763 89 22 arbeten
687 764 8 20 i
710 763 99 21 afseende
825 762 13 22 &

89 798 148 22 förbättrande
252 797 24 21 af
289 797 95 22 farleden
399 798 90 21 emellan
504 798 85 28 Nyslott
604 798 39 21 och
658 798 85 26 Kuopio
759 798 78 26 städer,

88 833 63 21 hafve
165 833 21 20 vi
200 832 106 22 meddelat
321 832 59 22 Hans
395 832 100 28 Majestät
510 832 7 22 i
532 832 108 22 skrifvelse
658 832 24 22 af
695 832 40 21 den
751 834 13 19 7
778 832 59 21 inne-

88 867 94 22 varande
197 866 85 22 mänad.

440 922 11 27 8
467 922 20 20 8.

157 963 71 22 Sedan
243 964 26 21 Vi
284 964 24 21 af
320 964 60 21 Hans
395 963 120 29 Kejserliga
529 964 101 28 Majestät
648 965 111 27 emottagit
773 963 65 29 nädig

89 999 133 27 proposition
237 999 7 20 i
259 1000 77 27 ämnet,
356 998 62 21 hafve
433 999 27 21 Vi
480 999 40 21 den
539 1001 12 18 7
570 999 7 20 i
595 998 92 28 löpande
705 999 79 21 mänad
801 999 37 20 be-

89 1033 60 21 slutit
164 1033 33 20 till
212 1032 25 22 de
252 1035 75 19 tvenne
342 1033 157 28 förordningar,
515 1041 34 14 om
563 1033 122 28 inteckning
700 1034 8 20 i
723 1033 42 22 fast
776 1040 63 20 egen-

89 1067 51 21 dom
155 1067 40 21 och
210 1074 34 14 om
259 1067 141 27 borgenärers
418 1068 44 20 rätt
481 1068 40 21 och
539 1067 107 21 företräde
664 1067 35 21 för
717 1067 122 21 hvarandra

88 1101 34 21 till
140 1100 109 29 betalning
268 1108 25 14 ur
312 1101 103 27 egendom
433 1109 46 14 som
497 1102 69 21 blifvit
583 1101 33 21 till
634 1102 93 21 konkurs
745 1101 93 26 afträdd,

88 1135 72 21 hvilka
174 1136 38 21 äro
227 1136 87 27 intagne
328 1135 7 21 i
351 1134 54 22 Värt
423 1136 91 21 nämnde
533 1136 41 27 dag
592 1136 32 21 till
642 1136 59 22 Hans
720 1136 119 28 Kejserliga

89 1169 101 27 Majestät
205 1169 81 22 aflätna
299 1169 146 29 underdäniga
461 1178 50 14 svar
526 1170 13 21 &
553 1170 92 22 berörda
659 1170 140 28 proposition.

441 1240 10 27 8
468 1240 19 20 9.

158 1282 42 21 Det
214 1281 81 28 förslag
309 1281 32 22 till
356 1288 26 15 en
397 1282 136 28 författning,
549 1280 110 30 angäende
676 1282 90 28 behörig
781 1282 58 22 dom-

90 1316 42 21 stol
150 1316 34 21 för
198 1316 137 28 upptagande
354 1317 24 21 af
394 1317 145 27 hvarjehanda
556 1315 43 23 mål
613 1317 91 21 rörande
719 1316 120 27 frälsemän,

90 1350 79 20 hvilket
190 1350 60 20 Hans
272 1350 120 27 Kejserliga
413 1351 100 26 Majestät
532 1350 66 26 jemte
620 1350 65 27 nädig
706 1351 133 25 proposition

91 1382 40 22 Oss
149 1384 97 26 förelagt,
265 1383 62 21 hafve
346 1384 26 20 Vi
391 1384 83 26 antagit
492 1384 47 20 med
561 1383 68 28 nägra
650 1384 82 20 mindre
753 1384 86 27 tillägg,

91 1424 46 15 som
154 1418 69 22 finnas
240 1420 110 26 upptagne
364 1418 8 21 i
387 1417 53 21 Värt
455 1417 69 22 under
539 1417 40 22 den
596 1419 25 19 10
636 1417 144 22 innevarande
794 1416 45 22 mä-

90 1453 44 21 nad
150 1452 34 22 till
201 1452 59 22 Hans
276 1452 119 28 Kejserliga
409 1452 101 28 Majestät
527 1452 81 22 aflätna
625 1451 148 29 underdäniga
791 1459 49 15 svar

92 1486 13 23 å
119 1486 124 23 förberörde
257 1486 79 30 nådiga
350 1488 138 28 proposition.
