998 1717
273 152 79 24 Nådéga.
356 150 148 37 Proppsitiopen,
512 155 30 17 N:o
556 155 45 24 ay
735 156 57 23 1257.

54 216 49 26 kan;
122 216 62 25 utan:
197 216 49 25 allt.
256 216 68 27 hans.
331 216 149 29 förvällande,,
488 218 99 28 komma,
594 220 46 26 att.
647 225 50 21 egg,
708 226 57 20 rum,
774 217 43 30 såp

52 252 54 21 nära.
127 250 237 28 preskriptionstidens,,
373 250 91 30 utgång,
483 254 33 18 att
533 252 43 29 han
597 252 76 28 under.
683 252 53 28 den,
746 251 66 29 åter-.

53 283 88 22 stående
160 284 59 21 delen
239 284 61 22 deraf
316 285 18 27 ej
353 292 60 14 mera
431 286 87 26 hinner
524 286 8 20 .i
550 273 98 45 stadgad,
659 281 102 37 ordning,
780 312 2 2 a

52 314 64 35 bryta
130 314 177 48 proskriptionen.
312 320 67 25 'empt,
389 319 216 29 medgäldenärerne.
611 319 58 29 eller,
679 315 77 34 utsöka
770 312 33 29 sin

52 352 89 22 fordran
159 353 39 23 hos
215 351 72 29 någon
305 353 24 22 af
345 353 57 26 dem,
429 354 47 26 Och
490 352 28 22 dä
535 354 153 28 horgenären
682 362 63 20 inom.
747 361 67 23 pre-.

52 382 176 49 skriptionstiden
249 388 88 28 uttagit.
346 388 39 26 sin.
396 387 95 29 fordran,
508 388 43 22 kan
568 384 76 47 någon.
656 372 159 51 försummelse,

51 421 9 21 i
78 420 107 27 afseende,
198 420 14 22 å
232 422 188 27 preskriptionens,
435 422 131 33 afbrytande
585 422 19 28 ej
627 423 76 27 stadna
724 423 92 30 honom.

52 455 42 24 tilk:
100 455 49 24 last,

120 489 50 25 Men.
189 489 27 25 dä
235 490 41 24 det.
286 490 112 26 anmärkta
413 490 264 29 stadgandet.uppställer,
696 493 53 26 utom
762 491 54 29 be-,

52 523 169 28 talmingsdagen,
240 518 64 41 ännu,
317 531 34 20 en,
360 531 71 20 annan
449 524 149 28 tidpunkt,
570 518 29 41 dä
615 525 132 29 rättigheten.
763 526 52 29 och,

52 557 147 28 skyldigheten.
213 558 32 25 till.
265 553 176 39 preskriptionens
457 559 185 28 afbrytande.kan
655 557 93 30 öfvergå
755 559 59 29 från;

51 592 136 28 borgenären
205 592 33 26 till
256 593 137 27 gäldenären,
408 592 27 28 sä
446 593 56 22 lider
513 593 66 28 detta:
588 593 124 29 stadgande,
727 592 86 31 åtmin-,

52 628 64 22 stone
128 626 62 24 efter.
200 627 43 21 mitt
262 627 144 26 förmenande,
426 627 30 23 af;
465 629 31 25 ett
509 627 130 28 väsendtligt
652 627 35 26 fel,
702 628 41 27 och
757 627 56 29 lag-,

52 661 100 23 stiftaren
173 660 49 27 kan,
241 668 35 18 om
299 661 43 26 han
363 663 95 26 antager.
475 661 36 25 det
531 662 8 20 i
560 661 147 28 nästberörda
715 656 48 39 del,
776 662 37 29 ej;

51 694 75 29 undgå:
146 697 38 24 att,
202 695 49 24 med
269 695 158 28 öfvergifvande
445 695 29 24 af.
489 696 43 26 den
549 695 55 26 enda
621 696 118 27 'grundsats
757 704 54 21 som.

52 729 81 23 förmår
152 729 71 22 säkert
240 730 96 27 vägleda.
348 731 78 25 honom
444 730 7 21 i
470 732 77 24 ämnet,
567 730 118 28 onödigtvis
707 731 102 28 inveckla.

51 765 33 27 sig
102 765 7 20 i
127 765 138 27 motsägelser.
287 764 46 26 och.
342 764 178 28 inkonsegvenser
538 766 58 19 samt
611 764 113 28 framkalla
742 765 67 28 miss-,

51 797 104 24 förstånd.
168 799 40 21 och
226 798 161 29 förvecklingar.
399 799 8 20 i
425 798 156 28 förhållanden,
596 799 48 28 dem
658 799 44 27 han
716 799 40 22 bör
770 800 39 27 hi-.

52 833 67 28 draga
134 834 33 22 att
180 833 58 21 reda.

119 867 47 24 Den:
185 867 121 28 grundsats,
321 867 39 28 jag
381 867 46 22 här.
444 867 88 28 åsyftar.
546 866 81 29 består,
643 866 79 30 såsom.
736 867 74 30 redan.

50 901 110 26 nämndes,
175 901 49 24 helt;
235 901 74 26 enkelt
319 902 52 25 deri,
386 903 37 25 att,
433 901 137 28 borgenären,
581 901 57 28 ända
651 901 33 28 till,
699 902 48 28 och.
753 892 56 39 med;

52 936 42 27 den:
108 935 52 28 dag,
172 935 28 22 då
215 936 134 29 gäldenären
359 935 83 28 betalar
456 937 54 25 hans
525 935 88 28 fordran
628 936 42 27 och
680 936 129 28 derigenom,

50 970 104 23 träden.
137 966 20 38 i:
160 971 54 23 hans
229 970 70 27 ställe,
312 972 25 25 är
351 970 128 29 skyldig.att
489 970 46 27 icke
550 970 93 30 allenast
653 970 101 29 iakttaga
764 971 44 28 allt;

51 1004 84 23 hvad-ii
144 1005 40 22 och
200 1004 32 25 för
247 1005 188 27 preskriptionens
443 1005 129 28 afbrytande
587 1007 25 19 är,
626 997 27 34 af
659 1002 84 34 nöden,
750 1007 58 26 utan;

52 1040 44 22 ock;
110 1047 98 20 ansvara
220 1039 33 22 för
272 1040 111 27 följderna,
397 1039 26 24 af
436 1040 76 26 hvad
503 1035 10 39 i
530 1039 60 31 detta
607 1034 115 33 hänseende
737 1039 69 33 befin-.

50 1081 38 15 nes.
102 1081 57 16 vara.
169 1061 150 44 försummadt,
333 1074 40 25 och
387 1074 44 26 allt
441 1074 65 27 detta
513 1075 53 20 utan
581 1061 103 44 afseende,
695 1073 56 29 derä;
767 1081 39 21 om,

51 1109 59 22 hans,
120 1108 100 24 fordran,
233 1109 67 24 redan
318 1109 26 24 än
361 1109 39 24 hos
419 1115 26 15 en
465 1108 51 25 eller
538 1108 57 27 flerg
610 1108 25 27 af
650 1096 156 41 gäldenärerne,

51 1139 97 34 utdömd.
733 1167 2 2 .

119 1177 49 23 Den
186 1177 49 23 dom
254 1177 57 24 eller:
323 1177 80 28 utslag,
421 1177 47 28 han
482 1177 12 26 i
508 1177 61 26 detta
588 1177 99 28 afseende
704 1177 101 29 utverkat

51 1212 39 27 sig,
107 1219 50 20 eger.
171 1211 114 28 nemligen;
299 1211 66 25 äfven.
376 1211 66 26 sedan
457 1211 40 27 den
512 1211 74 26 vunnit
600 1211 49 28 laga
663 1211 64 26 kraft,
738 1206 50 33 inge

52 1253 70 14 annan
137 1245 114 28 betydelse,
267 1247 29 25 än
310 1247 32 21 att
357 1245 41 26 den
412 1246 64 25 visar,
489 1248 34 24 att
531 1246 55 26 hans
600 1245 204 32 fordringsanspräk

51 1280 89 22 blifvit
137 1274 11 40 i
158 1280 48 21 dess
221 1279 28 22 dä
263 1280 124 24 förekomna
402 1280 59 30 skick
475 1280 101 26 pröfvadt
590 1280 40 29 och
645 1279 76 28 gilladt
727 1278 32 29 af
767 1286 35 21 ve-

51 1314 109 28 dorbörlig
175 1315 124 27 myndighet
312 1316 55 23 samt
385 1316 35 23 att
435 1308 43 32 han
494 1314 71 26 tillika
582 1303 118 45 försäkrats
718 1320 41 21 Om
767 1320 36 22 ver

52 1348 134 22 derbörande
199 1344 118 35 exekutors
328 1344 164 35 -handräckning
514 1348 33 20 till
566 1341 36 36 det
618 1348 51 26 utdö
783 1373 3 1 a

53 1382 70 27 gande
140 1382 8 20 i
164 1381 53 27 laga
233 1382 93 26 ordning:
345 1382 41 24 hos
403 1381 135 27 gäldenären.
569 1381 43 25 Om
627 1381 42 27 och
700 1382 25 25 när
743 1381 60 33 detta

52 1416 57 22 skall
124 1416 52 26 sire,
183 1415 67 24 berow.
265 1416 76 24 endast.
358 1415 24 24 af
397 1415 85 27 honom,
502 1414 89 33 emedan
609 1415 46 27 han
728 1438 10 4 a

52 1450 110 22 förblifver
185 1450 40 22 den
247 1451 58 21 rätta
327 1450 133 28 borgenären
481 1443 58 32 ända
559 1449 56 27 tills;
624 1444 101 43 ufslaget.
729 1437 74 41 blifvit

52 1484 119 24 verkstäldt
192 1484 51 23 eller
265 1484 44 22 han
331 1491 78 15 annars
430 1482 42 24 fått
493 1483 41 23 den
559 1483 79 23 äskade
659 1478 142 34 betalningen.
