1017 1720
290 136 71 24 Nådiga
372 138 139 21 Propositionen
522 137 35 18 N:o
569 138 27 17 31.
757 137 43 17 1587

72 201 134 28 borgenären
225 201 133 22 omedelbart
376 209 76 20 genom
471 201 140 28 gäldenärens
629 201 121 22 insättande
765 201 7 21 i
787 201 37 28 by-

72 235 171 28 sättningshäkte
257 235 43 22 kan
315 237 53 26 göra
382 237 34 26 sig
430 236 34 21 för
476 236 32 21 sin
519 236 89 21 fordran
618 235 80 26 betald,
709 237 52 20 enär
772 235 52 22 fast-

73 277 45 14 mer
140 270 78 21 dennes
237 269 153 28 qvarhållande
405 271 7 20 i
427 270 96 27 fängelse
541 270 34 21 för
592 270 135 27 borgenären
741 269 83 22 medför

74 304 68 21 ökade
163 304 94 27 utgifter,
280 305 43 20 kan
344 304 112 26 utskottet,
475 305 34 20 för
527 305 33 21 sin
580 304 40 26 del,
638 304 48 21 icke
703 305 52 26 inse,
771 304 54 21 att
814 300 15 36 i

73 339 145 27 borgenärens
232 341 45 19 rätt
292 341 32 19 att
334 339 8 20 i
353 339 200 28 bysättningshäkte
563 339 81 21 insätta
655 338 109 28 gäldenär,
776 338 48 22 med

72 373 112 28 undantag
203 373 24 21 af
243 373 26 22 de
288 373 38 22 fall
342 372 27 22 då
383 373 124 28 bysättning
522 380 50 21 eger
586 380 48 14 rum
649 373 34 21 för
697 373 60 22 vexel
772 373 53 21 eller

72 407 93 27 löpande
180 407 146 27 förskrifning,
341 407 90 21 hvarom
445 415 29 14 nu
489 408 47 21 icke
550 409 26 20 är
590 406 68 28 fråga,
673 420 29 3 —
713 407 71 21 kunde
795 407 29 21 el-

73 440 32 22 ler
126 440 57 28 finge
204 441 97 27 inläggas
323 440 67 28 något
408 443 66 19 annat
493 440 106 26 ändamål,
618 442 28 19 än
660 442 33 20 att
708 440 118 28 dymedelst

73 474 70 22 förmå
158 474 130 28 gäldenären
302 475 33 21 till
350 475 94 21 konkurs
460 476 51 20 eller
526 477 32 19 att
569 474 126 22 framlemna
708 474 116 28 befintliga,

74 516 49 15 men
138 509 138 22 undandolda
290 508 122 29 tillgångar.
441 510 77 21 Denna
532 509 148 21 bestämmelse
695 509 34 21 för
744 509 81 28 bysätt-

74 544 78 28 ningen
173 545 41 21 har
236 544 60 26 dock,
316 542 68 23 sävidt
403 544 104 21 utskottet
524 544 83 21 kunnat
625 544 65 26 finna,
705 544 7 20 i
728 543 41 22 den
787 542 38 22 nä-

75 578 50 28 diga
139 579 161 27 propositionen
314 578 46 21 icke
375 578 70 22 blifvit
459 578 129 28 tillbörligen
601 578 75 22 afsedd
686 578 52 22 eller
750 576 76 23 åtmin-

73 614 62 21 stone
148 613 48 22 icke
210 613 129 28 följdriktigt
353 612 132 29 genomförd.

142 648 110 21 Ehuruväl
266 647 116 28 medgifvas
397 647 68 22 måste
480 649 32 20 att
527 647 107 28 åtskilliga
648 647 24 22 af
685 647 26 22 de
726 647 99 22 anmärk-

74 681 83 28 ningar,
176 689 45 14 som
236 681 58 28 gälla
308 681 246 28 bysättningsfängelset,
570 682 62 21 äfven
647 683 37 20 äro
700 680 29 29 på
744 681 82 22 arbets-

74 715 87 29 tvånget
182 715 134 28 tillämpliga,
338 716 144 21 förekommer
504 716 54 21 dock
576 718 33 19 att
627 716 130 27 gäldenären
771 716 9 21 i
794 715 32 22 öf-

74 751 118 22 verskottet
210 751 23 21 af
246 751 32 20 sin
294 750 172 27 arbetsförtjenst
481 757 50 21 eger
546 757 26 15 en
587 749 96 29 tillgång,
698 749 29 28 på
741 750 85 22 hvilken

74 785 135 28 borgenären
227 785 40 22 bör
285 791 61 15 anses
364 784 65 21 hafva
444 785 82 27 skäliga
540 784 100 28 anspråk.
670 785 11 20 I
695 784 54 28 följd
764 784 65 22 häraf

74 820 63 22 torde
156 819 35 22 det
210 819 18 28 ej
247 819 67 22 sakna
332 819 30 21 all
379 819 128 27 befogenhet
521 821 33 20 att
567 820 65 27 utväg
648 820 65 20 sättes
728 819 8 21 i
750 819 76 28 borge-

74 856 104 20 närernas
200 853 82 21 händer
304 855 32 19 att
356 853 144 27 tillgodogöra
522 854 32 28 sig
577 853 70 21 denna
664 852 97 29 tillgång,
777 854 8 20 i
800 853 26 22 de

74 888 40 22 fall
132 887 28 22 då
178 888 130 28 gäldenären
323 887 102 27 antingen
441 888 47 20 icke
502 888 57 21 visar
573 886 43 29 håg
631 888 40 20 och
686 887 43 22 lust
744 890 32 20 att
791 895 35 21 ge-

75 930 50 15 nom
143 922 97 28 frivilligt
258 922 73 22 arbete
350 922 59 26 söka,
425 920 69 24 såvidt
508 922 8 21 i
530 922 54 22 hans
599 920 98 29 förmåga
712 921 51 28 står,
778 922 49 22 full-

76 959 53 27 göra
146 958 47 20 sina
211 956 147 26 förbindelser,
377 956 52 22 eller
446 956 153 28 undandrager
618 956 32 28 sig
665 958 32 20 att
711 957 115 21 tillhanda-

75 992 59 22 hålla
144 992 135 27 borgenären
290 991 36 21 det
333 991 117 21 öfverskott
457 991 54 21 hans
519 991 173 27 arbetsförtjenst
699 992 43 21 kan
749 992 77 20 lemna.

76 1026 61 22 Dock
152 1032 61 22 synes
228 1026 70 21 denna
313 1025 198 28 arbetsskyldighet,
526 1024 29 28 på
570 1026 43 20 sätt
624 1026 161 26 propositionen
796 1025 32 21 äf-

75 1068 41 14 ven
137 1058 124 28 innehåller,
280 1060 47 21 icke
345 1060 72 20 kunna
436 1058 87 29 åläggas
542 1059 104 28 gäldenär
660 1059 34 22 för
708 1060 75 25 andra,
798 1060 30 20 än

75 1096 55 20 hans
152 1101 55 21 egna
226 1094 83 21 direkta
326 1094 148 26 förbindelser,
494 1094 51 22 eller
559 1094 8 20 i
581 1092 67 29 något
666 1094 38 21 fall
718 1093 109 23 åhvälfvas

76 1130 79 21 honom
170 1127 28 29 på
213 1136 26 14 en
254 1128 136 28 obegränsad
404 1128 38 22 tid.

145 1163 11 21 I
170 1163 100 21 afseende
285 1162 13 22 å
312 1162 155 28 försäljningen
483 1162 24 22 af
518 1163 8 21 i
540 1163 46 20 mät
600 1164 65 26 tagen
680 1162 102 28 fastighet
796 1162 32 21 in-

76 1196 98 23 nehåller
192 1197 36 21 det
244 1196 70 28 tredje
332 1196 24 21 af
368 1196 166 28 ifrågavarande
548 1196 220 28 författningsförslag
783 1198 45 20 sär-

77 1232 69 21 skilda
160 1231 141 22 härförinnan
314 1230 94 22 saknade
418 1232 100 20 närmare
528 1230 133 22 föreskrifter
672 1232 82 25 härom,
766 1231 62 21 hvar-

74 1265 68 28 jemte
163 1266 117 27 ändringar
297 1265 9 21 i
323 1272 30 14 nu
375 1265 99 27 gällande
493 1265 133 27 stadganden
645 1272 35 14 om
694 1264 135 22 förfarandet

76 1299 36 22 vid
130 1299 58 28 dylik
206 1299 126 27 försäljning
350 1298 83 27 införts,
453 1299 3 20 i
472 1298 99 22 ändamål
590 1301 32 19 att
640 1298 110 29 påskynda
769 1305 59 14 exse-

76 1334 103 21 kutionen
194 1334 40 21 och
249 1333 69 21 tillika
333 1333 79 21 bereda
426 1335 90 25 utvägar
532 1334 32 20 att
576 1333 123 21 densamma
709 1331 36 23 må
756 1333 73 21 kunna

77 1366 29 29 på
121 1368 34 21 för
170 1368 129 26 sakegarene
313 1366 162 28 förmonligaste
489 1366 69 21 vilkor
573 1366 77 28 aflöpa.

146 1402 43 21 Vid
208 1400 157 29 granskningen
384 1400 24 22 af
421 1400 26 22 de
462 1400 106 22 särskilda
582 1400 247 28 författningsförslagen

78 1437 40 22 har
132 1436 104 22 utskottet
251 1435 70 22 funnit
335 1436 33 28 sig
381 1435 65 22 hafva
456 1434 115 29 anledning
582 1435 33 21 till
626 1434 94 29 följande
731 1435 99 22 anmärk-

79 1472 84 28 ningar.
