1003 1717
285 156 71 23 Nädiga
367 158 137 21 Propositionen
516 158 34 17 N:o
563 158 28 20 25.
745 159 44 16 1225

61 219 34 22 tid
107 219 87 26 införes,
209 219 40 23 har
263 220 104 22 utskottet
380 221 57 22 velat
454 219 79 23 föreslä
548 222 33 20 att
594 228 27 15 en
635 221 86 22 erinran
738 221 74 23 derom

63 254 109 21 meddelas
187 261 76 20 genom
277 255 76 27 tillägg
367 255 25 21 af
404 255 72 26 orden,
492 255 25 21 sä
525 255 52 28 fort
592 255 34 22 ske
642 255 49 21 kan.

129 287 50 22 Med
194 288 115 28 anledning
323 289 24 22 af
360 289 40 21 den
415 289 131 28 förändring,
558 296 45 14 som
614 289 134 22 beträffande
762 289 49 21 bor-

62 322 132 29 genärseden
212 323 40 20 här
267 322 63 22 ofvan
345 323 67 21 under
427 324 11 27 &
454 324 26 19 25
496 323 127 28 föreslagits,
639 325 25 19 är
678 322 29 29 pä
722 324 42 20 sätt
779 330 32 14 re-

61 357 41 20 dan
118 355 13 22 &
146 356 91 22 anförda
251 357 62 21 ställe
328 357 108 21 anmärkts
454 365 26 14 en
498 357 126 28 förändring
643 357 24 30 af
683 357 69 21 första
768 364 43 15 mo-

61 393 80 19 mentet
156 391 7 21 i
179 392 26 20 97
221 391 11 28 $
247 390 101 29 päkallad
362 392 7 20 i
385 392 35 20 det
439 392 54 27 syfte
511 393 32 20 att
562 391 118 22 domstolen
694 390 54 29 egde
762 390 49 29 ingä

59 425 7 21 i
86 425 101 28 pröfning
206 425 24 22 af
246 425 207 28 fordringsanspräk,
472 427 111 20 hvaremot
605 427 141 27 anmärkning:
768 426 43 21 för-

60 462 77 25 sports,
153 462 52 19 utan
221 460 99 21 afseende
335 459 51 22 derä
401 463 31 18 att
447 459 115 29 anspräket
577 468 49 14 vore
641 461 24 20 af
677 461 134 27 borgenären

62 493 121 29 beedigadt.
205 494 11 21 I
230 495 141 21 nästnämnde
386 496 11 26 $
413 495 87 28 stadgas
514 495 73 21 vidare
602 497 32 19 att
648 495 94 26 fordran,
755 497 56 19 emot

60 528 84 22 hvilken
163 529 141 28 anmärkning
321 529 18 27 ej
359 529 61 26 skett,
440 529 67 22 skulle
529 536 62 15 anses
612 528 71 23 säsom
705 529 106 28 godkänd,

59 569 49 15 men
123 565 33 18 att
170 563 77 21 Rätten
267 563 95 21 deremot
379 563 53 28 egde
446 563 119 22 bestämma
580 563 40 22 den
635 563 101 28 ordning,
751 563 60 21 hvari

59 597 151 28 fordringarne
228 597 61 21 skola
306 597 58 28 utgä,
380 598 66 27 enligt
463 597 56 22 hvad
538 597 73 22 derom
629 605 77 20 genom
720 597 91 22 särskild

59 631 126 27 förordning
203 639 49 13 vore
275 631 106 27 stadgadt.
414 632 76 21 Ehuru
512 632 65 21 häraf
597 639 61 21 synes
680 634 32 19 att
733 633 78 19 Rätten

61 672 50 20 eger
129 664 51 28 ingå
198 665 7 21 i
223 665 100 27 pröfning
343 665 23 21 af
381 666 68 27 yrkad
470 666 145 25 förmonsrätt,
638 668 52 19 utan
712 666 99 21 afseende

61 697 53 23 derå
127 706 35 15 om
177 700 140 27 anmärkning
332 699 94 22 deremot
441 697 67 31 gjorts
524 699 51 22 eller
590 700 52 26 icke,
653 700 41 21 har
708 700 103 21 utskottet

61 733 65 22 likväl
141 736 70 19 ansett
226 736 32 19 att
273 734 135 22 föreskriften
424 734 72 21 derom
514 734 67 21 borde
596 734 142 28 uttryckligen
752 735 59 20 näm-

60 776 45 19 nas,
121 768 100 22 hvarföre
235 768 104 22 utskottet
349 769 40 21 här
400 768 110 28 föreslagit
520 770 31 20 ett
562 768 157 28 förtydligande
730 768 81 28 tillägg.

129 803 10 21 I
155 804 26 20 98
197 803 11 27 &
223 802 136 22 föreskrifves
374 805 32 19 att
420 803 87 21 Hofrätt
525 804 76 26 genast
615 803 54 21 skall
683 803 79 21 utlotta
776 810 35 20 ge-

61 844 50 14 nom
125 837 42 21 vad
184 838 116 20 inkommet
317 837 137 22 konkursmäl
472 838 40 21 och
527 836 25 23 sä
566 837 43 22 fort
623 838 38 21 ske
675 838 43 20 kan
732 838 33 20 till
780 838 31 20 af-

62 872 94 27 görande
171 871 98 28 företaga
284 872 126 26 detsamma;
426 879 48 14 men
489 872 89 21 emedan
594 872 40 21 den
648 872 38 25 tid,
701 872 111 21 hvarinom

60 906 147 21 konkursdom
225 906 40 22 bör
282 906 98 28 utgifvas,
402 906 66 22 finnes
490 908 68 20 utsatt
580 906 34 22 för
636 906 175 26 Underrätterne,

62 948 49 14 men
131 940 94 22 deremot
244 940 77 22 saknas
339 940 56 22 hvad
410 940 137 22 Hofrätterne
566 940 73 28 angär,
654 941 40 20 har
709 940 104 22 utskottet

60 977 55 19 trott
133 975 32 27 sig
183 974 53 22 böra
254 974 79 22 föreslå
351 976 31 20 ett
399 975 75 27 tillägg
489 975 73 21 derom
577 976 32 20 att
623 974 125 22 Hofrättens
764 974 48 22 dom

61 1004 54 37 skall
124 1010 41 22 sist
176 1009 57 21 inom
244 1008 38 22 tvä
291 1008 102 23 mänader
405 1009 53 21 efter
468 1009 237 27 skriftvexlingens
658 1004 44 37 slut
712 1009 98 27 utgifvas.

129 1044 73 27 Enligt
219 1045 42 19 115:
274 1044 11 28 $
301 1044 67 21 skulle
383 1044 35 21 det
434 1043 70 29 åligga
518 1043 118 22 Underrätt
650 1045 32 20 att
696 1042 59 24 hällä
770 1043 42 21 för-

63 1078 100 29 teckning
179 1077 61 31 öfver
259 1078 38 22 der
315 1078 121 27 anhängiga
453 1076 144 24 konkursmäl.
626 1071 134 28 Åtminstone
778 1077 35 21 vid

61 1106 30 27 en
107 1112 34 21 del
158 1111 187 23 Rädstufvurätter
362 1111 68 22 hållas
452 1112 34 21 för
503 1111 134 22 närvarande
656 1118 156 21 gemensamma

63 1147 79 21 diarier
157 1141 59 26 såväl
230 1146 35 21 för
279 1147 94 21 konkurs
387 1153 46 14 som
450 1146 69 22 andra
536 1145 54 28 mål;
609 1153 48 14 men
676 1145 27 22 dä
722 1145 91 30 önskligt

60 1188 51 14 vore
129 1183 39 23 att,
187 1180 34 21 för
238 1180 106 22 vinnande
362 1175 24 26 af
402 1188 26 14 en
446 1181 78 21 lättare
542 1180 94 21 kontroll
654 1181 41 20 och
712 1180 101 30 Ofversigt

62 1215 60 21 öfver
137 1208 174 28 konkursmälens
326 1215 136 27 behandling,
478 1214 101 21 särskildt
594 1214 91 21 diarium
698 1214 70 31 blefve
779 1214 34 21 för

62 1249 63 21 dessa
143 1248 43 21 mäl
201 1249 34 20 vid
253 1248 74 28 hvarje
345 1248 117 21 Underrätt
480 1248 63 26 fördt,
564 1249 40 20 har
622 1248 103 21 utskottet
744 1250 69 19 ansett

60 1285 33 19 att
116 1283 118 27 stadgande
257 1283 73 21 derom
348 1283 66 20 borde
436 1283 40 20 här
498 1283 91 27 intagas.
618 1282 111 21 Likaledes
751 1282 62 21 torde

60 1317 116 28 uttrycklig
199 1316 110 22 föreskrift
322 1316 60 21 böra
404 1315 108 23 meddelas
535 1316 73 22 derom.
630 1318 32 19 att
679 1317 10 20 i
706 1316 106 21 diarierne

61 1353 108 25 noggrant
188 1351 79 20 införes
287 1351 67 26 dagen
370 1349 27 21 dä
416 1350 279 27 hbevakningshandlingar.i
709 1351 104 20 konkurs-

61 1384 43 21 mål
123 1384 46 21 före
189 1384 194 27 inställelsedagen.
392 1384 33 20 till
443 1383 144 22 domstolarne
604 1383 96 22 insändts
716 1383 52 21 eller
782 1384 31 20 in-

61 1419 78 28 gifvits,
157 1417 30 29 pä
205 1418 35 21 det
259 1420 32 19 att
309 1417 159 22 vederbörande
486 1418 131 27 borgenärer
635 1416 35 23 mä
688 1417 35 22 vid
742 1416 71 29 päfor-

61 1453 56 22 dran
138 1453 73 21 kunna
233 1459 75 22 genom
331 1452 77 27 utdrag
426 1452 24 21 af
467 1452 106 21 diarierne
596 1451 81 22 erhålla
698 1451 58 22 bevis
779 1459 35 14 om

62 1488 60 22 tiden
136 1488 40 21 när
191 1487 285 28 bevakningshandlingarne
490 1486 34 21 till
538 1486 118 22 domstolen
674 1486 117 26 inkommit,
806 1486 8 21 i
