978 1720
262 145 73 25 Nådiga
346 147 137 22 Propositionen
495 148 35 18 N:o
543 149 27 16 27.
727 149 43 18 1439

44 209 147 30 beskafenhet.
224 210 88 23 Brister
333 211 67 30 något
424 212 57 27 häri,
499 211 72 29 plikte
592 212 41 22 den
648 212 91 29 felande
762 213 30 20 tio

42 244 69 21 mark.

111 286 48 21 Den
177 295 44 13 som
239 289 66 27 utgör
323 288 147 29 reservskjuts,
490 288 56 22 skall
563 290 42 19 när
621 289 121 28 ordningen
758 289 35 21 till

44 321 77 21 honom
136 321 100 26 kommer,
251 326 76 24 genast
339 323 32 28 på
385 323 162 28 gästgifvarens
562 323 42 21 bud
619 324 36 20 till
670 323 122 29 skjutsning

43 357 34 27 sig
98 356 89 27 infinna.
216 355 61 22 Dock
299 357 35 21 må
353 357 20 29 ej
390 358 72 28 någon
476 359 10 20 i
501 358 55 21 håll-
575 358 51 21 eller
645 357 146 29 reservskjuts,

43 390 20 29 ej
82 390 67 21 heller
164 391 135 28 gästgifvare
316 392 84 28 tvingas
416 395 33 18 att
463 392 68 21 under
546 395 31 18 ett
591 392 57 29 dygn
663 391 83 30 skjutsa
762 391 31 30 of-

43 428 48 17 tare
107 426 28 19 än
151 432 25 14 en
189 425 59 29 gång
263 426 47 20 med
326 426 74 28 hvarje
417 426 55 21 häst.

110 467 156 22 Försummelse
286 471 32 18 att
334 468 13 22 å
363 468 89 29 behörig
473 468 32 22 tid
523 469 83 27 infinna
620 470 34 28 sig
669 470 10 20 i
694 466 55 24 håll-
764 470 29 20 el-

43 502 32 21 ler
97 502 141 29 reservskjuts
259 504 105 27 umgälles
385 504 48 21 med
452 505 30 19 tio
500 503 73 22 marks
593 504 67 26 böter,
679 504 113 21 hvarutom

42 537 137 29 gästgifvare
201 544 49 22 eger
273 538 48 28 lega
339 538 50 20 häst
407 538 39 20 och
464 538 71 22 åkdon
550 538 32 28 på
600 538 40 22 den
648 539 144 29 försumliges

43 570 123 22 bekostnad.
190 570 141 30 Gästgifvare
347 572 55 21 skall
418 572 37 21 vid
470 572 177 29 reservskjutsens
657 572 134 29 påkallande

41 613 58 21 noga
115 606 62 29 följa
197 606 42 21 den
261 607 94 28 ordning
375 605 139 24 Guvernören
526 608 119 28 fastställt,
664 608 39 21 och
713 607 78 30 plikte,

43 647 33 14 om
92 641 43 20 han
151 641 96 21 häremot
263 641 80 28 bryter,
359 643 30 20 tio
404 641 70 22 mark.

110 682 70 22 Såväl
197 684 29 20 då
245 683 148 29 skjutsningen
412 685 26 20 är
458 684 67 21 ställd
536 685 32 28 på
583 685 149 28 entreprenad,
748 692 45 14 som

42 719 61 27 eljest
125 718 40 21 bör
187 719 70 25 alltid,
283 718 52 21 både
354 719 9 20 i
382 719 48 20 stad
449 719 39 20 och
501 719 33 28 på
553 719 78 26 landet,
650 720 41 20 den
706 719 86 22 hvilken

37 753 64 28 först
117 753 35 20 till
167 753 152 28 gästgifveriet
335 753 117 21 ankommit
468 753 38 21 och
520 754 40 21 vill
575 761 63 13 resan
652 757 54 18 utan
721 755 71 28 dröjs-

41 787 45 21 mål
95 787 117 28 fortsätta,
228 787 101 28 derifrån
337 788 64 27 först
416 788 85 21 erhålla
513 788 56 26 häst,
581 788 52 21 dock
646 792 32 17 att
690 789 34 27 för
735 789 56 28 fort-

42 821 109 30 skafande
171 821 25 29 af
208 825 57 24 post,
285 822 28 20 då
333 822 67 21 sådan
418 823 108 25 inväntas,
542 822 146 29 skjutshästar
704 823 45 21 alla
765 823 26 21 ti-

42 856 39 21 der
96 856 25 29 af
134 856 77 28 dygnet
227 855 60 21 skola
297 856 74 26 finnas
387 860 33 16 att
434 860 75 24 genast
524 857 81 27 tillgå."

110 899 42 21 Det
167 899 7 20 i
191 900 24 19 12
232 900 10 26 8
258 898 90 28 intagna
367 898 127 28 stadgandet
513 906 35 14 om
563 900 25 20 de
603 900 188 28 skjutsningsskyl-

43 933 58 28 diges
125 932 114 29 åliggande
257 934 32 20 att
307 933 71 27 bygga
393 933 39 21 och
448 932 126 23 underhålla
589 934 123 27 gästgifveri
727 934 65 22 hafva

42 968 119 22 Ständerne
176 969 69 20 ansett
259 967 55 21 böra
328 967 78 21 ändras
422 967 87 27 derhän,
525 970 32 19 att
572 968 35 21 det
621 968 71 22 kunde
707 976 40 20 ega
758 968 33 22 til-

41 1002 133 28 lämplighet,
190 1002 61 21 äfven
266 1002 46 21 ifall
328 1002 40 21 den
383 1002 7 20 i
406 1002 40 21 den
461 1001 85 29 Nådiga
560 1003 160 27 propositionen
735 1003 56 21 före-

41 1036 76 28 slagna
139 1036 96 28 grunden
257 1036 34 21 för
313 1035 202 29 skjutshållningens
536 1037 120 27 utgörande
674 1037 117 28 undergick

41 1070 72 29 någon
131 1071 97 27 ändring.
258 1070 10 22 I
287 1069 76 22 sådant
378 1070 54 28 syfte
446 1071 64 21 hafva
526 1070 119 22 Ständerna
659 1072 85 21 förenat
759 1072 32 28 sig

41 1113 35 13 om
94 1104 94 28 följande
205 1104 81 29 lydelse
304 1104 33 22 för
352 1105 65 27 sagde
432 1106 18 27 8:
480 1104 148 30 ,Gästgifveri
636 1106 44 28 får
694 1107 97 21 inrättas

41 1140 14 21 å
71 1140 30 21 all
113 1140 54 28 jord
180 1140 30 28 på
225 1140 79 26 landet,
320 1140 103 28 antingen
438 1140 40 21 den
494 1140 77 22 tillhör
586 1140 92 22 Kronan
693 1142 52 20 eller
757 1148 34 14 en-

41 1174 58 22 skild
114 1181 60 19 man;
190 1174 37 21 och
243 1174 39 21 bör
299 1174 13 21 å
326 1175 133 28 gästgifveri
467 1175 42 28 för
525 1175 24 21 de
561 1175 101 21 resandes
674 1176 38 20 och
724 1175 67 29 skjut-

41 1209 76 20 sandes
137 1209 63 28 behof
218 1209 109 27 äfvensom
336 1209 41 28 för
392 1210 151 28 gästgifvaren
559 1210 44 26 och,
619 1210 39 20 der
673 1210 117 28 skjutsnin-

41 1250 41 22 gen
97 1244 29 20 är
141 1243 102 28 upplåten
255 1243 31 28 på
302 1244 148 27 entreprenad,
460 1244 42 28 för
514 1245 168 27 entreprenören
694 1244 38 21 och
744 1244 46 22 dess

35 1277 50 28 folk
96 1277 74 27 finnas
185 1278 82 27 nödiga
282 1277 139 28 boningsrum
437 1278 39 21 och
490 1278 69 21 uthus.
583 1278 49 21 Kan
648 1286 78 20 egaren
738 1280 53 19 eller

41 1311 156 28 innehafvaren
216 1312 25 28 af
254 1311 80 29 jorden
353 1311 45 21 icke
412 1312 88 27 förmås
520 1315 32 18 att
571 1312 102 29 behöftige
688 1320 49 14 rum
752 1313 39 21 och

42 1346 125 28 byggnader
182 1346 35 20 till
234 1346 133 28 gästgifveri
380 1347 90 26 upplåta
486 1346 38 20 och
535 1347 136 25 underhålla,
683 1354 52 13 vare
748 1347 43 20 han

42 1380 69 21 likväl
129 1380 83 27 pligtig
236 1383 33 16 att
283 1380 9 20 i
307 1380 94 27 enlighet
419 1380 47 20 med
484 1380 102 28 gällande
605 1381 186 27 expropriations-

42 1415 36 27 lag
96 1414 76 21 dertill
191 1414 133 28 erforderlig
342 1413 61 21 mark
424 1414 58 28 afstå
497 1413 39 22 och
551 1414 85 28 åligger
650 1414 36 22 det
702 1414 28 22 då
746 1416 45 20 alla

40 1449 32 27 de,
88 1456 45 14 som
147 1450 9 19 i
171 1447 230 30 skjutsningsbesväret
416 1448 93 29 deltaga,
526 1452 32 18 att
572 1450 10 20 i
586 1449 144 29 förhållande
742 1450 49 21 der-

43 1484 35 22 till
93 1483 131 30 gästgifveri
239 1483 70 29 bygga
324 1483 38 21 och
377 1483 147 22 underhålla."
