984 1717
205 163 45 17 1364
406 161 72 23 Nådiga
488 162 138 22 Propositionen
638 162 35 17 N:o
686 162 27 16 27.

249 225 127 29 Byggandet
397 226 41 21 och
459 224 136 22 underhållet
612 224 25 22 af
652 225 70 28 byväg
739 224 49 23 med
803 225 49 21 dess
866 226 67 20 trum-

182 267 47 15 mor
250 261 41 21 och
311 260 67 21 broar
400 258 83 29 åligger
498 259 75 22 endast
588 259 27 21 de
629 259 248 27 lägenhetsinnehafvare
892 260 40 21 och

182 295 68 27 öfrige
264 293 255 29 vägbyggnadsskyldige,
535 300 46 14 som
595 294 32 27 sig
643 294 24 20 af
681 293 47 21 dem
741 293 93 28 betjena.
857 294 14 27 I
880 294 52 21 hän-

182 329 58 21 delse
262 328 63 22 skifte
347 328 25 21 af
390 328 69 27 byväg
478 328 125 28 delegarene
623 328 90 21 emellan
731 327 132 27 verkställes,
879 327 55 23 skall

182 362 78 23 sådant
281 363 37 21 ske
333 362 54 22 efter
402 362 156 22 ofvannämnde
571 362 164 28 mantalsgrund
750 362 40 22 och
805 362 7 21 i
827 362 41 22 den
883 362 50 22 mån

183 398 80 22 enhvar
276 397 102 22 behöfver
392 398 69 26 vägen
474 396 77 28 nyttja.

250 431 130 22 Industriela
397 430 144 28 inrättningar
559 432 56 20 samt
629 430 183 22 landthandlande
827 431 40 22 och
882 437 51 21 apo-

182 466 80 26 tekare,
282 466 72 21 hvilka
372 464 86 29 deltaga
472 465 7 21 i
494 464 136 22 underhållet
648 465 24 21 af
689 465 78 22 skiftad
782 466 75 28 byväg,
873 466 61 21 skola

181 500 72 22 dertill
267 500 91 27 bidraga
372 500 50 21 med
436 500 125 26 penningar,
577 506 52 19 som,
644 498 29 29 på
687 501 44 20 sätt
744 501 79 27 vägens
835 500 98 28 delegare

182 535 189 25 öfverenskomma,
386 534 110 28 uppbäras
508 534 40 22 och
559 534 34 20 till
603 535 80 27 vägens
693 534 114 22 underhåll
817 534 115 22 användas.

533 588 12 28 8
561 589 19 20 5.

250 632 144 28 Landsvägar,
417 638 46 15 som
484 631 50 22 leda
556 631 91 22 emellan
669 632 73 21 städer
763 632 41 22 och
821 632 112 28 köpingar,

181 667 56 22 böra
250 674 53 15 vara
317 665 48 23 från
380 665 46 23 åtta
440 666 33 21 till
487 666 46 26 tolf,
549 668 55 19 samt
619 666 67 28 öfrige
701 666 129 28 landsvägar
844 667 19 27 ej
879 667 54 21 min-

182 701 38 22 dre
235 702 28 21 än
277 707 39 15 sex
330 701 62 21 alnar
406 700 74 26 breda,
497 700 35 22 det
547 700 34 22 för
597 700 62 22 diken
674 699 13 23 å
702 702 58 20 ömse
775 701 59 22 sidor
848 708 35 15 om
897 703 37 21 vä-

181 742 43 22 gen
246 735 140 28 erforderliga
406 736 116 29 utrymmet
545 735 48 21 häri
614 734 47 22 icke
684 735 127 28 inbegripet.
840 736 94 21 Ankom-

181 769 78 23 mande
281 770 36 21 det
335 768 13 23 å
366 769 138 23 Guvernören
525 771 38 25 att,
582 770 8 20 i
608 769 219 23 öfverensstämmelse
844 770 90 22 härmed

182 804 54 22 efter
254 804 102 28 pröfning
374 804 24 21 af
411 804 216 27 omständigheterna,
643 804 34 21 för
692 804 73 27 hvarje
780 804 38 22 fall
832 806 102 20 närmare

181 838 146 22 förordnande
345 838 8 20 i
371 838 72 22 ämnet
465 838 105 22 meddela.
599 838 73 28 Byväg
690 837 57 23 hålle
765 838 65 22 minst
844 839 43 21 fem
902 838 30 22 al-

182 879 41 15 nar
236 872 9 21 i
259 872 74 22 bredd.

534 909 11 28 8
562 910 19 20 6.

251 951 34 23 Då
298 960 29 23 ny
340 951 105 29 landsväg
458 952 56 22 skall
527 952 88 28 byggas,
631 950 43 24 låte
689 952 139 23 Guvernören
841 953 37 22 vid
889 954 43 22 Hä-

180 986 97 23 radsrätt
298 986 122 22 undersöka
441 994 35 14 om
497 986 100 22 hbehofvet
616 986 65 28 deraf,
701 987 108 22 äfvensom
824 987 53 22 hvar
893 988 41 22 den

181 1021 123 29 lämpligast
319 1021 41 22 och
374 1021 48 21 med
437 1021 78 21 minsta
529 1021 92 21 kostnad
635 1021 43 22 kan
693 1022 109 28 anläggas.

250 1056 71 27 Egare
342 1055 53 21 eller
416 1055 139 22 innehafvare
570 1055 24 22 af
603 1055 51 27 jord
668 1063 51 14 vare
733 1056 77 28 pligtig
825 1058 33 20 att
872 1058 62 21 mark

180 1090 34 22 till
232 1090 105 28 landsväg
350 1088 98 29 upplåta,
462 1097 49 14 men
526 1090 59 28 njute
600 1090 35 21 för
649 1090 78 22 odlade
742 1098 51 20 egor
807 1091 25 21 af
844 1091 89 22 Kronan

182 1124 125 28 ersättning,
329 1124 64 21 hvars
415 1123 79 28 belopp
516 1124 129 28 bestämmes
662 1124 8 20 i
689 1124 41 21 den
753 1124 96 29 ordning,
866 1127 67 21 som
919 1119 17 38 i

181 1158 100 27 gällande
296 1158 208 27 expropriationslag
518 1157 34 22 för
567 1157 72 28 dylika
652 1157 39 22 fall
705 1160 25 19 är
745 1158 98 28 stadgad.

532 1212 12 27 $
560 1212 19 20 7.

248 1254 43 21 Vid
313 1253 131 28 anläggning
465 1254 25 20 af
509 1254 104 27 landsväg
635 1254 40 22 och
693 1254 33 22 till
740 1254 115 22 underhåll
869 1256 65 22 anbe-

180 1288 53 22 falld
255 1288 70 27 byväg
346 1287 55 22 skall
422 1288 67 20 tillses
508 1289 32 20 att
558 1289 68 26 vägen
645 1287 92 22 erhåller
751 1289 98 28 varaktig
863 1290 71 27 grund

181 1322 41 22 och
243 1322 66 28 nödig
330 1321 80 22 fasthet
432 1323 56 20 samt
509 1320 68 23 sådan
591 1322 101 28 byggnad
707 1324 32 20 att
753 1324 72 21 vatten
841 1323 18 29 ej
876 1326 57 20 stan-

181 1364 41 15 nar
239 1356 14 22 å
271 1356 47 22 den.
348 1350 19 28 Å
386 1355 58 23 båda
462 1356 59 22 sidor
535 1363 35 15 om
584 1358 68 26 vägen
667 1357 68 27 skola,
751 1358 38 22 der
803 1357 25 23 så
842 1359 91 27 fordras,

181 1391 64 22 diken
260 1391 86 29 gräfvas
362 1390 40 23 och
416 1390 49 22 med
479 1390 76 29 nödigt
569 1390 72 29 aflopp
656 1391 75 23 förses.
757 1392 56 22 Trän
829 1393 52 22 eller
895 1394 40 22 bu-

181 1426 57 27 skar,
257 1433 46 15 som
320 1426 48 22 icke
382 1426 34 21 till
430 1425 99 29 prydnad
544 1426 127 28 planterade
686 1428 38 21 äro
740 1427 51 22 eller
805 1428 69 22 under
889 1430 45 21 sär-

180 1460 57 23 skild
253 1460 55 23 vård
327 1462 64 26 tagne
406 1460 40 22 och
461 1459 129 28 bibehållne,
605 1461 54 22 böra
674 1460 13 22 å
701 1462 106 22 hvardera
821 1463 62 22 sidan
899 1460 34 26 om

180 1496 68 27 vägen
269 1494 57 22 ifrån
347 1496 57 27 yttre
421 1494 80 22 kanten
519 1494 25 22 af
557 1494 58 22 diket
628 1494 33 23 till
675 1497 40 25 tre,
734 1496 48 27 och,
797 1497 38 22 der
851 1497 48 23 dike
914 1498 19 28 ej
