1023 1725
212 148 44 16 1774
434 148 83 17 Finlands
530 148 84 16 Ständers
626 148 66 16 Beslut.

532 210 12 27 8
559 212 34 19 41.

258 252 111 22 Förordna
387 252 120 22 Ständerna
525 252 179 28 omedelbarligen
722 252 52 22 eller
793 252 53 22 efter
868 253 73 21 anmä-

190 287 36 22 lan
241 286 48 23 från
303 287 88 26 utskott,
407 289 32 19 att
452 286 67 29 något
537 287 78 22 ärende
633 287 40 21 bör
687 286 25 22 af
724 286 36 22 två
775 287 51 21 eller
840 286 54 22 flera
907 288 35 19 ut-

190 322 58 21 skott
262 321 108 27 förenade,
389 321 33 22 till
439 322 118 27 beredning
574 323 113 26 upptagas,
703 321 60 22 skola
778 322 62 21 dessa
854 321 89 25 utskott,

191 357 63 21 hvart
271 357 58 20 inom
347 356 42 28 sig,
404 358 47 19 utse
470 356 130 28 deputerade
618 356 34 21 till
668 357 45 20 lika
733 356 59 21 antal
806 355 48 22 från
869 355 75 28 hvarje

191 390 69 27 stånd,
276 392 32 20 att
321 391 89 21 ärendet
424 391 122 28 handlägga
561 391 39 21 och
616 391 45 21 deri
675 390 80 28 afgifva
769 390 106 29 yttrande,
890 391 53 20 utan

192 428 32 19 att
238 426 120 21 utskottens
373 426 69 28 öfriga
457 426 118 21 ledamöter
587 426 8 21 i
605 426 99 21 ärendets
715 426 121 27 beredning
847 427 53 26 taga
912 425 35 21 del

260 461 43 20 För
325 459 91 22 sålunda
437 462 140 20 sammansatt
597 460 82 21 utskott
701 460 56 28 gälle
778 461 8 20 i
808 459 65 29 öfrigt
895 467 49 14 ena-

192 495 72 21 handa
279 494 132 22 föreskrifter
426 502 46 15 som
486 495 34 22 för
535 495 82 22 utskott
631 495 8 21 i
654 495 122 21 allmänhet.

537 557 12 27 $
565 557 33 20 42.

262 598 42 22 Vid
318 598 96 28 votering
432 600 7 20 i
458 598 82 22 utskott
556 600 79 21 räknas
649 600 98 21 rösterna
761 599 55 22 efter
829 598 115 22 hufvudta-

194 633 30 22 let
244 634 79 21 mellan
340 633 114 22 utskottets
476 634 100 28 samtliga
596 634 135 22 närvarande
749 634 123 22 ledamöter.
902 634 43 21 An-

194 668 72 22 ställes
282 668 132 28 omröstning
428 668 50 22 med
492 668 71 22 slutna
578 668 77 26 sedlar,
670 669 40 21 bör
725 676 26 14 en
766 668 58 22 sedel
839 668 61 22 alltid
914 668 32 22 af-

194 703 82 27 läggas,
291 702 34 22 för
340 704 32 20 att
386 704 82 26 öppnas
484 702 70 22 derest
568 704 97 21 rösterna
679 703 35 21 vid
730 702 218 23 sammanräknandet

194 736 96 23 befinnas
305 737 44 21 lika
364 736 81 22 delade.
475 737 40 21 Om
530 738 133 27 proposition
677 738 33 20 till
724 737 72 22 beslut
810 737 67 28 gäller
891 737 56 22 hvad

196 772 41 21 här
251 771 70 21 nedan
336 772 7 20 i
358 771 99 22 afseende
472 771 13 22 å
500 771 91 23 stånden
605 774 68 25 säges.

262 806 104 22 Ledamot
384 813 47 14 som
450 806 18 28 ej
487 807 88 21 instämt
589 808 8 20 i
611 806 114 22 utskottets
743 806 76 26 beslut,
835 808 25 20 är
874 806 73 22 obeta-

195 843 36 25 get
249 842 33 19 att
299 840 33 21 till
350 840 114 22 utskottets
482 840 135 22 betänkande
635 841 51 27 foga
707 842 33 20 sin
763 841 123 28 skiljaktiga
904 848 43 14 me-

195 875 58 28 ning,
268 881 46 14 som
328 875 8 20 i
351 874 77 22 sådant
442 875 38 21 fall
494 875 40 21 bör
549 875 118 28 skriftligen
683 875 100 28 afgifvas;
800 875 54 21 dock
868 874 36 23 må
913 876 34 20 ut-

196 909 90 22 skottets
300 909 134 21 betänkande
450 909 122 28 derigenom
586 909 19 28 ej
620 909 133 28 uppehållas.

541 971 10 26 8
567 971 33 20 43.

264 1013 206 22 Landtmarskalken
488 1014 40 21 och
546 1013 129 26 talmännen,
694 1014 56 20 samt
768 1013 27 22 de
816 1020 46 14 som
884 1013 62 21 deras

197 1047 76 22 ställen
288 1047 116 27 företräda,
420 1048 107 21 äfvensom
542 1047 170 22 Bondeståndets
731 1047 139 26 sekreterare,
886 1054 40 21 ega
940 1047 8 21 i

196 1082 110 21 utskotten
324 1083 99 25 närvara,
442 1081 28 22 då
488 1082 26 21 de
532 1082 77 22 sådant
623 1083 72 26 önska,
711 1082 65 21 likväl
790 1084 52 19 utan
857 1083 45 20 rätt
916 1083 33 20 att

196 1117 9 20 i
220 1117 186 27 öfverläggningar
420 1117 40 21 och
474 1117 71 21 beslut
559 1117 91 27 deltaga.

543 1178 10 27 8
570 1179 34 19 44.

266 1220 153 21 Betänkanden
438 1220 40 22 och
496 1220 175 28 hemställningar
689 1220 49 22 från
756 1220 92 22 utskott'
854 1220 95 28 justeras

197 1253 57 21 inför
268 1254 105 21 utskottet
388 1254 51 22 eller
454 1254 26 22 de
494 1255 138 21 medlemmar
648 1255 65 25 deraf,
729 1254 72 22 hvilka
814 1254 74 21 härtill
902 1254 49 20 blif-

198 1286 31 21 vit
244 1287 96 21 utsedde.

266 1321 153 28 Expeditioner
437 1321 48 22 från
503 1322 83 21 utskott
605 1321 160 23 underskrifvas
786 1321 29 29 på
836 1322 114 22 utskottets

199 1356 82 28 vägnar
296 1356 24 22 af
332 1355 151 23 ordföranden.

545 1409 10 27 8
572 1410 33 20 45.

268 1451 204 22 Landtmarskalken
491 1452 40 21 och
549 1452 123 21 talmännen
691 1451 87 29 åligger,
794 1452 53 21 hvar
861 1452 34 21 för
914 1451 37 22 sitt

200 1485 69 26 stånd,
285 1487 32 20 att
334 1485 87 22 utfärda
439 1486 88 22 kallelse
541 1487 33 20 till
591 1487 96 27 plenum;
703 1489 32 19 att
750 1487 73 22 dervid
837 1487 115 26 föredraga
