1014 1717
297 130 72 23 Nådiga
380 132 137 21 Propositionen
529 131 34 17 N:o
577 132 27 16 34.
759 133 42 16 1661

421 196 11 26 $
447 196 34 19 49.

143 236 50 21 Alla
210 236 170 23 militärbefälets
397 237 149 28 reqvisitioner
565 237 13 22 &
596 239 87 26 qvarter
701 238 40 21 och
756 238 67 27 öfrige

77 271 165 21 förnödenheter
256 271 60 21 skola
330 271 33 21 till
377 271 153 28 behörigheten
545 271 102 28 granskas
663 272 24 21 af
699 271 124 28 Krigskom-

77 305 136 21 missariatet.

144 339 137 22 Beträffande
302 339 25 22 de
348 340 171 28 anmärkningar,
538 347 45 14 som
600 340 24 21 af
636 340 188 28 Krigskommissa-

75 373 65 22 riatet
158 373 72 22 kunna
249 375 63 26 göras
331 375 57 20 emot
405 374 154 27 regvisitioner,
578 374 71 21 hvilka
666 374 67 21 redan
752 372 46 29 gätt
816 373 8 21 i

75 407 166 27 verkställighet,
261 408 66 25 skola,
347 408 55 21 hvad
422 408 93 21 kronans
529 409 44 20 rätt
588 407 73 28 angår,
677 409 24 26 $$
717 409 83 20 34—39
816 408 7 21 i

75 442 196 21 Kommissariatets
292 442 132 22 Instruktion
446 443 24 20 af
490 443 40 21 den
549 443 25 20 21
594 441 43 28 Maj
658 443 53 20 1863
731 441 92 22 rörande

76 476 141 28 anmärkning
233 478 56 20 emot
303 477 134 28 redogörelse
451 477 114 27 tillämpas.

143 511 74 27 Yppas
231 511 36 21 vid
281 510 82 23 sådana
376 511 158 28 regvisitioners
549 511 129 28 granskning
689 510 34 26 fel,
735 517 46 15 som
791 510 32 21 in-

75 545 66 22 verka
155 544 29 29 pä
199 545 26 22 de
239 545 262 28 ingvarteringsskyldiges
516 547 50 25 rätt,
581 545 109 22 meddelar
700 545 123 28 Krigskom-

76 580 130 21 missariatet
219 579 77 22 sädant
311 579 144 27 Guvernören,
470 580 33 21 för
518 582 32 20 att
564 579 171 28 tillkännagifvas
750 579 73 22 veder-

75 614 102 25 börande,
195 613 29 29 pä
242 614 72 22 hvilka
333 614 35 22 det
385 615 64 21 beror
467 616 32 20 att
517 615 72 21 vidare
607 614 59 21 talan
685 614 7 21 i
710 613 50 28 laga
775 613 48 22 ord-

73 648 52 28 ning
139 648 78 22 utföra.

418 686 11 28 8
446 687 33 20 50.

144 728 243 29 Ingvarteringsskyldig
405 736 50 15 vare
474 729 121 27 berättigad
610 730 47 20 utse
671 728 40 22 och
727 726 56 24 afstä
797 727 26 21 de

76 770 48 14 rum
139 764 41 20 och
194 763 131 27 lägenheter,
340 770 46 14 som
400 764 43 20 han
457 763 68 21 finner
539 763 32 27 sig
585 763 56 21 helst
650 763 73 21 kunna
733 762 90 22 umbära

77 797 52 22 eller
143 804 35 15 om
192 798 44 21 han
249 798 8 21 i
272 805 52 20 egen
340 797 52 29 gärd
407 798 78 21 saknar
496 800 111 26 utrymme,
618 797 39 21 hos
668 804 70 14 annan
750 794 73 30 gärds-

77 839 64 21 egare
156 832 97 22 anskaffa
268 832 139 28 erforderliga
422 833 40 21 och
474 830 181 30 ändamälsenliga
666 834 91 25 gvarter.
779 831 44 21 An-

77 866 87 22 märkas
182 867 7 21 i
207 874 97 14 rummen
321 866 176 29 hristfälligheter
515 867 40 21 och
571 865 81 23 sådana
665 865 30 28 pä
708 865 115 28 tillsägelse

77 901 19 27 ej
112 900 131 22 oförtöfvadt
257 901 112 28 afhjelpas,
385 902 62 21 hafve
461 900 182 29 stadsmyndighet
657 900 52 22 eller
720 899 103 22 kronobe-

76 935 56 27 tjent
153 935 60 21 makt
230 937 32 20 att
280 943 96 14 rummen
393 936 128 21 iständsätta
540 936 40 21 och
597 934 118 22 kostnaden
729 934 39 22 hos
783 934 41 21 den

76 968 131 22 tredskande
221 971 75 26 genast
309 971 89 20 utmäta.
421 970 80 22 Brister
515 969 94 22 husvärd
623 969 61 27 eljest
694 970 8 20 i
713 968 48 22 sina
771 967 53 29 älig-

78 1003 84 28 ganden
180 1005 45 19 mot
243 1004 26 20 de
287 1004 156 27 ingvarterade,
461 1004 54 21 skall
531 1003 36 22 det
580 1002 85 22 felande
678 1002 102 22 likaledes
795 1000 29 29 pä

77 1038 54 21 hans
146 1038 119 21 bekostnad
280 1037 152 29 ofördröjligen
447 1037 106 23 anskaffas
569 1038 44 22 och
620 1044 50 15 vare
681 1037 62 22 äfven
754 1036 70 22 denna

77 1072 92 21 kostnad
183 1072 181 27 utmätningsgild.

419 1119 12 27 g
447 1119 33 20 51.

146 1160 125 27 Emottager
285 1159 93 22 husvärd
393 1160 32 21 till
439 1161 145 27 ingvartering
599 1159 77 28 någon,
687 1166 47 15 som
745 1159 18 28 ej
776 1158 48 22 blif-

77 1195 30 21 vit
125 1195 8 20 i
150 1193 135 28 vederbörlig
303 1194 90 27 ordning
413 1194 70 21 dertill
500 1195 39 21 hos
558 1194 79 21 honom
651 1193 93 26 anmäld,
759 1192 67 29 skylle

78 1229 33 27 sig
126 1228 51 28 sjelf
189 1228 40 22 och
244 1235 51 14 vare
309 1228 46 22 icke
370 1228 47 22 dess
432 1229 83 21 mindre
529 1228 120 22 förbunden
663 1229 32 20 att
706 1234 72 15 annan
788 1227 39 22 ho-

79 1269 50 15 nom
144 1262 116 27 behörigen
274 1261 78 28 päförd
366 1263 145 27 ingvartering
526 1263 123 21 vidkännas.

424 1317 12 28 8
452 1318 33 19 52.

146 1358 47 22 Har
210 1358 81 21 militär
308 1359 52 20 utan
379 1359 48 26 eget
441 1357 131 22 förvällande
585 1357 42 22 fätt
641 1358 33 27 sig
689 1359 86 26 gvarter
789 1364 37 15 an-

78 1392 70 23 visadt
170 1399 75 15 senare
263 1393 28 20 än
309 1392 41 21 den
369 1392 48 28 dag,
437 1391 27 22 dä
481 1392 43 21 han
543 1392 71 21 dertill
628 1393 56 20 varit
697 1391 129 29 berättigad,

79 1427 55 22 skall
152 1427 24 22 af
188 1427 129 21 kommunen
331 1425 32 23 till
377 1427 79 21 honom
470 1426 91 28 utgifvas
577 1426 68 28 skälig
660 1426 117 28 ersättning
792 1426 34 21 för

80 1462 41 23 den
135 1461 32 23 tid
181 1462 44 22 han
240 1460 91 23 sälunda
345 1461 56 23 varit
415 1461 7 21 i
436 1461 101 28 mistning
548 1461 24 22 af
580 1461 91 22 nämnde
681 1459 94 28 förmän;
787 1461 40 22 och
