1014 1725
202 153 43 17 1670
406 153 72 22 Nådiga
488 154 138 22 Propositionen
638 153 34 17 N:o
685 153 28 17 34.

178 216 90 26 fordras,
288 224 35 14 om
342 217 62 21 deras
422 216 138 22 anskaffande
580 218 74 26 genast
669 216 68 28 draga
752 216 91 28 försorg,
859 223 49 14 men
922 217 8 21 i

177 252 89 20 motsatt
279 251 45 27 fall,
341 258 34 14 om
389 251 32 21 tid
436 252 72 20 härtill
522 251 74 27 finnes,
611 251 72 22 lemna
697 250 92 22 återbud
803 249 23 23 åt
841 250 54 27 dem,
907 251 24 21 af

179 286 71 21 hvilka
266 286 68 27 skjuts
350 286 17 27 ej
384 288 25 19 är
423 286 99 28 behöflig.

522 341 11 27 8
549 342 34 19 82.

246 383 38 21 Uti
298 383 27 21 de
339 383 8 21 i
361 382 129 29 föregående
504 384 12 26 8
532 383 129 21 omnämnda
676 383 39 21 fall
729 383 40 22 och
785 382 27 22 då
825 383 60 27 eljest
896 383 34 21 för

178 419 93 26 truppen
292 414 99 25 inträffar
414 417 135 22 oförmodadt
566 418 77 21 hinder
661 418 24 21 af
702 417 67 22 sådan
784 417 147 22 beskaffenhet

178 454 33 20 att
224 452 109 28 rubbning
349 452 23 21 af
384 452 206 28 marschordningen
602 452 121 28 derigenom
735 452 129 26 förorsakas,
877 451 52 28 älig-

179 494 38 20 ger
234 486 201 22 tillstädesvarande
452 486 151 28 kronobetjent
622 488 31 20 att
670 489 54 19 utan
743 486 102 28 dröjsmäl
860 486 69 22 antin-

178 528 41 21 gen
238 520 74 23 derom
330 521 90 21 afsända
434 521 157 22 underrättelse
605 521 48 22 med
667 521 137 28 kronoskjuts
819 521 33 21 till
867 523 63 19 nästa

178 555 150 28 kronobetjent
342 555 8 22 i
364 557 103 26 truppens
484 556 47 27 väg,
550 556 102 22 hvarmed
669 556 101 22 fortfares
786 555 24 23 sä
824 554 61 30 längt
899 558 31 20 ett

179 590 50 22 slikt
250 590 140 21 meddelande
410 591 24 20 af
450 590 99 22 behofvet
567 590 103 29 påkallas,
691 591 50 22 eller
761 591 39 21 ock
819 591 38 22 der
871 591 60 22 tiden

179 623 77 23 sädant
270 624 123 27 medgifver,
409 632 35 14 om
459 624 145 23 förhällandet
617 625 108 22 inberätta
740 626 33 20 till
785 625 144 26 Guvernören,

179 666 45 14 som
238 659 8 20 i
262 659 114 28 anledning
396 659 62 22 deraf
476 667 49 20 eger
544 660 82 21 förfara
641 660 53 21 efter
709 660 220 27 omständigheterna;

179 693 95 22 börande
289 694 161 27 kronobetjents
465 694 140 22 nästberörde
619 696 91 26 rapport
725 693 86 29 ätföljas
826 694 25 22 af
862 694 68 22 befäl-

178 728 114 22 hafvarens
307 728 107 28 skriftliga
428 728 205 29 tillkännagifvande
648 736 34 15 om
697 729 27 22 de
738 729 151 29 förändringar
901 729 29 22 el-

180 762 33 22 ler
228 763 36 21 det
278 763 76 21 hinder
368 770 46 15 som
428 763 102 22 inträffat.

523 819 11 28 8
550 821 34 20 83.

246 861 102 22 Kommer
366 861 67 22 sädan
452 862 106 27 anmälan,
576 862 88 22 hvarom
682 863 87 28 stadgas
784 863 7 21 i
807 863 24 29 $$
847 865 25 21 81
889 864 41 22 och

179 898 27 20 82
225 896 204 28 kronobetjeningen
448 895 24 23 sä
487 899 47 19 sent
548 897 105 21 tillhanda
668 899 33 20 att
716 898 26 22 de
757 898 124 28 skjutsande
896 906 33 14 re-

179 931 42 21 dan
242 931 78 21 hunnit
338 931 33 28 sig
388 932 92 25 inställa,
501 932 51 22 eller
569 932 41 22 har
628 934 98 26 truppen,
741 934 53 20 utan
809 935 32 19 att
856 934 74 21 derom

179 966 57 20 förut
254 965 70 22 blifvit
342 966 102 27 tillsagdt,
464 966 18 26 ej
502 966 67 22 behof
582 967 24 21 af
618 967 49 21 hela
682 966 36 21 det
733 968 59 20 antal
806 966 75 22 hästar
895 974 34 14 re-

179 1000 127 27 gvisitionen
319 1002 120 26 'upptager,
458 1000 54 20 skall
532 999 40 22 den
591 1000 136 28 öfverflödige
743 1000 95 27 skjutsen
853 1002 77 27 genast

178 1033 158 27 hemförlofvas,
352 1036 57 19 emot
424 1033 125 28 ätnjutande
564 1034 24 21 af
600 1034 119 28 ersättning
734 1035 149 21 motsvarande
894 1035 35 21 för

178 1068 74 27 hvarje
270 1067 210 29 markegängspriset
495 1067 12 22 &
522 1070 30 20 ett
572 1068 165 28 ökedagsverke;
757 1068 114 29 äliggande
886 1069 43 21 Gu-

178 1104 110 24 vernören,
303 1102 33 21 till
351 1102 84 22 hvilken
450 1102 160 22 vederbörande
624 1103 150 27 kronobetjent
789 1111 50 21 eger
854 1104 76 21 härom

179 1136 130 23 oförtöfvadt
326 1136 115 25 inherätta,
460 1138 33 19 att
512 1143 34 14 om
564 1135 145 22 förhållandet
724 1136 85 21 anmäla
823 1137 40 21 hos
877 1138 53 27 hög-

179 1173 32 19 ste
225 1170 240 22 militärbefälhafvaren
480 1171 8 20 i
502 1171 79 25 landet,
597 1169 13 22 ä
624 1170 63 21 hvars
702 1171 101 27 pröfning
815 1171 66 22 sedan
892 1179 37 14 an-

178 1205 95 22 kommer
288 1205 106 21 huruvida
408 1205 144 27 ersättningen
568 1204 33 22 för
616 1205 40 20 den
667 1205 46 20 icke
725 1204 124 28 begagnade
861 1206 67 27 skjut-

179 1246 37 14 sen
238 1239 55 21 skall
311 1239 75 27 gäldas
405 1239 24 21 af
441 1240 103 26 truppens
560 1238 148 22 befälhafvare
724 1238 51 21 eller
790 1241 77 20 stanna
880 1240 50 21 kro-

178 1280 44 13 nan
236 1273 34 20 till
283 1273 49 20 last.

524 1309 10 26 s
551 1309 33 20 84.

246 1351 71 22 Hafva
335 1351 51 22 flere
406 1351 58 22 foror
483 1351 51 22 eller
552 1352 74 21 hästar
644 1352 27 21 än
686 1352 151 27 regvisitionen
851 1354 78 27 uppta-

179 1393 38 21 ger
235 1386 70 22 blifvit
323 1386 33 21 till
374 1386 68 28 skjuts
460 1386 93 27 kallade,
569 1393 61 15 svare
646 1386 71 22 derför
733 1387 47 28 den,
796 1395 45 14 som
856 1387 74 23 kallel-

179 1428 38 14 sen
231 1420 117 23 verkställt.

247 1451 31 26 Är
296 1455 81 22 antalet
395 1455 24 22 af
431 1455 130 29 uppbädade
576 1456 60 22 foror
650 1456 51 22 eller
715 1457 74 22 hästar
804 1457 82 22 mindre
901 1459 28 21 än

179 1491 134 26 regvireradt
331 1491 75 25 blifvit,
426 1497 38 21 ege
482 1492 103 26 truppens
600 1490 153 27 befälhafvare,
769 1491 24 21 sä
807 1491 66 22 framt
886 1492 43 21 till-
