981 1723
219 177 43 16 1384
420 174 71 24 Nådiga
503 176 136 20 Propositionen
651 174 35 17 N:o
699 175 27 16 27.

194 246 51 15 vore
266 239 43 21 han
332 238 40 22 ock
394 238 50 28 sjelf
463 238 127 22 säkerställd
612 237 35 22 för
664 237 33 22 sin
711 236 74 28 lifstid,
800 238 33 20 att
847 236 99 22 åhvälfva

195 273 45 22 sine
255 272 141 22 efterträdare
412 280 26 14 en
452 272 74 27 börda,
543 272 41 22 den
595 272 43 21 han
649 271 51 28 sjelf
709 270 34 23 får
754 271 142 27 undandraga
906 271 40 27 sig:

264 308 39 21 3:0.
333 306 154 29 Behällningen
505 306 49 22 från
572 308 82 20 smärre
668 306 190 28 prestlägenheter,
874 305 73 22 särde-

194 342 32 22 les
247 342 154 28 kapellansbol,
424 343 25 20 är
466 342 8 20 i
492 342 32 28 sig
544 341 50 29 sjelf
606 341 67 22 redan
687 340 25 22 sä
726 340 63 29 ringa
803 340 40 22 och
859 340 88 28 obetyd-

195 376 36 29 lig,
255 379 32 19 att
309 376 41 22 den
372 375 106 29 svärligen
496 375 32 23 täl
546 375 72 29 nägon
632 376 128 27 minskning,
775 376 53 20 utan
843 376 33 20 att
889 374 58 22 med-

195 412 49 21 föra
266 411 27 21 de
315 410 62 22 äfven
396 411 60 27 eljest
471 411 82 26 knappt
568 410 58 21 lönte
641 410 176 21 innehafvarenes
831 409 59 26 ruin;
907 408 40 22 och

197 446 62 21 dessa
280 445 230 27 miniatyrpastorater,
532 444 49 22 med
596 451 27 14 en
638 443 55 22 enda
707 445 66 26 prest,
788 443 73 22 hvilka
874 443 74 21 nuför-

195 479 60 22 tiden
277 479 99 21 öfverallt
396 479 98 25 inrättas,
516 479 70 25 hafva,
606 478 56 21 hvad
677 478 146 21 inkomsterna
837 477 110 26 beträffar,

195 514 51 27 föga
263 513 110 22 företräde
387 513 89 22 framför
491 513 26 22 de
531 519 76 21 magra
622 513 164 25 sacellanierna;
801 512 41 21 och
857 513 38 20 äro
910 518 37 15 an-

196 547 93 29 spräken
310 547 29 28 pä
360 550 98 25 prestens
476 547 151 28 uppträdande
641 547 7 20 i
663 547 114 21 samhället
791 546 8 21 i
812 545 53 23 vära
880 546 68 28 dagar

196 582 131 28 ojemförligt
345 583 75 25 större,
436 583 28 20 än
478 581 29 28 pä
523 582 41 21 den
578 581 38 26 tid,
633 580 28 22 dä
675 581 170 28 presterskapets
860 580 87 22 lönevil-

195 617 40 21 kor
256 617 55 21 först
331 616 127 27 bestämdes,
481 616 109 22 äfvensom
611 617 53 20 hans
682 615 67 22 barns
766 615 129 28 uppfostran
909 622 39 15 nu-

195 651 94 21 förtiden
310 650 86 22 kräfver
418 651 49 22 vida
488 651 136 21 kännbarare
641 649 150 29 uppoffringar
808 657 30 14 nu
853 651 28 20 än
895 649 52 22 förr.

197 685 73 22 Skulle
293 685 83 22 derföre
395 685 131 22 Ständernas
540 685 71 22 beslut
626 685 66 21 blifva
707 686 32 20 att
754 683 98 23 ähvälfva
866 685 82 27 presta-

196 720 125 27 lägenheter
338 719 266 28 hällskjutsningstungan,
620 718 25 23 sä
659 719 86 22 fordrar
759 719 30 21 all
803 719 90 22 rättvisa
907 719 41 22 och

195 754 105 27 billighet,
319 755 32 20 att
365 753 129 23 åtminstone
508 754 68 27 tredje
591 754 96 21 klassens
702 755 123 26 pastorater
839 753 109 22 äfvensom

197 789 26 21 de
244 789 63 21 flesta
328 789 126 22 sacellanier
475 787 49 23 från
539 789 41 21 den
595 788 108 21 allmänna
717 788 74 28 regeln
805 788 142 28 undantagas.

196 822 51 23 Men
263 823 8 21 i
289 822 77 23 sådant
388 823 44 26 fall,
451 823 61 22 torde
528 823 26 21 de
568 823 71 28 öfriga
652 823 237 28 prestalägenheternas
904 823 44 22 del-

196 857 94 29 tagande
304 857 8 22 i
327 857 229 29 skjutsningsbesväret
570 858 7 21 i
592 858 81 28 ganska
688 858 62 28 ringa
764 857 51 22 mån
829 857 73 22 kunna
915 858 33 22 bi-

197 892 68 28 draga
280 892 33 22 till
328 892 36 22 det
377 893 9 21 i
398 892 40 22 den
449 892 79 29 nådiga
539 893 161 27 propositionen
710 892 97 29 åsyftade
818 891 129 23 ändamålet.

265 928 40 21 4:0.
336 927 11 21 I
365 927 39 22 fall
423 928 40 21 den
477 928 8 20 i
499 926 79 29 nådiga
592 928 161 27 propositionen
768 927 122 28 föreslagna
904 927 43 22 för-

197 961 66 28 höjda
285 961 137 28 skjutslegan,
444 963 25 20 15
487 962 65 28 penni
568 969 40 20 per
626 963 63 25 verst,
707 961 70 23 blefve
792 961 24 22 af
829 961 119 23 Ständerne

197 998 99 25 antagen,
315 997 26 20 är
359 996 161 29 otvifvelaktigt,
536 998 32 20 att
583 997 40 20 den
638 997 79 27 klagan
731 1003 47 15 som
791 997 85 21 härtills
889 996 59 22 inom

198 1030 106 28 allmogen
318 1030 106 28 försports
439 1031 58 22 öfver
511 1030 264 29 hållskjutsningstungan,
793 1038 34 15 om
841 1031 47 21 icke
903 1031 45 22 helt

197 1065 40 21 och
255 1064 72 27 hållet,
347 1065 55 21 dock
420 1065 33 21 till
468 1067 78 20 största
562 1065 61 21 delen
638 1065 54 22 skall
706 1065 115 22 försvinna.
850 1064 34 23 Då
898 1066 50 21 här-

197 1099 34 21 till
251 1099 102 26 kommer,
376 1101 32 20 att
423 1099 65 28 enligt
501 1099 148 28 föreliggande
663 1099 80 28 nådiga
758 1100 134 27 proposition
907 1100 41 21 den

197 1133 91 22 resande
303 1133 19 27 ej
337 1132 35 22 får
386 1132 42 23 åka
442 1133 81 22 fortare
538 1136 27 19 än
580 1134 64 27 högst
658 1133 31 22 tio
703 1136 58 19 verst
775 1134 8 21 i
793 1134 88 21 timmen
892 1135 56 21 samt

197 1167 8 22 i
228 1166 68 29 dåligt
317 1167 77 28 väglag
416 1167 18 28 ej
458 1168 165 28 tillryggalägga
644 1175 46 14 mer
711 1169 28 20 än
760 1169 25 20 10
805 1170 57 20 verst
876 1167 29 29 på
921 1168 25 29 11

197 1201 80 26 timme,
293 1201 40 22 och
348 1201 28 22 då
391 1202 68 21 tillika
474 1204 24 20 är
513 1202 121 28 föreslaget,
649 1203 32 20 att
695 1202 56 21 blott
762 1209 26 14 en
798 1209 79 21 person
887 1204 61 20 utom

199 1235 143 28 skjutskarlen
364 1235 34 22 får
420 1235 41 23 åka
483 1237 53 21 efter
558 1244 26 14 en
606 1237 49 21 häst
677 1237 40 21 och
732 1237 19 28 ej
766 1237 98 21 medföra
878 1238 70 21 större

197 1269 108 28 packning
327 1271 27 20 än
376 1270 43 21 fem
440 1271 93 26 lispund,
555 1270 25 22 så
601 1271 60 21 skola
681 1271 26 20 de
721 1271 227 28 skjutsningsskyldige

198 1303 133 26 hädanefter,
351 1303 39 28 jag
412 1305 24 20 är
458 1304 49 21 fullt
525 1304 124 28 öfvertygad
664 1305 79 26 derom,
759 1311 52 15 anse
825 1304 122 28 hållskjuts-

198 1337 79 28 ningen
297 1337 83 22 mindre
402 1345 47 14 som
471 1345 26 14 en
519 1340 73 26 tunga,
607 1339 29 20 än
651 1345 46 15 som
712 1340 31 20 ett
757 1338 92 22 önskadt
862 1338 85 23 tillfälle

199 1373 32 20 att
252 1371 93 29 förtjena
365 1372 105 23 kontanta
490 1373 127 28 penningar,
639 1373 86 27 hvilket,
740 1373 67 22 sedan
821 1373 126 22 husbehofs-

197 1406 134 28 bränningen
349 1407 101 28 upphört,
470 1407 75 22 endast
558 1407 49 23 med
622 1407 89 29 mycken
725 1407 108 29 svårighet
846 1408 34 22 för
894 1408 53 22 bon-

198 1440 41 23 den
253 1442 26 21 är
293 1441 88 28 möjligt.

266 1475 49 21 Med
334 1476 115 28 anledning
468 1476 24 22 af
504 1477 38 21 allt
557 1477 60 22 detta
631 1484 62 15 anser
706 1478 38 27 jag
759 1477 33 21 för
806 1478 44 21 min
866 1478 34 22 del
914 1480 32 20 att

199 1509 36 22 det
255 1509 150 29 öfverklagade
426 1510 275 30 hällskjutsningsbesväret
721 1512 43 20 kan
778 1512 79 21 lättare
872 1512 75 21 ställas
