1028 1725
203 156 43 16 1152
402 153 70 23 Nådiga
484 154 136 22 Propositionen
632 154 35 16 N:o
679 154 28 16 25.

179 226 56 21 sorg,
250 220 52 20 utan
318 217 102 29 dröjsmål
434 218 72 22 kallad
520 219 32 20 att
567 218 58 21 öfver
640 217 147 27 ansökningen
801 215 13 23 &
828 216 42 22 viss
885 216 42 28 dag

178 254 56 21 inför
248 254 80 21 Rätten
341 253 71 22 höras.
442 252 70 22 Gitter
529 252 44 22 han
591 252 18 28 ej
629 253 75 27 genast
717 251 52 27 visa,
785 252 32 20 att
833 251 44 21 han
895 252 33 20 sö-

178 288 85 22 kanden
281 288 85 28 förnöja
383 288 49 26 kan,
448 287 51 22 eller
513 287 74 22 ställer
600 287 44 21 han
659 286 18 28 ej
694 286 95 28 antaglig
803 286 81 27 borgen
900 286 28 21 el-

178 323 33 22 ler
225 330 71 14 annan
310 323 101 21 säkerhet
424 322 34 21 för
473 322 47 21 dess
534 321 99 26 fordran;
648 321 83 22 beslute
745 321 78 21 Rätten
837 322 33 19 att
884 320 45 28 gäl-

179 357 105 22 denärens
305 357 104 28 egendom
431 356 95 22 afträdas
545 356 60 22 skall.
635 356 101 21 Kommer
755 355 103 28 gäldenär
876 354 54 22 efter

179 391 95 22 erhällen
289 391 87 22 kallelse
391 391 19 28 ej
425 391 111 26 tillstädes,
551 389 36 23 må
602 390 83 21 ändock
700 389 113 22 enahanda
826 389 71 22 beslut
908 389 24 22 af

179 426 78 21 Rätten
272 425 72 27 fattas,
359 432 35 15 om
409 425 46 22 skäl
470 425 70 22 dertill
555 426 25 21 är
594 425 125 21 förhanden.

530 486 48 28 87.

247 528 35 23 Då
299 529 71 22 beslut
388 535 35 15 om
441 528 128 22 afträdande
586 527 25 22 af
627 527 113 28 gäldenärs
759 527 103 28 egendom
876 527 54 22 efter

179 564 26 28 88
224 565 13 20 5
255 562 41 24 och
316 565 12 19 6
346 563 72 26 fattas,
437 563 55 21 skall
508 563 50 21 med
575 562 174 28 bouppteckning
767 562 40 22 och
824 562 51 22 boet
896 563 34 21 rö-

179 598 68 22 rande
260 598 140 28 handlingars
414 598 93 27 tagande
520 598 69 21 under
603 597 62 21 säker
679 596 53 22 värd
746 596 99 27 förfaras,
860 596 71 22 säsom

180 633 8 21 i
203 633 23 27 88
242 634 12 20 3
270 633 41 21 och
328 634 14 20 4
360 632 70 22 blifvit
448 632 70 28 sagdt;
538 632 40 22 och
596 630 41 27 mä,
656 632 7 20 i
681 630 102 22 händelse
801 631 130 27 gäldenären

180 668 26 21 är
227 667 91 26 afviken,
336 666 36 22 vid
392 666 172 28 uppteckningen
585 666 108 28 begagnas
715 666 27 21 de
763 665 168 22 underrättelser

181 708 35 15 om
229 701 57 26 boet,
302 708 46 15 som
362 701 73 21 kunna
448 708 53 14 vara
515 702 33 20 att
564 699 67 29 tillgä.
661 696 31 25 Är
710 700 19 28 ej
748 700 51 22 boet
816 700 58 21 förut
892 707 38 14 un-

181 735 38 22 der
240 735 64 21 säker
324 734 53 23 vård
399 735 75 26 stäldt,
496 734 66 23 varde
583 734 40 22 ock
645 734 74 22 derom
741 734 24 22 af
787 734 78 22 Rätten
887 734 44 22 för-

181 770 99 22 ordnadt.

532 812 48 28 88

248 856 80 22 Finner
346 856 78 21 Rätten
442 855 52 22 eller
512 855 48 22 dess
577 854 129 23 ordförande
723 854 34 22 till
773 854 85 23 hvilken
879 854 52 23 kon-

181 891 171 27 kursansökning
366 890 100 28 ingifvits,
482 892 32 19 att
529 890 123 21 densamma
667 889 18 28 ej
700 889 44 22 kan
757 891 107 26 upptagas
874 889 58 28 förty

182 927 32 20 att
232 925 41 21 den
291 926 25 20 är
333 925 34 21 till
385 926 57 20 orätt
460 924 92 21 domstol
569 923 70 26 ställd,
659 923 50 22 eller
727 923 25 22 af
768 931 71 14 annan
857 923 74 27 orsak;

181 959 77 22 teckne
273 959 35 21 det
322 958 119 29 skriftligen
456 957 14 22 å
484 958 144 28 ansökningen
643 958 40 21 och
700 957 70 22 lemne
789 957 40 22 den
847 957 33 21 till
898 958 34 21 sö-

182 993 85 22 kanden
282 992 53 23 äter.

534 1036 11 27 s
562 1037 19 19 9.

250 1079 101 22 Konkurs
366 1085 61 15 anses
442 1078 77 28 börjad
534 1078 40 21 den
590 1077 47 28 dag,
653 1078 118 27 ansökning
787 1078 72 21 derom
869 1078 63 28 ingif-

182 1120 40 15 ven
236 1115 32 25 är,
284 1114 38 21 der
336 1113 94 22 konkurs
444 1112 30 28 pä
488 1120 82 14 samma
584 1113 118 27 ansökning
716 1112 69 28 följer.

527 1174 12 27 8
556 1174 32 20 10.

253 1216 71 22 Sedan
338 1216 94 22 konkurs
446 1215 104 28 uppstått,
566 1214 35 23 mä
619 1216 18 27 ej
656 1216 121 28 utmätning
792 1215 13 22 &
819 1216 113 27 gäldenärs

184 1250 100 22 afträdda
297 1249 116 29 tillgångar
427 1250 132 22 verkställas.
589 1250 46 21 Har
649 1250 46 21 före
709 1250 132 22 konkursens
855 1250 77 27 början

183 1283 71 28 någon
273 1284 139 27 gäldenärens
431 1284 136 27 lösegendom
581 1283 69 21 blifvit
664 1284 7 20 i
686 1284 45 20 mät
745 1285 64 25 tagen
823 1291 49 13 men
885 1284 48 21 icke

183 1317 87 27 försåld,
292 1318 98 27 upphöre
412 1318 192 27 utmätningsmans
625 1317 120 28 befattning
767 1317 92 22 dermed.
892 1318 41 21 Om

184 1354 79 20 utmätt
280 1352 43 21 fast
342 1352 102 28 egendom
458 1360 51 14 vare
527 1352 36 28 lag
582 1359 87 19 samma,
685 1352 71 22 derest
773 1352 47 22 icke
833 1352 43 22 viss
891 1352 42 28 dag

183 1386 34 22 till
232 1387 47 21 dess
293 1386 126 28 försäljning
433 1387 67 21 redan
514 1386 70 22 blifvit
594 1388 69 20 utsatt
676 1387 41 21 och
731 1387 112 28 kungjord,
858 1387 8 21 i
880 1387 53 21 hvil-

184 1422 36 21 ket
234 1421 38 22 fall
287 1421 154 28 försäljningen
455 1420 35 23 må
505 1423 52 20 utan
571 1421 76 22 hinder
662 1422 24 21 af
698 1422 121 22 konkursen
827 1421 105 29 försiggå;

185 1457 40 21 och
243 1457 65 21 varde
326 1457 7 20 i
351 1457 121 21 konkursen
489 1457 107 21 bestämdt
614 1457 55 22 hvad
687 1458 44 20 rätt
749 1457 41 21 den
808 1457 61 28 njuta
886 1457 46 27 bör,

184 1498 46 15 som
244 1491 147 28 utmätningen
406 1491 54 21 sökt.
949 1489 2 4 |
