981 1720
210 152 44 17 1394
410 150 72 22 Nådiga
494 151 137 21 Propositionen
642 149 35 18 N:o
690 150 28 16 27.

188 215 40 22 den
243 216 108 20 närmaste
366 214 115 21 framtiden
496 207 141 35 genomföras,
652 214 53 20 utan
716 212 73 21 alltför
800 213 45 20 stor
856 211 82 28 störing

186 249 8 21 i
208 248 302 26 kommunikationsväsendet,
529 248 52 21 eller
598 248 25 20 är
641 246 49 22 fullt
708 245 231 23 öfverensstämmande

186 283 49 22 med
255 283 35 21 det
308 290 29 14 nu
355 282 96 22 rådande
469 281 194 28 åskådningssättet
684 280 34 22 för
736 279 203 29 skjutshållningens

186 318 121 27 utgörande
321 318 40 21 och
377 319 32 19 att
423 324 26 14 en
465 316 115 28 öfvergång
595 315 48 22 från
658 316 36 21 det
704 315 133 21 närvarande
848 313 91 22 tillstån-

188 352 36 21 det
238 352 85 22 derföre
338 350 68 23 måste
420 351 107 27 beträdas,
544 350 81 22 tilldess
644 349 106 29 åsigterne
765 357 35 14 om
815 349 41 21 den
870 348 69 22 föror-

189 386 55 22 dade
258 386 117 22 reformens
390 385 136 22 utförbarhet
540 385 66 21 hinna
621 391 78 21 mogna
714 384 40 22 och
769 383 63 22 vinna
846 383 94 27 tillämp-

188 421 58 28 ning.
275 421 11 20 I
302 420 58 21 detta
378 420 100 21 afseende
497 419 100 28 erbjuder
615 418 202 28 skjutshållningens
832 417 108 22 ombesör-

185 455 67 28 jande
270 455 90 21 medelst
378 454 148 27 entreprenad,
541 454 8 21 i
568 453 36 22 det
622 453 54 28 syfte
695 453 41 21 den
750 451 79 28 nådiga
843 451 97 28 proposi-

188 489 73 22 tionen
275 487 126 28 innehåller,
417 489 54 21 dock
486 495 26 14 en
527 489 74 26 utväg,
617 495 46 14 som
677 487 70 22 blifvit
761 487 7 21 i
783 486 68 22 andra
865 486 76 21 länder

188 523 93 22 beträdd
299 523 41 22 och
357 523 8 21 i
384 523 41 21 den
443 530 50 14 mon
511 524 101 27 systemet
631 522 37 21 der
686 521 93 22 utbildat
793 521 38 28 sig,
846 520 96 28 bidragit

190 559 32 20 att
235 557 72 22 lindra
321 557 83 22 bördan
423 557 23 22 af
462 556 229 29 skjutsningsbesväret
710 557 40 20 och
769 555 54 22 efter
837 555 59 22 hand
910 555 31 21 af-

188 592 54 28 lyfta
258 592 118 21 detsamma
390 590 49 23 från
450 591 135 28 jordbruket.
608 591 109 20 Utskottet
730 587 71 24 tviflar
816 589 64 22 också
894 589 48 22 icke

190 628 32 20 att
237 625 178 28 entreprenaders
433 625 112 22 införande
559 625 35 22 vid
612 623 192 30 skjutshållningen
819 624 40 21 här
873 624 8 21 i
895 623 47 22 lan-

191 661 36 21 det
244 660 56 22 skall
318 659 133 28 småningom
468 659 114 22 medverka
600 659 33 22 till
651 667 82 14 samma
751 658 120 22 önskvärda
888 657 53 28 mål;

190 702 49 14 men
253 694 50 22 med
318 696 30 20 ett
363 693 77 23 sådant
454 695 123 21 sträfvande
591 694 7 21 i
613 694 54 28 sigte
682 695 25 20 är
722 694 42 25 det,
780 693 65 28 enligt
859 693 83 22 utskot-

190 731 42 20 tets
250 729 71 26 tanke,
340 729 51 28 föga
409 729 100 28 förenligt
527 731 32 20 att
577 727 28 29 på
623 728 73 22 landet
717 728 111 21 utsträcka
849 727 93 22 nämnde

190 763 77 22 besvär
285 763 34 21 till
337 763 26 21 de
381 763 131 26 folkklasser,
532 771 46 14 som
597 763 44 21 deri
660 763 106 21 härintills
784 762 47 22 icke
846 762 96 27 deltagit,

190 800 53 19 utan
261 805 62 21 synes
341 797 160 28 lagstiftningen
519 798 7 21 i
545 799 71 20 ämnet
631 797 135 22 uteslutande
780 797 54 22 böra
849 796 72 29 fortgå
934 797 8 21 i

190 832 95 28 riktning
304 833 32 20 att
353 831 101 22 befordra
473 831 202 28 skjutshållningens
693 831 152 29 öfvertagande
863 830 29 29 på
908 839 35 14 en-

190 866 123 28 treprenad,
332 866 44 22 dels
394 866 90 22 medelst
502 866 141 28 skjutslegans
663 865 182 29 ändamålsenliga
862 866 81 28 förhöj-

191 901 58 27 ning,
262 901 45 21 dels
318 908 75 20 genom
405 900 68 22 andra
484 900 101 28 lempliga
600 900 107 28 åtgärder,
723 900 81 28 egnade
819 902 32 20 att
865 900 78 22 under-

191 935 55 21 lätta
261 935 26 21 de
302 934 137 28 svårigheter,
456 942 45 14 som
517 935 73 21 dervid
608 935 33 21 till
659 942 25 14 en
699 934 77 28 början
791 935 72 21 kunna
878 936 64 21 möta.

260 969 11 21 I
289 969 100 21 afseende
408 968 46 22 åter
472 968 13 22 å
503 970 50 27 väg-
575 969 40 21 och
637 969 306 29 brobyggnadsskyldigheten,

192 1004 86 21 hvartill
297 1004 66 27 enligt
380 1004 115 21 utskottets
514 1004 64 21 tanke
597 1004 45 26 bör,
657 1004 90 22 likasom
762 1004 113 27 härintills,
891 1004 53 22 hän-

191 1038 59 22 föras
269 1037 123 29 åliggandet
410 1040 32 20 att
460 1038 99 22 anskaffa
577 1038 40 22 och
635 1038 127 22 underhålla
777 1038 73 29 färjor,
867 1039 77 29 drager

192 1073 105 21 utskottet
315 1072 18 29 ej
352 1073 8 21 i
377 1073 136 21 betänkande
531 1075 32 19 att
581 1073 85 21 ansluta
685 1074 32 28 sig
735 1074 34 21 till
787 1074 40 22 den
846 1074 73 22 derför
936 1074 8 22 i

191 1106 80 28 nådiga
284 1107 161 27 propositionen
460 1107 121 28 föreslagna
597 1107 68 28 grund
681 1110 32 19 att
728 1108 58 22 detta
800 1108 83 27 besvär,
898 1116 46 14 som

192 1148 30 14 nu
240 1141 70 21 hvilar
327 1140 14 22 å
358 1142 7 20 i
383 1142 82 20 mantal
483 1144 43 19 satt
540 1142 57 27 jord,
614 1142 80 27 jemväl
711 1142 40 22 bör
768 1143 122 21 utsträckas
912 1144 33 21 till

192 1175 138 22 innehafvare
349 1175 24 21 af
389 1176 68 21 andra
473 1176 175 27 jordlägenheter
663 1176 40 21 och
722 1176 13 21 å
749 1177 56 21 vissa
824 1176 29 28 på
871 1177 73 22 landet

192 1209 84 22 bosatte
290 1209 168 28 näringsidkare,
474 1210 71 21 hvilka
555 1210 7 21 i
573 1217 46 14 mer
630 1211 40 20 och
684 1211 83 21 mindre
781 1218 51 14 mon
846 1211 99 28 begagna

193 1243 40 21 och
249 1243 68 27 draga
331 1246 61 25 nytta
407 1243 24 22 af
444 1244 25 21 de
484 1244 108 21 allmänna
606 1245 93 26 vägarne
714 1247 56 19 samt
784 1245 84 22 derföre
880 1245 65 22 också

192 1276 54 21 böra
260 1277 8 19 i
283 1277 62 20 deras
360 1277 112 27 byggande
487 1277 40 21 och
546 1277 112 21 underhåll
676 1278 91 27 deltaga.
797 1279 33 20 En
848 1279 96 27 följdrik-

193 1310 31 27 tig
239 1310 135 28 tillämpning
389 1310 24 21 af
427 1310 68 21 denna
511 1310 56 28 åsigt
581 1311 68 21 skulle
663 1311 34 21 väl
712 1312 74 21 fordra
801 1314 32 19 att
847 1313 97 26 resande,

194 1351 45 14 som
257 1344 98 28 begagna
374 1344 79 22 allmän
471 1345 109 28 landsväg,
598 1345 67 22 borde
683 1346 88 28 erlägga
789 1354 26 14 en
829 1348 43 20 viss
891 1348 54 21 efter

193 1378 134 28 väglängden
349 1379 101 27 afpassad
472 1379 113 28 vägafgift;
611 1387 48 14 men
682 1379 27 23 då
732 1381 123 22 densamma
877 1382 68 22 under

193 1413 135 22 närvarande
345 1413 148 22 förhållanden
513 1414 18 28 ej
550 1414 84 22 komme
652 1416 32 20 att
697 1415 71 22 lemna
782 1414 66 30 något
861 1418 83 20 väsent-

194 1448 67 27 ligare
279 1448 76 28 bidrag
374 1448 33 21 till
425 1450 103 26 vägarnes
546 1448 113 22 underhåll
677 1450 40 21 och
735 1450 126 28 uppbörden
884 1451 63 22 deraf

194 1482 68 22 blefve
280 1482 90 22 förenad
388 1482 48 22 med
455 1482 117 29 omgångar
588 1484 40 21 och
645 1484 122 27 kostnader,
782 1492 46 14 som
847 1486 18 27 ej
885 1486 60 22 stode
