1003 1723
272 167 70 24 Nådiga
353 167 137 24 Propositionen
501 169 34 18 N:o
548 170 28 17 25.
738 170 44 16 1239

54 231 105 22 melserne
173 231 8 21 i
197 233 26 20 10
237 232 50 27 kap.
303 227 25 26 Ä.
343 232 32 26 B.,
390 232 92 22 rörande
496 233 61 27 gälds
572 232 110 29 betalning
690 233 42 21 vid
743 231 62 23 döds-

54 265 45 26 fall,
119 265 40 22 och
179 265 101 28 derjemte
297 266 109 21 meddelar
421 267 58 21 förut
494 267 93 21 saknade
602 267 133 21 föreskrifter
749 267 57 21 huru

54 300 93 21 förfaras
162 300 55 21 skall
231 300 7 21 i
254 300 25 21 de
294 300 118 27 händelser,
429 300 27 22 då
472 308 25 14 en
512 301 199 28 sterbhusdelegare
726 301 37 21 vill
774 301 31 21 af-

54 335 64 20 träda
136 334 56 26 boet,
211 341 49 14 men
276 341 25 14 en
317 341 70 14 annan
402 335 52 26 icke,
470 335 40 22 har
524 335 103 22 utskottet
641 336 19 27 ej
676 335 46 21 haft
737 334 68 29 några

55 368 166 27 anmärkningar
241 370 32 20 att
291 370 62 26 göra;
369 369 7 20 i
392 369 104 22 anseende
510 369 86 22 hvartill
611 370 109 25 utskottet,
736 370 68 21 under

54 402 137 28 åberopande
206 403 34 25 för
252 403 65 28 öfrigt
328 403 23 22 af
361 403 26 22 de
398 404 45 21 skäl
454 405 116 20 motiverne
581 404 32 21 till
625 405 36 21 det
672 403 78 28 nådiga
761 404 42 21 för-

54 437 69 28 slaget
141 439 102 26 upptaga,
262 437 33 22 får
309 438 109 21 vördsamt
432 438 112 22 hemställa
560 439 32 20 att
606 438 118 22 detsamma
738 437 66 23 måtte

54 472 25 21 af
91 471 121 22 Ständerna
227 472 140 21 oförändradt
383 473 123 27 godkännas
522 472 39 22 och
577 475 95 25 antagas.

54 549 25 24 D.
107 551 93 29 Förslag
216 551 36 23 till
270 551 131 30 förordning
418 559 33 15 om
465 551 148 30 preskription
627 552 8 22 i
649 552 156 29 fordringsmål

301 589 40 23 och
356 595 33 16 om
403 589 152 29 årsstämning.

124 644 81 21 Genom
223 644 78 27 Kongl.
319 644 153 28 förordningen
490 644 39 21 den
546 645 26 20 13
588 643 50 22 Juni
655 646 53 19 1800
724 646 25 20 är
764 644 40 22 den

54 679 8 21 i
82 680 25 20 12
133 679 5 27 $
159 680 11 20 9
189 679 48 27 kap.
257 678 26 22 H.
302 678 24 21 B.
346 678 110 21 bestämda
474 678 214 28 preskriptionstiden
707 679 25 21 af
743 679 61 28 tjugu

54 712 26 23 år
101 713 111 22 förkortad
230 713 33 21 till
281 714 30 21 tio
331 712 30 22 är.
392 712 63 22 Såväl
469 713 8 21 i
491 713 91 21 nämnde
597 713 89 28 lagrum,
702 720 46 15 som
762 713 43 22 för-

55 748 91 28 ordning
165 747 140 27 föreskrifves,
325 747 7 21 i
351 747 99 22 afseende
468 746 14 22 &
498 747 156 28 preskriptions
670 747 134 29 afbrytande,

55 785 32 19 att
109 783 89 21 fordran
220 783 40 21 bör
279 782 138 22 derförinnan
435 782 101 28 antingen
550 782 85 22 kräfvas
650 782 39 22 hos
705 782 100 28 gäldenä-

55 824 38 15 ren
113 817 51 21 eller
179 817 96 27 angifvas
289 816 34 22 för
337 816 65 22 Rätta
418 816 50 22 eller
483 817 40 21 hos
538 816 115 27 Kejsarens
667 816 138 28 befallnings-

55 851 116 27 hafvande;
191 852 39 21 och
247 851 36 22 det
297 852 25 21 är
336 850 133 23 beträffande
483 851 141 22 nästnämnde
638 851 166 26 bestämmelser,

55 894 46 14 som
119 887 8 20 i
147 888 9 19 1
177 887 12 27 $
208 887 24 20 af
251 886 140 22 förevarande
413 885 116 29 lagförslag
550 887 100 20 närmare
672 886 133 22 föreskrifter

55 921 115 26 meddelas,
192 920 185 28 hufvudsakligast
399 921 99 21 afscende
516 922 32 20 att
564 920 40 22 den
619 921 33 21 till
666 921 139 28 preskriptio-

55 963 52 14 nens
126 955 129 28 afbrytande
273 955 98 28 vidtagne
387 954 103 29 åtgärden
504 955 40 22 bör
559 955 85 22 komma
658 955 33 22 till
706 955 99 28 gäldenä-

55 997 50 15 rens
127 990 126 26 kännedom,
277 990 112 21 hvarutom
407 990 7 21 i
434 991 10 19 3
465 991 11 26 $
495 989 87 28 stadgas
601 991 38 25 att,
657 991 8 20 i
684 990 26 21 de
725 990 38 21 fall
779 989 26 23 dä

55 1025 52 21 flere
130 1024 126 28 gäldenärer
278 1023 67 22 iklädt
364 1024 33 27 sig
415 1024 241 28 betalningsskyldighet
673 1032 26 14 en
714 1024 33 21 för
763 1025 43 21 alla

56 1056 40 24 och
115 1058 43 21 alla
176 1057 34 22 för
229 1065 31 19 en,
279 1058 88 21 fordran
382 1058 40 21 bör
436 1058 92 21 bevakas
543 1058 101 21 särskildt
658 1059 40 21 hos
712 1066 27 14 en
754 1059 52 21 hvar

56 1093 24 22 af
99 1093 160 28 gäldenärerne,
279 1093 7 20 i
305 1092 71 21 stället
394 1092 34 21 för
446 1094 32 19 att
496 1093 7 20 i
522 1092 71 29 dylika
607 1092 38 21 fall
660 1093 146 27 bevakningen

55 1127 142 22 härförinnan
220 1128 81 20 ansetts
323 1126 102 28 fullgjord
448 1129 56 19 emot
522 1126 49 27 alla,
592 1126 27 22 dä
638 1127 40 21 den
693 1127 113 22 verkstälts

56 1162 76 22 endast
146 1162 40 21 hos
200 1160 72 29 nägon
286 1161 67 22 bland
368 1161 158 27 gäldenärerne.

124 1197 43 20 För
190 1195 36 22 det
247 1195 38 22 fall
303 1197 32 19 att
353 1196 50 27 gäld
418 1197 24 19 är
458 1196 69 21 okänd
542 1195 52 22 eller
609 1198 32 19 att
656 1196 151 21 efterlefvande

56 1230 64 21 maka
139 1230 40 21 och
199 1229 108 28 arfvingar
325 1231 38 19 äro
382 1230 67 20 ovisse
464 1237 34 14 om
513 1229 60 22 boets
588 1229 96 22 tillstånd
698 1229 87 28 stadgas
800 1230 8 21 i

57 1267 12 18 3
89 1265 40 21 och
147 1266 14 19 4
180 1265 24 27 $$
225 1265 24 20 10
269 1263 49 28 kap.
338 1259 25 25 Ä.
381 1264 31 25 B.,
428 1264 44 21 lika
486 1264 48 21 med
549 1264 55 21 hvad
620 1264 72 21 derom
707 1264 7 20 i
729 1264 76 27 Kongl.

57 1299 117 21 resolution
193 1299 40 20 och
248 1298 145 27 förklaringen
409 1298 40 21 den
465 1299 26 20 28
506 1297 44 28 Maj
568 1299 53 20 1687
637 1298 122 26 föreskrefs,
775 1300 32 19 att

57 1333 7 20 i
86 1332 102 22 händelse
210 1331 68 22 arfvet
302 1332 67 21 delats
393 1332 39 21 och
456 1332 69 21 okänd
548 1331 50 28 gäld
618 1332 102 27 yppades,
740 1331 67 22 arfvet

57 1367 68 20 borde
143 1366 48 21 med
207 1365 138 21 svornomede
361 1364 116 27 återbäras,
494 1367 60 24 samt,
572 1365 36 21 der
623 1365 184 27 sterbhusdelega-

58 1408 51 14 rene
131 1407 50 14 vore
200 1400 67 21 ovisse
283 1407 35 13 om
333 1399 60 21 boets
407 1398 103 27 tillstånd,
527 1399 47 21 dem
590 1397 48 30 äläg
653 1400 31 20 att
699 1398 45 22 låta
758 1399 51 21 Rät-

57 1436 38 20 ten
115 1435 36 21 det
168 1436 49 20 veta
232 1434 39 22 och
287 1434 67 22 sedan
367 1436 53 24 taga
434 1434 36 21 arf
483 1434 51 21 eller
548 1436 126 19 testamente
690 1435 56 20 emot
761 1434 48 21 bor-

59 1476 47 21 gen.
135 1468 38 23 Uti
195 1468 92 22 derefter
309 1468 101 22 utkomne
424 1468 154 28 författningar
593 1468 39 22 och
648 1470 71 20 senast
734 1476 76 20 genom

60 1505 54 21 1798
137 1503 36 23 års
194 1503 174 29 konkursstadga
390 1503 145 28 berättigades
554 1503 95 22 deremot
667 1504 143 21 sterbhusdel-

722 1546 20 15 78
