1020 1723
299 134 72 23 Nådiga
382 135 138 22 Propositionen
532 135 34 17 N:o
579 136 27 16 25.
761 136 43 17 1167

422 199 11 27 S
448 200 34 20 49.

146 242 47 21 Har
207 240 71 29 någon
293 241 33 21 till
341 241 129 28 gäldenären
486 240 41 23 sålt
541 249 70 19 varor,
627 249 48 14 men
687 242 18 28 ej
718 242 110 27 betalning

79 276 34 22 för
131 276 47 21 dem
198 276 90 25 erhållit,
308 276 40 21 och
366 277 37 20 äro
422 276 46 21 icke
487 283 96 19 varorne,
603 277 65 20 innan
687 277 41 20 den
746 276 38 26 tid,
800 275 28 22 då

79 310 130 28 gäldenären
227 311 32 20 sin
278 310 213 28 afträdesansökning
505 310 33 21 till
552 310 78 21 Rätten
645 310 65 28 ingaf,
726 310 58 26 eller,
799 309 29 28 på

77 345 118 27 borgenärs
213 345 95 27 begäran
326 344 69 22 beslut
415 344 72 22 derom
505 344 24 22 af
545 344 78 22 Rätten
642 344 98 27 fattades,
756 344 72 22 aflem-

78 380 55 20 nade
151 380 33 20 till
200 379 129 27 gäldenären
345 379 51 21 eller
411 379 33 21 till
459 386 70 14 annan
544 379 34 21 för
593 379 54 21 hans
662 380 100 26 räkning;
778 386 50 14 vare

79 414 18 27 ej
114 413 93 28 säljaren
222 414 83 27 skyldig
319 413 82 27 utgifva
415 420 95 20 varorne,
528 413 70 21 derest
612 414 47 21 icke
671 414 157 27 borgenärerne

79 448 49 21 dem
143 448 77 21 betala.

147 482 69 22 Hafva
231 489 90 15 varorne
335 482 55 22 först
405 482 54 22 efter
473 482 93 22 nämnde
580 482 31 22 tid
626 482 7 21 i
648 482 141 28 gäldenärens
800 482 28 22 bo

78 518 112 21 inkommit
209 517 51 21 eller
278 516 69 22 blifvit
365 517 24 21 af
401 524 72 14 annan
487 518 34 20 för
535 518 54 20 hans
604 517 91 27 räkning
709 519 119 25 mottagne;

79 559 65 14 varen
163 552 158 27 borgenärerne
339 551 95 28 skyldige
452 554 32 19 att
498 552 34 21 för
547 552 48 21 dem
611 552 87 27 erlägga
712 552 116 28 betalning,

79 593 36 15 om
130 586 26 22 de
170 586 52 28 vilja
236 593 90 15 varorne
339 585 92 23 behålla.

389 658 79 22 Kap.
487 658 32 18 5.

303 698 30 22 Om
347 698 131 22 konkursboets
493 699 117 27 förvaltning.

424 744 11 28 8
452 745 33 20 50.

148 787 96 22 Utsättes
260 787 73 21 förhör
348 787 7 21 i
369 786 138 22 konkursmä!
522 787 66 28 enligt
603 788 12 27 $
631 789 32 25 13,
679 789 52 19 utan
743 788 32 21 att
786 787 43 21 för-

80 822 93 28 fattning
192 829 34 14 om
246 822 141 27 egendomens
406 820 108 24 vårdande
533 822 147 21 dessförinnan
698 821 70 22 blifvit
786 822 44 21 vid-

81 859 70 26 tagen,
170 855 29 29 pä
217 858 43 20 sätt
278 856 7 21 i
304 857 24 27 $$
349 858 18 25 3,
387 857 12 20 5
419 856 39 21 och
478 858 12 19 7
509 856 33 21 för
558 856 105 22 särskilda
677 856 38 21 fall
730 856 100 28 stadgadt

81 893 34 25 är;
132 899 38 20 ege
184 891 78 21 Rätten
278 891 50 21 eller
344 891 47 21 dess
407 891 128 21 ordförande
545 891 69 21 tillika
625 893 47 19 utse
683 891 88 27 lämplig
782 897 48 21 per-

81 934 39 14 son
135 928 37 24 att,
188 926 44 21 tills
248 926 96 21 förhöret
358 925 105 26 inträffar,
479 925 122 22 handhafva
616 926 40 21 den
670 925 53 22 vård
738 926 24 21 af
773 926 57 25 boet,

81 968 46 14 som
141 961 43 20 kan
198 959 68 22 finnas.
282 960 24 21 af
319 960 209 27 omständigheterna
542 959 107 28 påkallad.

426 1006 10 27 S
457 1006 33 21 51.

150 1049 140 27 Borgenärer,
309 1048 72 21 hvilka
398 1048 35 21 vid
452 1049 35 20 det
504 1050 81 20 utsatta
604 1048 96 21 förhöret
718 1048 114 22 tillstädes-

81 1084 92 25 komma,
196 1082 59 22 skola
277 1082 27 21 då
321 1082 56 21 inför
395 1082 78 21 Rätten
491 1084 53 24 utse,
563 1082 52 21 eller
633 1082 39 21 ock
691 1083 32 27 sig
742 1082 90 22 emellan

82 1117 57 28 välja
158 1117 40 21 och
216 1116 34 22 för
268 1117 79 21 Rätten
361 1118 79 19 nämna
455 1116 35 22 två
505 1116 51 22 eller
571 1116 51 22 flere
637 1116 54 28 gode
705 1118 56 24 män,
777 1116 56 22 helst

82 1152 84 21 bofaste
185 1151 38 21 och
244 1150 85 27 sådane,
349 1158 46 14 som
413 1151 73 27 sjelfve
504 1151 103 27 sakegare
623 1152 44 25 äro,
683 1153 32 19 att
729 1150 104 22 konkurs-

82 1193 87 14 massan
187 1186 33 20 till
238 1185 130 27 förvaltning
383 1187 114 25 emottaga.
527 1180 30 26 Är
572 1185 50 21 boet
637 1185 24 21 af
672 1185 63 27 ringa
750 1185 83 21 beskaf-

83 1220 78 26 fenhet,
178 1220 39 21 och
232 1220 51 27 vilja
297 1220 157 27 borgenärerne
469 1219 156 27 förvaltningen
637 1219 62 21 deraf
708 1218 22 22 åt
741 1226 26 14 en
778 1219 56 21 enda

83 1254 43 28 god
143 1261 51 14 man
212 1254 105 26 anförtro;
337 1261 50 14 vare
406 1254 35 20 det
456 1252 83 27 tillåtet,
556 1253 37 21 der
607 1253 78 21 Rätten
699 1253 87 27 pröfvar
801 1255 33 19 att
852 1251 2 3 '

85 1289 36 21 det
139 1288 37 22 ske
190 1287 41 22 må.
261 1288 162 27 Borgenärerne
438 1295 52 20 egen
505 1288 40 21 ock
559 1287 98 21 meddela
672 1287 54 27 gode
741 1288 92 20 männen

84 1322 91 22 särskild
190 1322 109 21 föreskrift
314 1329 35 14 om
362 1322 163 27 förvaltningen,
542 1321 70 22 derest
623 1320 77 22 sådant
711 1321 75 28 nödigt
796 1328 38 14 an-

85 1364 40 14 ses.
154 1357 152 21 Förordnande
321 1356 34 20 för
370 1356 53 27 gode
438 1358 50 18 män
503 1356 54 20 skall
572 1356 24 20 af
608 1356 78 20 Rätten
700 1356 105 20 utfärdas.

429 1402 11 26 s
457 1402 34 19 52.

154 1438 70 22 Hafva
242 1438 75 22 endast
335 1437 22 23 få
374 1438 131 28 borgenärer
522 1437 195 22 tillstädeskommit
735 1437 41 22 och
794 1444 41 22 ega

89 1474 26 22 de
129 1474 61 28 ringa
205 1473 128 28 fordringar,
349 1472 52 23 eller
415 1473 42 21 kan
472 1472 18 29 ej
503 1472 191 22 konkursmassans
706 1472 129 29 förvaltning
