995 1720
281 157 71 22 Nädiga
364 157 137 23 Propvittionen
513 158 35 17 N:o
560 156 28 19 25.
741 159 44 16 1977

420 221 29 28 :$
465 220 38 22 33.

184 263 54 26 Den,
261 269 45 15 som
324 264 40 21 vill
384 263 96 30 begagnä
489 264 99 29 fordran
603 261 75 24 endast
693 264 36 20 till
744 264 64 27 gvitt-

127 299 53 28 ning
195 296 44 23 mot
254 297 68 26 skuld,
332 298 43 29 för
391 298 85 21 hvilken
491 299 44 20 han
550 298 37 21 hos
601 297 148 30 gäldenrären
760 297 48 30 häf-

128 336 42 23 tar,
185 339 51 14 vare
252 333 20 28 ej
284 333 83 28 pligtig
384 336 32 17 att
431 333 69 22 sådan
514 332 135 29 genfordran
663 333 10 20 i
688 331 120 22 konkursen

127 367 86 22 bevaka.
243 366 67 22 Sökes
330 367 52 21 hans
402 367 61 22 skuld
472 368 42 28 för
530 367 179 20 konkursmassan
722 370 31 22 ut,
770 367 39 20 och

127 401 104 22 bestrides
250 401 181 29 genfordringens
449 401 107 29 riktighet
574 402 51 21 eller
641 401 46 22 dess
703 400 105 22 tillkomst

121 436 53 29 före
193 435 131 26 konkursen;
344 436 72 28 äligge
431 436 82 26 honom,
529 436 38 21 der
583 435 43 21 han
640 436 168 28 gvittningsrätt

127 469 62 30 njuta
211 471 46 25 vill,
281 474 33 17 att
322 470 136 29 fordringen
473 469 24 22 så
512 470 74 29 styrka
601 470 38 21 och
654 470 94 28 beediga,
764 476 45 14 som

128 504 54 22 hade
196 504 41 22 den
252 505 9 20 i
277 503 120 23 konkursen
412 504 94 22 bevakad
522 502 79 31 blifvit.

380 576 24 28 $$
420 578 27 19 34
462 576 40 22 och
518 577 33 20 35.

392 612 154 23 Oförändrade.

435 685 12 29 $
463 684 37 21 36.

184 723 35 26 Är
234 729 25 29 af
269 729 107 28 borgenär
385 728 118 28 påstående
515 727 74 29 gjordt
602 735 33 13 om
646 727 118 29 gäldenärs
776 726 33 21 be-

123 763 126 29 Jordrande
272 763 36 20 till
330 770 79 13 ansvar
425 763 42 28 för
490 762 54 26 svek,
567 761 130 29 oredlighet,
721 760 88 22 tredska

129 799 52 20 eller
202 797 136 22 värdslöshet
360 801 56 16 emot
434 797 169 28 borgenärerne;
623 797 42 20 läte
680 795 81 21 Rätten
776 802 33 14 ve-

129 832 134 21 derbörande
286 831 104 28 äklagare
414 831 25 29 af
457 832 79 23 sädant
554 830 119 29 pästäende
691 829 69 29 undfä
775 829 35 21 del

129 866 45 26 och,
197 866 38 21 der
258 866 36 21 det
315 865 45 21 icke
380 859 117 35 lämpligen
513 865 42 21 kan
568 866 10 20 i
593 864 153 28 sammanhang
761 864 48 20 med

129 900 159 21 konkursmälet
300 900 95 29 afgöras,
408 900 120 28 handlägge
540 900 35 20 det
586 898 106 22 särskildt
704 898 54 29 efter
769 898 41 20 den

123 934 42 30 för
184 934 104 22 brottmäl
302 936 10 19 i
326 934 118 21 allmänhet
459 934 103 28 stadgade
576 932 232 30 rättegängsordning,

128 972 54 18 utan
196 972 33 18 att
241 969 130 29 afgörandet
382 969 25 29 af
416 969 25 21 de
453 969 142 28 tvistigheter,
607 975 44 14 som
663 968 89 21 emellan
760 966 50 22 bor-

126 1004 121 28 genärerne
263 1003 101 22 inbördes
377 1003 140 29 uppkommit,
526 1004 65 28 förty
605 1003 36 21 mä
655 1002 132 29 uppehällas.

404 1084 79 28 Kap.
501 1089 33 17 3.

179 1137 31 22 Om
229 1138 96 28 gäldenärs
338 1138 56 22 frihet
408 1138 33 22 och
454 1137 95 23 underhäll
562 1137 57 22 under
632 1136 127 28 rättegängen.

404 1192 25 28 88
445 1191 90 22 37—44.

393 1223 154 28 Oförändrade.

404 1317 79 22 Kap.
501 1317 32 16 4.

170 1366 31 22 Om
215 1366 47 22 hvad
275 1366 29 21 till
318 1364 117 23 konkursmä!
449 1365 53 21 hörer
516 1364 33 22 och
563 1363 114 29 återvinning
691 1364 21 22 af
724 1364 47 21 hvad

321 1402 80 22 derifrän
415 1401 60 23 blifvit
489 1401 129 28 förskingradt.

405 1457 24 27 88
445 1456 90 21 45—47.

396 1494 154 22 Oförändrade.
