1011 1725
214 144 47 35 1200
411 148 71 23 Nädiga
493 149 137 21 Propositionen
642 149 34 18 N:o
688 149 28 17 25.

534 211 12 27 8
562 211 34 21 30.

258 253 210 28 Sterbhusdelegare,
487 260 45 15 som
552 253 85 22 afträdd
652 253 103 28 egendom
770 252 98 28 tillträdt,
884 253 55 22 efter

189 288 57 22 hvad
260 289 8 20 i
282 288 25 28 $$
324 290 23 19 11
365 288 40 22 och
421 289 26 19 12
462 289 56 26 sägs,
533 294 51 16 vare
599 287 19 27 ej
633 287 77 29 pligtig
725 289 32 20 att
771 287 34 22 för
820 288 41 21 den
875 295 64 21 egen-

190 323 50 21 dom
254 324 53 26 göra
322 322 66 22 andre
403 322 198 28 sterbhusdelegare
615 322 58 22 redo.
705 322 73 28 Yppas
794 322 53 22 efter
862 321 77 23 sådant

189 357 95 22 tillträde
302 356 71 29 någon
387 356 59 22 förut
461 356 69 22 okänd
548 356 97 29 tillgång,
663 357 60 27 njute
741 356 42 22 alla
797 356 143 22 sterbhusdel-

190 398 64 22 egare
268 392 50 28 laga
332 392 44 21 rätt
391 391 77 22 dertill.

533 429 11 28 8
562 430 32 20 31.

257 472 11 22 I
286 471 131 23 urarfvamäl
431 472 60 28 njute
506 472 26 22 de
546 472 137 28 borgenärer,
699 472 73 22 hvilka
786 471 14 22 å
813 472 126 23 inställelse-

190 507 69 28 dagen
280 506 112 27 uteblifvit,
415 507 54 21 efter
490 507 101 27 beloppet
609 506 24 22 af
649 507 46 21 sina
713 506 122 29 fordringar
853 506 86 22 andel
928 502 15 37 i

190 542 144 26 Ofverskottet,
356 541 66 22 sedan
440 541 27 22 de
484 542 137 27 borgenärer,
640 548 45 16 som
705 542 47 21 sina
766 541 123 28 fordringar
902 541 37 22 be-

189 577 65 22 vakat
268 576 34 23 till
316 576 59 27 fullo,
391 575 65 24 utfätt
470 576 56 23 hvad
541 576 48 22 dem
604 576 135 23 tillkommer.

534 632 11 27 8
562 632 34 21 32.

257 675 77 23 Denna
351 674 125 29 förordning
494 674 54 24 skall
566 674 18 29 ej
604 674 108 28 tillämpas
730 674 7 22 i
756 674 26 22 de
799 665 42 42 mä!
855 670 28 25 om
903 681 36 14 ur-

190 709 143 28 arfvagörelse
348 709 40 22 och
402 709 180 22 undanskiftande
598 709 24 22 af
635 709 102 28 egendom
749 709 7 21 i
768 709 42 23 död
821 709 73 22 makes
904 709 36 26 bo,

189 744 73 22 hvilka
276 744 67 28 gjorts
359 744 122 27 anhängiga
495 744 46 21 före
556 744 41 21 den
613 745 10 20 1
640 744 89 21 Januari
745 745 41 20 186
802 760 5 5 .

315 798 127 29 Enligheten
460 798 48 22 med
527 798 36 22 det
582 798 24 22 af
621 798 60 21 Hans
699 798 120 28 Kejserliga
836 797 103 28 Majestät

257 832 86 29 nädigst
357 833 114 28 godkända
481 832 87 29 förslag,
580 832 120 29 bestyrker:
713 832 139 28 Helsingfors,
865 831 13 22 å
889 832 51 28 Kej-

258 867 79 29 serliga
352 867 92 23 Senaten
458 867 35 23 för
506 867 91 22 Finland
613 867 40 22 den
668 869 13 20 4
696 867 58 22 Mars
771 869 62 20 1867.

293 936 256 2 ss!
707 930 16 19 J.
737 930 100 19 Snellman.

616 968 71 16 Allmän
699 968 240 16 Referendariesekreterare.

198 1141 100 34 Förslag
319 1141 40 28 till
375 1140 150 33 Förordning
542 1148 37 19 om
595 1139 165 35 preskription
776 1138 8 29 i
800 1138 130 34 fordrings-

390 1183 49 28 mål
456 1183 44 28 och
517 1191 36 19 om
570 1181 168 34 ärsstämning.

541 1243 11 28 8
570 1244 18 20 1.

256 1286 66 26 Hvar,
344 1293 46 14 som
411 1285 41 21 har
473 1285 88 21 fordran
580 1285 39 20 hos
638 1291 71 14 annan
723 1284 7 21 i
745 1284 126 27 penningar,
886 1283 53 22 eller

188 1321 56 22 hvad
260 1320 36 21 det
310 1321 31 25 är,
357 1319 55 23 skall
427 1319 123 22 densamma
564 1318 24 21 af
602 1318 129 28 gäldenären
745 1318 75 21 kräfva
834 1318 52 21 eller
900 1318 39 23 ho-

189 1363 51 14 nom
259 1355 73 22 derom
351 1354 116 27 bevisligen
485 1354 71 21 erinra
571 1353 57 21 inom
643 1353 30 21 tio
689 1352 24 22 är
727 1351 48 23 från
791 1353 41 22 den
847 1353 48 28 dag,
911 1352 28 23 dä

189 1390 124 28 fordringen
331 1389 88 22 tillkom.
449 1389 46 21 Har
514 1387 103 29 gäldenär
634 1387 69 22 blifvit
721 1388 7 21 i
747 1387 77 22 sådant
838 1387 100 22 ändamål

189 1425 54 26 sökt,
262 1432 48 14 men
325 1423 46 22 icke
385 1423 86 22 träffats
485 1423 8 21 i
507 1423 37 21 sitt
558 1423 97 26 hemvist,
670 1422 51 22 eller
737 1423 24 21 är
776 1423 54 22 hans
845 1422 94 23 vistelse-

189 1461 35 23 ort
242 1459 98 26 obekant,
359 1457 36 23 mä
412 1458 106 28 borgenär
534 1457 85 22 anmäla
634 1458 37 21 sitt
685 1456 94 29 anspräk
794 1457 38 22 hos
848 1457 91 22 domstol

189 1495 52 22 eller
258 1494 111 22 Guvernör
384 1493 40 22 och
439 1492 44 22 läta
498 1493 57 21 bevis
571 1492 73 21 derom
658 1493 7 20 i
680 1492 109 22 allmänna
803 1492 136 28 tidningarne
