1020 1720
340 147 73 23 Nådiga
425 148 138 21 Propositionen
575 148 35 17 N:o
623 149 27 15 30.
805 149 43 16 1553

117 210 178 27 nadskostnader,
311 212 10 20 i
335 211 74 21 hvilka
424 211 81 26 bostad,
525 218 52 22 egen
595 212 53 20 eller
668 211 61 29 hyrd,
746 215 55 17 samt
816 212 55 28 aflö-

117 246 54 28 ning
187 245 39 21 och
240 246 116 20 underhåll
371 246 25 28 af
404 246 115 28 personlig
535 246 108 28 betjening
660 245 38 21 och
713 245 56 22 hvad
784 245 87 22 dermed

115 280 126 29 jemförligt
256 281 27 20 är
299 280 39 21 bör
353 280 137 21 inberäknas.
514 279 49 22 Icke
579 280 66 21 heller
654 280 43 28 fär
711 281 69 27 nägot
791 280 80 29 afdrag

118 316 66 27 göras
194 314 42 29 för
253 315 55 21 hvad
323 315 41 21 den
379 314 226 30 bevillmingsskyldige
620 315 10 20 i
646 314 38 21 och
696 315 42 29 för
753 315 35 20 sin
802 315 69 20 rörel-

119 356 31 14 ses
164 348 131 30 utvidgning
311 349 89 28 nedlagt
414 349 10 20 i
437 348 116 27 maskiner,
569 348 159 29 nybyggnader,
740 349 132 28 nyodlingar

117 384 49 20 med
180 390 61 14 mera
255 384 85 20 sådant.
369 382 61 22 Dock
449 384 36 20 må
504 383 243 29 dividendutdelningar
759 383 59 28 från
837 382 35 22 bo-

119 418 42 27 lag,
178 418 74 21 hvilka
264 417 87 29 jemlikt
366 418 12 27 $
393 416 15 21 3
424 418 39 20 äro
478 417 214 29 inkomstbevillning
707 417 164 27 underkastade,

117 452 38 21 vid
176 451 148 29 beräkningen
347 451 25 29 af
392 451 177 29 bolagsmännens
596 451 97 22 enskilda
719 451 93 22 inkomst
833 459 39 14 wn-

120 487 114 28 dantagas.

186 521 65 21 Anm.
270 519 15 22 I
298 521 102 28 afdraget
408 521 43 28 för
466 521 135 21 arbetslöner
614 521 39 27 får
669 521 63 28 äfven
746 521 126 27 inbegripas

118 556 78 21 värdet
212 555 25 29 af
249 555 36 21 det
300 554 78 27 arbete,
395 562 44 14 som
455 555 25 29 af
493 556 117 27 allmogens
622 555 118 28 fullvuxna
760 554 38 22 och
812 562 60 14 man-

119 590 129 28 talsskrifna
264 589 54 21 barn
327 590 43 28 för
379 590 158 28 föräldrarnes
552 588 96 30 räkning
658 590 124 29 förrättas.

472 650 13 27 $
499 648 19 22 5.

186 692 63 22 Från
263 692 123 28 utgörande
402 692 25 28 af
438 692 214 29 inkomstbevillning
668 693 40 20 äro
717 692 137 29 frikallade:

186 727 22 27 a)
227 726 95 29 Kyrkor,
342 726 161 28 vetenskapliga
525 726 106 29 samfund,
651 726 160 30 hushållnings-
833 727 39 21 och

119 760 257 29 landtbrukssällskaper,
389 761 111 21 allmänna
512 760 72 22 skolor
597 761 39 21 och
646 760 225 30 undervisningsverk,

119 795 187 29 stipendiifonder,
324 796 216 28 pensionsanstalter,
563 795 56 29 sjuk-
643 796 39 20 och
697 796 175 28 fattigvärdsin-

118 832 129 27 rättningar
263 831 109 28 äfvensom
384 830 71 21 andra
464 830 99 28 fromma
574 830 110 29 stiftelser,
697 830 173 29 lifränteanstal-

119 869 39 22 ter,
178 864 111 22 inhemska
302 864 209 29 försäkringsbolag
528 865 38 20 och
579 865 142 28 föreningar,
737 865 134 28 sparbanker

119 903 55 18 samt
189 899 123 21 kommuner
328 899 39 20 och
381 899 138 28 menigheter.

186 933 24 28 b)
226 933 79 22 Finske
323 933 148 28 medborgare,
492 933 79 27 hvilka,
584 933 42 28 för
643 933 58 21 tiden
717 933 81 22 bosatte
812 937 60 18 utom
884 946 4 4 -

118 967 103 26 Finland,
244 968 82 21 utrikes
346 967 74 29 drifva
441 969 83 28 näring
547 969 51 20 eller
616 967 59 29 yrke,
692 968 58 28 från
768 968 103 21 inkomst-

119 1002 58 21 skatt
186 1002 42 28 för
245 1002 151 28 behållningen
411 1002 69 29 deraf.

188 1037 20 27 c)
226 1036 142 29 Tjenstemän,
386 1036 89 28 betjente
495 1036 38 22 och
548 1036 126 28 gemenskap
693 1037 38 21 vid
750 1037 24 21 de
792 1038 10 20 i
819 1036 53 22 Fin-

120 1071 52 21 land
185 1071 106 29 förlagde
310 1070 64 29 ryska
394 1072 65 20 civila
475 1071 38 21 och
531 1072 101 20 militära
646 1072 154 28 myndigheter,
817 1075 55 17 samt

114 1112 107 21 personer
237 1105 96 21 hörande
350 1105 35 21 till
394 1105 141 29 främmande
553 1104 94 22 makters
667 1106 138 20 härvarande
821 1105 51 21 kon-

120 1140 87 26 sulater,
221 1141 65 28 jemte
301 1140 63 21 deras
381 1140 114 29 betjening,
511 1140 24 21 så
547 1140 74 28 framt
639 1139 25 21 de
682 1140 46 21 icke
748 1141 39 19 äro
801 1140 70 27 finske

119 1174 142 28 medborgare
277 1175 51 20 eller
343 1175 59 20 inom
418 1175 72 21 landet
504 1175 76 28 utöfva
594 1175 82 27 näring
692 1175 52 20 eller
758 1174 59 28 yrke.

188 1208 22 28 d)
233 1208 155 28 Utlänningar,
412 1208 73 22 hvilka
507 1208 75 21 endast
605 1208 70 21 såsom
696 1208 90 21 resande
808 1208 34 28 sig
864 1210 9 20 i

120 1242 96 22 Finland
230 1243 116 28 uppehålla
362 1244 38 20 och
415 1244 41 20 här
472 1242 95 22 hvarken
580 1242 54 21 idka
648 1244 82 26 näring
746 1243 52 21 eller
810 1244 40 20 äro
863 1244 10 20 i

120 1280 86 23 statens,
223 1277 108 20 kommuns
346 1278 52 20 eller
414 1278 83 20 enskild
507 1284 92 21 persons
615 1277 64 28 tjenst
694 1277 114 20 anställde.

189 1312 20 27 e)
226 1311 108 21 Invånare
349 1312 9 19 i
374 1311 162 28 Lappmarkens
552 1311 77 20 härad.

188 1345 18 27 f)
225 1345 51 28 Arf,
297 1348 122 17 testamente
438 1347 52 19 eller
507 1344 133 27 fideikomiss
664 1345 35 20 till
720 1344 77 21 makar
820 1345 52 21 eller

121 1380 117 28 arfvingar
253 1380 34 19 uti
301 1380 47 19 rätt
362 1387 54 20 upp-
432 1380 51 19 eller
498 1374 140 33 nedstigande
654 1378 41 21 led.

188 1413 22 28 g)
231 1412 74 21 Aktie-
323 1413 39 21 och
381 1413 131 28 bankbolags
535 1413 150 28 reservfonder
707 1415 56 18 samt
781 1412 92 22 enskilta

118 1455 105 22 personer
243 1448 42 29 för
308 1448 243 29 dividendutdelningar
568 1448 58 29 från
652 1447 69 29 bolag,
745 1447 73 22 hvilka
840 1448 33 20 in-

122 1482 186 30 komstbevillning
324 1483 91 29 erlägga
430 1483 67 28 enligt
512 1482 12 28 $
540 1482 21 21 3.
675 1474 3 9 -
