978 1723
233 157 42 16 1458
431 155 73 23 Nådiga
514 156 137 22 Propositionen
662 155 35 18 N:o
710 156 28 16 28.

209 218 58 22 delse
289 217 116 29 förpligtad
427 220 32 20 att
476 218 8 22 i
502 218 128 28 utgörandet
648 218 25 21 af
688 218 30 21 all
737 217 108 28 borgerlig
867 219 67 26 tunga

208 253 76 23 staden
299 252 91 29 deltaga.

277 287 88 27 Qvinna,
381 294 45 14 som
441 287 8 22 i
464 287 48 22 stad
527 286 51 23 eller
592 287 58 21 inom
665 294 26 14 en
705 286 48 22 half
765 286 37 21 mil
818 284 94 24 derifrän
926 285 25 22 id

208 322 39 21 kar
262 322 79 22 handel
356 322 51 21 eller
421 322 124 26 handtverk,
565 321 51 22 eller
631 322 58 20 inom
704 321 86 21 stadens
805 320 87 22 område
907 320 44 22 drif

208 364 37 14 ver
259 356 167 26 fabriksrörelse,
445 356 40 22 bör
503 356 45 26 ock,
564 356 68 21 ehuru
649 356 95 27 burskap
762 355 69 22 henne
850 355 19 28 ej
889 355 62 27 tilläg:

209 398 42 21 ges,
266 390 123 29 borgerliga
402 390 109 29 utskylder
526 391 32 21 till
573 390 75 22 staden
662 392 83 26 utgöra.

561 452 12 27 S
590 452 18 20 5.
702 474 4 6 E

277 494 53 26 Den,
342 500 46 15 som
403 501 72 14 ensam
490 493 52 23 eller
556 493 47 21 med
618 493 84 22 biträde
718 493 24 22 af
754 494 64 21 maka
833 493 40 22 och
888 500 61 22 omyn

209 528 51 29 diga
277 528 55 22 barn
347 528 75 22 endast
436 528 33 21 till
484 528 178 28 sjelfförsörjning
676 528 8 21 i
698 528 49 22 stad
761 528 62 21 idkar
838 528 55 28 slöjd
909 528 41 22 elle

209 563 125 26 handtverk,
349 562 187 28 mänglerirörelse
551 562 50 22 eller
616 562 79 22 handel
706 562 48 22 med
765 562 110 28 tarfligare
886 562 62 22 kläde

209 598 41 21 och
272 597 109 28 skoplagg,
404 596 124 28 begagnade
549 596 111 28 persedlar
682 597 40 21 och
740 596 147 29 hvarjehanda
905 596 45 22 smä

209 632 68 26 kram,
292 639 51 15 vare
358 632 17 27 ej
392 631 82 29 skyldig
490 633 31 20 att
535 631 94 28 burskap
644 631 114 27 förvärfva,
774 639 49 13 men
837 632 77 27 utgöre
927 631 23 21 ti]

209 667 76 21 staden
292 667 42 21 viss
343 666 52 22 efter
407 666 209 28 omständigheterna
627 666 87 27 lämpad
724 666 156 28 näringsafgift.
903 666 46 21 Van

209 701 52 26 före,
281 700 90 28 sjuklige
389 700 40 22 och
448 700 82 28 fattige,
546 708 45 13 som
610 700 18 28 ej
647 702 53 19 utan
719 698 107 30 svärighet
844 699 69 23 förmä
927 699 22 23 sä

209 735 44 22 dan
267 735 63 28 afgift
343 736 84 27 utgöra,
443 742 50 14 vare
509 734 54 22 dock
578 733 94 23 derifrän
687 734 119 22 frikallade.

561 795 12 27 8
589 796 19 20 6.

278 832 19 28 Ä
310 838 74 22 landet
398 838 60 22 skola
472 838 127 27 handlande,
615 838 157 22 fabriksidkare
789 838 40 22 och
847 838 101 22 handtver

209 875 52 21 kare
275 875 78 26 utgöra
369 873 25 21 de
409 873 109 28 utskylder
534 873 39 21 och
588 873 83 26 besvär,
687 880 46 14 som
750 873 67 21 redan
833 874 37 21 äro
886 880 62 21 genor

209 908 106 22 särskilda
332 907 152 28 författningar
502 907 126 22 föreskrifne
646 907 55 21 eller
716 907 114 22 framdeles
848 907 100 28 pähjuda:

209 945 56 20 samt
283 942 121 22 handlande
424 942 107 21 dessutom
549 941 32 21 till
600 941 88 22 Kronan
707 941 87 28 erlägga
813 949 26 14 en
857 941 55 28 årlig
930 944 18 19 al

210 977 46 28 gift,
276 983 45 15 som
340 983 26 14 en
385 975 56 29 gäng
460 976 34 21 för
509 976 43 21 alla
566 976 128 21 bestämmes
709 976 40 21 och
764 976 18 27 ej
798 974 34 23 fär
847 976 100 27 öfverstig

211 1011 116 22 etthundra
341 1010 67 21 sextio
424 1011 61 20 mark
500 1017 35 14 om
550 1009 52 22 äret.

278 1045 53 26 Den,
351 1051 45 15 som
415 1043 13 23 &
445 1044 73 21 landet
539 1044 61 21 idkar
622 1043 83 22 mindre
727 1043 84 26 handel,
835 1043 55 28 slöjd
911 1043 37 22 elle

210 1078 125 26 handtverk,
354 1077 29 29 pä
400 1080 44 20 sätt
461 1078 7 21 i
487 1079 11 27 8
518 1079 11 19 5
550 1077 141 27 omförmäles,
710 1085 50 14 vare
779 1077 84 23 derföre
882 1078 19 28 ej
923 1085 25 15 ur

211 1112 115 23 derkastad
341 1119 71 15 annan
427 1112 63 28 afgift
504 1114 28 20 än
546 1113 78 21 honom
640 1112 61 27 eljest
716 1111 87 29 äligger.

563 1173 12 27 8
590 1174 20 19 7.

279 1216 48 22 Den
342 1214 112 28 ätskilnad,
470 1222 46 15 som
530 1215 84 22 härtills
629 1217 35 27 egt
678 1223 48 13 rum
741 1215 90 22 emellan
849 1214 98 28 stapelsti

212 1250 48 22 ders
283 1251 40 20 och
344 1250 128 27 uppstäders
494 1251 44 20 rätt
559 1250 39 20 och
618 1249 40 22 den
676 1250 80 21 olikhet
774 1250 7 21 i
798 1250 148 27 berättigande

211 1284 106 21 särskilda
338 1283 153 27 benämningar
513 1283 25 21 af
557 1282 156 29 handelsyrken
734 1283 99 27 medfört,
852 1282 56 22 skall
928 1283 18 21 fc

212 1317 115 22 framtiden
342 1318 105 27 upphöra.

279 1352 54 26 Den,
352 1359 46 15 som
415 1352 8 20 i
442 1351 48 22 stad
508 1352 40 21 har
565 1351 93 28 burskap
678 1351 14 22 ä
709 1351 84 27 handel,
812 1358 53 15 vare
882 1351 20 28 ej
919 1351 27 22 fö

212 1389 58 20 ment
292 1388 33 20 att
346 1387 37 22 der
408 1385 59 23 hålla
491 1386 51 22 flere
567 1386 212 29 försäljningsbodor,
802 1393 35 15 om
861 1386 44 22 han
928 1386 18 22 de

214 1421 110 23 ästundar.

281 1456 127 22 Handlande
427 1455 13 23 ä
458 1456 74 23 landet
549 1463 49 16 vare
618 1456 18 28 ej
654 1457 8 21 i
680 1456 72 29 yrkets
771 1456 140 22 bedrifvande
924 1464 22 14 w

212 1491 117 23 derkastad
346 1491 68 23 andra
431 1490 133 24 föreskrifter
581 1492 29 22 än
628 1492 55 26 dem,
701 1498 47 16 som
765 1492 34 22 för
816 1491 121 22 handlande
