<?xml version="1.0" encoding="UTF-8"?>
<alto xmlns="http://www.loc.gov/standards/alto/ns-v3#" xmlns:xlink="http://www.w3.org/1999/xlink" xmlns:xsi="http://www.w3.org/2001/XMLSchema-instance" xsi:schemaLocation="http://www.loc.gov/standards/alto/ns-v3# http://www.loc.gov/alto/v3/alto-3-0.xsd">
	<Description>
		<MeasurementUnit>pixel</MeasurementUnit>
		<sourceImageInformation>
			<fileName>/tmp/tess_0cu6c0p7_input.PNG</fileName>
		</sourceImageInformation>
		<OCRProcessing ID="OCR_0">
			<ocrProcessingStep>
				<processingSoftware>
					<softwareName>tesseract 5.3.4</softwareName>
				</processingSoftware>
			</ocrProcessingStep>
		</OCRProcessing>
	</Description>
	<Layout>
		<Page WIDTH="1011" HEIGHT="1717" PHYSICAL_IMG_NR="0" ID="page_0">
			<PrintSpace HPOS="0" VPOS="0" WIDTH="1011" HEIGHT="1717">
				<ComposedBlock ID="cblock_0" HPOS="207" VPOS="162" WIDTH="511" HEIGHT="32">
					<TextBlock ID="block_0" HPOS="207" VPOS="162" WIDTH="511" HEIGHT="32">
						<TextLine ID="line_0" HPOS="207" VPOS="162" WIDTH="511" HEIGHT="32">
							<String ID="string_0" HPOS="207" VPOS="162" WIDTH="56" HEIGHT="32" WC="0.95" CONTENT="1204"/><SP WIDTH="62" VPOS="162" HPOS="263"/>
							<String ID="string_1" HPOS="325" VPOS="171" WIDTH="3" HEIGHT="1" WC="0.0" CONTENT="!"/><SP WIDTH="83" VPOS="171" HPOS="328"/>
							<String ID="string_2" HPOS="411" VPOS="166" WIDTH="72" HEIGHT="24" WC="0.90" CONTENT="Nådiga"/><SP WIDTH="11" VPOS="166" HPOS="483"/>
							<String ID="string_3" HPOS="494" VPOS="168" WIDTH="137" HEIGHT="21" WC="0.91" CONTENT="Propositionen"/><SP WIDTH="12" VPOS="168" HPOS="631"/>
							<String ID="string_4" HPOS="643" VPOS="168" WIDTH="34" HEIGHT="16" WC="0.96" CONTENT="N:o"/><SP WIDTH="12" VPOS="168" HPOS="677"/>
							<String ID="string_5" HPOS="689" VPOS="168" WIDTH="29" HEIGHT="16" WC="0.96" CONTENT="25."/>
						</TextLine>
					</TextBlock>
				</ComposedBlock>
				<ComposedBlock ID="cblock_1" HPOS="190" VPOS="228" WIDTH="755" HEIGHT="496">
					<TextBlock ID="block_1" HPOS="190" VPOS="228" WIDTH="751" HEIGHT="64">
						<TextLine ID="line_1" HPOS="190" VPOS="228" WIDTH="751" HEIGHT="29">
							<String ID="string_6" HPOS="190" VPOS="230" WIDTH="30" HEIGHT="21" WC="0.95" CONTENT="rit"/><SP WIDTH="22" VPOS="230" HPOS="220"/>
							<String ID="string_7" HPOS="242" VPOS="228" WIDTH="41" HEIGHT="23" WC="0.93" CONTENT="den"/><SP WIDTH="20" VPOS="228" HPOS="283"/>
							<String ID="string_8" HPOS="303" VPOS="230" WIDTH="213" HEIGHT="27" WC="0.47" CONTENT="stämningssökande"/><SP WIDTH="18" VPOS="230" HPOS="516"/>
							<String ID="string_9" HPOS="534" VPOS="230" WIDTH="93" HEIGHT="21" WC="0.96" CONTENT="obekant"/><SP WIDTH="19" VPOS="230" HPOS="627"/>
							<String ID="string_10" HPOS="646" VPOS="229" WIDTH="39" HEIGHT="22" WC="0.93" CONTENT="och"/><SP WIDTH="15" VPOS="229" HPOS="685"/>
							<String ID="string_11" HPOS="700" VPOS="230" WIDTH="19" HEIGHT="27" WC="0.96" CONTENT="ej"/><SP WIDTH="15" VPOS="230" HPOS="719"/>
							<String ID="string_12" HPOS="734" VPOS="230" WIDTH="8" HEIGHT="21" WC="0.96" CONTENT="i"/><SP WIDTH="15" VPOS="230" HPOS="742"/>
							<String ID="string_13" HPOS="757" VPOS="229" WIDTH="79" HEIGHT="22" WC="0.93" CONTENT="dennes"/><SP WIDTH="14" VPOS="229" HPOS="836"/>
							<String ID="string_14" HPOS="850" VPOS="229" WIDTH="91" HEIGHT="22" WC="0.85" CONTENT="förteck-"/>
						</TextLine>
						<TextLine ID="line_2" HPOS="190" VPOS="264" WIDTH="183" HEIGHT="28">
							<String ID="string_15" HPOS="190" VPOS="264" WIDTH="53" HEIGHT="27" WC="0.93" CONTENT="ning"/><SP WIDTH="13" VPOS="264" HPOS="243"/>
							<String ID="string_16" HPOS="256" VPOS="264" WIDTH="117" HEIGHT="28" WC="0.92" CONTENT="upptagits."/>
						</TextLine>
					</TextBlock>
					<TextBlock ID="block_2" HPOS="191" VPOS="293" WIDTH="754" HEIGHT="204">
						<TextLine ID="line_3" HPOS="258" VPOS="293" WIDTH="685" HEIGHT="33">
							<String ID="string_17" HPOS="258" VPOS="293" WIDTH="31" HEIGHT="26" WC="0.91" CONTENT="Är"/><SP WIDTH="19" VPOS="293" HPOS="289"/>
							<String ID="string_18" HPOS="308" VPOS="297" WIDTH="144" HEIGHT="28" WC="0.84" CONTENT="ärsstämning"/><SP WIDTH="19" VPOS="297" HPOS="452"/>
							<String ID="string_19" HPOS="471" VPOS="298" WIDTH="25" HEIGHT="21" WC="0.93" CONTENT="af"/><SP WIDTH="15" VPOS="298" HPOS="496"/>
							<String ID="string_20" HPOS="511" VPOS="297" WIDTH="137" HEIGHT="29" WC="0.96" CONTENT="förmyndare"/><SP WIDTH="17" VPOS="297" HPOS="648"/>
							<String ID="string_21" HPOS="665" VPOS="300" WIDTH="65" HEIGHT="25" WC="0.96" CONTENT="tagen"/><SP WIDTH="18" VPOS="300" HPOS="730"/>
							<String ID="string_22" HPOS="748" VPOS="298" WIDTH="35" HEIGHT="21" WC="0.96" CONTENT="för"/><SP WIDTH="13" VPOS="298" HPOS="783"/>
							<String ID="string_23" HPOS="796" VPOS="305" WIDTH="85" HEIGHT="20" WC="0.96" CONTENT="person,"/><SP WIDTH="16" VPOS="305" HPOS="881"/>
							<String ID="string_24" HPOS="897" VPOS="305" WIDTH="46" HEIGHT="14" WC="0.96" CONTENT="som"/>
						</TextLine>
						<TextLine ID="line_4" HPOS="191" VPOS="331" WIDTH="751" HEIGHT="29">
							<String ID="string_25" HPOS="191" VPOS="332" WIDTH="33" HEIGHT="21" WC="0.93" CONTENT="till"/><SP WIDTH="15" VPOS="332" HPOS="224"/>
							<String ID="string_26" HPOS="239" VPOS="333" WIDTH="101" HEIGHT="27" WC="0.91" CONTENT="myndiga"/><SP WIDTH="15" VPOS="333" HPOS="340"/>
							<String ID="string_27" HPOS="355" VPOS="331" WIDTH="25" HEIGHT="22" WC="0.96" CONTENT="är"/><SP WIDTH="14" VPOS="331" HPOS="380"/>
							<String ID="string_28" HPOS="394" VPOS="333" WIDTH="95" HEIGHT="26" WC="0.96" CONTENT="kommit,"/><SP WIDTH="15" VPOS="333" HPOS="489"/>
							<String ID="string_29" HPOS="504" VPOS="339" WIDTH="49" HEIGHT="15" WC="0.93" CONTENT="men"/><SP WIDTH="11" VPOS="339" HPOS="553"/>
							<String ID="string_30" HPOS="564" VPOS="332" WIDTH="70" HEIGHT="22" WC="0.91" CONTENT="blifvit"/><SP WIDTH="10" VPOS="332" HPOS="634"/>
							<String ID="string_31" HPOS="644" VPOS="332" WIDTH="68" HEIGHT="21" WC="0.93" CONTENT="under"/><SP WIDTH="11" VPOS="332" HPOS="712"/>
							<String ID="string_32" HPOS="723" VPOS="332" WIDTH="137" HEIGHT="28" WC="0.93" CONTENT="förmyndare"/><SP WIDTH="11" VPOS="332" HPOS="860"/>
							<String ID="string_33" HPOS="871" VPOS="332" WIDTH="71" HEIGHT="26" WC="0.92" CONTENT="ställd,"/>
						</TextLine>
						<TextLine ID="line_5" HPOS="192" VPOS="365" WIDTH="752" HEIGHT="29">
							<String ID="string_34" HPOS="192" VPOS="365" WIDTH="27" HEIGHT="22" WC="0.92" CONTENT="dä"/><SP WIDTH="17" VPOS="365" HPOS="219"/>
							<String ID="string_35" HPOS="236" VPOS="373" WIDTH="52" HEIGHT="15" WC="0.92" CONTENT="vare"/><SP WIDTH="17" VPOS="373" HPOS="288"/>
							<String ID="string_36" HPOS="305" VPOS="366" WIDTH="107" HEIGHT="28" WC="0.92" CONTENT="borgenär"/><SP WIDTH="19" VPOS="366" HPOS="412"/>
							<String ID="string_37" HPOS="431" VPOS="373" WIDTH="46" HEIGHT="15" WC="0.93" CONTENT="som"/><SP WIDTH="17" VPOS="373" HPOS="477"/>
							<String ID="string_38" HPOS="494" VPOS="366" WIDTH="124" HEIGHT="22" WC="0.93" CONTENT="underläter"/><SP WIDTH="20" VPOS="366" HPOS="618"/>
							<String ID="string_39" HPOS="638" VPOS="369" WIDTH="33" HEIGHT="19" WC="0.93" CONTENT="att"/><SP WIDTH="14" VPOS="369" HPOS="671"/>
							<String ID="string_40" HPOS="685" VPOS="367" WIDTH="102" HEIGHT="27" WC="0.92" CONTENT="uppgifva"/><SP WIDTH="14" VPOS="367" HPOS="787"/>
							<String ID="string_41" HPOS="801" VPOS="367" WIDTH="33" HEIGHT="21" WC="0.93" CONTENT="sin"/><SP WIDTH="14" VPOS="367" HPOS="834"/>
							<String ID="string_42" HPOS="848" VPOS="366" WIDTH="96" HEIGHT="27" WC="0.92" CONTENT="fordran,"/>
						</TextLine>
						<TextLine ID="line_6" HPOS="191" VPOS="399" WIDTH="754" HEIGHT="30">
							<String ID="string_43" HPOS="191" VPOS="399" WIDTH="101" HEIGHT="29" WC="0.92" CONTENT="förlustig"/><SP WIDTH="18" VPOS="399" HPOS="292"/>
							<String ID="string_44" HPOS="310" VPOS="401" WIDTH="59" HEIGHT="21" WC="0.93" CONTENT="talan"/><SP WIDTH="19" VPOS="401" HPOS="369"/>
							<String ID="string_45" HPOS="388" VPOS="408" WIDTH="35" HEIGHT="15" WC="0.96" CONTENT="om"/><SP WIDTH="19" VPOS="408" HPOS="423"/>
							<String ID="string_46" HPOS="442" VPOS="401" WIDTH="48" HEIGHT="22" WC="0.93" CONTENT="dess"/><SP WIDTH="14" VPOS="401" HPOS="490"/>
							<String ID="string_47" HPOS="504" VPOS="401" WIDTH="185" HEIGHT="26" WC="0.92" CONTENT="utbekommande,"/><SP WIDTH="16" VPOS="401" HPOS="689"/>
							<String ID="string_48" HPOS="705" VPOS="401" WIDTH="38" HEIGHT="21" WC="0.93" CONTENT="der"/><SP WIDTH="15" VPOS="401" HPOS="743"/>
							<String ID="string_49" HPOS="758" VPOS="401" WIDTH="18" HEIGHT="28" WC="0.92" CONTENT="ej"/><SP WIDTH="16" VPOS="401" HPOS="776"/>
							<String ID="string_50" HPOS="792" VPOS="401" WIDTH="153" HEIGHT="28" WC="0.92" CONTENT="förmyndaren"/>
						</TextLine>
						<TextLine ID="line_7" HPOS="191" VPOS="434" WIDTH="752" HEIGHT="29">
							<String ID="string_51" HPOS="191" VPOS="435" WIDTH="57" HEIGHT="22" WC="0.91" CONTENT="visas"/><SP WIDTH="21" VPOS="435" HPOS="248"/>
							<String ID="string_52" HPOS="269" VPOS="434" WIDTH="65" HEIGHT="23" WC="0.92" CONTENT="hafva"/><SP WIDTH="22" VPOS="434" HPOS="334"/>
							<String ID="string_53" HPOS="356" VPOS="442" WIDTH="34" HEIGHT="14" WC="0.96" CONTENT="om"/><SP WIDTH="23" VPOS="442" HPOS="390"/>
							<String ID="string_54" HPOS="413" VPOS="442" WIDTH="82" HEIGHT="15" WC="0.93" CONTENT="samma"/><SP WIDTH="21" VPOS="442" HPOS="495"/>
							<String ID="string_55" HPOS="516" VPOS="435" WIDTH="90" HEIGHT="22" WC="0.92" CONTENT="fordran"/><SP WIDTH="22" VPOS="435" HPOS="606"/>
							<String ID="string_56" HPOS="628" VPOS="437" WIDTH="36" HEIGHT="26" WC="0.93" CONTENT="egt"/><SP WIDTH="17" VPOS="437" HPOS="664"/>
							<String ID="string_57" HPOS="681" VPOS="435" WIDTH="53" HEIGHT="22" WC="0.93" CONTENT="eller"/><SP WIDTH="15" VPOS="435" HPOS="734"/>
							<String ID="string_58" HPOS="749" VPOS="434" WIDTH="86" HEIGHT="23" WC="0.92" CONTENT="erhällit"/><SP WIDTH="13" VPOS="434" HPOS="835"/>
							<String ID="string_59" HPOS="848" VPOS="435" WIDTH="95" HEIGHT="28" WC="0.92" CONTENT="vetskap,"/>
						</TextLine>
						<TextLine ID="line_8" HPOS="192" VPOS="467" WIDTH="275" HEIGHT="30">
							<String ID="string_60" HPOS="192" VPOS="467" WIDTH="72" HEIGHT="24" WC="0.92" CONTENT="säsom"/><SP WIDTH="14" VPOS="467" HPOS="264"/>
							<String ID="string_61" HPOS="278" VPOS="468" WIDTH="65" HEIGHT="23" WC="0.92" CONTENT="ofvan"/><SP WIDTH="14" VPOS="468" HPOS="343"/>
							<String ID="string_62" HPOS="357" VPOS="470" WIDTH="26" HEIGHT="21" WC="0.93" CONTENT="är"/><SP WIDTH="14" VPOS="470" HPOS="383"/>
							<String ID="string_63" HPOS="397" VPOS="469" WIDTH="70" HEIGHT="28" WC="0.93" CONTENT="sagdt."/>
						</TextLine>
					</TextBlock>
					<TextBlock ID="block_3" HPOS="537" VPOS="516" WIDTH="62" HEIGHT="27">
						<TextLine ID="line_9" HPOS="537" VPOS="516" WIDTH="62" HEIGHT="27">
							<String ID="string_64" HPOS="537" VPOS="516" WIDTH="12" HEIGHT="27" WC="0.89" CONTENT="8"/><SP WIDTH="17" VPOS="516" HPOS="549"/>
							<String ID="string_65" HPOS="566" VPOS="517" WIDTH="33" HEIGHT="20" WC="0.96" CONTENT="12."/>
						</TextLine>
					</TextBlock>
					<TextBlock ID="block_4" HPOS="192" VPOS="553" WIDTH="753" HEIGHT="171">
						<TextLine ID="line_10" HPOS="263" VPOS="553" WIDTH="681" HEIGHT="32">
							<String ID="string_66" HPOS="263" VPOS="553" WIDTH="45" HEIGHT="26" WC="0.91" CONTENT="Äro"/><SP WIDTH="17" VPOS="553" HPOS="308"/>
							<String ID="string_67" HPOS="325" VPOS="557" WIDTH="52" HEIGHT="22" WC="0.90" CONTENT="flere"/><SP WIDTH="18" VPOS="557" HPOS="377"/>
							<String ID="string_68" HPOS="395" VPOS="558" WIDTH="132" HEIGHT="27" WC="0.92" CONTENT="gäldenärer,"/><SP WIDTH="20" VPOS="558" HPOS="527"/>
							<String ID="string_69" HPOS="547" VPOS="558" WIDTH="26" HEIGHT="21" WC="0.96" CONTENT="de"/><SP WIDTH="15" VPOS="558" HPOS="573"/>
							<String ID="string_70" HPOS="588" VPOS="558" WIDTH="45" HEIGHT="26" WC="0.96" CONTENT="der,"/><SP WIDTH="16" VPOS="558" HPOS="633"/>
							<String ID="string_71" HPOS="649" VPOS="565" WIDTH="26" HEIGHT="14" WC="0.97" CONTENT="en"/><SP WIDTH="14" VPOS="565" HPOS="675"/>
							<String ID="string_72" HPOS="689" VPOS="558" WIDTH="35" HEIGHT="22" WC="0.96" CONTENT="för"/><SP WIDTH="15" VPOS="558" HPOS="724"/>
							<String ID="string_73" HPOS="739" VPOS="558" WIDTH="43" HEIGHT="22" WC="0.94" CONTENT="alla"/><SP WIDTH="14" VPOS="558" HPOS="782"/>
							<String ID="string_74" HPOS="796" VPOS="559" WIDTH="41" HEIGHT="21" WC="0.97" CONTENT="och"/><SP WIDTH="15" VPOS="559" HPOS="837"/>
							<String ID="string_75" HPOS="852" VPOS="558" WIDTH="43" HEIGHT="21" WC="0.96" CONTENT="alla"/><SP WIDTH="14" VPOS="558" HPOS="895"/>
							<String ID="string_76" HPOS="909" VPOS="558" WIDTH="35" HEIGHT="21" WC="0.96" CONTENT="för"/>
						</TextLine>
						<TextLine ID="line_11" HPOS="192" VPOS="591" WIDTH="753" HEIGHT="30">
							<String ID="string_77" HPOS="192" VPOS="599" WIDTH="33" HEIGHT="19" WC="0.93" CONTENT="en,"/><SP WIDTH="15" VPOS="599" HPOS="225"/>
							<String ID="string_78" HPOS="240" VPOS="592" WIDTH="242" HEIGHT="28" WC="0.92" CONTENT="betalningsskyldighet"/><SP WIDTH="15" VPOS="592" HPOS="482"/>
							<String ID="string_79" HPOS="497" VPOS="593" WIDTH="32" HEIGHT="28" WC="0.93" CONTENT="sig"/><SP WIDTH="11" VPOS="593" HPOS="529"/>
							<String ID="string_80" HPOS="540" VPOS="592" WIDTH="74" HEIGHT="27" WC="0.92" CONTENT="iklädt,"/><SP WIDTH="13" VPOS="592" HPOS="614"/>
							<String ID="string_81" HPOS="627" VPOS="593" WIDTH="40" HEIGHT="21" WC="0.96" CONTENT="och"/><SP WIDTH="10" VPOS="593" HPOS="667"/>
							<String ID="string_82" HPOS="677" VPOS="593" WIDTH="41" HEIGHT="21" WC="0.93" CONTENT="har"/><SP WIDTH="12" VPOS="593" HPOS="718"/>
							<String ID="string_83" HPOS="730" VPOS="591" WIDTH="143" HEIGHT="29" WC="0.86" CONTENT="ärsstämning"/><SP WIDTH="12" VPOS="591" HPOS="873"/>
							<String ID="string_84" HPOS="885" VPOS="591" WIDTH="60" HEIGHT="29" WC="0.92" CONTENT="ägätt"/>
						</TextLine>
						<TextLine ID="line_12" HPOS="192" VPOS="625" WIDTH="753" HEIGHT="29">
							<String ID="string_85" HPOS="192" VPOS="625" WIDTH="150" HEIGHT="29" WC="0.87" CONTENT="nägonderas"/><SP WIDTH="3" VPOS="625" HPOS="342"/>
							<String ID="string_86" HPOS="345" VPOS="626" WIDTH="195" HEIGHT="28" WC="0.92" CONTENT="borgenärer;"/><SP WIDTH="-35" VPOS="626" HPOS="540"/>
							<String ID="string_87" HPOS="505" VPOS="621" WIDTH="29" HEIGHT="37" WC="0.93" CONTENT="dä"/><SP WIDTH="15" VPOS="621" HPOS="534"/>
							<String ID="string_88" HPOS="549" VPOS="634" WIDTH="40" HEIGHT="20" WC="0.91" CONTENT="ege"/><SP WIDTH="19" VPOS="634" HPOS="589"/>
							<String ID="string_89" HPOS="608" VPOS="627" WIDTH="52" HEIGHT="21" WC="0.92" CONTENT="hvar"/><SP WIDTH="19" VPOS="627" HPOS="660"/>
							<String ID="string_90" HPOS="679" VPOS="627" WIDTH="25" HEIGHT="21" WC="0.96" CONTENT="af"/><SP WIDTH="17" VPOS="627" HPOS="704"/>
							<String ID="string_91" HPOS="721" VPOS="627" WIDTH="26" HEIGHT="21" WC="0.96" CONTENT="de"/><SP WIDTH="14" VPOS="627" HPOS="747"/>
							<String ID="string_92" HPOS="761" VPOS="627" WIDTH="69" HEIGHT="21" WC="0.93" CONTENT="andra"/><SP WIDTH="13" VPOS="627" HPOS="830"/>
							<String ID="string_93" HPOS="843" VPOS="627" WIDTH="102" HEIGHT="27" WC="0.92" CONTENT="gäldenä-"/>
						</TextLine>
						<TextLine ID="line_13" HPOS="192" VPOS="660" WIDTH="753" HEIGHT="29">
							<String ID="string_94" HPOS="192" VPOS="668" WIDTH="70" HEIGHT="19" WC="0.92" CONTENT="rerne,"/><SP WIDTH="18" VPOS="668" HPOS="262"/>
							<String ID="string_95" HPOS="280" VPOS="660" WIDTH="45" HEIGHT="22" WC="0.96" CONTENT="lika"/><SP WIDTH="18" VPOS="660" HPOS="325"/>
							<String ID="string_96" HPOS="343" VPOS="661" WIDTH="48" HEIGHT="21" WC="0.93" CONTENT="med"/><SP WIDTH="18" VPOS="661" HPOS="391"/>
							<String ID="string_97" HPOS="409" VPOS="661" WIDTH="113" HEIGHT="28" WC="0.83" CONTENT="borgenär,"/><SP WIDTH="17" VPOS="661" HPOS="522"/>
							<String ID="string_98" HPOS="539" VPOS="663" WIDTH="33" HEIGHT="20" WC="0.93" CONTENT="att"/><SP WIDTH="14" VPOS="663" HPOS="572"/>
							<String ID="string_99" HPOS="586" VPOS="661" WIDTH="79" HEIGHT="22" WC="0.96" CONTENT="dennes"/><SP WIDTH="14" VPOS="661" HPOS="665"/>
							<String ID="string_100" HPOS="679" VPOS="661" WIDTH="89" HEIGHT="22" WC="0.96" CONTENT="fordran"/><SP WIDTH="16" VPOS="661" HPOS="768"/>
							<String ID="string_101" HPOS="784" VPOS="662" WIDTH="89" HEIGHT="26" WC="0.95" CONTENT="bevaka,"/><SP WIDTH="15" VPOS="662" HPOS="873"/>
							<String ID="string_102" HPOS="888" VPOS="660" WIDTH="57" HEIGHT="23" WC="0.96" CONTENT="ändå"/>
						</TextLine>
						<TextLine ID="line_14" HPOS="193" VPOS="695" WIDTH="611" HEIGHT="29">
							<String ID="string_103" HPOS="193" VPOS="697" WIDTH="33" HEIGHT="20" WC="0.96" CONTENT="att"/><SP WIDTH="14" VPOS="697" HPOS="226"/>
							<String ID="string_104" HPOS="240" VPOS="696" WIDTH="41" HEIGHT="21" WC="0.93" CONTENT="den"/><SP WIDTH="15" VPOS="696" HPOS="281"/>
							<String ID="string_105" HPOS="296" VPOS="696" WIDTH="18" HEIGHT="27" WC="0.87" CONTENT="ej"/><SP WIDTH="16" VPOS="696" HPOS="314"/>
							<String ID="string_106" HPOS="330" VPOS="695" WIDTH="69" HEIGHT="22" WC="0.92" CONTENT="blifvit"/><SP WIDTH="14" VPOS="695" HPOS="399"/>
							<String ID="string_107" HPOS="413" VPOS="695" WIDTH="59" HEIGHT="22" WC="0.92" CONTENT="förut"/><SP WIDTH="16" VPOS="695" HPOS="472"/>
							<String ID="string_108" HPOS="488" VPOS="696" WIDTH="40" HEIGHT="22" WC="0.93" CONTENT="hos"/><SP WIDTH="14" VPOS="696" HPOS="528"/>
							<String ID="string_109" HPOS="542" VPOS="695" WIDTH="72" HEIGHT="29" WC="0.91" CONTENT="nägon"/><SP WIDTH="14" VPOS="695" HPOS="614"/>
							<String ID="string_110" HPOS="628" VPOS="696" WIDTH="25" HEIGHT="22" WC="0.96" CONTENT="af"/><SP WIDTH="12" VPOS="696" HPOS="653"/>
							<String ID="string_111" HPOS="665" VPOS="696" WIDTH="48" HEIGHT="22" WC="0.93" CONTENT="dem"/><SP WIDTH="14" VPOS="696" HPOS="713"/>
							<String ID="string_112" HPOS="727" VPOS="696" WIDTH="77" HEIGHT="22" WC="0.93" CONTENT="utsökt."/>
						</TextLine>
					</TextBlock>
				</ComposedBlock>
				<ComposedBlock ID="cblock_2" HPOS="192" VPOS="760" WIDTH="753" HEIGHT="241">
					<TextBlock ID="block_5" HPOS="537" VPOS="760" WIDTH="61" HEIGHT="27">
						<TextLine ID="line_15" HPOS="537" VPOS="760" WIDTH="61" HEIGHT="27">
							<String ID="string_113" HPOS="537" VPOS="760" WIDTH="11" HEIGHT="27" WC="0.75" CONTENT="8"/><SP WIDTH="18" VPOS="760" HPOS="548"/>
							<String ID="string_114" HPOS="566" VPOS="760" WIDTH="32" HEIGHT="20" WC="0.92" CONTENT="13."/>
						</TextLine>
					</TextBlock>
					<TextBlock ID="block_6" HPOS="192" VPOS="796" WIDTH="753" HEIGHT="205">
						<TextLine ID="line_16" HPOS="260" VPOS="796" WIDTH="683" HEIGHT="34">
							<String ID="string_115" HPOS="260" VPOS="796" WIDTH="32" HEIGHT="27" WC="0.95" CONTENT="Är"/><SP WIDTH="17" VPOS="796" HPOS="292"/>
							<String ID="string_116" HPOS="309" VPOS="801" WIDTH="43" HEIGHT="22" WC="0.96" CONTENT="fast"/><SP WIDTH="17" VPOS="801" HPOS="352"/>
							<String ID="string_117" HPOS="369" VPOS="802" WIDTH="104" HEIGHT="28" WC="0.92" CONTENT="egendom"/><SP WIDTH="19" VPOS="802" HPOS="473"/>
							<String ID="string_118" HPOS="492" VPOS="801" WIDTH="34" HEIGHT="22" WC="0.93" CONTENT="för"/><SP WIDTH="18" VPOS="801" HPOS="526"/>
							<String ID="string_119" HPOS="544" VPOS="802" WIDTH="117" HEIGHT="27" WC="0.92" CONTENT="borgenärs"/><SP WIDTH="14" VPOS="802" HPOS="661"/>
							<String ID="string_120" HPOS="675" VPOS="802" WIDTH="89" HEIGHT="22" WC="0.93" CONTENT="fordran"/><SP WIDTH="14" VPOS="802" HPOS="764"/>
							<String ID="string_121" HPOS="778" VPOS="802" WIDTH="121" HEIGHT="26" WC="0.90" CONTENT="intecknad,"/><SP WIDTH="16" VPOS="802" HPOS="899"/>
							<String ID="string_122" HPOS="915" VPOS="802" WIDTH="28" HEIGHT="21" WC="0.90" CONTENT="el-"/>
						</TextLine>
						<TextLine ID="line_17" HPOS="192" VPOS="836" WIDTH="751" HEIGHT="28">
							<String ID="string_123" HPOS="192" VPOS="836" WIDTH="32" HEIGHT="21" WC="0.92" CONTENT="ler"/><SP WIDTH="22" VPOS="836" HPOS="224"/>
							<String ID="string_124" HPOS="246" VPOS="836" WIDTH="135" HEIGHT="28" WC="0.96" CONTENT="lösegendom"/><SP WIDTH="23" VPOS="836" HPOS="381"/>
							<String ID="string_125" HPOS="404" VPOS="836" WIDTH="68" HEIGHT="21" WC="0.93" CONTENT="under"/><SP WIDTH="22" VPOS="836" HPOS="472"/>
							<String ID="string_126" HPOS="494" VPOS="838" WIDTH="98" HEIGHT="25" WC="0.92" CONTENT="panträtt"/><SP WIDTH="21" VPOS="838" HPOS="592"/>
							<String ID="string_127" HPOS="613" VPOS="837" WIDTH="78" HEIGHT="20" WC="0.96" CONTENT="honom"/><SP WIDTH="18" VPOS="837" HPOS="691"/>
							<String ID="string_128" HPOS="709" VPOS="837" WIDTH="8" HEIGHT="20" WC="0.93" CONTENT="i"/><SP WIDTH="18" VPOS="837" HPOS="717"/>
							<String ID="string_129" HPOS="735" VPOS="837" WIDTH="94" HEIGHT="21" WC="0.90" CONTENT="handom"/><SP WIDTH="21" VPOS="837" HPOS="829"/>
							<String ID="string_130" HPOS="850" VPOS="836" WIDTH="93" HEIGHT="26" WC="0.92" CONTENT="lemnad,"/>
						</TextLine>
						<TextLine ID="line_18" HPOS="192" VPOS="869" WIDTH="751" HEIGHT="29">
							<String ID="string_131" HPOS="192" VPOS="870" WIDTH="60" HEIGHT="28" WC="0.92" CONTENT="njute"/><SP WIDTH="16" VPOS="870" HPOS="252"/>
							<String ID="string_132" HPOS="268" VPOS="870" WIDTH="49" HEIGHT="21" WC="0.51" CONTENT="han"/><SP WIDTH="21" VPOS="870" HPOS="317"/>
							<String ID="string_133" HPOS="338" VPOS="870" WIDTH="110" HEIGHT="27" WC="0.93" CONTENT="betalning"/><SP WIDTH="18" VPOS="870" HPOS="448"/>
							<String ID="string_134" HPOS="466" VPOS="878" WIDTH="26" HEIGHT="13" WC="0.96" CONTENT="ur"/><SP WIDTH="18" VPOS="878" HPOS="492"/>
							<String ID="string_135" HPOS="510" VPOS="870" WIDTH="138" HEIGHT="28" WC="0.93" CONTENT="egendomen,"/><SP WIDTH="20" VPOS="870" HPOS="648"/>
							<String ID="string_136" HPOS="668" VPOS="869" WIDTH="57" HEIGHT="22" WC="0.95" CONTENT="ändå"/><SP WIDTH="16" VPOS="869" HPOS="725"/>
							<String ID="string_137" HPOS="741" VPOS="872" WIDTH="33" HEIGHT="20" WC="0.96" CONTENT="att"/><SP WIDTH="15" VPOS="872" HPOS="774"/>
							<String ID="string_138" HPOS="789" VPOS="871" WIDTH="43" HEIGHT="21" WC="0.93" CONTENT="han"/><SP WIDTH="15" VPOS="871" HPOS="832"/>
							<String ID="string_139" HPOS="847" VPOS="870" WIDTH="26" HEIGHT="28" WC="0.96" CONTENT="ej,"/><SP WIDTH="17" VPOS="870" HPOS="873"/>
							<String ID="string_140" HPOS="890" VPOS="870" WIDTH="53" HEIGHT="22" WC="0.92" CONTENT="efter"/>
						</TextLine>
						<TextLine ID="line_19" HPOS="192" VPOS="903" WIDTH="752" HEIGHT="29">
							<String ID="string_141" HPOS="192" VPOS="903" WIDTH="152" HEIGHT="29" WC="0.20" CONTENT="ärsstämning,"/><SP WIDTH="15" VPOS="903" HPOS="344"/>
							<String ID="string_142" HPOS="359" VPOS="904" WIDTH="33" HEIGHT="21" WC="0.93" CONTENT="sin"/><SP WIDTH="15" VPOS="904" HPOS="392"/>
							<String ID="string_143" HPOS="407" VPOS="904" WIDTH="89" HEIGHT="22" WC="0.93" CONTENT="fordran"/><SP WIDTH="14" VPOS="904" HPOS="496"/>
							<String ID="string_144" HPOS="510" VPOS="904" WIDTH="96" HEIGHT="28" WC="0.90" CONTENT="angifvit."/><SP WIDTH="23" VPOS="904" HPOS="606"/>
							<String ID="string_145" HPOS="629" VPOS="904" WIDTH="40" HEIGHT="22" WC="0.96" CONTENT="Om"/><SP WIDTH="14" VPOS="904" HPOS="669"/>
							<String ID="string_146" HPOS="683" VPOS="906" WIDTH="46" HEIGHT="20" WC="0.95" CONTENT="rätt"/><SP WIDTH="14" VPOS="906" HPOS="729"/>
							<String ID="string_147" HPOS="743" VPOS="904" WIDTH="33" HEIGHT="22" WC="0.93" CONTENT="till"/><SP WIDTH="14" VPOS="904" HPOS="776"/>
							<String ID="string_148" HPOS="790" VPOS="905" WIDTH="105" HEIGHT="27" WC="0.92" CONTENT="gvittning"/><SP WIDTH="15" VPOS="905" HPOS="895"/>
							<String ID="string_149" HPOS="910" VPOS="905" WIDTH="34" HEIGHT="21" WC="0.96" CONTENT="för"/>
						</TextLine>
						<TextLine ID="line_20" HPOS="192" VPOS="938" WIDTH="753" HEIGHT="28">
							<String ID="string_150" HPOS="192" VPOS="938" WIDTH="131" HEIGHT="28" WC="0.92" CONTENT="genfordran"/><SP WIDTH="14" VPOS="938" HPOS="323"/>
							<String ID="string_151" HPOS="337" VPOS="945" WIDTH="51" HEIGHT="15" WC="0.96" CONTENT="vare"/><SP WIDTH="15" VPOS="945" HPOS="388"/>
							<String ID="string_152" HPOS="403" VPOS="938" WIDTH="40" HEIGHT="22" WC="0.96" CONTENT="ock"/><SP WIDTH="14" VPOS="938" HPOS="443"/>
							<String ID="string_153" HPOS="457" VPOS="938" WIDTH="36" HEIGHT="28" WC="0.96" CONTENT="lag"/><SP WIDTH="14" VPOS="938" HPOS="493"/>
							<String ID="string_154" HPOS="507" VPOS="946" WIDTH="46" HEIGHT="14" WC="0.96" CONTENT="som"/><SP WIDTH="15" VPOS="946" HPOS="553"/>
							<String ID="string_155" HPOS="568" VPOS="940" WIDTH="7" HEIGHT="20" WC="0.93" CONTENT="i"/><SP WIDTH="15" VPOS="940" HPOS="575"/>
							<String ID="string_156" HPOS="590" VPOS="939" WIDTH="12" HEIGHT="27" WC="0.59" CONTENT="&amp;"/><SP WIDTH="16" VPOS="939" HPOS="602"/>
							<String ID="string_157" HPOS="618" VPOS="940" WIDTH="12" HEIGHT="20" WC="0.93" CONTENT="5"/><SP WIDTH="16" VPOS="940" HPOS="630"/>
							<String ID="string_158" HPOS="646" VPOS="940" WIDTH="55" HEIGHT="26" WC="0.95" CONTENT="sägs,"/><SP WIDTH="16" VPOS="940" HPOS="701"/>
							<String ID="string_159" HPOS="717" VPOS="939" WIDTH="71" HEIGHT="22" WC="0.96" CONTENT="fastän"/><SP WIDTH="15" VPOS="939" HPOS="788"/>
							<String ID="string_160" HPOS="803" VPOS="940" WIDTH="41" HEIGHT="21" WC="0.93" CONTENT="den"/><SP WIDTH="11" VPOS="940" HPOS="844"/>
							<String ID="string_161" HPOS="855" VPOS="939" WIDTH="90" HEIGHT="22" WC="0.96" CONTENT="fordran"/>
						</TextLine>
						<TextLine ID="line_21" HPOS="193" VPOS="972" WIDTH="450" HEIGHT="29">
							<String ID="string_162" HPOS="193" VPOS="972" WIDTH="19" HEIGHT="28" WC="0.96" CONTENT="ej"/><SP WIDTH="16" VPOS="972" HPOS="212"/>
							<String ID="string_163" HPOS="228" VPOS="972" WIDTH="69" HEIGHT="22" WC="0.96" CONTENT="blifvit"/><SP WIDTH="15" VPOS="972" HPOS="297"/>
							<String ID="string_164" HPOS="312" VPOS="972" WIDTH="53" HEIGHT="22" WC="0.93" CONTENT="efter"/><SP WIDTH="16" VPOS="972" HPOS="365"/>
							<String ID="string_165" HPOS="381" VPOS="972" WIDTH="142" HEIGHT="28" WC="0.78" CONTENT="ärsstämning"/><SP WIDTH="15" VPOS="972" HPOS="523"/>
							<String ID="string_166" HPOS="538" VPOS="972" WIDTH="105" HEIGHT="29" WC="0.92" CONTENT="angifven."/>
						</TextLine>
					</TextBlock>
				</ComposedBlock>
				<ComposedBlock ID="cblock_3" HPOS="540" VPOS="1036" WIDTH="62" HEIGHT="27">
					<TextBlock ID="block_7" HPOS="540" VPOS="1036" WIDTH="62" HEIGHT="27">
						<TextLine ID="line_22" HPOS="540" VPOS="1036" WIDTH="62" HEIGHT="27">
							<String ID="string_167" HPOS="540" VPOS="1036" WIDTH="12" HEIGHT="27" WC="0.79" CONTENT="8"/><SP WIDTH="17" VPOS="1036" HPOS="552"/>
							<String ID="string_168" HPOS="569" VPOS="1036" WIDTH="33" HEIGHT="21" WC="0.80" CONTENT="14."/>
						</TextLine>
					</TextBlock>
				</ComposedBlock>
				<ComposedBlock ID="cblock_4" HPOS="195" VPOS="1077" WIDTH="749" HEIGHT="62">
					<TextBlock ID="block_8" HPOS="195" VPOS="1077" WIDTH="749" HEIGHT="62">
						<TextLine ID="line_23" HPOS="263" VPOS="1077" WIDTH="681" HEIGHT="29">
							<String ID="string_169" HPOS="263" VPOS="1077" WIDTH="59" HEIGHT="22" WC="0.96" CONTENT="Utan"/><SP WIDTH="21" VPOS="1077" HPOS="322"/>
							<String ID="string_170" HPOS="343" VPOS="1077" WIDTH="76" HEIGHT="22" WC="0.96" CONTENT="hinder"/><SP WIDTH="22" VPOS="1077" HPOS="419"/>
							<String ID="string_171" HPOS="441" VPOS="1077" WIDTH="24" HEIGHT="21" WC="0.93" CONTENT="af"/><SP WIDTH="19" VPOS="1077" HPOS="465"/>
							<String ID="string_172" HPOS="484" VPOS="1077" WIDTH="143" HEIGHT="28" WC="0.90" CONTENT="ärsstämning"/><SP WIDTH="23" VPOS="1077" HPOS="627"/>
							<String ID="string_173" HPOS="650" VPOS="1077" WIDTH="35" HEIGHT="22" WC="0.92" CONTENT="mä"/><SP WIDTH="18" VPOS="1077" HPOS="685"/>
							<String ID="string_174" HPOS="703" VPOS="1077" WIDTH="106" HEIGHT="29" WC="0.86" CONTENT="borgenär"/><SP WIDTH="14" VPOS="1077" HPOS="809"/>
							<String ID="string_175" HPOS="823" VPOS="1079" WIDTH="68" HEIGHT="21" WC="0.93" CONTENT="under"/><SP WIDTH="16" VPOS="1079" HPOS="891"/>
							<String ID="string_176" HPOS="907" VPOS="1086" WIDTH="37" HEIGHT="15" WC="0.92" CONTENT="an-"/>
						</TextLine>
						<TextLine ID="line_24" HPOS="195" VPOS="1111" WIDTH="366" HEIGHT="28">
							<String ID="string_177" HPOS="195" VPOS="1111" WIDTH="117" HEIGHT="28" WC="0.93" CONTENT="slagstiden"/><SP WIDTH="16" VPOS="1111" HPOS="312"/>
							<String ID="string_178" HPOS="328" VPOS="1112" WIDTH="33" HEIGHT="21" WC="0.93" CONTENT="sin"/><SP WIDTH="14" VPOS="1112" HPOS="361"/>
							<String ID="string_179" HPOS="375" VPOS="1111" WIDTH="89" HEIGHT="22" WC="0.93" CONTENT="fordran"/><SP WIDTH="14" VPOS="1111" HPOS="464"/>
							<String ID="string_180" HPOS="478" VPOS="1111" WIDTH="83" HEIGHT="22" WC="0.92" CONTENT="utsöka."/>
						</TextLine>
					</TextBlock>
				</ComposedBlock>
				<ComposedBlock ID="cblock_5" HPOS="194" VPOS="1175" WIDTH="749" HEIGHT="136">
					<TextBlock ID="block_9" HPOS="540" VPOS="1175" WIDTH="61" HEIGHT="26">
						<TextLine ID="line_25" HPOS="540" VPOS="1175" WIDTH="61" HEIGHT="26">
							<String ID="string_181" HPOS="540" VPOS="1175" WIDTH="12" HEIGHT="26" WC="0.91" CONTENT="8"/><SP WIDTH="16" VPOS="1175" HPOS="552"/>
							<String ID="string_182" HPOS="568" VPOS="1175" WIDTH="33" HEIGHT="20" WC="0.93" CONTENT="15."/>
						</TextLine>
					</TextBlock>
					<TextBlock ID="block_10" HPOS="194" VPOS="1216" WIDTH="749" HEIGHT="95">
						<TextLine ID="line_26" HPOS="262" VPOS="1216" WIDTH="680" HEIGHT="29">
							<String ID="string_183" HPOS="262" VPOS="1216" WIDTH="92" HEIGHT="22" WC="0.91" CONTENT="Utsöker"/><SP WIDTH="21" VPOS="1216" HPOS="354"/>
							<String ID="string_184" HPOS="375" VPOS="1216" WIDTH="19" HEIGHT="28" WC="0.93" CONTENT="ej"/><SP WIDTH="19" VPOS="1216" HPOS="394"/>
							<String ID="string_185" HPOS="413" VPOS="1217" WIDTH="107" HEIGHT="26" WC="0.92" CONTENT="borgenär"/><SP WIDTH="18" VPOS="1217" HPOS="520"/>
							<String ID="string_186" HPOS="538" VPOS="1216" WIDTH="33" HEIGHT="21" WC="0.93" CONTENT="sin"/><SP WIDTH="18" VPOS="1216" HPOS="571"/>
							<String ID="string_187" HPOS="589" VPOS="1216" WIDTH="94" HEIGHT="27" WC="0.96" CONTENT="fordran,"/><SP WIDTH="20" VPOS="1216" HPOS="683"/>
							<String ID="string_188" HPOS="703" VPOS="1216" WIDTH="28" HEIGHT="22" WC="0.93" CONTENT="dä"/><SP WIDTH="18" VPOS="1216" HPOS="731"/>
							<String ID="string_189" HPOS="749" VPOS="1216" WIDTH="142" HEIGHT="29" WC="0.12" CONTENT="3rsstämning"/><SP WIDTH="18" VPOS="1216" HPOS="891"/>
							<String ID="string_190" HPOS="909" VPOS="1220" WIDTH="33" HEIGHT="19" WC="0.91" CONTENT="ut-"/>
						</TextLine>
						<TextLine ID="line_27" HPOS="194" VPOS="1250" WIDTH="749" HEIGHT="29">
							<String ID="string_191" HPOS="194" VPOS="1251" WIDTH="79" HEIGHT="21" WC="0.90" CONTENT="färdad"/><SP WIDTH="20" VPOS="1251" HPOS="273"/>
							<String ID="string_192" HPOS="293" VPOS="1250" WIDTH="76" HEIGHT="26" WC="0.89" CONTENT="blifvit,"/><SP WIDTH="23" VPOS="1250" HPOS="369"/>
							<String ID="string_193" HPOS="392" VPOS="1250" WIDTH="61" HEIGHT="21" WC="0.87" CONTENT="hafve"/><SP WIDTH="23" VPOS="1250" HPOS="453"/>
							<String ID="string_194" HPOS="476" VPOS="1251" WIDTH="108" HEIGHT="26" WC="0.92" CONTENT="gäldenär,"/><SP WIDTH="20" VPOS="1251" HPOS="584"/>
							<String ID="string_195" HPOS="604" VPOS="1251" WIDTH="64" HEIGHT="21" WC="0.93" CONTENT="sedan"/><SP WIDTH="19" VPOS="1251" HPOS="668"/>
							<String ID="string_196" HPOS="687" VPOS="1251" WIDTH="185" HEIGHT="28" WC="0.92" CONTENT="inställelsedagen"/><SP WIDTH="14" VPOS="1251" HPOS="872"/>
							<String ID="string_197" HPOS="886" VPOS="1252" WIDTH="57" HEIGHT="21" WC="0.96" CONTENT="förbi"/>
						</TextLine>
						<TextLine ID="line_28" HPOS="194" VPOS="1284" WIDTH="392" HEIGHT="27">
							<String ID="string_198" HPOS="194" VPOS="1285" WIDTH="32" HEIGHT="25" WC="0.93" CONTENT="är,"/><SP WIDTH="16" VPOS="1285" HPOS="226"/>
							<String ID="string_199" HPOS="242" VPOS="1285" WIDTH="40" HEIGHT="20" WC="0.96" CONTENT="den"/><SP WIDTH="15" VPOS="1285" HPOS="282"/>
							<String ID="string_200" HPOS="297" VPOS="1285" WIDTH="44" HEIGHT="20" WC="0.95" CONTENT="rätt"/><SP WIDTH="15" VPOS="1285" HPOS="341"/>
							<String ID="string_201" HPOS="356" VPOS="1291" WIDTH="45" HEIGHT="14" WC="0.96" CONTENT="som"/><SP WIDTH="14" VPOS="1291" HPOS="401"/>
							<String ID="string_202" HPOS="415" VPOS="1284" WIDTH="8" HEIGHT="21" WC="0.93" CONTENT="i"/><SP WIDTH="14" VPOS="1284" HPOS="423"/>
							<String ID="string_203" HPOS="437" VPOS="1285" WIDTH="12" HEIGHT="26" WC="0.92" CONTENT="$"/><SP WIDTH="16" VPOS="1285" HPOS="449"/>
							<String ID="string_204" HPOS="465" VPOS="1285" WIDTH="13" HEIGHT="20" WC="0.93" CONTENT="4"/><SP WIDTH="15" VPOS="1285" HPOS="478"/>
							<String ID="string_205" HPOS="493" VPOS="1284" WIDTH="93" HEIGHT="27" WC="0.92" CONTENT="stadgas."/>
						</TextLine>
					</TextBlock>
				</ComposedBlock>
				<ComposedBlock ID="cblock_6" HPOS="194" VPOS="1347" WIDTH="749" HEIGHT="177">
					<TextBlock ID="block_11" HPOS="537" VPOS="1347" WIDTH="61" HEIGHT="28">
						<TextLine ID="line_29" HPOS="537" VPOS="1347" WIDTH="61" HEIGHT="28">
							<String ID="string_206" HPOS="537" VPOS="1347" WIDTH="11" HEIGHT="28" WC="0.87" CONTENT="8"/><SP WIDTH="18" VPOS="1347" HPOS="548"/>
							<String ID="string_207" HPOS="566" VPOS="1347" WIDTH="32" HEIGHT="21" WC="0.94" CONTENT="16."/>
						</TextLine>
					</TextBlock>
					<TextBlock ID="block_12" HPOS="194" VPOS="1386" WIDTH="749" HEIGHT="138">
						<TextLine ID="line_30" HPOS="262" VPOS="1386" WIDTH="680" HEIGHT="32">
							<String ID="string_208" HPOS="262" VPOS="1386" WIDTH="83" HEIGHT="26" WC="0.91" CONTENT="Varder"/><SP WIDTH="22" VPOS="1386" HPOS="345"/>
							<String ID="string_209" HPOS="367" VPOS="1390" WIDTH="102" HEIGHT="28" WC="0.96" CONTENT="egendom"/><SP WIDTH="22" VPOS="1390" HPOS="469"/>
							<String ID="string_210" HPOS="491" VPOS="1390" WIDTH="33" HEIGHT="21" WC="0.95" CONTENT="till"/><SP WIDTH="20" VPOS="1390" HPOS="524"/>
							<String ID="string_211" HPOS="544" VPOS="1390" WIDTH="95" HEIGHT="22" WC="0.93" CONTENT="konkurs"/><SP WIDTH="18" VPOS="1390" HPOS="639"/>
							<String ID="string_212" HPOS="657" VPOS="1391" WIDTH="86" HEIGHT="22" WC="0.91" CONTENT="afträdd"/><SP WIDTH="15" VPOS="1391" HPOS="743"/>
							<String ID="string_213" HPOS="758" VPOS="1391" WIDTH="46" HEIGHT="22" WC="0.93" CONTENT="före"/><SP WIDTH="14" VPOS="1391" HPOS="804"/>
							<String ID="string_214" HPOS="818" VPOS="1392" WIDTH="124" HEIGHT="23" WC="0.91" CONTENT="inställelse-"/>
						</TextLine>
						<TextLine ID="line_31" HPOS="195" VPOS="1423" WIDTH="747" HEIGHT="32">
							<String ID="string_215" HPOS="195" VPOS="1425" WIDTH="49" HEIGHT="28" WC="0.96" CONTENT="dag,"/><SP WIDTH="19" VPOS="1425" HPOS="244"/>
							<String ID="string_216" HPOS="263" VPOS="1432" WIDTH="45" HEIGHT="15" WC="0.96" CONTENT="som"/><SP WIDTH="15" VPOS="1432" HPOS="308"/>
							<String ID="string_217" HPOS="323" VPOS="1425" WIDTH="7" HEIGHT="20" WC="0.93" CONTENT="i"/><SP WIDTH="15" VPOS="1425" HPOS="330"/>
							<String ID="string_218" HPOS="345" VPOS="1423" WIDTH="143" HEIGHT="29" WC="0.90" CONTENT="ärsstämning"/><SP WIDTH="18" VPOS="1423" HPOS="488"/>
							<String ID="string_219" HPOS="506" VPOS="1426" WIDTH="68" HEIGHT="21" WC="0.92" CONTENT="utsatt"/><SP WIDTH="14" VPOS="1426" HPOS="574"/>
							<String ID="string_220" HPOS="588" VPOS="1426" WIDTH="30" HEIGHT="26" WC="0.96" CONTENT="är,"/><SP WIDTH="17" VPOS="1426" HPOS="618"/>
							<String ID="string_221" HPOS="635" VPOS="1424" WIDTH="27" HEIGHT="23" WC="0.95" CONTENT="dä"/><SP WIDTH="15" VPOS="1424" HPOS="662"/>
							<String ID="string_222" HPOS="677" VPOS="1426" WIDTH="54" HEIGHT="21" WC="0.95" CONTENT="skall"/><SP WIDTH="14" VPOS="1426" HPOS="731"/>
							<String ID="string_223" HPOS="745" VPOS="1433" WIDTH="27" HEIGHT="21" WC="0.93" CONTENT="ny"/><SP WIDTH="16" VPOS="1433" HPOS="772"/>
							<String ID="string_224" HPOS="788" VPOS="1427" WIDTH="107" HEIGHT="28" WC="0.90" CONTENT="stämning"/><SP WIDTH="14" VPOS="1427" HPOS="895"/>
							<String ID="string_225" HPOS="909" VPOS="1429" WIDTH="33" HEIGHT="20" WC="0.92" CONTENT="ut-"/>
						</TextLine>
						<TextLine ID="line_32" HPOS="194" VPOS="1458" WIDTH="749" HEIGHT="30">
							<String ID="string_226" HPOS="194" VPOS="1459" WIDTH="73" HEIGHT="23" WC="0.96" CONTENT="färdas"/><SP WIDTH="19" VPOS="1459" HPOS="267"/>
							<String ID="string_227" HPOS="286" VPOS="1459" WIDTH="40" HEIGHT="22" WC="0.92" CONTENT="och"/><SP WIDTH="19" VPOS="1459" HPOS="326"/>
							<String ID="string_228" HPOS="345" VPOS="1459" WIDTH="45" HEIGHT="22" WC="0.91" CONTENT="deri"/><SP WIDTH="17" VPOS="1459" HPOS="390"/>
							<String ID="string_229" HPOS="407" VPOS="1460" WIDTH="96" HEIGHT="25" WC="0.90" CONTENT="nämnas,"/><SP WIDTH="18" VPOS="1460" HPOS="503"/>
							<String ID="string_230" HPOS="521" VPOS="1461" WIDTH="33" HEIGHT="20" WC="0.93" CONTENT="att"/><SP WIDTH="19" VPOS="1461" HPOS="554"/>
							<String ID="string_231" HPOS="573" VPOS="1458" WIDTH="170" HEIGHT="30" WC="0.91" CONTENT="ärsstämningen"/><SP WIDTH="14" VPOS="1458" HPOS="743"/>
							<String ID="string_232" HPOS="757" VPOS="1460" WIDTH="94" HEIGHT="23" WC="0.95" CONTENT="förfallit."/><SP WIDTH="30" VPOS="1460" HPOS="851"/>
							<String ID="string_233" HPOS="881" VPOS="1461" WIDTH="62" HEIGHT="22" WC="0.90" CONTENT="Efter"/>
						</TextLine>
						<TextLine ID="line_33" HPOS="194" VPOS="1493" WIDTH="746" HEIGHT="31">
							<String ID="string_234" HPOS="194" VPOS="1493" WIDTH="185" HEIGHT="28" WC="0.91" CONTENT="inställelsedagen"/><SP WIDTH="18" VPOS="1493" HPOS="379"/>
							<String ID="string_235" HPOS="397" VPOS="1500" WIDTH="51" HEIGHT="14" WC="0.92" CONTENT="vare"/><SP WIDTH="17" VPOS="1500" HPOS="448"/>
							<String ID="string_236" HPOS="465" VPOS="1493" WIDTH="32" HEIGHT="22" WC="0.96" CONTENT="tid"/><SP WIDTH="14" VPOS="1493" HPOS="497"/>
							<String ID="string_237" HPOS="511" VPOS="1493" WIDTH="33" HEIGHT="22" WC="0.93" CONTENT="till"/><SP WIDTH="15" VPOS="1493" HPOS="544"/>
							<String ID="string_238" HPOS="559" VPOS="1494" WIDTH="61" HEIGHT="21" WC="0.92" CONTENT="boets"/><SP WIDTH="14" VPOS="1494" HPOS="620"/>
							<String ID="string_239" HPOS="634" VPOS="1493" WIDTH="126" HEIGHT="23" WC="0.92" CONTENT="afträdande"/><SP WIDTH="15" VPOS="1493" HPOS="760"/>
							<String ID="string_240" HPOS="775" VPOS="1495" WIDTH="72" HEIGHT="21" WC="0.87" CONTENT="trettio"/><SP WIDTH="16" VPOS="1495" HPOS="847"/>
							<String ID="string_241" HPOS="863" VPOS="1496" WIDTH="77" HEIGHT="28" WC="0.96" CONTENT="dagar:"/>
						</TextLine>
					</TextBlock>
				</ComposedBlock>
			</PrintSpace>
		</Page>
	</Layout>
</alto>
