3830 3018
615 126 78 40 Lag-
715 126 55 32 och
790 127 298 35 Ekonomiutskottets
1109 132 115 42 förslag
1245 134 47 32 till
1312 138 287 42 sammanjemkning
1620 141 36 31 af
1673 142 143 32 Ståndens
1837 124 178 68 skiljaktiga
2037 147 96 32 beslut
2152 150 11 30 i
2185 150 164 41 anledning
2371 152 34 31 af
2423 152 80 32 Hans
2524 154 169 42 Kejserliga
2713 157 154 41 Majestäts
2888 160 116 41 Nådiga
3027 162 184 42 Proposition

1570 224 45 22 om
1636 205 142 60 utvidgad
1798 218 139 32 handels-
1959 221 56 31 och
2035 223 224 40 näringsfrihet.

548 376 145 30 [Ridderskapet
707 379 34 22 och
755 379 60 23 Adeln,

1111 385 140 24 Prestaständet,

1601 392 156 28 Borgareständet.

2518 251 3 30 j
3461 266 49 21 (Pag.
3524 267 56 20 1492.)

2173 401 139 23 Bondeständet.

2912 414 194 30 Sammmanjemkning
3107 404 83 45 slörslag.

216 1259 19 21 6.
253 1260 9 20 1
272 1266 63 15 mom.

207 1373 32 20 14.
258 1374 9 19 1
277 1380 64 14 mom.

257 1460 32 20 15.

254 1685 32 20 16.

202 1742 32 19 17.
253 1742 9 19 1
273 1748 62 14 mom.

199 1895 28 3 —
243 1885 12 19 3
271 1891 63 14 mom.

199 1970 34 20 20.
251 1971 10 19 1
271 1976 63 15 mom.

197 2180 28 4 —
241 2170 13 19 4
269 2176 64 14 mom.

246 2340 33 20 29.

245 2454 32 20 35.

417 522 130 24 Godkänner
561 524 152 24 betänkandet.

414 608 48 27 D:o,
477 608 41 22 d:o.

881 1116 5 33 i

407 1148 96 28 Antager
517 1149 151 23 betänkandet.
883 1152 3 37 i

406 1261 131 23 Godkänner
549 1263 145 23 betänkandet
704 1266 48 21 med
764 1257 134 33 uteslutande
905 1268 24 22 af
938 1269 39 21 föl-

359 1289 67 28 jande
441 1291 94 28 mening:
555 1292 66 26 ,dock
636 1295 33 19 att
687 1294 41 21 den
743 1295 122 23 handlande
879 1296 12 22 &
905 1297 72 22 landet

361 1317 114 29 äliggande
489 1320 63 27 afgift
566 1321 33 20 till
613 1321 85 22 kronan
713 1322 96 22 kommer
820 1326 31 19 att
862 1321 113 36 upphöra".

403 1375 130 22 Godkänner
544 1376 147 23 betänkandet
701 1380 48 20 med
763 1380 134 34 uteslutande
906 1382 23 21 af
942 1390 32 14 or-

361 1403 50 21 den:
424 1404 74 26 ,Idkas
507 1404 67 22 sådan
582 1408 77 25 export
667 1406 49 22 från
723 1408 48 22 stad
783 1409 51 21 eller
845 1410 129 27 statlshamn,

359 1432 98 28 erlägges
473 1433 84 22 derföre
573 1434 62 28 afgift
650 1435 33 21 till
699 1436 81 27 staden,
793 1437 53 22 efter
861 1440 112 27 taxering".

402 1460 130 23 Godkänner
546 1462 153 23 betänkändet.

399 1685 130 23 Godkänner
543 1687 152 24 betänkandet.

399 1741 130 24 Godkänner
542 1744 152 24 betänkandet.

396 1884 47 26 D:o,
459 1885 41 21 d:o.

396 1968 130 24 Godkänner
540 1971 152 23 betänkandet.

393 2170 46 26 D:o,
456 2170 40 22 d:o.

393 2341 128 23 Godkänner
536 2343 147 23 betänkandet
697 2346 49 21 med
762 2346 40 22 den
817 2348 100 28 ändring,
933 2350 31 20 att

348 2369 55 21 barn
417 2371 68 21 under
502 2373 25 19 12
547 2371 25 22 är
591 2372 19 28 ej
629 2373 56 28 finge
705 2376 52 20 utan
775 2374 103 35 särskildt|
891 2376 72 22 veder-

348 2398 79 28 börligt
449 2399 96 22 tillstånd
568 2403 91 25 antagas
677 2403 33 21 till
731 2403 84 22 biträde
833 2405 33 21 vid
877 2423 1 11 |
893 2406 71 21 handel

349 2426 51 21 eller
414 2427 33 21 till
463 2428 99 22 arbetare
576 2430 7 20 i
599 2430 71 21 fabrik
685 2431 52 21 eller
751 2432 35 21 vid
800 2433 124 21 handtverk.

391 2455 95 28 Antager
504 2456 146 24 betänkandet
669 2458 96 28 sålunda,
784 2462 31 20 att
838 2463 33 20 sta
886 2458 78 36 gandet

347 2482 40 22 bör
402 2484 73 22 ställas
491 2485 7 21 i
513 2485 220 25 öfverensstämmelse
751 2490 48 20 med
818 2489 94 23 ständets
927 2490 35 22 be-

347 2511 43 22 slut
404 2512 6 21 i
425 2513 13 27 $
454 2514 33 20 29.

1036 531 131 24 Godkänner
1180 534 151 24 betänkandet.

1034 616 47 27 D:o,
1098 618 40 22 d:o.

1026 1156 130 24 Godkänner
1170 1159 150 24 betänkandet.

1024 1270 130 23 Godkänner
1168 1274 168 26 propositionen.

1022 1384 130 23 Godkänner
1166 1386 151 23 betänkandet.

1022 1470 129 22 Godkänner
1166 1472 150 22 betänkandet.

1019 1695 129 23 Godkänner
1162 1697 151 23 betänkandet.

1018 1752 129 22 Godkänner
1162 1754 149 22 betänkandet.

1016 1894 46 26 D:o,
1079 1895 40 21 d:o.

1002 2002 3 4 .
1016 1979 129 23 Godkänner
1160 1981 150 23 betänkandet.

1024 2178 128 24 Godkänner
1181 2181 145 24 betänkandet

982 2208 50 20 med
1048 2208 84 28 tilllägg
1150 2210 90 22 emellan.
1260 2212 65 22 orden

982 2236 252 30 sfajanstillverkningar*
1256 2232 17 38 —
1285 2241 40 21 och

982 2267 77 23 nSamt*
1078 2266 24 21 af
1117 2266 103 28 följande:
1243 2268 82 27 ,äfven-

982 2300 46 14 som
1046 2294 69 21 andra
1133 2295 111 23 inhemska
1259 2297 65 21 fabri-

981 2321 79 22 kater*.

1010 2350 53 22 Lika
1092 2351 48 21 med
1168 2352 157 29 Ridderskapet

981 2379 40 20 och
1036 2379 75 21 Adeln.

1010 2463 128 24 Godkänner
1153 2466 151 23 betänkandet.

1413 537 131 23 Godkänner
1565 539 144 23 betänkandet)
1725 542 49 21 med
1792 543 91 28 ändring
1901 544 24 22 af
1941 544 41 22 den

1366 565 41 22 här
1422 566 175 23 förekommande
1613 568 132 30 bestämning
1760 571 24 21 af
1797 578 26 15 en
1838 572 48 21 half
1897 573 37 21 mil
1949 574 32 20 till

1367 601 26 14 en
1408 594 44 22 mil.

1410 622 131 23 Godkänner
1563 626 145 26 propositione

1366 650 69 28 dring.

1739 628 49 21 med
1810 629 112 22 enahanda
1943 632 38 20 än-

1401 1163 131 23 Godkänner
1543 1166 145 23 betänkandet
1698 1169 47 42 med
1756 1169 136 23 uteslutande
1907 1172 24 20 af
1939 1178 34 15 or-

1358 1191 40 21 den
1414 1192 67 28 ,slöjd
1496 1194 40 21 och
1551 1195 135 22 handtverk*.

1398 1276 132 24 Godkänner
1543 1280 165 27 propositionen.

1397 1390 131 22 Godkänner
1542 1392 150 23 betänkandet.

1911 1456 1 12 U

1395 1476 98 27 Antager
1510 1478 160 26 propositionen
1710 1480 26 22 red
1758 1482 91 28 ändring
1870 1484 8 20 i
1900 1484 67 23 första

1352 1504 115 27 meningen
1482 1505 24 21 af
1519 1506 75 21 orden:
1612 1514 36 19 ,en
1663 1508 34 21 half
1721 1510 47 20 mil*
1784 1511 33 21 till
1832 1518 36 20 ven
1883 1513 53 21 mil".

1693 1658 4 27 |

1693 1686 3 14 I

1390 1701 97 28 Antager
1505 1703 145 23 betänkandet
1668 1704 46 24 med
1735 1708 136 23 uteslutande
1889 1711 24 21 af
1929 1718 34 14 or-

1349 1728 49 21 den:
1415 1730 131 25 ,handtverk
1562 1733 51 21 eller
1629 1734 69 27 slöjd".

1391 1757 131 23 Godkänner
1544 1760 150 24 betänkandet
1708 1764 47 21 med
1777 1765 92 28 ändring
1887 1766 24 22 af
1926 1767 36 21 be-

1348 1786 135 28 stämningen
1498 1795 26 14 en
1539 1789 48 21 half
1599 1790 37 20 mil
1650 1791 33 21 till
1697 1798 25 15 en
1736 1792 44 22 mil.

1389 1900 47 26 D:o,
1454 1901 40 22 d:o.

1390 1984 131 24 Godkänner
1539 1987 145 24 betänkandet
1697 1991 47 21 med
1760 1992 130 29 uteslutning
1902 1994 23 21 af
1935 1994 26 22 de

1346 2012 36 22 två
1405 2014 53 21 sista
1480 2016 146 28 meningarne,
1648 2018 8 21 i
1677 2019 80 22 hvilkas
1784 2021 62 21 ställe
1871 2022 89 22 införes:

1346 2042 56 27 Lag
1421 2050 82 15 samma
1518 2052 56 19 vare,
1590 2052 35 15 om
1640 2046 154 25 handtverkare
1809 2050 37 22 vill
1860 2049 14 23 å
1888 2058 72 15 annan

1346 2072 40 24 ort,
1402 2072 29 20 än
1446 2072 38 21 der
1498 2073 44 21 han
1557 2075 25 20 är
1597 2076 97 27 antagen,
1710 2079 59 19 utom
1784 2079 104 21 marknad
1903 2080 58 22 hälla

1345 2098 43 22 bod
1403 2099 35 22 för
1452 2100 118 30 afsättning
1586 2103 24 21 af
1622 2104 44 21 sine
1682 2105 160 30 tillverkningar
1858 2108 51 22 eller
1923 2116 38 14 an-

1344 2128 75 21 modas
1439 2130 31 20 att
1488 2130 116 22 verkställa
1622 2131 76 23 sädant
1716 2134 82 27 arbete,
1818 2143 46 14 som
1886 2137 75 22 endast

1344 2154 28 28 pä
1387 2157 73 21 stället
1474 2158 43 21 kan
1532 2159 130 29 förfärdigas
1678 2162 50 21 eller
1742 2163 146 23 fullkomnas.*

1388 2184 130 24 Godkänner
1532 2187 150 23 betänkandet.

1386 2354 110 24 Utesluter
1510 2358 52 22 sista
1577 2360 117 28 meningen.

1685 2393 3 31 |

1384 2469 110 23 Utesluter
1510 2472 10 27 $
1540 2472 7 21 i
1566 2472 216 26 öfverensstämmelse
1796 2477 50 21 med
1860 2477 95 23 ständets

1340 2497 72 22 beslut
1426 2500 93 21 rörande
1534 2501 11 27 $
1562 2502 33 20 29.
1683 2517 3 7 i

2029 546 129 24 Godkänner
2172 548 153 25 betänkandet.

2028 631 131 24 Godkänner
2177 634 146 24 betänkandet
2337 638 49 21 med
2405 638 76 28 tillägg

1999 660 7 20 i
2023 662 10 18 1
2051 668 62 14 mom.
2126 663 91 21 emellan
2233 664 67 21 orden
2316 666 73 24 ,eller*
2405 668 40 20 och
2457 667 23 26 jä

1999 688 109 22 verkstad"
2124 690 24 21 af
2161 690 104 28 följande:
2281 693 65 25 ,hvar
2363 701 47 15 som
2425 696 55 21 helst

1998 718 60 20 utom
2073 718 86 22 stadens
2174 722 68 24 egor*",

2021 1172 130 24 Godkänner
2165 1174 152 26 betänkandet.

2019 1286 130 24 Godkänner
2163 1288 152 24 betänkandet.

2016 1399 53 22 Lika
2083 1401 49 21 med
2146 1402 159 30 Ridderskapet
2320 1406 40 21 och
2375 1407 75 21 Adeln.

2013 1484 96 28 Antager
2119 1489 162 25 propositionen
2299 1490 8 22 i
2321 1491 72 28 öfrigt,
2408 1494 59 20 utom

1985 1513 31 20 att
2031 1513 11 27 $
2059 1514 67 22 skulle
2141 1516 72 28 börjas
2229 1516 100 24 sålunda:
2346 1520 63 27 ,Den,
2422 1528 45 14 som

1983 1541 37 21 vill
2035 1542 7 20 i
2061 1543 54 26 stad,
2127 1543 29 28 på
2168 1545 87 22 stadens
2271 1547 129 27 egoområde
2416 1550 51 20 eller

1983 1568 29 28 på
2030 1570 74 22 landet
2121 1572 58 22 inom
2198 1581 26 14 en
2243 1574 49 22 half
2305 1576 37 21 mil
2360 1576 48 22 från
2424 1580 43 19 sta-

1984 1598 51 19 dens
2051 1599 62 21 linier
2131 1600 68 21 drifva
2214 1601 80 22 handel
2309 1603 52 21 eller
2375 1603 91 22 fabriks-

1982 1625 87 27 rörelse,
2082 1627 52 22 eller
2145 1628 40 21 ock
2195 1628 8 21 i
2215 1630 48 20 stad
2275 1630 53 22 eller
2338 1631 29 27 på
2379 1633 86 21 stadens

1982 1654 129 26 egoområde
2121 1656 74 22 utöfva
2209 1657 127 29 handtverk,
2353 1660 51 22 söke
2415 1662 49 20 hos*

1981 1688 19 14 0.
2017 1689 16 14 8.
2048 1690 19 14 V.

2010 1710 129 24 Godkänner
2154 1712 152 24 betänkandet.

2010 1766 130 24 Godkänner
2154 1769 152 24 betänkandet.

2008 1909 47 27 D:o,
2071 1910 41 22 d:o.

2009 1994 129 24 Godkänner
2153 1996 156 27 betänkandet.!

2007 2194 54 22 Lika
2075 2196 49 21 med
2139 2196 168 24 Prestaständet.

2006 2365 53 22 Lika
2073 2368 50 21 med
2137 2368 159 30 Ridderskapet
2311 2372 41 21 och
2367 2372 75 22 Adeln.

2566 556 74 28 Enligt
2657 558 100 26 gällande
2775 559 80 22 allmän
2872 561 37 27 lag
2927 563 65 26 utgör
3009 563 137 23 handellen
3165 566 137 23 stadsmanna
3320 570 86 27 näring,
3426 578 35 15 om
3479 572 63 22 hvars
3560 576 34 19 ut-

2499 583 89 22 öfvande
2607 586 110 22 städernes
2736 587 131 29 borgerskap
2887 590 31 20 uti
2938 591 10 27 &
2969 592 12 19 2
3001 591 25 21 af
3041 592 63 28 Kongl.
3136 594 113 22 försäkran
3268 596 40 22 den
3328 599 25 19 23
3372 598 62 22 Febr.
3452 602 54 20 1789
3524 602 70 22 blifvit

2498 611 131 23 försäkrade.
2651 614 34 21 Då
2696 615 182 28 Borgareständet
2893 618 19 28 ej
2927 619 111 27 medgifvit
3053 621 91 22 idkande
3160 623 24 21 af
3196 624 78 22 handel
3290 624 12 22 &
3317 626 73 22 landet
3405 627 29 27 pä
3448 631 99 21 närmare
3562 631 31 21 af-

2498 639 62 22 ständ
2575 640 48 22 frän
2639 643 48 21 stad
2702 645 27 19 än
2745 651 26 14 en
2785 646 38 20 mil
2838 648 56 19 samt
2909 646 19 28 ej
2944 647 67 22 heller
3026 649 108 27 godkännt
3149 653 32 19 att
3196 652 77 22 handel
3289 654 40 21 och
3344 655 119 23 handtverk
3474 658 48 21 med
3536 659 58 27 lejda

2498 668 97 22 arbetare
2610 670 57 27 finge
2681 672 84 21 utöfvas
2781 673 29 27 pä
2825 675 112 21 städernas
2949 675 88 23 område
3048 679 132 21 utom|deras
3191 680 68 26 linier,
3271 682 79 21 hvilket
3360 684 104 22 utskottet
3475 686 117 27 föreslagit,

2497 696 38 21 har
2553 698 110 26 utskottet,
2683 700 49 20 med
2750 700 132 28 frångående
2900 703 25 21 af
2941 703 59 22 detta
3018 705 37 21 sitt
3073 703 89 53 förtlag,
3181 708 65 21 bordt
3263 710 113 22 hemställa
3391 714 32 18 att
3437 712 156 30 Ridderskapet

2497 725 38 21 och
2550 726 70 21 Adeln
2634 729 57 20 samt
2704 728 85 22 Presta-
2801 730 40 21 och
2851 731 167 23 Bondestånden
3032 733 111 29 behagade
3157 736 7 20 i
3180 736 62 22 dessa
3257 738 59 21 delar
3330 738 74 23 förena
3419 741 32 27 sig
3466 742 7 20 i
3488 742 104 28 Borgare-

2496 752 94 23 ständets
2605 755 80 27 beslut;
2701 757 117 28 hvarjemte
2834 760 40 20 och
2890 758 28 22 dä
2933 760 165 29 borgerskapets
3112 764 128 28 jprivilegier,
3256 766 66 28 enligt
3336 768 113 22 utskottets
3464 771 92 27 mening,
3572 772 18 27 ej

2495 781 63 28 lägga
2576 783 76 21 hinder
2670 785 8 20 i
2693 786 67 26 vägen
2779 786 34 22 för
2831 787 131 22 handtverks
2980 790 116 22 utöfvande
3112 791 30 27 på
3160 792 79 27 landet,
3258 802 49 14 men
3326 796 110 22 städernas
3452 798 139 23 handtverks-

2495 810 91 22 idkande
2601 811 132 30 borgerskap
2749 814 55 22 dock
2818 815 60 27 böra,
2894 817 50 20 med
2959 817 100 23 afseende
3074 818 14 22 &
3116 827 11 14 de
3142 820 87 28 afgifter
3244 822 32 22 till
3291 824 75 21 staden
3382 825 26 21 de
3422 825 34 21 för
3467 827 33 21 sin
3510 828 81 21 rörelse

2496 838 92 28 erlägga,
2607 840 7 20 i
2633 840 71 28 någon
2722 850 50 14 mon
2790 844 94 28 skyddas
2902 844 34 22 för
2954 846 67 21 täflan
3040 848 49 20 med
3121 849 141 23 handtverkare
3280 850 14 22 &
3311 852 79 27 landet,
3406 854 103 22 utskottet
3526 856 65 22 bordt

2495 867 104 28 tillstyrka
2615 870 32 20 att
2661 870 105 28 Borgare-
2781 872 40 21 och
2836 872 167 24 Bondeständen
3014 875 49 22 ville
3077 876 8 20 i
3114 884 55 14 denna
3184 878 34 21 del
3233 879 86 22 biträda
3333 882 161 26 propositionen
3509 884 40 22 och
3564 885 26 21 de

2495 896 68 27 öfriga
2577 897 150 23 medständens
2742 899 79 28 beslut;
2838 901 40 21 och
2893 901 91 27 komme,
3000 903 7 21 i
3022 904 100 22 händelse
3138 906 24 20 af
3178 906 60 22 bifall
3257 908 79 27 härtill,
3357 910 5 27 $
3379 912 11 19 3
3406 913 32 19 att
3453 912 64 21 förbli
3532 912 57 22 oför-

2495 924 86 26 ändrad,
2598 926 66 27 enligt
2678 926 151 28 betänkandet,
2845 931 56 19 samt
2916 931 11 26 &
2943 932 13 19 4
2972 931 82 22 erhälla
3069 933 93 23 följande
3176 930 90 37 lydelse:

2561 954 20 27 (1
2601 955 80 27 mom.).
2715 955 64 22 Hvar
2797 964 56 20 man,
2873 965 45 14 som
2936 960 10 19 i
2964 960 48 20 stad
3032 961 52 21 eller
3117 962 13 21 hå
3150 963 72 21 landet
3244 965 58 21 inom
3324 973 26 13 en
3371 968 40 20 mil
3422 968 58 28 frän
3503 970 85 21 stadens

2495 981 63 21 linier
2577 982 40 21 vill
2635 983 76 29 drifva
2730 984 83 28 handel,
2830 993 52 14 vare
2894 987 128 28 förbunden
3041 992 33 18 att
3104 990 82 29 urskap
3204 993 10 19 i
3224 993 84 21 samma
3324 996 48 20 stad
3386 997 124 29 innehafva.
3540 998 48 29 Lag

2493 1016 80 14 samma
2587 1018 52 14 vare
2648 1012 43 26 för
2705 1020 56 20 man,
2777 1021 45 14 som
2838 1015 107 21 ästundar
2959 1017 10 19 i
2984 1017 49 21 stad
3048 1018 52 21 eller
3109 1020 33 27 pä
3158 1020 79 27 landet,
3253 1023 58 20 inom
3327 1030 25 14 en
3368 1024 48 29 half
3424 1026 39 20 mii
3472 1026 58 28 från
3545 1030 42 18 sta-

2493 1037 49 21 dens
2558 1039 72 27 linier,
2647 1040 14 21 &
2675 1041 102 22 verkstad
2791 1044 48 20 med
2855 1043 87 22 biträde
2958 1045 25 28 af
2996 1046 54 28 lejde
3066 1048 98 21 arbetare
3179 1050 76 28 utöfva
3269 1052 68 27 nägot
3352 1052 126 23 handtverk.

2559 1068 22 26 (2
2597 1069 80 27 mom.).
2708 1070 146 22 Oförändradt
2869 1072 66 27 enligt
2949 1074 167 26 propositionen.

2559 1096 22 26 (3
2600 1098 80 26 mom.).
2711 1097 92 27 Ovinna,
2823 1107 45 13 som
2890 1101 69 20 under
2978 1102 25 20 de
3021 1103 10 20 i
3048 1103 12 20 1
3078 1111 23 13 och
3133 1104 16 20 2
3167 1112 83 15 momm.
3273 1108 26 28 af
3314 1108 70 22 denna
3406 1110 12 28 $
3442 1112 146 28 omförmälda

2487 1123 158 28 förhållanden
2660 1126 66 21 idkar
2741 1127 85 27 handel,
2843 1129 120 21 handtverk
2982 1131 53 21 eller
3047 1132 179 29 Jabriksrörelse,
3247 1135 39 21 bör
3302 1136 38 21 ock
3355 1145 19 13 o.
3391 1145 16 15 s.
3422 1146 18 14 v.
3457 1140 66 28 enligt
3537 1148 50 20 pro-

2491 1152 125 27 positionen.

2557 1181 60 21 Enär
2631 1182 188 29 Borgareständet,
2835 1188 58 19 emot
2908 1187 63 21 ofvan
2986 1186 110 30 äberopad
3122 1191 117 28 grundlags
3255 1193 124 28 stadgande,
3396 1195 18 27 ej
3430 1196 110 28 medgifvit
3554 1198 32 21 id-

2491 1208 68 22 kande
2573 1210 25 20 af
2611 1210 55 28 slöjd
2681 1212 52 21 eller
2747 1213 120 22 handtverk
2881 1214 8 21 i
2904 1215 100 22 städerne
3018 1216 71 22 säsom
3110 1218 177 30 sjelfförsörjning,
3303 1222 91 22 föreslår
3408 1224 105 22 utskottet
3523 1226 60 21 vörd-

2491 1239 53 19 samt
2559 1240 32 19 att
2606 1239 157 29 Ridderskapet
2777 1242 40 21 och
2832 1242 70 22 Adeln
2917 1245 56 19 samt
2988 1244 85 22 Presta-
3102 1247 25 21 och
3142 1247 164 24 Bondeständen
3325 1250 111 29 behagade
3454 1253 73 21 häruti
3542 1254 43 22 för-

2490 1272 39 14 ena
2543 1266 32 28 sig
2591 1274 34 14 om
2639 1267 193 29 Borgareständets
2847 1270 77 22 beslut.

2503 1301 2 18 '
2557 1294 50 22 Som
2625 1296 85 22 Presta-
2726 1298 40 21 och
2785 1299 189 27 Borgareständen
2993 1301 111 27 godkännt
3118 1305 167 27 propositionen,
3304 1307 102 23 hvarmed
3428 1305 157 37 Ridderskapet

2489 1322 38 21 och
2544 1323 77 22 Adelns
2636 1324 71 22 beslut
2721 1326 7 20 i
2743 1327 149 22 hufvudsaken
2906 1332 188 20 sammanstämme
3106 1348 4 9 ,
3126 1332 124 23 hemställer
3264 1335 110 27 utskottet,
3389 1338 49 20 med
3454 1337 130 29 frångående

2487 1350 24 21 af
2527 1351 47 22 dess
2592 1352 91 28 förslag,
2702 1356 33 19 att
2751 1355 159 29 Ridderskapet
2928 1358 40 20 och
2986 1358 70 22 Adeln
3078 1362 55 19 sdmt
3153 1361 160 24 Bondeståndet
3331 1365 49 21 ville
3398 1365 75 23 förena
3494 1368 33 27 sig
3549 1375 35 14 om

2487 1378 149 24 Medståndens
2651 1381 76 22 beslut.

2553 1408 96 22 Emedan
2667 1410 85 22 Presta-
2771 1412 40 21 och
2829 1413 188 27 Borgarestånden
3040 1416 108 27 godkännt
3169 1417 151 29 betänkandet,
3342 1421 116 28 tillstyrker
3479 1424 105 22 utskottet

2486 1436 113 27 vördsamt,
2615 1440 33 19 att
2661 1439 158 29 Ridderskapet
2837 1442 41 21 och
2892 1442 70 22 Adeln
2976 1445 57 19 samt
3046 1444 160 24 Bonlleständet
3219 1447 117 29 behagade,
3352 1450 49 21 med
3415 1450 131 30 frängäende
3561 1453 23 22 af

2487 1464 60 22 deras
2563 1466 123 28 skiljaktiga
2700 1469 93 27 mening,
2809 1469 87 22 biträda
2910 1471 152 23 betänkandet.

2501 1495 12 13 i+
2553 1494 50 21 Med
2618 1495 99 23 afseende
2733 1496 13 22 å
2760 1498 116 22 utskottets
2891 1499 81 28 förslag
2987 1500 33 21 till
3035 1508 46 14 sam.
3103 1502 137 30 anjemkning
3255 1505 24 21 af
3292 1505 101 23 ståndens
3408 1508 123 29 skiljaktiga
3545 1510 37 22 be-

2486 1520 41 22 slut
2544 1523 93 21 rörande
2653 1524 11 27 $
2679 1526 20 24 4,
2717 1525 118 28 tillstyrker
2853 1528 105 20 utskottet
2976 1529 110 22 vördsamt
3103 1533 31 19 |att
3153 1532 98 28 samtlige
3270 1533 94 22 Stånden
3382 1536 55 27 ville,
3456 1538 49 21 med
3524 1538 58 22 från-

2485 1550 103 22 trädande
2603 1552 24 20 af
2641 1552 61 22 deras
2717 1553 58 22 olika
2789 1555 119 27 meningar,
2924 1556 74 22 förena
3014 1558 32 27 sig
3062 1566 11 13 om
3109 1558 95 28 följande
3218 1561 122 23 redaktion:

2497 1578 6 26 i
2551 1578 54 27 Den,
2625 1587 45 14 som
2688 1582 41 20 vill
2746 1583 10 19 i
2775 1584 55 26 stad,
2850 1584 52 21 eller
2913 1585 33 27 på
2962 1586 79 26 landet,
3056 1594 68 14 under
3139 1588 25 20 de
3179 1589 10 20 i
3204 1589 12 27 $
3230 1589 14 21 4
3259 1591 145 27 omförmälda
3430 1590 150 36 örhällanden,

2483 1603 85 23 inrätta
2587 1606 171 24 handelsrörelse
2778 1610 52 21 eller
2846 1610 127 28 handtverk,
2990 1612 52 21 eller
3057 1614 13 20 &
3089 1615 84 21 ttadens
3189 1618 88 20 område
3293 1619 100 29 anlägga,
3415 1621 63 21 fabrik
3494 1629 19 14 0.
3530 1630 16 14 s.
3561 1631 19 13 v.

2483 1633 66 30 enligt
2563 1636 166 26 propositionen.

3089 1704 3 18 U

2550 1718 31 23 Pä
2596 1721 70 27 grund
2681 1722 24 20 af
2717 1722 115 22 utskottets
2848 1726 297 30 sammanjemkningsförslag
3160 1730 93 22 rörande
3264 1732 12 27 8
3289 1733 11 19 5
3312 1732 98 28 inbjudes
3424 1730 156 38 Ridderskapet

2483 1747 39 21 och
2537 1748 69 21 Adeln
2621 1751 56 19 samt
2687 1750 85 22 Presta-
2784 1752 41 20 och
2835 1752 166 23 Bondestånden
3016 1757 32 19 att
3063 1756 84 22 biträda
3161 1757 193 28 Borgareståndets
3369 1762 123 28 skiljaktiga
3503 1764 76 22 beslut.

2549 1776 41 21 Till
2605 1777 50 27 följe
2671 1778 24 21 af
2707 1780 321 30 sammanjemkningsförslaget
3043 1785 90 21 rörande
3148 1786 12 27 $
3176 1787 13 19 4
3204 1788 62 21 torde
3281 1788 59 22 detta
3354 1796 63 15 mom.
3430 1790 53 22 böra
3498 1788 82 36 erhålla

2480 1803 93 27 följande
2587 1805 90 27 lydelse:
3088 1827 3 10 i
3444 1833 3 3 .

2500 1828 2 7 |
2549 1834 20 26 (1
2585 1834 81 28 mom).
2700 1834 45 22 Vill
2763 1836 73 28 någon
2856 1838 13 20 å
2888 1838 74 22 landet
2980 1840 98 28 anlägga
3088 1841 88 29 fabrik,
3195 1844 52 20 eller
3268 1845 30 27 på
3318 1846 76 28 längre
3415 1848 89 28 afstånd
3520 1849 58 27 från

2515 1861 14 21 d
2545 1862 28 20 än
2588 1863 10 19 i
2612 1863 12 27 $
2639 1862 12 21 4
2668 1864 26 20 är
2710 1865 149 28 omförmäldt,
2875 1867 72 27 öppna
2962 1868 170 23 handelsrörelse
3148 1872 52 20 eller
3215 1872 76 29 drifva
3306 1874 119 22 handtverk
3442 1883 18 15 o.
3475 1884 17 14 s.
3507 1885 19 14 v.
3542 1885 36 14 en-

2489 1889 30 27 igt
2533 1891 167 26 propositionen.
3088 1903 2 14 i

2547 1918 109 22 äfvensom
2671 1928 62 13 mom.
2751 1922 11 20 3
2778 1920 93 24 sälunda
2886 1923 97 23 affattas:

2547 1946 77 22 Sädan
2641 1949 84 20 mindre
2745 1950 84 26 handel,
2849 1959 45 13 som
2908 1953 10 19 i
2932 1954 12 26 $
2959 1952 13 21 5
2988 1954 143 28 omförmäles,
3146 1957 36 20 mä
3193 1958 33 27 pä
3242 1958 73 22 landet
3329 1960 86 29 utöfver
3431 1968 25 14 en
3470 1963 41 21 mil
3518 1964 59 27 från

2481 1974 46 21 stad
2543 1982 19 14 o.
2578 1982 16 14 s.
2609 1983 19 14 v.
2645 1976 65 28 enligt
2724 1979 168 26 propositionen.
3086 1991 3 11 i

2547 2002 31 22 Pä
2597 2004 26 22 de
2642 2005 46 21 skäl
2705 2006 105 22 utskottet
2828 2008 111 22 ofvanföre
2953 2010 35 21 vid
3008 2010 11 28 8
3039 2012 12 19 5
3070 2012 71 22 anfört
3158 2013 100 28 inbjudas
3277 2015 156 29 Ridderskapet
3452 2019 40 21 och
3506 2020 70 21 Adeln

2480 2033 54 19 samt
2555 2032 93 22 Presta-"
2660 2034 40 21 och
2721 2035 167 23 Bondeständen
2906 2039 38 25 att,
2963 2039 50 21 med
3031 2038 129 30 frängdende
3183 2042 25 21 af
3227 2042 151 29 betänkandet,
3397 2046 76 22 förena
3490 2048 32 27 sig
3541 2056 33 14 om

2479 2055 191 33 Borgareständets
2685 2062 76 23 beslut.
3082 2082 6 7 j

2480 1836 33 73 ==

3082 2094 6 22 i

3082 2132 6 46 |

2546 2203 50 22 Som
2614 2204 157 29 Ridderskapet
2788 2208 41 21 och
2847 2208 69 22 Adeln
2938 2212 56 19 samt
3016 2198 181 45 Borgareständet
3220 2216 82 26 antagit
3323 2216 151 30 betänkandet,
3493 2220 81 22 hvilket

2478 2230 60 23 äfven
2560 2232 198 24 öfverensstämmer
2779 2236 50 21 med
2847 2238 168 27 propositionen,
3038 2240 121 23 hemställer
3181 2243 104 22 utskottet
3303 2244 107 24 vördsamt
3433 2250 33 20 att
3487 2249 85 22 Presta-

2478 2260 38 22 och
2531 2260 165 24 Bondeständen
2710 2263 49 22 ville
2774 2264 87 22 biträda
2874 2266 152 22 Medständens
3042 2268 75 22 beslut.

2003 2480 128 23 Godkänner
2145 2482 152 24 betänkandet.

2541 2488 58 22 Enär
2615 2490 54 21 barn
2684 2491 68 22 under
2769 2494 25 19 12
2810 2492 31 27 år,
2858 2493 66 29 enligt
2938 2496 33 20 tre
2986 2494 74 24 ständs
3075 2497 75 27 beslut,
3166 2499 19 27 ej
3201 2499 23 22 få
3238 2502 51 20 utan
3310 2502 99 23 särskildt
3423 2506 146 28 vederbörligt

2483 2516 85 22 illstånd
2587 2519 108 21 användas
2713 2519 71 23 såsom
2802 2521 85 23 biträde
2902 2524 35 20 vid
2956 2525 134 27 näringarne,
3110 2534 61 20 synes
3190 2529 11 27 &
3222 2530 33 24 35,
3271 2536 45 15 som
3334 2532 118 23 innehåller
3470 2542 98 14 ansvars-

2488 2547 132 21 estämmelse
2635 2547 33 22 för
2683 2548 46 26 den,
2746 2556 45 14 som
2807 2553 57 19 emot
2879 2552 129 27 stadgandet
3023 2554 7 20 i
3045 2555 11 27 $
3072 2556 25 19 29
3113 2555 33 21 till
3160 2556 66 27 tjenst
3241 2558 51 21 eller
3307 2560 73 21 arbete
3397 2564 85 26 antagit
3496 2564 72 27 dylika

2473 2518 12 48 o

2471 2581 20 41 av")

2501 2604 54 20 esta-
2578 2604 39 21 och
2635 2604 165 24 Bondeständen
2822 2608 106 27 godkänd,
2951 2610 156 28 Ridderskapet
3129 2613 39 21 och
3191 2614 69 22 Adeln
3282 2616 106 22 vördsamt
3410 2620 100 27 inbjudas
3534 2623 33 20 att

2487 2574 66 77 tuta
2578 2574 37 28 och
2633 2576 60 26 barn,
2709 2577 73 22 kunna
2801 2579 140 22 oförändradt
2960 2581 96 27 gvarstä;
3076 2583 98 23 hvarföre
3193 2586 40 20 och
3252 2586 28 22 då
3298 2588 11 25 8
3328 2590 26 18 35
3368 2589 78 27 jemväl
3462 2592 68 22 blifvit
3545 2593 25 21 af

2471 2630 14 21 [=

2497 2638 46 14 rom
2558 2632 75 22 förena
2648 2634 37 27 sig.
