1048 1717
452 132 40 22 N:o
507 132 19 22 1.
813 136 26 21 15

184 192 30 24 Är
236 195 130 21 fullbordadt
389 195 57 21 brott
468 196 86 28 belagdt
575 198 47 19 med
639 197 75 20 förlust
731 198 23 20 af
770 198 97 20 medbor-

115 230 77 26 gerligt
214 230 132 25 förtroende;
370 230 64 20 varde
457 231 123 25 vanfräjden
600 231 77 20 ädömd
702 232 47 25 den,
773 238 43 13 som
833 232 33 19 för

114 264 73 20 försök
204 264 32 19 till
251 264 80 19 brottet
345 264 56 26 gjort
417 264 31 25 sig
464 264 97 20 förfallen
574 264 32 20 till
618 264 153 21 tukthusstraff.
802 265 62 20 Stad-

114 298 99 26 gandena
228 304 32 14 om
277 297 122 27 afsättning,
415 298 125 26 ovärdighet
556 300 30 18 att
594 299 95 25 nyttjas
681 293 10 36 i
700 299 82 20 landets
794 300 71 25 tjenst,

114 332 106 26 skiljande
243 332 44 19 frän
312 332 96 26 utöfning
424 332 22 19 af
460 333 70 25 tjenst,
546 332 24 20 sä
585 333 39 20 ock
641 339 33 13 om
691 340 68 13 annan
777 333 87 27 päföljd,

113 366 87 20 hvilken
223 366 132 20 fullbordadt
377 366 56 22 brott
455 366 66 28 enligt
544 366 35 26 lag
602 367 89 27 medför,
707 368 64 19 varde
784 368 79 26 jemväl

114 401 129 27 tillämpade.

182 437 13 19 2
211 437 17 23 $.
258 435 43 20 Har
324 436 190 25 gerningsmannen
538 435 24 20 af
583 443 51 19 egen
659 436 50 20 drift
732 436 40 20 och
796 437 18 26 ej
830 436 34 20 för

112 472 57 25 yttre
192 470 75 20 hinder
290 469 74 21 afstått
387 469 45 20 från
448 469 89 21 brottets
552 469 149 22 fullbordande
717 471 52 20 eller
785 471 77 26 afstyrt

112 505 40 20 den
177 505 87 25 verkan,
287 511 44 14 som
348 504 38 21 hör
401 504 32 20 till
449 504 89 21 brottets
553 504 133 27 fullbordan;
702 512 50 13 vare
768 505 96 20 försöket

112 539 110 20 strafflöst.

180 573 117 20 Innefattar
320 572 75 21 sådant
417 573 71 20 försök
512 573 108 26 handling,
644 573 85 21 hvilken
748 575 7 19 i
771 575 40 20 och
827 575 35 20 för

112 608 32 27 sig
160 610 61 23 utgör
237 607 100 20 särskildt
351 607 69 27 brott;
436 607 54 21 skall
506 607 32 21 för
554 608 36 20 det
601 608 56 20 brott
668 609 72 20 dömas
752 609 31 20 till
794 609 66 22 straff.

180 643 12 19 3
208 643 18 26 &.
255 642 153 20 Förberedelse
427 642 32 20 till
482 642 57 21 brott
562 643 82 20 straffas
660 643 74 20 endast
750 644 6 19 i
772 644 27 19 de
814 643 46 27 fall,

111 677 27 20 då
154 677 75 20 sådant
244 677 66 20 finnes
327 677 6 19 i
349 677 36 26 lag
400 677 101 20 särskildt
516 677 140 29 föreskrifvet.

178 706 19 25 Å
212 711 99 21 straffbar
334 711 141 21 förberedelse
491 711 55 20 skall
566 711 105 28 tillämpas
687 712 55 21 hvad
758 713 6 19 i
782 713 12 20 2
810 715 9 22 $
834 715 26 18 är

107 746 101 27 stadgadt
223 752 33 14 om
272 745 79 22 försök.

443 797 14 22 5
474 798 49 27 Kap.

361 844 42 23 Om
418 844 160 28 delaktighet.

175 892 9 19 1
204 893 14 22 5.
248 891 71 20 Hafva
341 891 37 20 två
401 892 53 20 eller
476 891 50 21 flere
548 894 130 24 gemensamt
701 892 65 20 utfört
790 892 66 26 brott;

104 926 55 20 skall
175 933 25 13 en
217 926 51 19 hvar
284 926 82 20 straffas
382 926 68 20 såsom
465 927 156 26 gerningsman.

190 961 12 19 2
218 963 16 22 $.
264 960 65 27 Hvar,
347 967 43 14 som
406 961 81 26 bjuder,
503 961 64 26 leger,
583 962 71 25 trugar
669 960 52 21 eller
732 961 62 26 eljest
803 968 52 20 upp-

104 995 88 27 såtligen
215 995 79 20 förmår
316 995 53 20 eller
387 995 92 20 förleder
495 1002 70 13 annan
582 995 31 20 till
631 995 62 27 brott,
708 995 62 26 skall,
786 995 68 21 ehvad

103 1030 79 21 brottet
204 1029 117 21 fullbordas
343 1029 24 20 af
387 1030 67 20 denne
470 1029 53 21 eller
537 1032 87 18 stannar
638 1029 35 21 vid
689 1029 110 21 straffbart
814 1030 39 20 för-

102 1064 45 26 sök,
164 1064 72 19 dömas
252 1064 32 20 för
299 1063 101 21 anstiftan
416 1064 67 20 såsom
500 1065 55 19 hade
569 1064 40 21 han
620 1064 50 26 sjelf
678 1065 55 19 varit
744 1065 109 25 gernings-

102 1105 56 13 man.

171 1132 11 20 3
199 1135 17 22 g.
246 1132 43 20 Har
312 1132 75 27 någon,
411 1132 74 21 medan
509 1133 56 20 brott
587 1133 23 20 af
624 1139 68 14 annan
708 1133 76 20 utförts
800 1133 54 20 eller

102 1167 143 25 derföritnan,
261 1167 133 26 uppsåtligen
411 1167 47 20 med
474 1167 44 25 råd,
528 1167 40 20 dåd
578 1167 51 20 eller
637 1169 139 24 uppmuntran
788 1167 63 19 främ-

98 1201 33 26 jat
146 1201 128 26 gerningen;
292 1201 55 20 skall
366 1201 40 20 han
425 1201 32 20 för
473 1201 106 26 medhjelp
595 1201 32 19 till
644 1201 84 25 brottet,
744 1201 45 20 ifall
806 1201 45 20 det-

99 1241 81 14 samma
202 1234 151 26 fallbordades,
377 1235 58 26 eller,
458 1235 28 20 dä
505 1235 71 20 försök
592 1235 40 20 och
648 1235 132 20 fallbordadt
796 1235 55 19 brott

99 1272 36 17 äro
152 1269 45 20 med
215 1269 43 20 lika
273 1269 62 20 straff
347 1269 99 27 belagda,
462 1269 103 20 stannade
577 1268 34 21 vid
620 1269 77 25 försök,
708 1269 84 20 straffas
802 1269 47 20 med

99 1304 62 26 högst
177 1306 31 18 tre
219 1304 127 26 fjerdedelar
362 1304 23 20 af
394 1307 117 25 strängaste
522 1305 39 19 och
573 1304 55 26 lägst
639 1306 31 18 tre
684 1304 129 26 fjerdedelar
828 1304 25 20 af

99 1338 125 25 lindrigaste
248 1338 66 24 straff,
333 1345 43 12 som
393 1339 7 18 i
415 1338 73 25 hvarje
503 1338 93 20 straffart
612 1338 40 19 kan
668 1339 52 24 följa
735 1339 12 19 &
762 1338 87 24 brottet,

98 1371 55 19 dock
169 1372 19 25 ej
205 1371 65 20 under
286 1370 131 20 straffartens
433 1368 67 30 lägsta
516 1372 85 25 belopp,
617 1372 59 24 eller,
690 1378 33 12 om
736 1371 116 19 dödsstraff

98 1405 52 21 eller
166 1405 85 20 tukthus
267 1405 27 27 pä
310 1405 65 20 lifstid
393 1405 41 20 kan
450 1404 53 28 följa
519 1405 12 20 &
545 1405 131 21 fullbordadt
687 1405 62 26 brott,
760 1405 6 19 i
778 1404 71 21 stället

98 1440 76 26 derför,
196 1440 46 20 med
263 1439 86 21 tukthus
365 1439 45 21 från
427 1440 39 20 och
483 1440 46 20 med
546 1440 35 20 två
596 1439 33 21 till
645 1439 39 21 och
700 1440 48 20 med
765 1439 39 21 tolf
818 1440 23 20 år
