1028 1703
327 136 23 19 U.
362 136 22 19 B.
398 147 21 4 —
431 137 60 23 Prop.
504 137 36 18 N:o
552 137 17 18 1.
772 138 21 17 An

69 195 114 26 förordning
200 194 22 21 af
238 195 36 19 den
294 194 26 20 30
340 195 105 20 December
463 195 51 19 1887
530 195 80 26 stadgar
625 195 100 20 enahanda
740 194 77 20 likstäl-
824 194 77 22 Sr.
881 190 22 35 40
908 195 45 21 Kap.

69 229 69 24 lighet.

358 313 34 21 40
408 313 121 26 Kapitlet.

137 380 44 28 18.
210 380 29 20 På
257 380 63 26 grund
339 381 21 19 af
376 381 53 19 hvad
447 381 104 20 Utskottet
568 382 33 19 vid
623 380 25 20 14
667 381 12 25 &
698 381 23 19 16
737 380 45 26 kap.
798 380 22 20 af

68 415 44 20 nåd.
128 422 56 18 prop.
201 415 64 19 anfört
280 414 36 20 och
331 415 31 19 för
371 415 97 19 vinnande
479 416 21 18 af
508 415 142 25 motsvarighet
659 415 32 19 till
702 415 116 19 sistnämnde

67 449 12 27 $
101 449 62 21 hafva
185 449 73 19 mindre
280 449 136 25 förändringar
433 449 6 19 i
457 450 127 19 redaktionen
604 449 21 19 af
644 449 8 19 1
674 449 36 19 och
730 448 13 20 2
761 455 56 13 mom.

67 483 105 25 vidtagits;
191 483 108 25 hvarjemte
318 483 6 19 i
343 483 48 25 följd
410 484 21 18 af
445 484 112 18 Utskottets
573 484 69 23 beslut,
658 485 30 18 att
702 483 116 25 ovärdighet

67 520 29 16 att
114 517 75 25 nyttjas
205 517 5 19 i
225 517 76 19 landets
316 517 60 25 tjenst
391 517 17 25 ej
423 518 36 18 bör
474 518 77 18 ådömas
567 518 25 24 på
607 517 63 19 lifstid
686 518 6 18 i
708 517 60 19 andra
782 517 36 19 fall

67 554 24 16 än
107 551 24 19 då
146 551 106 19 dödsstraff
265 551 49 19 eller
328 550 82 20 tukthus
425 551 12 19 &
451 551 64 19 lifstid
530 551 66 19 tillika
611 551 83 24 ådömes,
706 552 54 18 ordet
775 552 43 24 ,,vi-

68 584 59 20 dare'*
147 584 6 18 i
175 585 8 18 1
203 591 55 13 mom.
275 584 105 20 uteslutits.
412 584 63 20 Sådan
491 585 120 25 uteslutning
626 584 36 20 har
678 585 36 19 ock
730 587 33 23 egt
777 591 41 13 rum

67 619 5 18 i
89 618 23 20 de
128 618 63 25 öfriga
206 618 26 26 8$
247 618 22 19 af
282 618 53 20 detta
350 618 81 26 kapitel,
447 619 34 19 der
495 619 61 25 sagda
571 619 34 19 ord
619 619 135 19 förekommer.

135 658 86 20 Emedan
240 658 58 20 äfven
317 658 69 20 värdet
404 658 21 20 af
442 661 53 17 muta
513 665 59 19 synes
591 660 47 18 böra
654 665 47 13 vara
716 658 103 20 förbrutet,

67 693 34 19 der
123 695 52 17 muta
199 693 16 25 ej
238 699 54 13 mera
308 693 62 19 finnes
388 693 6 18 i
412 693 73 25 behåll,
505 693 36 20 har
559 693 71 25 tillägg
649 693 65 19 derom
732 693 61 25 gjorts
811 698 7 18 i

68 727 11 18 3
95 733 57 13 mom.

135 765 44 28 28
208 766 45 20 Med
272 766 90 19 afseende
382 766 52 25 derä,
451 768 28 18 att
497 766 108 25 menedare,
620 765 60 20 hvars
699 768 69 23 utsaga
783 767 36 19 har

68 801 31 19 till
117 801 82 24 påföljd,
214 803 29 16 att
262 799 93 26 oskyldig
373 806 68 18 person
461 801 62 18 dömts
541 800 32 19 till
592 800 81 19 tukthus
692 800 49 19 eller
763 800 55 19 döds-

68 834 61 25 straff,
146 834 62 25 enligt
228 835 8 17 1
259 834 13 25 &
294 833 23 19 17
338 833 44 26 kap.
403 834 37 19 kan
459 833 77 20 straffas
555 834 42 19 med
613 833 81 20 tukthus
710 834 26 25 på
750 834 68 25 lifstid,

68 869 35 18 har
121 867 103 20 Utskottet
243 869 64 18 ansett
326 867 56 25 dylik
401 867 74 26 påföljd
491 868 74 25 jemväl
583 868 7 19 i
608 868 12 19 2
635 874 56 13 mom.
707 868 22 19 af
742 869 75 19 föreva-

67 902 59 19 rande
145 902 13 25 $
176 901 46 20 böra
237 903 91 18 utsättas.
344 912 27 3 —
386 901 31 20 Då
432 901 103 20 Utskottet
549 902 34 19 vid
598 901 144 26 granskningen
757 902 21 19 af
793 903 23 18 11

68 937 13 24 &
99 936 12 19 2
130 936 45 25 kap.
195 935 68 20 ändrat
281 935 52 20 hvad
352 935 33 19 der
402 935 79 25 stadgas
503 942 30 13 om
549 935 116 25 ovärdighet
680 938 28 16 att
723 936 74 25 nyttjas
812 936 7 18 i

69 970 74 20 landets
159 969 59 26 tjenst
233 969 79 26 derhän,
324 971 28 18 att
368 970 61 19 denna
445 969 98 26 påföljd,
536 965 10 34 i
558 969 67 20 stället
640 969 30 20 för
686 971 28 18 att
725 976 93 14 samman-

69 1004 48 20 falla
134 1004 43 19 med
196 1004 70 19 förlust
284 1003 22 20 af
322 1003 153 25 medborgerligt
493 1004 117 24 förtroende,
626 1003 105 20 innefattas
749 1004 69 25 deruti,

69 1038 57 25 följer
148 1038 63 24 häraf,
230 1040 29 17 att
281 1038 117 18 sistnämnde
421 1037 74 25 påföljd
514 1038 6 18 i
539 1038 67 18 stället
624 1037 30 19 för
672 1037 146 25 ovärdigheten,

70 1072 34 20 bör
119 1072 28 19 uti
163 1072 12 19 2
191 1078 55 13 mom.
263 1073 90 18 utsättas.

137 1110 44 28 58&
207 1111 31 19 Då
255 1110 25 20 12
296 1111 13 26 &
326 1111 24 19 16
368 1111 44 24 kap.
429 1111 34 25 (11
480 1111 13 25 $
508 1111 7 19 i
529 1110 60 20 Utsk.
605 1110 63 26 försl.)
684 1111 79 24 stadgar
778 1111 41 19 fän-

70 1145 53 25 gelse
143 1145 16 25 ej
179 1145 60 19 under
258 1147 29 16 tre
306 1144 91 20 mänader
415 1145 62 19 säsom
495 1144 57 20 straff
569 1144 31 20 för
618 1144 43 24 den,
677 1144 81 19 hvilken
777 1144 43 20 med

70 1179 48 25 vilja
136 1179 111 25 lössläpper
265 1178 64 25 fänge,
345 1184 40 14 som
404 1178 37 19 han
459 1179 38 18 fätt
511 1179 7 18 i
533 1178 89 26 uppdrag
637 1180 29 17 att
681 1178 82 25 bevaka,
779 1178 40 19 led-

71 1219 47 20 saga
136 1213 48 19 eller
202 1212 68 26 forsla,
286 1218 56 14 anser
360 1212 102 19 Utskottet
477 1212 100 20 enahanda
592 1212 144 25 fängelsestraff
747 1212 73 25 jemväl

71 1248 27 19 uti
116 1246 129 21 förevarande
260 1247 13 25 &
287 1247 49 19 böra
349 1248 90 18 utsättas.

139 1286 11 21 6
165 1286 18 28 8.
212 1287 59 19 Hvad
285 1286 35 20 vid
334 1286 144 25 granskningen
493 1286 22 19 af
529 1286 12 19 2
557 1286 12 26 &
584 1285 74 19 anförts
673 1292 29 13 om
718 1286 70 19 förlust
801 1286 21 19 af

72 1320 152 25 medborgerligt
245 1320 118 24 förtroende,
382 1320 62 24 gäller
467 1320 58 19 äfven
547 1320 42 24 här,
608 1320 22 18 så
651 1320 79 23 mycket
752 1319 68 24 hellre,

71 1360 40 13 som
129 1354 23 19 de
171 1354 6 18 i
196 1353 62 19 denna
276 1353 13 24 &
307 1355 99 22 upptagna
425 1352 128 25 förbrytelser
571 1352 32 18 till
621 1352 31 18 sin
670 1352 97 18 allmänna
786 1351 35 19 ka-

71 1387 68 19 raktär
157 1389 34 16 äro
208 1386 98 19 likartade
324 1386 42 19 med
385 1386 48 24 dem,
449 1392 41 13 som
508 1386 81 19 omtalas
604 1385 7 18 i
626 1385 12 18 3
654 1385 11 26 $
682 1385 25 19 36
724 1385 45 25 kap.
785 1385 36 20 och

72 1420 55 27 dylik
143 1421 71 19 förlust
228 1421 34 19 der
276 1420 61 20 finnes
352 1420 89 25 stadgad.

140 1453 176 23 Straflagsutskottets
328 1453 104 17 betänkande
444 1453 35 16 N:o
493 1453 14 17 1.
