1039 1706
180 152 14 21 2
409 149 20 21 U.
444 149 22 21 B.
482 147 37 26 —
526 148 56 26 Prop.
599 147 34 21 N:o
647 146 32 21 10.

150 214 35 21 fall
208 220 52 15 vore
281 213 34 21 för
332 211 110 28 Styrelsen
460 210 74 27 nödigt
554 212 31 19 att
603 209 88 27 vidtaga
711 209 26 21 de
757 209 7 21 i
784 210 119 20 momentet

151 248 143 22 omförmälda
318 246 106 27 åtgärder.
460 244 162 22 Bondeståndet
645 244 39 20 har
708 243 87 22 beslutit
820 245 31 20 att
876 244 26 21 de

150 283 53 27 skäl,
222 282 83 27 hvarpå
319 280 108 22 Utskottet
442 280 92 27 grundat
549 279 37 21 sitt
601 277 302 29 sammanjemkningsförslag

149 316 134 22 beträffande
298 316 68 26 sagda
381 316 103 25 moment,
500 320 50 16 men
565 314 72 21 hvilka
652 313 89 22 Ståndet
756 314 47 20 icke
818 313 83 27 gillade,

150 352 67 21 skulle
236 351 58 27 utgå,
315 350 25 21 så
356 351 30 20 att
402 349 26 21 de
444 349 18 27 ej
477 349 87 21 komme
580 350 31 20 att
626 348 51 27 ingå
691 348 7 21 i
713 347 134 23 Ständernas
862 355 40 15 un-

151 386 118 27 derdåniga
284 391 55 15 svar.

226 420 57 22 Enär
307 419 85 22 Preste-
410 419 42 21 och
476 418 169 22 Bondestånden
661 418 96 27 godkänt
772 418 130 28 paragrafen

151 456 65 27 enligt
238 453 330 28 sammanjemkningsförslaget,
592 453 74 20 kunna
688 453 64 21 dessa
769 453 133 28 uttalanden,

151 497 49 15 som
220 489 92 23 hänföra
332 489 32 27 sig
380 488 76 22 endast
471 488 30 21 till
516 488 127 26 motiverna,
659 487 18 28 ej
694 487 113 22 föranleda
822 487 32 22 till
869 489 33 20 åt-

151 525 53 28 gärd
220 525 22 22 af
251 524 155 27 Lagutskottet,
418 529 50 16 men
478 523 62 22 torde
550 523 26 22 de
587 523 66 21 vinna
664 522 99 28 behörigt
773 523 128 28 beaktände,

151 562 40 19 när
210 559 132 22 Ständernas
361 558 149 27 underdåniga
528 564 50 15 svar
593 558 13 21 å
621 557 42 21 den
678 557 80 28 nådiga
772 558 129 27 propositio-

149 601 44 16 nen
208 594 23 22 af
244 593 243 29 Expeditionsutskottet
503 593 92 22 affattas.

490 657 12 27 8
520 656 31 22 17.

217 703 161 22 Presteständet
398 703 41 22 har
461 703 67 28 afböjt
551 703 118 22 Utskottets
691 702 80 29 förslag
790 705 113 27 angående

150 739 72 22 denna
238 739 103 27 paragraf
354 738 42 21 och
410 737 102 22 vidblifvit
529 738 37 21 sitt
580 737 59 22 förra
653 737 76 28 beslut,
745 739 65 27 enligt
823 739 79 22 hvilket

151 773 129 28 paragrafen
302 773 67 21 skulle
392 779 25 15 ur
439 773 242 27 författningsförslaget
703 774 110 27 uteslutas,
834 775 68 27 jemte

151 809 35 21 det
202 808 90 22 Ståndet
311 808 87 21 beslutit
417 807 89 28 inbjuda
522 807 68 28 öfriga
605 807 68 22 Stånd
689 810 30 19 att
734 809 77 21 härom
826 809 76 22 förena

149 845 38 26 sig.
225 843 162 22 Bondeständet
409 843 40 22 har
469 844 102 21 likaledes
593 843 105 22 förkastat
713 843 118 22 Utskottets
848 844 46 22 för-

150 879 46 27 slag
211 879 134 21 beträffande
363 878 128 28 paragrafen
506 879 42 21 och
562 879 96 21 vidhållit
673 879 36 21 sitt
725 879 90 27 tidigare
832 879 71 22 beslut

150 915 31 20 att
203 916 80 25 antaga
302 913 129 28 paragrafen
446 913 7 21 i
468 913 224 22 öfverensstämmelse
712 914 49 21 med
777 914 41 21 den
834 915 68 21 andra

149 948 168 22 reservationen.

219 982 57 22 Efter
297 982 57 21 hvad
378 982 148 27 Lagutskottet
548 982 116 27 förmenar,
687 983 62 22 torde
769 983 47 22 icke
837 984 65 27 utsigt

150 1017 116 22 förefinnas
288 1019 32 19 att
342 1017 96 21 Ständen
460 1017 66 21 skulle
548 1017 76 22 förena
646 1017 32 27 sig
696 1024 36 15 om
750 1018 65 27 något
834 1017 23 22 af
875 1019 26 20 de

151 1052 56 21 olika
230 1051 80 28 förslag
331 1051 31 21 till
378 1051 140 28 formulering
532 1051 24 22 af
568 1052 12 27 $
598 1052 31 25 17,
646 1058 47 15 som
709 1051 122 23 framstälts.
861 1053 40 21 Vid

150 1087 78 22 sådant
248 1086 134 22 förhållande
402 1093 64 21 synes
485 1087 55 21 enda
564 1088 94 26 utvägen
681 1089 31 19 att
727 1087 76 28 bringa
818 1087 83 22 författ-

149 1123 81 26 ningen
247 1121 31 22 till
298 1121 64 22 stånd
379 1127 53 16 vara
450 1123 37 25 att,
507 1122 28 27 på
555 1123 43 20 sätt
616 1122 161 22 Presteståndet
798 1123 103 27 förordat,

150 1157 12 28 8
179 1157 25 21 17
224 1163 26 15 ur
264 1156 153 27 författningen
433 1157 108 21 uteslutes.
570 1157 149 27 Lagutskottet
734 1157 91 23 föreslår
839 1159 62 22 alltså

150 1192 116 22 vördsamt:

352 1232 32 21 att
398 1231 158 28 Ridderskapet
574 1232 37 21 och
631 1232 71 22 Adeln
724 1235 57 20 samt
795 1233 106 28 Borgare-

288 1264 37 22 och
340 1264 169 23 Bondestånden
523 1265 50 22 ville
591 1265 95 22 utesluta
701 1267 14 26 $
730 1266 31 21 17
771 1273 29 15 ur
813 1267 88 28 författ-

290 1298 174 29 ningsförslaget.

483 1345 12 28 $
512 1346 32 22 19.

218 1385 161 23 Presteståndet
396 1386 46 28 har,
458 1386 133 23 beträffande
607 1387 71 22 denna
693 1389 107 28 paragraf,
815 1389 84 22 vidblif-

151 1421 29 21 vit
201 1421 36 22 sitt
251 1421 93 28 tidigare
358 1421 77 28 beslut,
452 1423 64 27 enligt
531 1422 80 23 hvilket
626 1423 7 21 i
649 1423 132 23 Ständernas
796 1425 97 22 underdå

218 1461 74 24 Bihang
304 1462 62 22 N:o
352 1457 11 34 2
378 1462 29 18 till
418 1462 136 23 Lagutskottets
565 1463 110 18 betänkande
687 1463 36 19 N:o
735 1463 17 19 9.
