1006 1709
300 136 23 19 U.
336 137 57 19 B.
376 132 12 35 —
406 138 61 24 Prop.
481 138 36 18 N:o
530 139 15 17 1.
748 139 21 17 17

46 193 42 20 håll
110 194 115 26 lämpligare
247 196 110 25 uttryckes.
387 196 96 26 Slutligen
505 197 41 25 har,
565 198 7 18 i
594 196 63 20 likhet
678 198 43 18 med
739 196 52 20 hvad
803 197 40 20 Stf
861 196 8 16 2
883 196 44 21 Kap.

47 234 40 14 som
102 228 54 20 skett
170 229 7 19 i
196 230 21 18 11
235 230 19 25 $,
266 230 59 20 slutet
340 231 21 18 af
375 230 12 20 2
402 238 56 12 mom.
474 232 123 20 formulerats
611 231 22 20 sä
643 234 28 16 att
682 231 57 19 dernr
749 232 43 24 tyd-

46 262 63 25 ligare
124 263 94 26 framgår,
235 266 29 17 att
283 264 35 19 den
334 264 98 25 skyldige,
449 266 24 18 då
487 266 37 19 han
539 266 67 19 tillika
620 268 21 16 är
656 266 91 19 förfallen
762 266 30 19 till

47 296 127 20 frihetsstraff
186 298 26 24 på
226 298 41 19 viss
282 298 36 25 tid,
328 298 59 19 äfven
401 300 62 19 under
477 300 107 19 strafftiden
599 303 22 15 är
635 299 92 25 förlustig
741 299 50 19 med-

47 331 108 25 borgerligt
173 331 116 26 förtroende,
308 332 61 19 ehuru
385 333 52 19 tiden
455 334 30 19 för
500 334 62 19 denna
577 333 74 26 påföljd
665 333 71 20 räknas
751 333 42 19 från

47 365 32 19 det
94 365 146 20 frihetsstraffet
254 367 88 19 utståtts.

115 399 23 21 15
153 399 17 28 8.
200 400 43 19 Den
272 401 36 19 här
330 401 156 20 förekommande
507 402 146 25 bestämningen
672 404 29 17 att
719 402 74 23 månad,

46 433 25 20 då
86 434 69 19 sådant
169 435 89 20 tidsmått
272 435 50 19 efter
337 435 111 26 strafflagen
464 436 104 26 tillämpas,
579 436 35 19 bör
628 436 53 25 gälla
696 436 42 19 lika
751 437 42 18 med

47 469 66 19 trettio
132 469 67 25 dagar,
215 476 57 13 anser
290 469 104 20 Utskottet
412 471 21 18 af
447 471 169 25 lämplighetsskäl
632 471 47 19 böra
693 471 100 19 förändras

48 503 78 25 derhän,
142 506 30 17 att
190 503 93 20 månaden
302 505 71 19 räknas
392 505 49 19 efter
460 505 127 20 kalendertid.
617 505 10 20 I
642 505 102 20 Utskottet
758 505 37 19 har

46 538 34 19 väl
98 539 74 18 anförts
190 540 30 17 att
239 538 32 19 det
290 539 7 19 i
312 539 91 20 månader
417 542 73 17 utsatta
505 532 75 27 straffet
595 547 68 18 genom
679 540 61 19 denna
755 539 38 20 för-

46 572 83 25 ändring
147 573 7 18 i
172 572 137 26 verkligheten
328 573 42 19 icke
389 574 57 19 alltid
461 573 65 20 blefve
541 574 121 25 fullkomligt
676 574 42 19 lika
732 574 61 25 långt,

46 614 42 12 men
112 607 62 19 denna
193 607 143 25 jemförelsevis
360 608 56 25 ringa
435 608 104 25 olägenhet
557 614 56 13 anser
630 608 103 19 Utskottet
751 608 42 19 icke

46 641 66 19 kunna
130 641 94 26 tilläggas
242 642 64 24 någon
324 642 102 25 betydelse
445 643 7 18 i
469 643 60 18 bredd
547 643 42 18 med
605 642 22 19 de
643 644 52 17 stora
709 642 85 19 fördelar

46 676 87 25 antydda
148 676 113 25 förändring
276 676 64 19 skulle
356 677 84 19 medföra
456 677 30 19 för
497 677 239 25 fängelseförvaltningen,
747 679 46 16 enär

47 710 93 25 tillsynen
160 710 55 19 öfver
233 713 29 16 att
280 710 69 25 hvarje
368 710 57 26 fånge
444 711 11 19 &
473 713 39 17 rätt
530 711 29 19 tid
577 711 90 24 frigifves
683 711 109 24 derigenom

48 744 64 19 kunde
131 745 47 19 vida
192 745 70 19 lättare
278 745 35 19 och
328 745 43 19 med
386 745 74 19 mindre
475 745 42 20 fara
532 745 31 20 för
577 745 80 25 misstag
672 744 121 20 handhafvas

46 782 24 16 än
86 785 30 13 om
132 779 32 19 det
180 779 6 19 i
201 779 91 19 månader
305 779 80 20 ädömda
399 779 74 20 straffet
483 779 110 20 förvandlas
604 779 31 19 till
645 779 60 25 dagar
715 778 36 21 och
761 780 33 18 det

46 813 50 20 först
111 813 85 20 derefter
210 813 52 20 skall
273 816 79 17 utrönas
366 816 35 17 när
416 814 74 19 straffet
500 814 50 19 efter
560 813 121 20 kalendertid
692 814 33 19 bör
735 814 57 19 sluta.

46 848 57 19 Dock
118 848 98 19 erfordrar
231 848 125 19 omförmälda
372 849 111 24 förändring
498 848 31 19 det
544 848 71 25 tillägg
625 848 32 19 till
666 848 127 19 förevarande

46 882 20 26 S,
78 885 28 16 att
121 883 33 18 vid
164 883 181 24 sammanläggning
355 883 21 19 af
384 883 57 19 straff
449 883 66 19 trettio
527 883 60 25 dagar
597 882 55 19 skola
662 885 98 17 motsvara
770 889 22 13 en

47 917 75 24 månad,
138 917 58 19 bland
215 919 59 17 annat
292 917 78 19 emedan
388 917 91 19 böternas
497 916 190 26 förvandlingstariff
703 917 6 19 i
725 917 12 19 5
753 917 12 26 $
781 917 12 19 2

48 951 45 25 kap.
113 954 21 16 är
154 953 61 17 utsatt
233 951 7 18 i
259 951 61 25 dagar
338 951 36 20 och
392 952 78 19 emedan
489 951 104 20 bräkdelar
611 951 22 19 af
645 952 69 19 mänad
729 952 65 19 kunna

48 985 122 26 uppkomma.

116 1019 150 26 Bestämningen
284 1022 29 17 att
331 1020 39 19 tolf
382 1020 91 19 månader
488 1020 55 19 skola
564 1020 71 19 räknas
651 1021 62 18 såsom
729 1022 28 17 ett
772 1021 21 18 är

48 1061 58 14 anser
120 1054 104 20 Utskottet
238 1055 63 19 såsom
316 1054 116 25 öfverflödig
447 1055 66 19 kunna
527 1055 53 25 utgå.

117 1123 31 20 Då
166 1124 12 19 &
192 1124 60 25 några
268 1123 69 20 ställen
353 1124 7 18 i
374 1123 134 26 lagförslaget,
525 1123 118 25 exempelvis
659 1123 12 19 2
686 1129 57 14 mom.
757 1123 8 18 i
780 1123 12 19 2

48 1158 14 26 $
78 1158 10 19 3
105 1158 53 25 kap.,
178 1157 10 19 7
205 1157 13 26 8
233 1157 25 20 27
276 1158 52 25 kap.,
344 1158 13 19 2
372 1157 12 26 $
400 1157 25 20 38
445 1158 46 24 kap.
510 1160 49 17 samt
575 1157 11 20 8
602 1157 13 26 &
631 1157 25 19 43
675 1157 52 25 kap.,
743 1161 49 16 ännu

49 1192 60 19 andra
123 1191 97 27 påföljder
234 1192 31 19 för
280 1193 52 18 brott
346 1193 60 18 finnes
421 1194 80 18 utsatta,
516 1195 25 16 än
556 1192 23 19 de
594 1198 41 13 som
648 1192 7 18 i
671 1191 12 20 2
699 1191 46 26 kap.
760 1195 33 16 äro

49 1226 133 26 uppräknade,
196 1225 37 20 har
250 1225 104 20 Utskottet
372 1226 30 19 för
419 1225 184 26 fullständighetens
621 1225 53 20 skull
692 1228 63 17 ansett
770 1232 22 13 en

50 1261 85 24 antydan
151 1261 64 19 derom
230 1261 47 18 böra
292 1261 6 18 i
318 1260 95 25 sistsagde
433 1260 45 25 kap.
497 1260 48 25 ingä
563 1260 35 19 och
615 1260 64 19 derför
693 1260 32 19 till
741 1260 52 19 detta

50 1295 46 24 kap.
111 1295 55 24 fogat
181 1301 22 12 en
218 1301 28 18 ny
260 1294 13 25 $
289 1294 51 25 (18).

346 1351 16 20 3
376 1349 121 26 Kapitlet.

119 1394 43 28 18.
192 1395 9 19 I
220 1395 62 20 denna
299 1395 13 26 8
327 1395 78 25 stadgas
421 1395 59 19 bland
495 1397 65 22 annat,
575 1397 29 18 att
619 1395 117 26 minderårig
754 1395 38 20 för-

50 1430 87 26 brytare,
152 1436 41 13 som
208 1430 40 25 fylt
262 1430 30 25 sju
308 1430 28 24 är,
351 1429 30 20 för
396 1430 98 24 begånget
507 1430 54 19 brott
575 1429 38 20 kan
629 1430 22 18 af
663 1429 82 20 domstol
760 1430 32 19 dö-

119 1463 177 23 Straflagsutskottets
308 1463 101 17 betänkande
422 1463 35 17 N:o
470 1464 15 16 1.
760 1464 11 17 2
