995 1711
290 139 64 24 Ständ.
370 139 30 25 $v.
418 153 24 3 —
459 141 53 29 Prop.
528 140 31 24 N:o
574 139 20 24 6.
767 141 13 21 3

198 206 154 29 inqvartering,
367 215 50 21 som,
429 207 84 29 jemlikt
528 207 79 28 Kongl.
622 207 85 29 brefven
723 207 41 22 den
777 207 32 22 27

198 240 58 23 Juni
277 241 55 22 1791
354 241 36 23 och
413 243 41 22 den
469 242 15 21 7
498 241 111 24 December
624 241 64 28 1796,
712 242 34 21 det
759 241 49 22 sist-

198 277 98 21 nämnda
313 277 117 27 kungjordt
444 284 74 20 genom
534 277 79 27 Kongl.
628 276 181 28 kammarkollegii

199 310 93 22 cirkulär
308 311 26 27 af
347 311 41 22 den
402 311 15 21 3
433 311 61 22 Mars
508 311 65 27 1797,
586 311 125 21 tillkommer
719 310 90 22 härads-

198 345 146 22 nämndemän
365 345 35 28 för
423 346 24 21 de
466 345 27 28 af
509 346 45 21 dem
573 345 91 22 bebodda
682 344 127 30 lägenheter,

197 378 54 23 skall
265 380 103 28 upphöra.
397 380 35 22 De
446 380 152 27 nämndemän,
608 387 43 15 som
662 380 147 28 härförinnan

198 412 69 30 blifvit
283 414 32 22 till
329 415 50 22 sina
394 414 147 29 befattningar
556 416 95 26 antagne
665 416 55 20 samt
735 414 28 22 då
775 415 33 21 in-

198 448 76 28 nehaft
295 449 103 28 lägenhet,
417 449 84 23 hvilken
519 449 27 29 af
561 450 46 21 dem
625 448 63 29 bebos,
707 450 36 20 må
758 448 50 22 dock

198 482 100 30 förblifva
312 484 10 21 i
336 484 129 28 åtnjutande
480 484 26 28 af
518 484 169 28 ifrågavarande
701 483 66 28 frihet
777 482 32 23 till

198 519 110 28 utgången
330 518 28 29 af
376 519 41 22 den
440 519 38 27 tid,
497 518 35 29 för
546 517 84 23 hvilken
645 518 26 22 de
685 518 70 28 blifvit
769 524 39 16 an-

198 555 70 26 tagne.
298 553 81 22 Denna
394 554 123 28 kungörelse
532 554 71 21 träder
617 553 10 21 i
638 553 101 28 gällande
750 552 59 28 kraft

198 587 54 28 från
267 587 36 22 och
318 587 47 22 med
380 587 42 22 den
436 588 12 21 1
462 587 98 23 Januari
575 587 27 22 18

130 621 45 22 Och
198 621 22 22 få
242 622 117 22 Ständerna
382 622 100 27 derjemte
502 622 32 22 till
549 622 67 22 Eders
631 622 118 27 Kejserliga
763 621 45 22 Ma-

59 656 66 27 jestät
140 657 7 20 i
162 656 168 28 underdånighet
351 657 129 22 öfverlemna
501 659 32 20 att
555 657 116 22 bestämma
685 657 65 27 tiden,
770 659 39 19 när

63 691 40 21 den
118 690 107 23 blifvande
240 691 153 28 författningen
407 692 39 21 bör
461 692 62 22 träda
538 692 7 21 i
558 691 97 28 gällande
669 691 64 21 kraft.

129 755 101 22 Finlands
246 755 90 23 Ständer
350 755 122 23 framhärda
487 758 39 20 etc.

129 807 132 28 Helsingfors
277 808 40 22 den
332 809 14 21 5
360 815 57 16 mars
432 809 60 22 1888.

184 1469 106 17 Helsingfors,
303 1469 58 13 Finska
372 1469 192 17 Litteratur-Sällekapets
572 1469 74 18 tryckeri,
656 1471 38 12 1888.
