1048 1720
211 154 16 20 4
526 153 39 21 N:o
581 152 19 22 1.

253 216 92 19 Kortaste
364 216 55 19 tiden
434 216 31 20 för
480 216 157 20 tukthusstraffet
651 218 23 17 är
687 220 102 22 upptagen
803 216 30 20 till
848 216 35 20 sex
898 218 39 17 må-

182 257 63 19 nader
259 256 38 20 och
319 257 78 25 längsta
411 256 55 20 tiden
480 256 30 20 för
524 256 166 26 fängelsestraffet,
704 258 44 18 med
762 257 52 19 vissa
828 258 108 24 undantag,

182 298 31 18 till
236 297 43 26 fyra
301 299 26 17 är.
357 297 64 19 Dessa
443 297 148 26 bestämningar
612 297 78 26 grunda
705 298 30 25 sig
749 298 66 24 derpä,
831 301 28 16 att
873 299 13 17 å
900 304 38 12 ena

183 338 56 19 sidan
264 337 32 20 det
317 338 100 18 intensiva
438 337 124 27 strafftväng,
577 344 43 14 som
635 337 39 20 hör
687 337 31 20 till
732 338 162 24 tukthusstraffet,
909 344 29 13 er-

183 378 79 20 fordrar
277 384 25 13 en
316 378 69 25 längre
400 378 88 25 strafftid,
505 378 37 20 och
557 380 12 18 å
583 378 62 20 andra
659 378 56 20 sidan
730 380 57 18 svåra
801 379 53 19 brott
866 379 72 23 finnas,

182 418 76 19 hvilkas
281 418 142 26 beskaffenhet)
438 419 32 18 väl
484 418 42 19 icke
541 419 88 25 päkallar
643 418 142 25 tukthusstraff,
800 426 44 11 men
861 418 76 19 hvilkas

182 459 108 25 tillbörliga
305 458 130 19 bestraffande
451 458 42 20 icke
506 459 40 19 kan
561 459 65 25 aflöpa
640 459 44 19 med
699 459 44 19 kort
758 459 17 15 "4
849 466 4 2 s

255 499 60 19 Böter
330 501 34 16 äro
379 499 113 25 föreslagna
506 502 28 16 att
548 499 76 20 tillfalla
638 499 61 20 krona

181 539 80 25 ganden
284 546 33 12 om
339 539 93 19 böternas
452 539 129 25 användning
613 539 22 19 iske
653 542 47 16 Löra
717 553 2 2 t
775 554 2 2 å
909 533 28 25 Åt

182 579 97 25 Kejsaren
301 580 37 19 och
353 578 124 21 Storfursten
492 582 22 17 är
529 580 62 18 derom
713 580 59 18 snsdt
787 582 28 16 att
829 579 43 19 icke
886 579 51 20 blott

571 620 35 19 och
625 623 52 16 viien
693 622 50 17 samt
758 620 68 19 värdet
836 616 23 33 af
866 620 71 19 sådant

182 620 96 20 förordna
293 627 32 13 om
340 620 111 26 fördelning
466 620 21 19 af
499 622 50 18 böte>

181 661 98 19 förbrutet
301 661 54 25 gods,
372 668 43 12 som
438 661 96 19 tilldömes
557 662 82 18 kronan.
655 663 49 17 utan
726 660 37 20 ock
777 662 107 18 bestämma
898 661 40 19 den

181 702 118 25 ersättning,
315 708 43 12 som
373 701 119 19 tillkommer
507 702 24 18 de
546 702 128 24 menigheter,
688 701 132 25 inrättningar
836 702 36 18 och
887 701 50 25 tjen-

180 744 84 22 stemän,
279 742 66 19 hvilka
359 742 53 19 förut
426 742 36 18 fått
477 743 30 18 del
523 742 6 19 i
545 743 61 23 böter,
621 742 54 19 viten
690 742 37 19 och
741 742 96 19 förbrutet
851 742 55 25 gods.

252 782 177 26 Bestämningarne
451 782 7 19 i
480 782 66 20 hvilka
568 782 35 20 fall
621 782 98 26 adelskap,
734 783 62 19 orden
816 782 37 19 och
869 788 68 14 annan

181 823 62 19 sådan
257 823 119 19 utmärkelse
394 823 103 19 äfvensom
517 822 92 26 rättighet
623 823 30 19 till
668 822 85 26 pension
768 822 37 20 och
820 829 67 13 annan
902 823 33 25 dy-

180 864 28 19 lik
231 863 78 19 förmån
324 863 100 20 förverkas
444 870 71 19 genom
531 864 58 24 brott,
604 863 63 25 hafva,
684 864 65 18 såsom
764 863 118 19 tillhörande
897 863 39 19 den

181 904 96 19 särskilda
301 903 151 26 lagstiftningen
477 911 32 12 om
533 904 56 19 dessa
611 906 78 23 ämnen,
712 910 25 13 ur
758 904 113 25 strafflagen
892 907 44 16 ute-

180 945 89 19 lemnats.

248 984 12 19 I
274 985 92 25 förslaget
384 985 31 18 till
437 985 118 26 förordning
573 992 32 13 om
624 985 146 25 verkställighet
784 985 22 18 af
818 985 57 19 straff
887 985 48 24 ingå

180 1025 74 25 nödiga
276 1025 121 19 föreskrifter
419 1025 43 19 icke
484 1026 49 18 blott
553 1033 33 11 om
608 1025 156 24 frihetsstraffen,
778 1028 49 16 utan
845 1025 37 19 ock
901 1031 34 13 om

181 1065 124 19 dödsstraffet
327 1067 51 17 samt
400 1065 57 19 böter
472 1066 37 18 och
523 1065 96 19 förbrutet
634 1065 48 25 gods
698 1065 101 19 äfvensom
815 1065 23 19 de
853 1066 82 18 allmän-

179 1108 58 26 naste
259 1106 114 24 grunderna
395 1105 31 19 för
446 1111 54 19 unge
521 1104 118 27 förbrytares
654 1105 121 25 behandling
790 1105 6 18 i
812 1105 78 24 allmän,
905 1104 30 20 för

180 1146 45 18 dem
243 1146 65 19 afsedd
322 1145 215 25 uppfostringsanstalt.

252 1186 71 20 Såsom
344 1186 88 19 hörande
454 1186 30 18 till
505 1186 31 19 det
558 1185 123 26 progressiva
703 1185 147 25 straffsystemet
865 1187 22 17 är
901 1185 35 19 vil-

179 1226 68 26 korlig
265 1226 102 25 frigifning
385 1226 23 19 af
424 1226 73 19 sådane
512 1226 115 26 förbrytare,
643 1225 67 19 hvilka
724 1226 64 18 under
802 1226 47 25 godt
864 1225 71 25 uppfö-

179 1266 64 18 rande
257 1267 70 17 utstått
341 1266 70 24 längre
426 1266 38 17 tids
480 1266 126 18 frihetsstraff
618 1266 36 17 och
670 1266 68 17 kunna
753 1268 63 15 motse
831 1266 51 23 ärlig
896 1264 39 20 för-

179 1303 99 25 sörjning,
301 1305 52 23 ånyo
381 1304 110 24 föreslagen
516 1304 44 18 med
583 1304 61 18 sådan
667 1304 19 18 af
706 1303 120 19 Ständernas
848 1304 88 19 deremot

179 1343 73 25 gjorda
267 1343 156 26 anmärkningar
440 1343 102 19 föranledd
557 1343 92 26 ändring,
664 1346 28 16 att
706 1343 113 25 afgörandet
834 1343 23 19 af
868 1343 69 26 frågor

180 1390 32 13 om
229 1383 53 26 dylik
297 1383 104 26 frigifning
416 1383 50 20 skall
481 1384 78 19 tillhöra
574 1383 96 20 Senatens
685 1383 220 26 Justitiedepartement.

249 1424 104 25 Förslaget
368 1424 30 19 till
413 1424 115 25 förordning
543 1431 33 12 om
594 1424 105 19 införande
715 1424 21 19 af
742 1431 28 19 ny
785 1425 72 18 allmän
872 1425 62 19 straff-

180 1465 33 25 lag
235 1465 30 18 för
280 1463 186 20 Storfurstendömet
486 1465 86 18 Finland
587 1465 110 19 innehåller
711 1465 29 19 uti
758 1467 10 17 1
785 1465 13 25 &
814 1465 121 24 stadganden
