1017 1703
306 115 80 50 Ständ.
397 115 26 50 Se
443 142 18 4 —
479 115 56 50 Prop,
555 115 25 50 ka
589 115 21 50 1.
768 131 39 20 151

82 197 94 27 straffes,
191 197 7 22 i
212 197 39 22 fall
266 197 40 21 den
321 197 89 21 innebär
424 196 47 22 fara
485 197 34 20 för
533 195 141 27 menniskolif,
684 196 50 21 med
748 195 88 22 tukthus

82 231 48 22 från
145 231 40 22 och
200 232 48 21 med
266 231 48 26 fyra
331 231 34 20 till
384 231 40 21 och
438 231 48 21 med
500 230 42 21 tolf
555 231 31 25 är,
600 236 55 20 men,
671 236 35 15 om
721 230 40 21 den
776 231 60 21 inne-

82 265 66 22 fattar
162 265 76 22 endast
252 265 78 22 allmän
344 265 47 20 fara
405 265 33 21 för
453 264 109 27 egendom,
577 263 49 22 med
641 263 88 22 tukthus
739 263 47 22 frän
797 264 39 21 och

82 300 49 21 med
145 299 37 22 tvä
196 299 33 22 till
245 299 39 21 och
299 299 49 21 med
363 299 46 21 ätta
423 298 31 22 är.

150 333 83 22 Försök
248 335 23 19 är
286 332 119 22 straffbart.

150 367 43 22 För
214 367 97 22 vållande.
332 367 34 21 till
389 366 169 26 öfversvämning
577 371 50 16 vare
642 365 84 23 straffet
740 366 62 22 böter
817 366 17 27 ej

81 403 68 22 under
164 402 73 22 femtio
252 401 62 22 mark
328 402 51 20 eller
398 401 92 27 fängelse
508 402 8 21 i
530 401 63 27 högst
608 402 31 20 ett
654 401 30 21 år.

150 436 13 22 9
178 436 18 26 8.
225 436 45 22 Har
285 436 75 27 någon,
375 436 8 21 i
398 436 64 26 afsigt
476 436 32 20 att
522 434 147 23 åstadkomma
676 434 47 22 fara
735 434 36 22 vid
779 434 57 27 jern-

81 473 51 26 vägs
153 471 144 27 begagnande,
316 470 122 22 framkallat
457 470 66 22 sådan
542 469 46 22 fara
604 469 127 27 derigenom,
746 471 32 19 att
792 470 42 21 han

80 506 135 28 uppsåtligen
234 505 76 22 skadat
328 506 114 26 jernvägen
461 504 51 21 eller
531 504 71 22 dertill
617 504 94 21 hörande
726 503 109 22 fortskaff-

79 540 132 28 ningsmedel
225 540 52 21 eller
292 541 65 20 annat
371 539 107 26 tillbehör,
493 539 52 21 eller
559 539 45 26 lagt
617 539 65 26 något
696 539 13 20 å
723 538 71 21 banan
804 538 29 21 el-

80 575 32 22 ler
133 575 61 27 gifvit
216 573 66 23 falskt
299 575 83 26 tecken,
404 573 53 22 eller
471 573 28 27 på
514 575 64 20 annat
594 573 66 27 dylikt
674 574 52 25 sätt;
749 572 84 22 straffes

80 610 50 21 med
144 609 88 22 tukthus
247 609 47 21 från
310 609 38 21 och
363 608 49 21 med
426 608 36 21 två
476 608 33 21 till
524 608 40 21 och
579 607 47 22 med
641 607 46 22 åtta
702 607 30 22 år.
755 607 78 28 Gjorde

79 644 43 22 han
138 644 36 21 det
188 645 51 20 utan
254 643 66 22 sådan
335 642 74 28 afsigt;
425 648 50 16 vare
491 641 84 24 straffet
589 642 89 22 tukthus
693 642 7 21 i
715 642 63 27 högst
787 641 47 28 fyra

79 679 26 21 år
118 678 53 22 eller
185 677 95 28 fängelse
294 677 18 27 ej
329 677 67 21 under
413 683 38 15 sex
465 677 107 22 månader.

148 712 82 22 Försök
244 714 25 20 är
284 711 116 22 straffbart.
745 735 2 3 .

148 747 43 21 För
206 746 96 22 vållande
318 746 33 21 till
369 746 47 22 fara
434 746 35 22 vid
482 746 99 27 jernvägs
596 746 137 27 begagnande
748 745 85 22 straffes

80 782 42 22 den
136 781 95 27 skyldige
246 781 48 21 med
314 782 63 20 böter
396 781 18 27 ej
429 781 68 21 under
511 781 72 21 femtio
599 780 60 22 mark
674 780 52 22 eller
738 780 95 27 fängelse

78 817 8 21 i
100 816 63 27 högst
178 817 31 20 ett
223 815 31 21 år.

148 850 28 21 10
190 850 20 26 8.
240 850 45 21 Har
299 850 76 26 någon,
388 850 8 21 i
408 850 64 26 afsigt
484 851 31 20 att
530 849 146 22 åstadkomma
688 849 46 21 fara
749 848 33 22 för
796 856 37 14 an-

78 890 54 16 nans
146 883 26 22 lif
186 884 51 22 eller
251 884 66 25 helsa,
333 884 135 27 uppsåtligen
482 883 90 23 förstört
587 884 52 21 eller
653 884 77 21 skadat
739 883 93 27 ångpan-

78 926 35 19 na,
129 918 130 28 ångmaskin,
274 918 116 27 inrättning
404 918 34 22 för
452 918 120 22 beredande
587 918 23 22 af
623 918 77 27 lysgas,
715 918 51 21 krut
781 918 52 22 eller

78 952 104 23 likartadt
200 954 68 25 ämne,
287 953 74 27 grufva
380 952 52 22 eller
452 952 70 22 dertill
537 953 94 21 hörande
647 953 57 27 verk,
719 959 48 21 gas-
782 953 52 21 eller

78 987 165 27 vattenledning,
266 986 61 27 sluss,
349 987 48 21 dam
420 987 53 22 eller
491 994 69 15 annan
574 988 66 21 sådan
654 987 178 28 vattenbyggnad,

77 1021 75 27 farled,
168 1021 71 27 hamn,
254 1022 87 26 brygga,
360 1022 46 26 bro,
421 1021 61 28 färja,
500 1024 40 25 väg
555 1022 51 21 eller
620 1023 56 26 gata,
692 1022 51 21 eller
758 1022 75 21 sådant

78 1055 94 28 stängsel
194 1055 52 22 eller
268 1055 80 27 märke,
370 1062 46 15 som
435 1058 24 19 är
478 1057 68 20 utsatt
561 1056 33 21 till
608 1056 122 27 afvärjande
746 1057 23 21 af
782 1057 51 21 eller

78 1090 89 26 varning
182 1089 33 22 för
229 1089 46 22 fara
290 1089 32 22 till
336 1090 71 26 lands;
422 1089 84 22 straffes
520 1089 50 22 med
584 1090 93 27 fängelse
693 1090 17 27 ej
722 1091 67 21 under
796 1091 36 21 två

78 1123 102 23 månader
194 1123 51 22 eller
259 1124 89 22 tukthus
363 1125 7 20 i
384 1124 64 27 högst
462 1124 46 27 fyra
523 1125 31 21 år.
578 1123 79 28 Gjorde
672 1125 42 21 han
731 1125 36 20 det
782 1126 51 20 utan

78 1158 66 22 sådan
159 1158 73 28 afsigt;
248 1159 72 21 dömes
334 1159 33 21 till
382 1158 94 28 fängelse
492 1159 6 21 i
514 1159 62 27 högst
590 1159 36 21 två
640 1159 24 21 år
679 1159 52 22 eller
741 1159 62 21 böter
813 1159 19 27 ej

78 1193 69 21 under
164 1192 115 23 etthundra
293 1194 67 20 mark.

146 1226 82 22 Försök
243 1229 25 19 är
282 1227 118 22 straffbart.

147 1261 43 21 För
204 1261 99 22 vållande
319 1262 32 21 till
366 1262 66 21 sådan
450 1262 72 26 skada,
537 1268 46 16 som
598 1261 38 23 här
651 1264 24 20 är
692 1262 81 26 nämnd,
784 1268 48 15 vare

76 1295 86 22 straffet
177 1295 61 22 böter
252 1296 19 27 ej
287 1296 67 21 under
368 1297 74 21 trettio
458 1296 60 22 mark
532 1296 53 22 eller
600 1296 112 27 fängelse
706 1291 12 36 i
724 1297 62 26 högst
795 1302 38 16 sex

77 1329 107 21 månader.

147 1363 25 20 11
189 1362 18 27 $.
237 1362 53 27 Den,
306 1369 45 16 som
366 1363 133 27 uppsåtligen
514 1363 13 21 å
538 1363 89 27 jernväg
642 1364 52 21 eller
709 1364 71 21 dertill
795 1364 37 21 hö-

76 1396 67 22 rande
156 1396 231 27 fortskaffningsmedel
406 1397 53 22 eller
476 1397 106 26 tillbehör,
599 1397 51 22 eller
664 1398 14 21 å
692 1398 74 21 kanal-
781 1398 51 22 eller

76 1431 107 22 slussverk
197 1431 52 22 eller
264 1431 55 22 hvad
335 1431 70 22 dertill
420 1432 46 27 hör,
482 1434 38 25 gör
535 1431 66 22 sådan
614 1432 107 28 handling,
732 1439 46 16 som
788 1432 44 22 för-
