1017 1709
183 148 27 21 62

538 210 48 26 $2

365 248 60 28 Vilja
441 248 121 22 bekännare
581 248 30 28 af
621 248 138 28 såbeskaffad
771 251 123 25 protestan-

291 282 42 21 tisk
356 283 102 26 troslära,
480 289 44 14 som
547 283 7 20 i
576 282 15 28 $
608 284 12 19 1
635 284 93 24 nämnes,
745 282 41 21 här
802 283 7 19 i
825 282 73 21 landet

293 317 59 20 bilda
375 316 177 28 kyrkosamfund,
574 316 78 21 ansöke
675 317 37 20 hos
735 316 104 29 Kejsaren
860 316 38 21 och

292 350 138 27 Storfursten
445 358 32 14 om
486 351 101 21 tillstånd
596 351 74 21 dertill
678 351 39 20 och
727 351 92 21 inlemne
827 351 73 21 tillika

290 384 125 29 skriftligen
437 385 96 27 afattad
555 385 132 28 redogörelse
705 385 41 27 för
768 386 34 20 sin
820 385 81 22 trosbe-

291 419 101 22 kännelse
414 419 37 22 och
474 419 100 29 kyrkliga
595 420 210 28 samfundsordning
824 420 76 27 äfven-

290 461 51 19 som,
365 454 37 21 der
424 455 25 20 de
466 454 64 27 förut
553 454 83 21 tillhört
659 455 240 27 evangelisk-lutherska

291 489 91 27 kyrkan,
410 489 56 20 bevis
482 489 58 24 öfver
554 490 71 20 sådan
647 489 103 21 anmälan
766 496 32 14 om
814 490 87 21 utträde

290 523 74 26 derur,
384 530 44 14 som
450 524 8 19 i
472 524 15 27 $
502 525 14 19 7
531 526 98 23 nämnes;
644 523 100 28 uppgifve
760 523 37 22 ock
811 524 41 21 den
867 526 34 19 ort

292 557 52 20 eller
366 557 25 20 de
406 559 64 24 orter,
486 557 84 22 hvarest
586 557 25 21 de
626 557 67 21 önska
708 558 85 21 inrätta
803 557 97 28 försam-

292 591 51 28 ling.
367 591 108 28 Befinnes,
486 594 31 19 att
520 592 150 27 förenämnda
680 592 172 21 trosbekännelse
861 592 39 21 och

290 625 212 29 samfundsordning
516 626 45 21 icke
576 625 110 22 innehålla
702 627 72 27 något,
791 633 44 15 som
846 629 54 19 emot

290 661 37 27 lag
343 660 37 21 och
396 660 105 28 sedlighet
515 661 87 23 strider,
617 660 37 21 och
670 663 32 19 att
716 661 133 21 sökandenes
860 661 39 27 få-

290 695 91 27 talighet
404 695 50 21 eller
473 696 127 27 personliga
627 695 144 28 beskaffenhet
796 696 44 21 icke
862 703 39 20 ger

291 730 119 27 anledning
432 732 32 19 att
487 731 84 27 betvifla
587 730 135 27 möjligheten
743 730 30 27 af
784 731 36 20 det
834 731 66 21 tiller-

293 764 56 21 nade
364 764 202 28 kyrkosamfundets
582 765 200 27 upprätthållande,
800 765 38 21 och
850 773 47 13 var-

290 799 38 20 der
344 799 147 27 ansökningen
507 799 96 27 bifallen,
620 806 35 20 ege
670 799 122 22 sökandene
807 802 45 19 rätt
860 803 40 24 att,

294 833 7 20 i
316 833 91 27 enlighet
417 834 47 20 med
480 834 25 20 de
520 833 69 22 vilkor
606 833 38 22 och
655 833 168 29 bestämningar,
833 834 63 22 hvar-

292 867 68 21 under
370 868 236 27 samfundsordningen
616 868 121 26 faststälts,
754 868 59 21 bilda
821 869 77 28 kyrko-

289 901 105 28 samfund
416 901 37 22 och
472 903 83 20 inrätta
573 902 141 28 församling.
750 898 71 26 Önska
845 904 55 20 med-

291 937 88 20 lemmar
396 936 30 27 af
440 937 93 20 sålunda
553 937 79 20 tillåtet
647 936 171 28 kyrkosamfund
838 937 59 22 bilda

291 978 27 20 ny
327 970 141 28 församling,
479 971 76 28 begäre
570 971 37 20 ock
622 971 74 21 dertill
711 972 107 21 tillstånd.
850 972 46 21 Om-

287 1005 114 28 Jörmälda
417 1005 148 29 ansökningar
576 1005 92 28 pröfvas
676 1005 56 28 efter
739 1006 158 22 vederbörande

290 1040 158 28 myndigheters
463 1040 95 22 hörande
574 1041 28 26 af
612 1040 101 22 Senaten.

570 1103 15 28 $
600 1105 20 19 3.

358 1143 83 28 Hvarje
455 1143 70 21 sådan
536 1144 46 20 med
592 1143 143 28 vederbörligt
746 1144 101 21 tillstånd
858 1144 41 21 bil-

289 1177 44 21 dad
343 1177 133 28 församling
484 1184 57 19 vare
553 1177 81 28 pligtig
650 1180 32 18 att
697 1177 60 21 kalla
769 1181 62 24 prest
846 1179 52 20 eller

290 1211 78 27 lärare,
383 1218 44 14 som
443 1211 37 22 bör
490 1219 52 14 vara
553 1211 130 28 välfrejdad,
688 1211 62 28 finsk
757 1212 139 27 medborgare

290 1246 37 19 och
350 1246 116 26 innehafva
488 1246 33 19 det
544 1247 53 18 mått
619 1245 29 26 af
660 1245 99 26 bildning
775 1253 44 13 som
834 1253 63 14 anses

286 1278 40 27 för
342 1278 150 27 befattningen
506 1279 146 26 erforderligt,
668 1278 38 22 och
720 1279 59 20 skall
788 1279 56 21 valet
854 1286 39 14 un-

290 1312 115 21 derställas
430 1312 101 21 Senatens
552 1312 165 27 godkännande.
754 1312 75 22 Sådan
847 1313 49 27 för-

288 1346 93 27 samling
397 1353 49 14 vare
462 1346 105 21 dessutom
574 1347 82 27 pligtig
666 1349 33 19 att
708 1347 71 21 såsom
786 1347 110 27 förestån-

288 1381 52 21 dare
346 1381 42 27 för
403 1381 81 21 vården
498 1387 33 14 om
546 1381 47 20 dess
608 1381 180 28 angelägenheter
802 1383 96 20 anställa

288 1415 74 21 dertill
378 1415 90 28 lämplig
479 1422 86 20 person,
582 1415 91 27 hvilken,
689 1418 104 25 antingen
809 1417 88 21 läraren
