1014 1709
291 131 65 25 Sänd
371 132 74 27 Ms
458 134 55 29 Prop
528 134 64 24 kart
747 136 39 21 111

131 198 47 28 58
208 199 124 28 Uppmanar
346 199 55 23 finsk.
415 200 123 28 men;-eller
552 201 50 27 rysk
616 208 55 20 man,
687 207 45 16 som
746 202 7 21 i
768 202 49 21 Fin-

61 229 150 43 landmöiptes,
234 229 124 43 främmande
368 249 5 13 ;
386 229 62 43 megt.
461 236 39 25 at:
519 229 60 43 med»
583 235 232 27 krig-.anfalla
744 229 74 43 riket;

61 266 85 22 straffes
167 266 34 22 för
220 267 67 21 sådan
306 268 113 29 stämpling
427 268 158 27 medstukthus
599 269 47 22 från
662 270 40 21 och
716 270 48 21 med
779 270 37 21 två

60 300 34 22 till
109 300 40 22 och
164 301 48 21 med
227 301 45 22 åtta
287 301 30 27 år,
332 308 55 21 men,
402 308 34 16 om
451 302 48 28 krig
513 303 7 21 i
534 303 53 28 följd
602 303 61 22 deraf
669 304 103 27 utbryter,
782 304 34 21 för

59 334 168 24 landsförräderi
248 336 49 22 med
319 336 88 23 tukthus
426 336 47 24 från
493 338 39 22 och
549 338 49 22 med
613 344 37 16 sex
664 338 34 22 till
712 337 41 23 och
767 338 48 22 med

60 367 42 25 tolf
114 370 32 22 år.
393 371 2 2 :
811 381 3 2 ;

129 410 14 22 6
157 410 19 28 8.
205 410 68 29 Tager
287 412 71 26 någon
372 411 63 29 gäfva
450 412 23 22 af
481 412 132 22 främmande
621 414 66 26 magt,
698 414 32 21 att
739 412 76 28 främja

60 446 49 22 dess
123 441 72 27 fördel
209 447 57 21 emot
280 446 90 22 Finland
386 445 53 23 eller
457 447 114 27 Ryssland;
596 447 84 23 straffes
694 448 48 22 med
757 448 58 26 tukt-

58 480 41 22 hus
114 480 7 22 i
137 480 63 27 högst
214 486 37 16 sex
266 480 31 22 är.

127 520 83 28 Gäfvan
225 520 52 22 eller
292 521 49 21 dess
356 521 65 22 värde
435 528 50 15 vare
503 522 117 22 förbruten.

127 560 13 22 7
155 560 18 28 8.
203 560 45 24 Har
263 560 48 27 den,
327 568 45 14 som
387 563 24 24 är
426 562 90 22 betrodd
535 564 32 24 att
581 564 50 23 veta
645 562 80 28 hemlig
739 562 75 22 under-

58 594 102 28 handling
182 594 54 22 eller
254 594 88 28 hemligt
360 595 87 28 rädslag
461 596 53 22 eller.
533 596 70 22 beslut
617 596 7 22 i
640 596 86 27 ärende,
740 596 76 23 hvaraf

57 629 102 23 Finlands.
173 629 53 25 eller
244 629 117 28 Rysslands
380 631 45 21 rätt
439 630 52 22 eller
505 630 100 22 säkerhet
619 630 69 28 beror,
704 631 110 27 uppenba-

57 659 35 37 rat
97 663 219 28 underhandlingen,
336 664 108 28 rädslaget
466 665 51 22 eller
536 666 99 26 beslutet,
651 665 53 22 eller
718 667 52 21 utan
784 666 32 21 lof

56 698 87 27 utgifvit
157 698 53 25 eller
224 698 102 27 kungjort
339 698 102 28 handling
456 700 7 21 i
478 699 76 23 sådant
563 700 89 26 ärende;
668 699 85 24 straffes
765 700 49 25 med

56 732 89 22 tukthus
160 732 47 22 frän
222 732 40 22 och
276 732 49 22 med
340 732 35 22 tvä
389 733 34 21 till
438 733 39 22 och
492 734 49 21 med
555 734 30 21 tio
601 734 30 21 är.
661 729 44 27 Äro
721 736 93 20 omstän-

57 766 127 28 digheterna
198 766 133 28 synnerligen
340 766 129 28 mildrande;
485 774 49 15 vare
545 767 83 23 straffet
635 767 107 27 tukthus
731 762 13 37 i
752 768 62 27 högst

56 801 37 22 två
108 801 30 23 är.
159 825 3 2 .

125 841 83 23 Försök
222 843 25 21 är
262 840 118 23 straffbart.

125 882 46 22 Har
186 882 205 27 underhandlingen,
413 882 114 28 rådslaget,
542 882 93 22 beslutet
649 882 53 22 eller
716 883 96 22 handlin-

56 924 41 20 gen
119 917 71 22 blifvit
211 917 81 27 kunnig
313 916 35 22 för
369 922 71 16 annan
460 923 84 21 person,
563 917 53 22 eller
629 917 41 22 har
683 917 130 28 handlingeå

56 952 90 22 kommit
160 952 8 21 i
183 952 79 21 dennes
277 951 63 26 hand,
356 951 40 21 och
410 951 142 27 uppenbarar,
567 952 91 26 utgifver
668 951 54 23 eller
730 951 83 28 kungör

56 987 43 21 han
121 986 134 28 uppsåtligen
276 986 66 27 något
362 985 67 28 deraf,
450 986 67 22 ehuru
539 986 42 22 han
595 988 36 20 vet
645 988 32 20 att
693 987 66 22 saken
774 986 39 22 bör

56 1020 68 22 hållas
139 1021 89 27 hemlig;
243 1020 84 22 straffes
342 1020 49 22 med
407 1020 93 28 fängelse
515 1021 20 27 ej
550 1021 67 21 under
632 1022 32 20 ett
678 1020 24 22 år
712 1021 52 22 eller
774 1021 38 22 bö-

56 1056 33 21 ter
103 1056 65 21 minst
182 1055 121 21 tvåhundra
319 1055 68 21 mark.

125 1089 13 21 8
154 1089 18 28 8.
201 1089 129 27 Förfalskar,
346 1089 85 27 förstör,
447 1090 84 26 skadar,
546 1089 152 23 undanskaffar
713 1090 53 21 eller
773 1096 38 15 un-

55 1124 111 22 danhåller
186 1124 70 27 någon
278 1124 134 27 uppsåtligen
431 1124 107 28 handling,
558 1130 46 16 som
623 1124 115 22 innefattar
752 1124 59 22 bevis

54 1159 34 21 för
103 1158 101 23 Finlands
219 1158 52 22 eller
285 1158 117 28 Rysslands
417 1160 43 20 rätt
475 1159 52 21 eller
541 1158 107 27 säkerhet,
664 1158 40 22 och
718 1160 36 20 vet
768 1155 42 25 han

54 1193 142 27 handlingens
210 1194 53 26 vigt;
283 1192 83 22 straffes
382 1192 49 22 med
446 1193 87 22 tukthus
548 1192 48 22 från
611 1192 39 22 och
666 1192 48 22 med
728 1193 37 21 två
778 1193 33 21 till

55 1228 40 22 och
110 1228 50 22 med
175 1228 31 21 tio
221 1228 29 22 år.

123 1262 84 22 Försök
222 1264 24 20 är
260 1262 118 22 straffbart.

124 1297 14 21 9
153 1296 18 28 8.
201 1297 53 26 Den,
270 1303 46 15 som
335 1296 57 27 gjort
411 1296 32 28 sig
458 1296 83 28 skyldig
560 1296 33 22 till
607 1295 63 23 straff
682 1296 55 22 efter
752 1296 59 21 detta

55 1332 89 25 kapitel,
159 1331 54 21 skall
229 1331 45 25 ock,
289 1333 40 18 när
343 1331 92 20 brottets
450 1330 146 21 beskaffenhet
604 1330 71 21 dertill
682 1330 128 25 föranleder,

57 1365 73 20 dömas
144 1364 98 26 förlustig
256 1362 172 28 medborgerligt
436 1363 129 22 förtroende.
