1009 1706
313 131 21 19 U.
347 131 23 19 B.
384 142 18 3 —
415 132 61 24 Prop.
488 132 34 20 N:o
535 133 15 19 1.
757 134 23 18 35

60 188 46 20 dant
120 189 121 21 förhållande
255 190 93 20 tillmätas
363 192 23 19 de
402 192 130 26 olägenheter,
548 199 40 13 som
602 192 34 20 vid
651 192 150 26 verkställighe-
814 192 44 22 Stf.
872 192 9 16 7
892 192 44 22 Kap.

60 226 31 17 ten.
110 224 64 20 skulle
192 225 77 25 uppstå,
286 228 46 17 enär
350 226 33 20 två
400 233 68 18 genom
483 227 65 19 skilda
562 227 65 25 utslag
642 228 80 19 ådömda
737 228 63 19 bötes-

58 258 78 26 belopp,
155 264 47 14 vore
220 259 24 19 de
263 262 23 16 än
306 259 50 20 huru
373 260 56 25 ringa
447 268 40 12 som
505 260 57 24 helst,
580 261 44 19 icke
643 261 63 19 kunde
725 263 77 23 uttagas

58 294 47 17 utan
120 292 119 26 föregången
255 293 114 20 hemställan
384 294 36 20 hos
434 294 80 20 Hofrätt
528 295 62 25 enligt
605 294 11 19 7
630 295 9 25 &
651 295 7 19 i
668 295 134 25 lagförslaget.

126 326 30 20 De
172 327 110 25 ändringar,
298 327 69 21 hvilka
385 328 103 20 Utskottet
501 329 81 20 sålunda
596 329 8 19 i
618 329 90 19 afseende
724 330 11 18 &
750 330 51 19 stad-

58 361 88 25 gandena
169 368 30 13 om
219 362 199 20 brottkonkurrensen
436 364 64 18 funnit
518 364 76 25 nödiga,
613 363 59 19 hafva
690 364 71 19 verkat
779 370 22 13 en

58 395 62 20 delvis
135 396 104 19 förändrad
254 396 134 26 uppställning
402 397 35 19 och
452 398 126 25 formulering
588 398 22 19 af
618 398 82 19 berörda
710 398 91 26 stadgan-

58 429 42 25 den,
116 429 7 20 i
138 430 32 19 det
185 431 29 18 att
229 430 102 20 Utskottet
346 431 100 25 upptagit:

125 464 7 19 i
157 464 8 19 1
191 464 13 25 &
225 464 51 19 huru
298 465 57 19 straff
375 465 30 20 för
427 465 60 20 ideelt
505 465 157 20 konkurrerande
681 467 53 18 brott
750 465 52 20 skall

57 498 87 25 ådömas;

124 532 7 19 i
142 533 12 19 2
165 533 13 25 8
188 532 52 20 hvad
249 533 45 19 nåd.
304 539 56 20 prop.
368 534 28 19 uti
405 534 11 19 3
426 535 12 25 8
447 534 96 20 innhåller
550 541 30 12 om
592 541 15 12 s.
620 534 20 19 k.
650 534 79 20 fortsatt
739 535 62 24 brott;

124 567 7 18 i
152 567 11 19 3
183 567 13 26 &
215 567 37 20 den
270 567 31 20 för
319 568 40 19 reel
374 568 122 20 konkurrens
511 569 89 25 gällande
616 569 96 19 allmänna
727 569 74 26 regeln,

56 603 29 17 att
100 601 56 20 straff
170 601 52 20 skall
236 604 84 17 utsättas
335 602 61 19 skildt
411 603 30 19 för
456 603 68 25 hvarje
534 603 62 25 brott;

125 636 6 19 i
155 636 19 24 4,
194 636 11 19 5
225 636 36 20 och
281 637 11 19 6
311 637 27 26 $$
354 637 204 26 detaljbestämmelser
574 644 29 13 om
618 638 40 19 reel
674 637 127 25 konkurrens,

56 670 96 26 nemligen
172 671 6 19 i
198 671 12 18 4
229 671 12 26 &
260 671 98 25 angående
374 671 32 19 det
421 672 42 24 fall,
479 672 23 19 dä
518 672 35 19 den
568 672 91 25 skyldige
674 675 22 16 är
710 671 90 20 förfallen

56 705 31 19 till
110 705 104 20 dödsstraff
234 705 49 20 eller
305 705 81 20 tukthus
408 706 26 25 pä
450 706 62 19 lifstid
530 706 35 19 och
584 706 92 25 derjemte
694 706 31 19 till
743 709 59 16 annat

56 739 60 25 straff,
139 739 3 19 i
164 739 11 19 5
194 739 13 26 &
226 739 98 26 angående
343 740 179 25 sammanläggning
540 741 22 18 af
578 740 127 19 frihetsstraff
721 740 25 25 pä
760 740 40 19 viss

56 773 28 20 tid
102 773 43 20 med
163 776 59 17 annat
240 774 128 20 frihetsstraff
381 774 49 20 eller
444 775 61 25 böter,
521 777 49 17 samt
584 775 7 19 i
613 775 5 18 6
634 775 13 25 &
663 781 29 13 om
708 781 92 13 samman-

56 808 94 25 läggning
168 808 22 19 af
207 808 55 19 böter
280 808 42 20 med
338 809 66 24 böter;
431 809 100 20 hvarefter

123 843 7 19 i
146 842 10 19 7
173 842 13 26 8
202 843 96 19 meddelas
314 849 23 13 en
353 843 30 20 för
397 843 28 20 all
440 843 121 20 konkurrens
576 849 109 19 gemensam
700 843 101 20 föreskrift

56 883 30 13 om
100 876 50 20 huru
166 877 108 25 afsättning
288 884 24 12 m.
328 877 19 19 fl.
364 877 58 20 andra
437 878 97 25 påföljder
549 877 56 20 skola
615 877 83 20 ådömas.

122 911 64 20 Dessa
205 910 31 28 $$.
255 912 6 18 i
278 911 112 20 Utskottets
405 912 75 25 förslag
494 914 99 17 motsvara
608 912 81 19 sålunda
705 911 53 20 1—6
774 911 26 27 $$

55 946 6 18 i
76 945 44 20 nåd.
136 952 54 19 prop.

122 978 44 28 78.
190 980 44 26 (88
248 980 6 19 i
270 980 58 19 Utsk.
344 980 62 26 försl.)
422 980 39 20 Det
475 980 71 26 tillägg
561 980 101 20 Utskottet
670 980 61 19 infört
740 980 61 19 under

55 1014 62 19 denna
132 1014 13 26 &
160 1017 22 16 är
197 1014 102 25 påkalladt
314 1014 21 20 af
349 1014 111 20 Utskottets
476 1015 58 19 ofvan
549 1014 126 20 omförmälda
689 1014 82 25 ändring
780 1014 22 19 af

54 1048 44 20 nåd.
121 1055 65 19 props.
207 1048 106 26 stadgande
332 1055 30 13 om
377 1049 179 25 sammanläggning
571 1049 22 19 af
606 1048 48 20 flera
667 1048 133 26 bötesbelopp.

350 1130 18 21 8
382 1129 121 27 Kapitlet.

122 1185 10 21 1
156 1185 18 29 8.
203 1186 10 19 I
240 1187 200 20 öfverensstämmelse
462 1188 43 19 med
527 1187 132 25 vetenskapen
682 1187 36 19 och
739 1193 61 19 nyare

54 1220 113 26 strafflagar
182 1220 36 20 bar
233 1220 128 26 lagförslaget
376 1221 30 19 för
421 1224 40 17 rätt
476 1224 27 17 att
520 1221 52 20 åtala
586 1222 53 19 brott
652 1222 85 18 bestämt
746 1222 54 19 olika

54 1255 194 25 preskriptionstider
269 1256 50 18 efter
336 1256 87 19 brottens
444 1256 79 24 storlek,
542 1256 82 19 bedömd
644 1255 49 19 efter
708 1256 32 19 det
755 1256 44 19 svå-

53 1291 52 17 raste
128 1289 61 25 straff,
212 1296 40 12 som
270 1290 12 18 &
300 1290 42 18 dem
361 1290 38 19 kan
418 1290 54 25 följa.
501 1290 69 24 Någon
588 1289 172 26 preskriptionstid
778 1293 22 16 är

54 1323 48 20 dock
121 1323 44 20 icke
180 1325 62 17 utsatt
255 1324 31 18 för
300 1324 60 24 brott,
376 1330 40 13 som
431 1327 33 16 äro
479 1324 83 24 belagda
576 1324 43 19 med
634 1324 105 18 dödsstraff
752 1324 48 18 eller

53 1356 81 20 tukthus
152 1356 25 26 på
196 1356 70 26 lifstid,
284 1356 77 20 hvadan
381 1357 55 19 dessa
454 1358 53 18 brott
526 1357 50 19 efter
590 1356 50 20 huru
654 1356 47 26 lång
715 1357 29 19 tid
759 1363 40 13 som

54 1390 52 19 helst
123 1390 65 19 kunna
207 1390 77 19 komma
302 1390 61 19 under
381 1390 46 20 åtal.
456 1390 57 19 Emot
531 1390 80 20 anförda
628 1390 118 25 stadganden
765 1390 35 19 har

53 1424 102 20 Utskottet
180 1424 43 20 icke
248 1424 60 25 något
332 1426 59 18 annat
415 1426 29 18 att
468 1424 98 26 anmärka,
590 1427 24 17 än
640 1426 28 18 att
694 1425 36 19 den
756 1424 7 20 i
786 1424 12 20 3

121 1457 179 24 Straflagsutskottets
310 1458 104 17 betänkande
426 1458 34 17 N:o
473 1459 15 16 1.
