1048 1709
181 147 27 21 10

365 146 70 23 Ständ.
449 147 32 21 Sv.
496 154 28 9 —
540 148 58 26 Prop.
614 147 34 22 N:o
663 147 31 21 10.

287 216 42 13 men
343 209 40 20 icke
398 209 77 20 tillhöra
490 209 36 19 den
536 210 212 24 evangelisk-lutherska
757 210 81 24 kyrkan,
849 210 55 20 skola

288 243 115 25 hädanefter
422 249 34 18 ega
475 244 91 24 rättighet
586 245 29 19 att
633 244 65 20 såsom
716 244 188 25 dissenter-försam-

288 277 63 25 lingar
373 277 93 25 offentligt
486 278 68 24 utöfva
576 278 30 20 sin
628 278 78 24 religion
726 278 62 20 under
806 278 22 20 äe
842 279 64 20 vilkor

288 311 33 20 och
336 312 9 19 i
357 312 36 19 den
409 312 86 24 ordning,
511 318 41 14 som
566 312 61 20 nedan
643 312 86 25 stadgas.

570 370 14 26 $
599 370 21 20 2.

361 414 51 25 Vilja
434 416 108 19 bekännare
563 416 26 24 af
608 416 24 19 så
650 415 100 25 beskaffad
765 416 141 25 protestantisk

288 449 95 23 troslära,
400 456 41 13 som
456 450 8 20 i
477 450 15 25 $
507 450 10 19 1
532 451 84 24 nämnes,
632 450 38 20 här
683 451 8 19 i
702 450 64 20 landet
775 450 53 20 bilda
837 450 68 25 kyrko-

288 483 99 24 samfund,
411 484 69 20 ansöke
501 484 36 20 hos
558 485 96 24 Kejsaren
677 485 35 21 och
733 484 122 25 Storfursten
874 491 31 13 om

289 518 88 20 tillstånd
392 519 65 20 dertill
474 520 33 19 och
523 520 81 19 inlemne
619 520 62 19 tillika
696 520 110 24 skriftligen
820 520 86 24 affattad

288 552 119 25 redogörelse
429 554 33 24 för
484 554 30 20 sin
537 554 151 20 trosbekännelse
704 554 32 20 och
751 554 88 24 kyrkliga
853 560 53 14 sam-

287 587 144 26 fundsordning
449 589 105 24 äfvensom,
574 588 35 20 der
630 589 22 19 de
669 589 55 24 förut
742 589 74 20 tillhört
830 595 76 19 evange-

288 622 145 21 lisk-lutherska
455 624 81 25 kyrkan,
558 623 50 20 bevis
630 630 31 12 om
682 624 63 19 sådan
767 623 91 20 anmälan
876 628 31 14 om

288 658 77 20 utträde
387 658 64 23 derur,
473 664 41 13 som
532 658 8 19 i
558 658 15 26 $
588 658 14 18 7
615 658 89 24 nämnes;
718 658 91 24 uppgifve
823 657 34 19 ock
871 657 37 19 den

289 695 32 17 ort
342 692 46 20 eller
410 692 22 20 de
452 694 58 22 orter,
526 693 78 19 hvarest
619 692 23 20 de
656 692 60 20 önska
730 693 75 19 inrätta
819 692 87 24 försam-

289 728 45 24 ling.
367 726 94 24 Befinnas
486 727 115 24 förenämda
624 727 152 19 trosbekännelse
799 726 33 21 och
854 732 52 14 sam-

289 761 142 25 fundsordning
448 762 39 18 icke
506 762 96 19 innehålla
618 762 64 23 något,
701 768 41 13 som
761 763 50 18 emot
828 761 31 24 lag
874 760 34 20 och

290 796 91 25 sedlighet
402 796 77 25 strider,
503 796 59 20 varde
584 796 127 24 ansökningen
734 796 80 24 bifallen
828 795 33 21 och
876 801 31 18 ege

289 831 106 19 sökandene
415 831 41 18 rätt
473 832 34 21 att,
527 831 8 18 i
552 831 80 24 enlighet
652 830 42 19 med
712 830 22 19 de
749 830 63 19 vilkor
827 830 33 19 och
875 830 29 18 be-

289 866 125 24 stämningar,
438 865 109 19 hvarunder
569 864 206 26 samfundsordningen
796 866 106 24 faststälts,

290 900 53 19 bilda
364 899 153 25 kyrkosamfund
539 900 33 18 och
592 899 74 19 inrätta
688 899 120 26 församling.
838 896 65 24 Önska

291 934 124 19 medlemmar
430 933 27 25 af
467 934 83 19 sålunda
566 934 69 19 tillåtet
648 934 152 24 kyrkosamfund
816 935 52 19 bilda
882 941 26 18 ny

289 968 121 24 församling,
431 969 69 25 begäre
520 968 33 19 ock
568 969 65 19 dertill
648 968 93 20 tillstånd.
770 969 138 24 Omförmälda

290 1003 129 24 ansökningar
431 1003 84 24 pröfvas
532 1003 25 24 af
568 1002 87 20 Senaten.

574 1060 13 26 $
603 1060 19 19 3.

358 1105 77 23 Hvarje
453 1105 62 20 sådan
534 1106 42 18 med
592 1105 127 24 vederbörligt
739 1105 87 19 tillstånd
841 1105 67 19 bildad

289 1140 116 24 församling
423 1146 47 13 vare
487 1140 109 24 berättigad
613 1141 29 18 att
660 1139 49 25 sjelf
725 1139 53 19 kalla
790 1140 56 24 prest
862 1140 46 18 eller

290 1174 72 22 lärare,
379 1180 41 13 som
435 1174 34 19 bör
484 1180 50 13 vara
548 1174 118 24 välfrejdad,
682 1180 42 13 men
740 1174 76 19 anmäle
830 1174 34 19 sitt
874 1174 34 19 val

289 1208 35 20 hos
339 1208 86 20 Senaten.
453 1208 68 21 Sådan
536 1208 115 24 församling
666 1214 46 13 vare
727 1208 98 20 dessutom
836 1208 72 26 pligtig

290 1243 29 18 att
340 1242 65 18 såsom
427 1242 137 23 föreståndare
586 1242 33 23 för
637 1242 74 19 vården
726 1248 31 13 om
772 1242 44 18 dess
830 1242 77 23 angelä-

289 1276 88 24 genheter
399 1276 84 18 anställa
507 1275 65 19 dertill
594 1276 78 23 lämplig
683 1281 79 18 person,
778 1275 79 23 hvilken,
874 1282 33 12 an-

290 1310 62 24 tingen
375 1309 78 19 läraren
475 1310 46 19 eller
544 1315 64 14 annan
626 1315 72 19 person
720 1309 66 20 dertill
800 1310 57 23 utses,
873 1309 35 19 bör

289 1350 51 14 vara
354 1343 51 24 finsk
419 1344 124 24 medborgare
558 1344 33 20 och
606 1344 102 24 innehafva
724 1344 36 20 den
774 1343 90 25 bildning,
878 1345 30 18 att

292 1380 61 18 länets
369 1378 106 24 Guvernör,
491 1385 43 13 som
549 1385 30 13 om
594 1379 51 19 valet
658 1380 67 23 genast
740 1379 34 19 bör
788 1378 74 20 erhålla
872 1385 34 13 un-

291 1413 119 23 derrättelse,
425 1413 39 19 kan
479 1413 67 20 honom
561 1414 8 19 i
583 1413 63 20 sådan
661 1413 94 25 egenskap
769 1413 109 25 godkänna.

359 1448 78 20 Förrän
455 1448 52 20 valet
525 1448 83 20 sålunda
625 1448 100 24 godkänts,
746 1454 31 19 ege
794 1448 112 25 församlin-
