1006 1709
226 149 22 18 10
460 150 25 18 U.
495 149 22 19 B.
530 160 20 2 —
562 149 61 23 Prop.
635 149 36 18 N:o
682 150 17 18 1.

68 206 45 20 Strf.
131 206 5 17 2
146 207 44 21 Kap.
204 207 36 25 ligt
253 207 54 19 mord
318 210 22 16 är
350 207 101 25 päkalladt
462 208 47 19 eller
520 208 23 25 ej,
555 214 24 13 en
589 207 96 25 pröfning,
696 207 81 19 hvilken
787 207 112 25 lämpligast
908 207 37 19 kan

204 248 36 19 ega
254 248 41 13 rum
308 242 7 19 i
326 242 137 25 sammanhang
473 242 41 20 med
525 242 142 26 granskningen
679 242 21 20 af
711 241 103 26 förslagets
826 241 24 21 21
864 241 81 26 kapitel.

272 271 69 31 Öfriga
356 276 96 20 allmänna
466 277 107 20 straffarter
590 277 61 24 enligt
664 277 9 18 1
685 277 14 26 8
709 279 34 17 äro
754 275 89 26 tukthus,
853 275 93 28 fängelse

204 311 36 19 och
258 309 62 22 böter.
350 310 72 20 Genom
437 313 29 18 att
480 311 7 19 i
503 311 86 26 enlighet
603 311 42 19 med
661 310 230 26 Granskningskomiténs
907 311 38 20 för-

204 345 44 26 slag
262 345 96 20 utelemna
374 345 166 27 ,arreststraffet”,
555 345 76 20 hvilket
647 345 61 26 enligt
723 345 23 20 de
761 345 34 20 vid
808 345 137 20 1863—1864

204 381 32 18 års
258 380 92 25 landtdag
372 383 83 22 antagna
477 380 95 19 allmänna
590 380 109 25 grunderna
718 380 29 19 för
766 387 26 18 ny
810 381 136 25 brottmälslag

204 414 64 19 skulle
283 417 69 22 utgöra
367 414 32 19 det
413 414 112 25 lindrigaste
541 414 149 25 frihetsstraffet,
703 414 36 19 har
751 415 69 24 nädiga
831 415 114 24 propositio-

204 454 36 13 nen
260 448 81 19 sälunda
360 448 101 19 inskränkt
481 448 147 19 frihetsstraffen
648 448 30 19 till
697 449 34 19 tvä
750 448 35 19 och
803 449 64 18 deruti
885 449 61 25 enligt

204 482 112 19 Utskottets
335 482 58 19 tanke
413 483 77 18 förfarit
507 483 76 25 riktigt,
603 485 45 16 enär
663 483 137 25 utvecklingen
815 483 130 20 öfverhufvud

204 517 36 24 går
255 517 7 18 i
276 517 111 25 riktningen
403 519 28 16 att
446 517 105 19 förminska
567 516 138 20 straffimedlens
721 517 59 25 antal,
796 517 35 19 och
845 517 100 26 svärighe-

205 555 31 15 ten
256 553 28 17 att
300 551 92 19 fasthälla
408 551 144 28 ätskilnaderna
568 551 80 20 emellan
663 551 138 20 frihetstraffen
817 551 60 20 varda
893 552 52 19 desto

205 588 62 17 större
283 586 22 25 ju
320 585 47 20 flera
382 585 22 20 de
420 580 39 25 äro.
476 597 23 3 —
517 585 66 20 Såsom
598 586 21 19 af
632 586 96 25 förslaget
743 585 31 20 till
789 586 112 25 förordning
916 593 29 12 om

205 620 151 25 verkställighet
375 620 20 19 af
409 620 56 19 straff
478 620 89 25 framgår,
583 623 22 16 är
619 620 163 25 fängelsestraffet
796 621 150 19 likabeskaffadt

205 655 43 18 med
270 654 99 20 enahanda
391 655 57 18 straff
469 655 59 25 enligt
550 661 25 13 nu
593 655 90 25 gällande
702 655 113 25 förordning
833 655 20 19 af
867 655 36 19 den
919 655 26 20 26

205 689 110 20 November
333 689 51 20 1866
401 689 69 24 deruti,
486 692 28 16 att
529 689 116 25 straffängen
661 693 21 16 är
697 689 94 20 förunnad
801 690 41 19 viss
853 689 92 20 valfrihet

205 724 7 18 i
230 723 90 20 afseende
339 724 11 19 &
369 724 84 19 arbetets
473 724 137 24 beskaffenhet,
623 724 59 25 jemte
698 724 32 19 det
745 724 59 25 sagda
819 724 56 19 straff
888 725 57 18 äfven

206 759 6 19 i
227 758 60 26 öfrigt
302 761 21 17 är
338 758 87 20 förenadt
440 758 43 20 med
497 759 72 19 mindre
584 759 93 19 intensivt
691 759 114 25 strafftväng
821 761 23 17 än
855 759 89 19 tukthus-

206 793 83 19 straffet.
304 804 26 3 —
348 792 38 20 För
401 793 59 25 öfrigt
475 796 21 16 är
511 793 164 25 fängelsestraffet
691 793 60 25 enligt
767 793 11 19 5
795 793 12 26 &
821 794 6 18 i
838 794 106 24 strafflags-

206 828 94 24 förslaget
315 828 56 18 äfven
387 828 194 24 förvandlingsstraff
594 828 31 18 för
639 828 61 25 böter,
717 834 39 13 som
767 828 35 19 hos
813 828 35 19 den
861 828 88 20 sakfälde

206 863 16 24 ej
238 862 58 19 utfäs.

274 896 10 20 2
300 895 17 29 8.
348 897 71 20 Minsta
435 897 51 20 tiden
501 897 30 20 för
541 897 166 25 tukthusstraffet,
719 903 40 14 som
769 897 61 26 enligt
841 898 108 26 ,allmänna

205 931 121 26 grunderna*
348 932 59 19 borde
430 935 68 22 utgöra
513 933 34 19 två
565 932 96 25 månader,
681 935 22 16 är
721 932 36 19 här
776 933 43 18 med
836 935 51 16 rätta
903 932 45 26 höjd

206 966 31 19 till
260 973 34 12 sex
315 966 96 25 mänader,
435 969 45 16 enär
503 973 22 12 en
549 967 77 18 kortare
649 966 28 19 tid
695 967 43 18 icke
756 967 103 24 möjliggör
877 969 70 16 använ-

206 999 61 20 dande
286 1000 20 19 af
324 1000 35 19 den
378 1001 107 18 metodiska
505 1001 123 24 behandling,
645 1007 39 12 som
699 1001 36 18 bör
749 1007 47 12 vara
811 1000 79 19 förenad
906 1000 42 19 med

206 1033 165 20 tukthusstraffet.
401 1033 92 20 Straffets
512 1035 109 22 maximum,
640 1035 24 18 dä
679 1035 32 19 det
726 1035 76 19 ådömes
818 1035 25 24 pä
858 1035 39 18 viss
913 1034 34 25 tid,

206 1071 22 16 är
245 1068 7 19 i
268 1068 88 25 enlighet
370 1069 42 18 med
427 1069 110 24 .,allmänna
553 1069 122 26 grunderna'
694 1069 38 19 tolf
749 1069 22 19 år
786 1071 49 17 samt
851 1069 32 18 vid
899 1075 48 13 sam-

206 1102 138 25 manläggning
366 1103 21 18 af
403 1103 59 19 straff
479 1103 61 26 enligt
559 1103 12 20 6
589 1103 13 26 $
621 1103 11 18 7
652 1103 45 25 kap.
716 1103 71 19 femton
803 1103 27 25 är,
845 1103 102 19 hvarutom

206 1143 67 18 genom
293 1137 108 25 upprepade
417 1137 200 26 sammanläggningar
631 1137 6 19 i
653 1137 22 20 de
691 1137 42 26 fall,
749 1144 39 13 som
805 1137 121 20 omförmälas
940 1137 7 19 i

207 1169 41 27 98
263 1171 11 18 7
291 1171 53 24 kap.,
359 1171 86 20 straffets
461 1172 58 25 längd
534 1172 37 19 kan
587 1172 46 19 ökas
649 1171 135 26 obegränsadt.

275 1203 43 29 38.
348 1205 10 19 I
373 1205 87 26 enlighet
474 1206 43 19 med
533 1207 110 24 ,allmänna
658 1205 123 26 grunderna”
796 1206 35 19 har
842 1206 70 19 minsta
923 1205 24 20 ti-

206 1239 36 19 den
261 1239 31 19 för
307 1239 32 19 det
354 1240 117 24 ovilkorliga
486 1240 162 25 fängelsestraffet
663 1242 70 17 utsatts
749 1240 30 19 till
795 1241 70 23 fjorton
881 1240 66 24 dagar,

207 1272 100 19 hvaremot
321 1272 77 25 längsta
413 1273 59 24 tiden,
487 1273 8 18 i
509 1273 111 25 ,allmänna
634 1273 121 25 grunderna”
771 1273 85 19 bestämd
871 1273 31 18 till
914 1273 33 19 två

206 1306 28 24 år,
250 1306 6 18 i
271 1306 43 18 nåd.
330 1312 54 19 prop.
400 1306 55 19 ökats
471 1307 31 18 till
516 1307 45 25 fyra
575 1307 28 19 är.
632 1307 125 25 Meningarna
772 1306 65 20 kunna
852 1312 47 13 vara
915 1306 31 19 de-

206 1340 44 19 lade
267 1340 64 20 derom
347 1340 95 20 huruvida
457 1340 42 20 skäl
515 1341 102 19 förefinnes
632 1343 28 17 att
675 1341 86 19 anordna
775 1341 46 19 flere
835 1344 25 16 än
875 1343 28 17 ett
913 1340 33 20 fri-

206 1374 102 20 hetsstraff
323 1375 26 25 pä
363 1375 21 19 sä
399 1375 46 25 lång
459 1375 28 19 tid
502 1382 40 12 som
557 1375 44 25 fyra
616 1375 28 25 år,
659 1382 42 12 men
717 1378 28 16 ett
761 1375 115 19 bedömande
891 1375 58 19 häraf

207 1408 38 20 kan
260 1409 12 19 å
286 1409 110 20 Utskottets
412 1410 41 19 sida
468 1410 22 19 sä
504 1410 79 25 mycket
598 1410 61 19 hellre
674 1410 102 25 uteblifva,
789 1416 39 14 som
844 1416 23 13 en
882 1410 64 19 förän-

274 1442 175 22 Strafflagsutskottets
460 1443 102 17 betänkande
575 1443 33 17 N:o
622 1444 14 16 1.
