995 1703
255 133 19 24 U.
290 133 20 24 B.
325 145 30 6 —
370 134 53 29 Prop.
440 135 32 23 N:o
487 135 20 23 4.
754 136 12 21 5

48 197 77 22 förelse
139 197 79 22 mellan
233 196 59 23 2:dra
307 197 40 20 och
362 197 47 21 4:de
424 197 94 27 punkten
533 197 22 21 af
568 197 126 27 Förenings-
708 197 40 22 och
758 197 37 22 Sä-

47 231 158 22 kerhetsakten.
233 230 35 22 Då
282 231 105 26 nämligen
401 231 7 21 i
424 231 36 22 det
474 231 146 22 förstnämnda
634 231 23 21 af
666 231 62 22 dessa
737 232 58 21 stad-

47 271 37 20 gas
99 266 33 21 att
146 265 76 26 högsta
237 265 119 21 domstolen
365 265 55 22 skall
430 265 61 22 bestå
501 265 23 21 af
532 265 54 22 både
594 265 64 22 frälse
669 265 39 22 och
719 265 75 22 ofrälse

46 301 56 24 män,
117 305 51 16 vore
184 299 68 21 denna
266 299 109 22 föreskrift
389 300 52 20 utan
457 299 40 21 den
507 299 183 26 kompletterande
700 299 95 22 bestäm-

46 333 80 21 melsen
147 333 8 21 i
177 333 47 21 4:de
241 333 101 27 punkten,
361 333 142 27 ofullständig,
518 333 7 21 i
540 335 22 25 ty
576 335 33 19 att
624 333 60 21 2:dra
698 333 95 27 punkten

46 367 19 27 ej
76 366 101 28 angifver,
187 367 54 21 huru
250 366 91 22 förfaras
352 367 45 27 bör,
408 374 34 14 om
452 368 27 21 de
490 367 77 22 ofrälse
574 367 159 22 ledamöterna
723 362 13 37 i
741 367 51 27 hög-

45 402 34 21 sta
93 402 118 21 domstolen
233 401 69 22 blefve
325 402 75 21 adlade
424 402 39 20 och
481 402 117 22 domstolen
616 401 89 22 sålunda
720 408 27 15 en
761 402 31 21 tid

44 436 85 21 komme
147 437 33 20 att
194 435 61 23 bestä
270 436 23 20 af
306 436 76 21 endast
395 436 119 22 frälsemän.
543 436 111 22 Utskottet
668 436 40 21 har
723 435 69 22 derfö-

45 476 30 21 re,
91 470 66 22 under
171 470 134 21 erkännande
321 471 32 20 att
367 470 158 27 upphäfvandet
541 471 23 21 af
571 470 26 22 de
607 470 8 21 i
622 470 91 22 berörda
721 470 70 26 kongl.

45 504 140 22 resolutioner
203 504 102 27 ingående
327 504 104 22 förbuden
453 504 33 22 för
503 504 113 22 frälsemän
638 506 32 20 att
680 504 112 22 innehafva

45 538 137 22 oftanämnda
204 538 88 27 tjenster
306 539 84 21 komme
406 540 32 20 att
452 539 115 21 inskränka
580 539 176 27 tillämpligheten
771 538 23 22 af

44 573 128 27 stadgandet
192 573 7 20 i
221 572 124 28 Förenings-
361 573 40 21 och
416 573 189 22 Säkerhetsaktens
620 574 48 21 4:de
682 573 74 27 punkt,
772 572 19 28 ej

45 608 70 22 ansett
137 608 68 21 denna
226 607 158 27 lagförändring
400 608 103 21 innebära
518 614 25 15 en
558 608 94 26 ändring,
668 609 27 20 än
709 607 82 22 mindre

44 641 148 29 upphäfvande
213 641 23 22 af
256 642 105 27 nyssagda
382 642 168 27 grundlagsbud;
572 642 39 22 och
632 642 40 21 har
686 642 106 21 utskottet

44 677 54 21 trott
120 676 32 27 sig
174 676 60 21 desto
250 676 67 21 hellre
331 676 54 21 böra
399 677 69 20 uttala
483 676 68 21 denna
566 676 145 27 öfvertygelse,
727 676 27 21 dä
767 676 24 26 ju

43 710 133 27 lagstiftaren
191 716 75 21 genom
281 709 158 28 upphäfvandet
453 710 24 21 af
485 711 32 20 ett
528 710 231 27 grundlagsstadgande
769 709 24 22 af

43 745 79 21 allmän
137 744 150 26 beskaffenhet,
303 744 77 21 sådant
395 751 44 15 som
455 745 36 20 det
505 743 167 28 ifrågavarande,
682 744 110 27 lätteligen

44 779 43 21 kan
101 778 28 21 nä
143 779 79 26 längre,
238 779 27 20 än
280 779 110 26 meningen
405 779 55 20 varit
475 778 39 21 och
529 778 92 21 förutses
635 777 88 22 kunnat.

111 812 41 21 Om
173 813 107 21 utskottet
301 812 90 21 sälunda
406 813 18 26 ej
440 814 70 20 ansett
524 812 138 21 förevarande
677 812 115 26 lagförslag

42 847 104 22 innebära
160 846 122 27 förändring
297 847 23 21 af
327 847 110 27 grundlag,
448 847 39 21 har
497 846 105 22 utskottet
611 847 54 20 trott
675 846 117 21 detsamma

43 881 55 22 dock
112 887 52 16 vara
178 881 23 21 af
214 881 40 22 den
270 881 150 25 beskaffenhet,
436 883 32 20 att
480 881 98 27 samtliga
588 881 99 22 ständens
697 881 95 26 godkän-

43 916 68 21 nande
131 915 133 22 erfordrades
280 915 33 22 för
328 916 129 21 detsammas
471 915 125 28 antagande.
626 915 111 22 Utskottet
751 915 40 21 har

42 951 106 26 nämligen
170 951 72 20 ansett
264 950 36 21 det
324 956 51 15 vara
390 956 26 16 en
430 950 153 27 borgerskapet
596 949 68 22 under
678 949 113 26 privilegii-

42 985 64 27 helgd
120 984 146 22 tiliförsäkrad
282 984 108 27 rättighet,
406 985 32 20 att
453 985 75 21 endast
543 984 77 21 ofrälse
632 986 49 19 män
690 983 55 28 finge
755 984 36 21 be-

42 1019 65 21 kläda
121 1019 145 26 borgmästare
282 1019 40 20 och
337 1019 67 26 öfriga
418 1018 276 28 magisstratsbefattningar
709 1019 39 21 och
757 1018 34 22 fär

42 1053 106 21 utskottet
162 1053 8 20 i
185 1052 61 22 detta
260 1052 99 22 afseende
374 1052 75 22 anföra
463 1052 101 27 följande.

110 1086 82 22 Genom
207 1086 77 27 Kongl.
298 1086 72 27 Maj:ts
385 1086 83 26 Nädiga
482 1086 121 22 Försäkran
618 1086 23 21 af
654 1086 41 22 den
709 1086 27 21 23
751 1086 41 22 Fe-

42 1121 57 21 ruari
125 1122 55 21 1789
196 1120 123 22 utfärdades
333 1121 27 21 de
375 1120 68 22 första
457 1121 7 21 i
479 1122 32 20 ett
525 1120 151 28 sammanhang
690 1120 102 22 affattade

43 1156 107 21 allmänna
164 1155 119 27 privilegier
295 1154 33 22 för
338 1155 66 22 rikets
415 1155 130 27 borgerskap
556 1155 39 22 och
605 1155 106 21 städerna.
741 1154 51 22 Frä-

42 1196 42 20 gan
106 1196 35 16 om
162 1189 141 22 utarbetande
325 1189 24 21 af
368 1190 121 27 privilegier.
510 1189 33 21 för
568 1190 26 21 de
610 1188 77 22 ofrälse
702 1188 90 22 stånden

42 1224 86 22 väcktes
149 1224 29 27 pä
198 1224 54 21 1789
268 1224 35 21 ärs
318 1224 86 27 riksdag
419 1224 22 21 af
453 1224 165 25 Bondeständet,
633 1224 8 20 i
656 1224 36 21 det
706 1222 85 23 ständet

41 1258 81 23 medels
144 1258 195 27 protokollsutdrag
358 1258 71 22 anhöll
445 1264 34 16 om
495 1258 26 21 de
536 1258 68 26 öfriga
618 1257 100 22 ständens
733 1257 58 21 med-

42 1293 80 22 verkan
143 1292 34 22 för
199 1292 122 22 erhållande
343 1292 24 22 af
379 1292 124 27 konungens
517 1292 96 22 tillstånd
627 1292 33 21 till
676 1292 57 27 dylik
747 1291 45 26 lag-

42 1326 183 27 stiftningsåtgärd
243 1327 40 21 och
297 1327 61 21 heter
373 1327 37 20 det
424 1327 7 20 i
446 1326 66 26 sagda
526 1327 83 25 utdrag,
625 1325 54 21 efter
693 1324 99 22 framhäl-

42 1360 74 22 landet
130 1360 24 21 af
162 1361 26 20 de
204 1362 58 19 stora
276 1360 67 21 vådor
358 1360 39 21 och
405 1360 171 25 besvärligheter,
586 1365 46 15 som
640 1358 77 27 uppstå
725 1357 66 24 deraf,

41 1395 33 22 att
97 1393 87 23 ståndet
205 1393 69 23 blifvit
297 1393 116 22 förunnadt
435 1392 126 27 rättigheter
583 1398 75 22 genom
673 1398 27 16 en
713 1391 79 27 mängd

43 1429 57 23 olika
121 1428 156 28 författningar,
299 1428 72 22 hvilka
395 1427 66 22 delvis
483 1428 103 27 motsäga,
600 1426 83 28 uttyda,
698 1426 94 22 förklara

43 1465 52 22 eller
116 1463 108 28 upphäfva
244 1463 126 25 hvarandra,
395 1463 33 21 att
442 1461 160 23 Bondeståndet
616 1467 29 16 nu
659 1460 88 23 föresatt
761 1460 32 28 sig

113 1503 141 24 Lagutskottets
267 1503 115 18 betänkande
394 1502 36 19 N:o
443 1503 17 19 4.
