1000 1709
289 127 31 25 U.
336 128 40 24 B.
393 142 26 3 —
433 129 99 29 Prop.
547 130 53 24 N:o
615 130 25 24 9.

357 504 248 26 Ekonomiutskottots
615 505 150 25 hetänkan
736 500 27 39 do
775 505 36 24 N:o
821 505 11 24 2

288 539 7 24 i
317 539 100 30 anledning
439 539 21 24 af
479 539 49 24 Hans
548 539 104 31 Kejserliga
676 539 98 31 Majestäts
799 541 35 23 mä-

288 574 45 29 diga
348 573 116 32 proposition
473 574 30 24 N:o
518 575 16 25 7,
551 573 93 31 angående
664 574 48 25 hvad
727 574 7 24 i
749 573 84 26 afseende

289 611 11 22 å
315 608 97 28 hingstars
434 609 124 30 utsläppande
579 611 11 22 å
605 609 41 24 bete
665 608 50 25 skall
729 609 105 28 iakttagas.

155 678 75 21 Denna
245 677 77 28 nådiga
337 678 132 27 proposition
484 678 39 21 har
539 678 22 22 af
575 678 98 27 samtliga
687 677 62 23 stånd
764 677 69 22 blifvit

85 712 128 27 hänskjuten
227 712 33 22 till
275 713 221 21 Ekonomiutskottets
510 713 122 26 beredning,
648 713 40 21 och
702 713 40 21 har
751 713 83 21 utskot-

84 748 33 20 tet
131 746 56 21 ifrån
202 746 113 28 kejserliga
331 749 87 20 senaten
433 747 41 22 fått
492 749 108 25 emottaga
622 747 130 27 protokollet
775 747 58 21 öfver

86 787 26 15 en
140 781 36 22 vid
206 782 99 21 ärendets
334 782 158 27 handläggning
520 782 110 22 derstädes
654 781 111 22 förefallen
790 788 43 15 om-

86 815 102 27 röstning.

156 850 42 22 Vid
212 850 156 28 granskningen
384 850 23 22 af
421 851 36 22 det
472 857 75 21 genom
562 851 41 21 den
617 850 76 28 nådiga
708 850 126 28 propositio-

86 891 41 16 nen
143 885 114 22 ständerna
279 885 34 22 till
334 885 120 27 antagande
476 885 110 28 förelagda
608 885 79 27 förslag
705 885 34 22 till
752 885 82 22 förord-

86 920 56 27 ning,
159 920 39 21 har
213 920 105 21 utskottet
332 920 47 21 icke
394 919 69 22 funnit
478 921 46 21 skäl
540 922 32 20 att
586 920 118 22 framställa
714 920 70 27 någon
798 927 37 14 an-

86 955 112 26 märkning
213 956 56 20 emot
285 955 129 22 detsammas
428 955 92 22 innehåll
536 955 52 22 eller
602 955 119 27 affattning.
745 955 40 21 Väl
795 955 39 21 har

86 990 57 21 inom
158 989 105 22 utskottet
277 990 75 21 väckts
367 989 66 28 fråga,
449 990 104 21 huruvida
566 990 47 22 icke
628 991 8 20 i
651 990 13 21 3
679 989 13 30 8
707 989 70 22 kunde
799 989 36 22 be-

86 1024 76 23 höfvas
177 1026 31 21 ett
222 1025 136 22 förklarande
373 1025 74 27 tillägg
462 1025 33 22 för
510 1027 33 20 att
557 1025 124 27 tydliggöra,
699 1025 35 21 det
744 1024 91 22 särskild

87 1059 100 22 säkerhet
201 1059 47 22 icke
262 1060 35 21 må
312 1059 84 22 fordras
410 1059 33 22 för
454 1059 39 22 den
504 1059 85 27 möjliga
600 1059 71 26 skada,
683 1059 71 26 hingst
764 1058 70 22 åstad-

87 1094 89 22 kommit
190 1101 75 20 genom
287 1094 68 21 skedd
376 1094 95 27 parning.
502 1095 48 20 Men
572 1093 117 22 utskottets
712 1093 69 21 flertal
796 1093 40 20 har

87 1130 73 20 ansett
174 1129 23 21 af
211 1129 114 26 ordalagen
340 1129 7 20 i
361 1128 102 27 förslaget
478 1128 116 27 otvetydigt
612 1127 87 28 framgå,
723 1129 32 20 att
770 1127 65 22 sedan

87 1163 109 27 betalning
225 1163 70 21 blifvit
325 1163 101 26 erbjuden
456 1163 50 21 eller
535 1162 100 21 säkerhet
659 1162 56 21 stäld
743 1161 33 22 för
800 1161 36 22 det

88 1197 76 22 besvär
187 1197 39 22 och
249 1197 25 22 de
296 1197 121 26 kostnader,
433 1197 123 27 intagandet
575 1196 98 27 medfört,
690 1197 41 20 den
744 1196 8 20 i
766 1196 71 21 förvar

88 1233 65 26 tagna
175 1232 98 27 hingsten
288 1232 46 21 icke
349 1232 27 27 pä
391 1231 68 28 grund
474 1231 22 22 af
509 1231 139 22 förevarande
662 1231 122 26 förordning
794 1230 42 21 kan

88 1267 72 22 vidare
176 1266 126 28 gvarhällas,
317 1267 82 22 hvilket
414 1267 46 22 icke
474 1267 104 22 utesluter
593 1265 134 27 tillämpning
741 1265 23 22 af
782 1265 54 21 hvad

88 1302 152 27 förordningen
250 1302 23 22 af
282 1303 40 20 den
334 1302 25 21 19
368 1301 117 23 December
495 1302 55 21 1864
558 1301 86 26 stadgar
652 1307 34 15 om
695 1299 98 22 kreaturs
806 1300 31 20 in-

89 1337 97 25 tagande,
197 1337 44 20 ifall
255 1337 98 25 hingsten
367 1337 57 26 gjort
439 1337 66 19 sådan
520 1336 72 24 skada,
608 1341 45 14 som
668 1335 7 19 i
690 1335 90 19 nämnde
794 1333 43 20 för-

90 1369 89 27 ordning
194 1369 140 22 omförmäles.
364 1370 12 20 I
398 1369 74 26 sjelfva
495 1369 65 21 saken
580 1368 40 21 har
642 1368 106 21 utskottet
768 1367 70 20 funnit

90 1404 37 21 det
141 1410 51 15 vara
207 1403 129 27 fullkomligt
351 1403 80 27 riktigt,
451 1404 33 19 att
498 1403 71 27 djuret
591 1401 46 22 icke
659 1401 35 22 mä
719 1401 119 28 gvarhällas

90 1439 52 21 eller
157 1438 98 22 säkerhet
270 1438 84 22 fordras
369 1438 33 21 för
418 1444 26 14 en
460 1438 89 21 allenast
563 1436 73 28 möjlig
658 1437 73 25 skada,
753 1436 85 21 hvilken

90 1474 53 22 först
158 1473 54 22 efter
234 1480 27 15 en
281 1473 73 27 längre
376 1472 42 22 tids
440 1472 83 27 förlopp
542 1472 43 21 kan
600 1471 131 27 tillförlitligt
746 1470 92 22 utredas.

158 1513 190 19 Ekonomiutskottets
360 1512 115 18 betänkande
488 1512 37 18 N:o
537 1512 17 18 2.
