1025 1709
219 140 15 20 4
427 138 23 24 U.
466 139 24 23 B.
503 152 27 3 —
546 140 63 28 Prop.
625 139 38 23 N:o
678 139 30 23 10.

326 204 56 28 gelse
396 205 37 21 vid
446 207 69 20 vatten
530 206 36 21 och
581 205 56 27 bröd,
658 205 54 21 skall
726 205 40 22 den
781 204 106 22 särskilda
901 204 42 28 för-

326 239 128 28 vandlingen
475 240 34 26 för
535 240 101 22 hvardera
658 239 150 28 bötesbeloppet
831 239 111 27 iakttagas.

329 274 168 28 Sammanträffa
518 276 63 26 böter,
596 282 46 14 som
657 274 64 28 enligt
736 275 68 21 denna
818 274 125 27 förordning

328 309 94 28 ädömas,
444 310 48 21 med
513 309 116 27 ovilkorligt
651 311 38 25 spö
712 309 48 22 eller
780 309 98 26 risstraff
897 308 48 22 eller

327 344 95 27 fängelse
436 344 36 22 vid
485 346 69 20 vatten
569 344 36 22 och
616 343 59 27 bröd;
695 351 36 20 ege
748 343 197 28 sammanläggning

329 379 27 26 af
366 378 88 27 straffen
469 379 43 21 icke
525 385 54 15 rum.

258 441 139 28 Helsingfors
412 441 42 23 den
469 444 26 19 16
510 441 43 29 Maj
571 443 62 20 1888.

258 528 12 21 I
291 528 160 29 behandlingen
472 528 26 22 af
516 528 61 22 detta
595 527 80 22 ärende
689 527 67 23 hafva
772 527 101 28 deltagit:
888 527 58 23 Herr

191 562 20 22 J.
226 562 110 28 Forsman,
361 563 135 28 ordförande,
518 564 56 21 samt
588 562 82 22 Herrar
685 562 25 21 A.
726 562 40 21 och
780 562 21 21 J.
817 562 128 28 Grotentelt,

192 596 26 22 R.
233 596 111 29 Hisinger,
367 598 26 21 A.
409 597 74 28 Späre,
506 597 25 22 G.
547 597 128 26 Johansson,
698 597 27 21 N.
740 596 126 29 Karlsberg,
882 597 21 22 J.
919 597 26 22 G.

193 631 87 28 Geitlin,
300 631 27 22 K.
343 631 35 23 W.
394 632 67 27 Sulin,
476 632 25 22 L.
517 631 113 28 Clouberg,
646 631 35 22 W.
696 631 108 28 Eneberg,
820 632 26 22 E.
862 631 25 22 F.
903 631 43 22 An-

192 665 77 28 dersin,
292 665 20 22 J.
334 665 97 29 Castrén,
454 667 29 21 M.
505 666 104 28 Heikura,
631 665 27 22 E.
673 665 133 24 Tensikkala
821 667 38 22 och
874 666 27 22 K.
917 666 28 22 H.

193 700 115 22 Teittinen.

344 1463 94 17 Helsingfors,
447 1463 51 13 Finska
506 1463 165 19 Litteratur-Sillskapets
680 1465 63 17 tryckeri,
752 1465 39 15 1888.
