1017 1698
292 128 69 25 Ständ.
372 128 73 27 Sv,
424 124 16 39 —
461 128 56 30 Prop.
531 129 33 24 Nw
573 129 19 23 4.
757 130 41 21 153

142 194 26 21 15
184 193 18 27 $.
231 194 54 26 Den,
312 201 45 15 som
383 195 133 26 uppsåtligen
542 195 98 27 förgiftar
660 195 166 27 vattenledning,

72 228 70 21 brunn
156 229 52 21 eller
222 235 69 15 annan
305 229 66 21 sådan
386 230 169 26 vattensamling,
570 229 52 21 eller
637 231 101 25 matvara,
755 229 71 26 dryck,

72 261 53 21 eller
139 263 66 20 annat
219 263 51 27 ting,
286 268 46 16 som
346 263 69 27 tjenar
429 262 34 22 till
473 263 77 22 andras
560 262 55 22 bruk
625 263 52 21 eller
687 264 24 19 är
720 263 107 21 bestämdt

72 295 32 21 till
126 295 130 29 försäljning,
278 296 53 22 eller
349 297 48 21 med
416 296 77 22 sådant
506 298 45 26 ting
564 297 85 21 förenar
662 299 69 24 ämne,
746 296 81 22 hvilket

73 329 41 21 han
129 331 35 20 vet
179 336 51 16 vara
244 331 78 27 egnadt
337 332 32 20 att
384 330 91 22 förstöra
490 331 81 27 helsan,
586 331 52 21 eller
651 330 69 22 håller
729 331 33 21 till
772 330 54 26 salu,

73 363 63 27 säljer
150 364 52 22 eller
221 364 126 22 annorledes
363 364 108 27 utsprider
491 365 67 27 dylikt
576 366 51 26 ting,
641 364 81 22 hvilket
736 365 42 21 han
791 366 36 20 vet

72 403 52 16 vara
138 398 88 28 mängdt
244 399 51 21 eller
310 398 99 23 förenadt
423 400 48 21 med
486 400 46 27 gift,
549 400 52 21 eller
615 401 66 20 annat
695 399 75 22 sådant
784 398 43 22 far-

72 432 39 27 ligt
125 434 69 26 ämne,
210 433 39 21 och
263 433 89 27 förtiger
366 435 79 26 tingets
461 434 77 27 farliga
552 433 113 28 egenskap,
681 433 84 22 straffes
779 433 47 21 med

72 466 89 22 tukthus
176 466 47 23 från
238 468 39 21 och
292 468 49 21 med
355 468 36 22 två
405 468 34 22 till
453 468 39 22 och
507 468 48 22 med
570 467 45 23 åtta
629 468 24 20 år
668 468 39 21 och
719 467 77 22 förlust
805 466 23 22 af

72 501 167 29 medborgerligt
253 502 130 22 förtroende.

142 536 82 22 Försök
238 538 24 20 är
277 536 117 22 straffbart.

142 570 46 22 Har
207 571 70 27 någon
295 572 22 20 af
335 571 99 22 vållande
454 571 150 22 åstadkommit
623 572 32 20 att
669 571 48 21 fara
731 570 96 27 uppstått

73 604 34 21 för
129 605 132 22 menniskors
283 605 26 22 lif
330 605 51 21 eller
403 605 60 22 helsa
480 607 27 25 pä
522 606 49 26 sätt,
587 611 45 16 som
647 611 29 15 nu
691 607 24 19 är
729 605 97 25 nämndt;

74 638 84 23 straffes
173 640 48 21 med
236 639 61 22 böter
313 641 17 26 ej
346 640 67 21 under
427 640 74 21 femtio
511 640 62 21 mark
583 640 52 21 eller
643 639 94 28 fängelse
747 639 7 20 i
764 638 63 27 högst

74 675 31 19 ett
119 673 31 22 år.

144 707 102 28 Matvara,
263 709 65 26 dryck
343 709 53 22 eller
409 715 70 15 annan
494 715 57 20 vara,
570 715 45 15 som
630 709 39 20 här
684 707 142 26 omförmäles,

73 748 50 16 vare
137 742 116 23 förbruten.

144 777 26 22 16
185 777 18 27 $.
233 778 64 26 Hvar,
321 784 45 15 som
387 777 133 28 uppsåtligen
545 777 107 27 utsprider
673 777 68 21 farsot
761 776 66 21 bland

74 812 127 26 menniskor,
223 811 84 23 straffes
329 812 49 22 med
400 812 88 21 tukthus
510 812 47 21 frän
572 811 40 22 och
626 811 49 22 med
688 811 37 21 tvä
740 810 32 22 till
788 810 39 21 och

74 846 48 22 med
137 846 42 22 tolf
192 846 24 22 år
231 847 40 21 och
285 847 78 22 förlust
376 847 24 21 af
412 846 166 28 medborgerligt
598 845 129 22 förtroende.

142 881 82 21 Försök
239 884 24 19 är
278 881 116 22 straffbart.

143 915 73 22 Vällar
230 922 49 16 man
294 922 80 15 annans
392 916 140 26 insjuknande
547 916 7 20 i
569 914 69 22 farsot
653 915 127 26 derigenom,
796 915 32 20 att

74 956 49 16 man
138 950 73 27 bryter
226 952 44 20 mot
283 950 111 22 föreskrift
408 950 33 22 till
455 949 173 22 förekommande
638 949 53 21 eller
701 948 126 22 hämmande

74 984 23 22 af
109 984 69 22 farsot
191 984 66 22 bland
272 984 131 26 menniskor;
423 983 84 23 straffes
520 984 49 21 med
584 982 93 28 fängelse
692 983 7 21 i
714 983 63 27 högst
791 983 37 21 tvä

75 1018 24 22 är
113 1019 53 21 eller
180 1019 62 21 böter
256 1019 19 27 ej
292 1019 68 21 under
373 1020 74 21 femtio
461 1019 66 21 mark.

143 1053 26 21 17
185 1053 18 27 8.
232 1053 45 21 Har
292 1053 70 27 nägon
376 1059 76 21 genom
466 1053 106 27 uppsätlig
587 1052 107 27 handling,
709 1058 46 14 som
765 1050 62 22 ofvan

74 1088 7 20 i
96 1088 59 20 detta
169 1087 50 27 kap.
234 1089 94 25 nämnes,
343 1087 126 27 tillskyndat
484 1093 70 16 annan
569 1086 43 22 död
622 1086 52 21 eller
681 1086 48 21 svär
739 1085 89 27 kropps-

74 1121 77 27 skada;
167 1122 56 26 gälle
237 1122 56 21 hvad
308 1122 7 21 i
330 1122 13 20 6
358 1121 11 27 $
384 1122 27 21 21
427 1122 50 26 kap.
492 1123 55 25 sägs.

144 1156 26 21 18
185 1156 20 27 &.
235 1156 114 27 Utsprider
363 1162 49 15 man
426 1155 134 27 uppsätligen
574 1155 68 21 farsot
656 1154 66 22 bland
731 1154 96 26 husdjur;

75 1190 83 22 straffes
173 1190 50 22 med
240 1190 89 22 tukthus
349 1191 7 20 i
369 1190 65 27 högst
447 1189 48 27 fyra
512 1189 24 21 är
551 1189 52 21 eller
617 1188 94 27 fängelse
726 1187 19 27 ej
761 1188 68 20 under

73 1226 36 21 tvä
126 1224 108 22 mänader.

142 1259 83 22 Försök
239 1260 24 20 är
277 1258 116 22 straffbart.

143 1294 73 21 Vällar
233 1293 69 27 nägon
322 1293 67 22 farsot
408 1293 65 21 bland
493 1291 88 27 husdjur
595 1291 130 27 derigenom,
740 1291 32 20 att
786 1290 43 22 han

74 1329 73 25 bryter
168 1330 46 17 mot
231 1327 110 20 föreskrift
361 1327 33 20 till
409 1326 174 21 förekommande
597 1326 52 20 eller
663 1324 126 21 hämmande
806 1323 24 20 af

74 1361 58 27 dylik
153 1360 77 27 farsot;
253 1360 73 21 dömes
345 1360 33 21 till
392 1359 94 27 fängelse
501 1359 18 27 ej
537 1358 58 21 öfver
609 1359 32 20 ett
655 1358 24 21 är
694 1358 53 21 eller
760 1357 68 20 böter.

144 1395 27 22 19
186 1394 18 28 &.
233 1395 53 26 Den,
305 1400 45 16 som
369 1393 133 28 uppsåtligen
524 1391 98 28 förgiftar
636 1390 128 27 betesmark,
780 1393 48 24 äng,

74 1429 139 28 foderförräd,
235 1429 95 27 fädryck,
349 1428 53 22 eller
422 1429 65 21 annat
510 1426 73 29 dylikt,
606 1426 24 23 sä
643 1427 32 21 att
689 1425 79 22 allmän
782 1425 47 22 fara
