1023 1706
185 153 27 21 54
381 152 24 20 V.
420 152 22 20 B.
457 162 28 4 —
500 152 59 25 Prop.
573 151 38 20 N:o
626 139 26 32 1.

209 214 44 26 Lag
268 220 79 14 samma
364 220 56 18 vare,
436 220 32 13 om
484 213 38 20 rän
534 213 64 26 begäs
609 212 22 20 af
641 212 35 20 tvä
687 212 52 20 eller
749 210 57 26 flere,
817 210 73 21 hvilka

144 249 62 20 sällat
221 249 32 26 sig
268 254 94 14 samman
378 250 31 16 att
424 247 50 20 räna
489 247 52 20 eller
557 246 67 26 stjäla.

209 282 85 21 Försök
309 282 35 20 till
359 281 62 26 brott,
437 288 44 14 som
496 283 89 19 nämnes
595 280 8 20 i
614 280 71 21 denna
695 280 21 27 $,
727 281 26 19 är
763 278 127 28 straffbart.

211 329 11 19 3
241 328 20 26 &.
291 328 42 20 Har
349 328 46 25 den,
412 334 43 14 som
471 328 35 19 vid
522 327 93 25 snatteri,
631 326 54 20 stöld
703 326 52 20 eller
764 326 86 24 inbrott,
862 326 29 20 el-

144 363 31 19 ler
198 362 72 20 försök
293 362 69 20 dertill
385 361 110 20 anträffats
517 362 11 19 3
550 362 37 19 bar
603 361 94 27 gerning,
713 360 32 20 för
761 362 30 18 att
806 360 86 20 behålla

144 397 74 27 godset
237 396 52 20 eller
307 396 105 20 fullborda
432 396 78 20 brottet
531 397 54 25 gjort
604 395 48 20 väld
669 395 12 20 &
695 402 77 18 annan,
788 394 51 22 eller
855 401 38 13 an-

144 431 65 20 vändt
229 433 56 18 emot
303 430 69 27 nägon
392 431 42 24 hot,
455 437 43 13 som
518 430 88 19 innebär
624 429 118 26 trängande
761 429 45 20 fara
820 429 33 20 för
867 427 27 22 lif

145 465 52 20 eller
216 465 69 26 helsa;
303 465 54 20 skall
377 465 49 26 han,
441 463 54 22 efter
510 465 77 19 sakens
602 463 155 26 beskaffenhet,
772 470 60 14 anses
848 463 45 20 lika

143 506 44 14 som
209 499 55 21 hade
287 499 40 20 han
352 499 91 20 föröfvat
464 499 38 20 rän
527 499 52 20 eiler
601 499 56 26 gjort
672 497 71 21 försök
759 498 77 25 dertill,
852 499 39 19 och

144 534 83 20 straffas
243 534 67 26 enligt
327 535 7 18 1
353 533 51 20 eller
420 535 12 19 2
448 533 20 27 8.

212 581 13 18 4
241 579 20 28 8.
291 578 53 27 Den,
365 586 51 19 som,
431 577 37 28 för
482 581 34 19 att
532 578 76 21 bereda
624 579 32 25 sig
671 579 52 20 eller
738 585 70 14 annan
824 581 68 24 nytta,

142 621 76 20 genom
241 614 38 20 hot
301 615 106 26 aftvingar
431 614 68 27 nägon
523 614 52 26 gods
593 613 52 21 eller
660 613 124 26 penningar,
800 613 93 27 eftergift

144 649 23 20 af
181 649 56 26 gäld,
257 649 144 25 förskrifning,
421 648 212 27 borgesförbindelse,
652 648 51 20 eller
719 654 69 13 annan
803 648 68 20 fördel
885 649 7 18 i

146 683 110 26 egendom,
276 683 86 20 hvartill
382 683 41 19 han
440 684 19 25 ej
474 683 38 19 har
528 683 48 26 laga
591 685 48 22 rätt,
655 682 83 20 straffes
754 682 32 20 för
802 685 90 23 utpress-

143 716 51 27 ning
219 717 45 20 med
289 718 85 19 tukthus
396 717 6 20 i
419 718 61 26 högst
501 717 46 27 fyra
570 717 23 20 år
615 716 52 21 eller
683 716 93 26 fängelse
792 717 18 26 ej
828 717 64 20 under

146 752 36 19 två
197 751 107 22 månader.

213 786 80 21 Försök
308 786 84 27 (utesl.)
408 789 23 16 är
446 785 116 21 straffbart.

213 821 91 19 Innebär
326 821 59 20 hotet
409 821 115 26 trängande
540 822 45 19 fara
600 820 31 20 för
650 821 23 19 lif
690 821 51 19 eller
759 820 65 26 helsa,
842 820 52 21 eller

145 859 61 24 göres
226 855 50 20 våld
293 856 12 19 å
320 861 85 20 person;
422 861 51 15 vare
488 855 77 26 straff
575 855 69 20 såsom
660 855 8 20 i
684 855 13 20 1
712 855 52 20 eller
778 856 14 20 2
807 855 15 28 $
837 857 57 26 sägs.

212 903 12 18 5
241 901 20 27 8.
292 901 101 20 Föröfvar
413 902 67 27 någon
500 903 44 23 rän,
566 902 63 20 sedan
653 901 41 21 han
711 901 56 21 förut
783 901 111 27 undergått

148 936 61 20 straff
222 936 32 20 för
270 936 36 20 rån
323 935 51 21 eller
391 937 142 26 utpressning;
554 937 71 20 dömes
641 936 32 20 för
689 936 82 20 återfall
787 936 7 20 i
809 936 38 20 rån
863 936 33 20 till

146 970 85 20 tukthus
247 970 45 20 från
309 970 39 20 och
364 970 46 20 med
428 973 30 17 tre
474 971 31 19 till
521 971 39 19 och
577 970 46 20 med
640 970 39 20 tolf
689 971 22 19 år
723 970 51 20 eller
784 970 28 27 på
821 970 73 20 lifstid.

213 1005 41 19 Till
278 1012 79 13 samma
379 1005 63 20 straff
462 1005 53 20 skall
536 1005 31 20 för
584 1005 83 20 återfall
683 1006 7 18 i
706 1005 132 27 utpressning
854 1005 40 20 den

148 1040 78 24 dömas,
249 1045 44 14 som
310 1040 74 19 utstått
404 1039 61 20 straff
479 1040 31 19 för
526 1040 36 23 rån
579 1039 52 20 eller
647 1038 131 28 utpressning
793 1040 39 20 och
849 1040 46 20 der-

147 1074 54 20 efter
217 1074 92 20 beträdts
325 1074 46 20 med
389 1074 130 20 sistnämnda
535 1074 62 20 brott.

214 1120 11 19 6
242 1119 20 25 $.
294 1118 42 20 Har
351 1119 47 25 den,
415 1126 44 13 som
475 1121 55 25 gjort
549 1120 30 26 sig
595 1118 85 28 skyldig
696 1119 31 20 till
744 1120 36 20 rån
797 1120 51 20 eller
864 1123 30 17 ut-

146 1154 117 26 pressning,
288 1153 133 20 derförinnan
446 1154 112 26 undergått
580 1153 63 20 straff
658 1154 31 20 för
704 1154 49 26 grof
766 1154 62 26 stöld,
844 1154 52 21 eller

150 1188 32 19 för
199 1188 65 19 andra
279 1194 60 13 resan
356 1187 53 20 stöld
427 1187 51 21 eller
494 1188 66 20 andra
576 1188 81 26 gången
669 1188 89 25 inbrott;
769 1188 33 20 må
814 1188 82 21 straffet

148 1222 32 19 för
196 1222 59 19 rånet
270 1221 52 20 eller
339 1222 157 26 utpressningen
513 1223 18 25 ej
548 1221 128 28 understiga
691 1222 36 21 det
737 1222 72 28 lägsta
820 1222 76 28 straff,

148 1254 84 20 hvartill
257 1254 40 20 han
318 1255 80 19 kunnat
422 1255 78 25 dömas,
524 1262 32 12 om
581 1256 39 18 han
637 1256 99 18 återfallit
752 1257 6 18 i
774 1257 54 19 stöld
846 1257 51 19 eller

146 1287 86 20 inbrott.

216 1332 11 21 7
245 1333 20 26 8.
296 1332 52 25 Den,
364 1339 43 13 som
425 1333 71 20 dömes
513 1334 30 18 till
561 1333 63 20 straff
639 1333 30 20 för
685 1333 37 20 rän
739 1334 51 20 eller
805 1337 90 24 utpress-

149 1366 56 27 ning,
225 1366 55 21 skall
301 1368 40 19 ock
357 1367 103 21 förklaras
476 1367 97 26 förlustig
590 1367 164 28 medborgerligt
768 1368 127 22 förtroende.
