1017 1703
317 128 64 25 Ständ,
397 129 30 23 Sv.
443 141 27 3 —
486 128 54 30 Prop.
555 127 32 24 N:o
603 128 15 23 1.
800 128 14 21 5

89 195 134 27 förtroende;
246 200 48 16 men
313 194 27 22 dä
355 195 130 21 sistnämnda
501 194 86 28 påföljd,
603 194 85 22 hvilken
704 194 116 22 behandlas
835 195 8 21 i

92 230 26 20 14
140 228 18 28 8,
180 229 66 21 redan
266 229 70 21 allena
351 230 33 20 för
398 229 32 27 sig
444 229 82 21 medför
541 229 123 27 oduglighet
679 230 32 20 att
725 228 65 22 vinna
804 228 39 21 all-

90 265 49 19 män
158 262 125 27 befattning,
303 265 24 19 är
347 263 37 21 det
401 258 76 32 tydligt
496 265 32 19 att
545 263 135 27 ,ovärdighet
695 264 32 20 att
742 262 79 27 nyttjas
836 263 9 21 i

89 297 84 22 landets
188 297 78 27 tjenst*
282 297 34 27 (11
333 296 20 27 $)
363 297 40 21 och
411 298 87 26 ,förlust
510 296 23 22 af
539 296 164 28 medborgerligt
711 296 133 22 förtroende”

91 332 37 25 (14
150 331 20 27 8)
194 334 37 18 äro
253 330 129 27 fullkomligt
404 331 133 26 kongruenta
559 330 66 27 straff,
644 330 38 21 och
699 331 36 20 det
749 330 43 21 kan
806 330 37 22 vid

90 365 77 22 sådant
189 365 132 22 förhållande
344 365 47 22 icke
413 367 62 25 inses,
498 365 85 22 hvarför
598 365 46 22 icke
659 365 131 22 sistnämnda
805 365 39 21 all-

89 402 78 20 männa
189 399 142 28 straffpåföljd
353 400 69 21 allena
441 407 50 14 vore
506 400 101 27 tillfylles.
637 399 119 28 Begreppet
772 402 70 25 ,ovär-

90 435 73 26 dighet
178 436 31 20 att
223 434 79 27 nyttjas
317 435 7 20 i
339 435 82 21 landets
437 434 74 28 tjenst*
526 435 39 21 bör
581 434 70 22 derför
667 435 65 26 enligt
743 434 100 22 Ständer-

90 475 38 16 nas
151 469 84 26 mening
257 469 81 22 erhålla
360 470 30 20 ett
409 469 99 26 innehåll,
524 472 45 19 som
583 470 119 21 motsvarar
717 469 47 22 dess
780 475 64 20 egen-

90 503 52 27 skap
156 503 24 21 af
192 503 101 22 särskildt
308 503 63 22 straff
382 503 34 22 för
430 503 222 27 tjensteförbrytelser,
663 503 39 21 och
711 509 61 21 synes
784 503 60 22 detta

90 537 97 27 syftemål
206 537 62 22 ernås
288 544 75 21 genom
382 540 32 19 att
432 539 13 20 2
460 545 63 14 mom.
539 538 90 21 erhåller
644 537 93 28 följande
752 537 90 27 lydelse:

92 571 136 28 »9värdighet
250 573 33 20 att
304 572 78 27 nyttjas
402 573 7 21 i
424 573 83 21 landets
523 573 65 26 tjenst
603 571 87 22 innebär
705 571 62 22 äfven
782 574 61 19 ovär-

90 606 73 27 dighet
185 608 31 19 att
238 606 90 22 förrätta
351 606 94 27 offentlig
468 607 67 26 syssla
557 606 51 22 eller
623 605 104 28 offentligt
743 606 99 21 ärende".

90 640 81 22 Genom
186 647 26 14 en
227 641 66 21 sådan
307 641 124 26 förändring
446 641 83 22 komme
544 641 161 27 ifrågavarande
720 640 80 28 påföljd
812 641 33 21 att

90 674 64 22 hafva
174 675 82 21 mindre
277 675 129 21 omfattande
423 675 127 27 verkningar
565 677 27 19 än
607 675 86 26 ,förlust
708 674 24 22 af
745 675 99 21 medbor-

90 709 76 27 gerligt
187 708 140 28 förtroende",
349 709 66 27 något
437 715 45 16 som
504 709 61 21 äfven
581 709 199 21 öfverensstämmer
794 708 50 22 med

90 743 63 22 dessa
174 743 115 27 påföljders
305 743 62 22 ofvan
383 744 93 26 antydda
491 743 57 22 olika
562 746 68 19 natur.
660 742 34 22 Då
709 742 65 22 likväl
789 750 57 15 som-

90 778 43 27 liga
147 777 138 28 tjenstebrott
299 778 62 21 äfven
376 778 105 21 innefatta
496 778 65 21 sådan
576 778 78 21 allmän
662 777 127 27 förbrytelse
797 783 46 16 som

90 812 83 22 medför
195 812 78 22 förlust
295 812 22 22 af
335 813 166 27 medborgerligt
515 812 128 27 förtroende,
659 812 62 26 följer
737 812 61 21 deraf
811 812 34 21 att

89 847 142 22 nästnämnda
250 847 80 27 påföljd
345 847 39 21 bör
400 848 6 20 i
421 847 73 21 stället
507 847 33 21 för
557 846 124 28 ovärdighet
695 848 32 20 att
742 846 78 27 nyttjas
836 847 8 21 i

90 881 84 22 landets
189 882 65 26 tjenst
268 882 91 21 utsättas
375 882 7 20 i
397 881 26 21 de
437 882 89 26 lagrum,
542 887 45 15 som
602 881 55 26 angå
672 880 71 27 dylika
757 880 88 27 tjenste-

90 916 145 27 förbrytelser.

159 950 168 22 Vidkommande
353 951 65 21 sedan
444 950 76 22 måttet
542 950 22 21 af
585 950 40 21 den
647 949 38 27 tid,
708 948 27 28 på
757 949 86 21 hvilken

91 986 124 26 ovärdighet
236 986 33 20 att
291 984 78 28 nyttjas
391 986 7 20 i
422 985 83 21 landets
519 984 66 27 tjenst
599 985 42 21 kan
657 984 93 26 ådömas,
766 983 24 23 så
804 984 39 21 all-

90 1020 107 21 denstund
216 1020 92 21 berörda
330 1019 148 27 straffpåföljd,
501 1020 69 21 såsom
593 1019 143 21 innebärande
759 1025 26 15 en
800 1018 43 21 för-

90 1055 120 26 minskning
233 1054 23 21 af
277 1055 26 20 de
325 1054 131 27 rättigheter,
473 1054 72 21 hvilka
560 1055 7 20 i
582 1055 70 20 staten
667 1054 119 21 tillkomma
802 1053 40 21 den

90 1089 119 26 oförvitlige
232 1089 159 26 medborgaren,
409 1089 150 26 obestridligen
581 1089 40 20 hör
640 1088 33 21 till
688 1089 25 20 de
729 1095 16 14 s.
761 1088 21 21 k.
797 1090 47 19 äre-

90 1123 88 22 straffen
193 1125 55 20 samt
263 1123 118 22 Ständerna
397 1123 23 21 af
433 1123 53 26 skäl,
501 1129 46 15 som
563 1123 35 20 vid
612 1123 157 26 granskningen
785 1121 22 22 af
815 1123 28 20 14

90 1157 11 28 8
116 1159 86 21 komma
222 1160 32 19 att
269 1157 141 27 omförmälas,
426 1164 50 15 anse
491 1156 136 23 ärestraffens
642 1157 153 22 utsträckande
810 1157 33 21 till

89 1192 147 27 förbrytarens
250 1192 49 20 hela
314 1191 67 22 lifstid
397 1192 18 26 ej
431 1192 70 20 kunna
516 1192 69 26 gillas,
594 1190 63 22 hafva
667 1190 119 22 Ständerna
796 1191 48 21 icke

90 1226 67 22 heller
178 1227 7 21 i
207 1226 140 22 förevarande
368 1226 38 21 fall
428 1226 94 26 godkänt
537 1226 161 26 bestämningen
713 1227 32 19 att
759 1224 85 22 straffet

89 1260 43 22 kan
147 1261 27 26 pä
188 1260 66 22 lifstid
270 1260 93 22 ädömas.
387 1260 60 21 Dock
462 1266 51 15 anse
528 1259 120 22 Ständerna
663 1259 145 21 uteslutandet
822 1258 24 22 af

89 1295 231 27 lifstidsovärdigheten
335 1294 92 27 betinga,
444 1296 32 20 att
491 1295 114 20 maximum
619 1294 33 20 för
667 1294 41 21 den
723 1294 28 26 pä
761 1294 42 20 viss
812 1293 31 21 tid

91 1329 91 21 ädömda
198 1329 106 26 påföljden
319 1328 60 26 höjes
394 1328 33 20 till
442 1328 79 21 femton
538 1328 30 20 är.

158 1362 66 21 Utom
247 1362 26 21 de
295 1362 115 26 ändringar
432 1362 7 20 i
459 1361 138 22 förevarande
613 1360 17 27 $,
645 1361 34 21 för
694 1361 72 21 hvilka
782 1360 62 21 Stän-

90 1397 66 22 derna
178 1396 63 21 ofvan
265 1396 113 27 redogjort,
403 1395 38 22 har
463 1397 32 20 ett
509 1395 157 27 förtydligande
681 1395 23 21 af
717 1395 66 22 slutet
797 1394 48 21 utaf

91 1433 11 20 1
119 1438 63 15 mom.
206 1431 107 22 befunnits
335 1431 80 26 nödigt,
438 1431 88 22 emedan
542 1430 63 21 derur
621 1430 18 27 ej
655 1429 80 22 direkte
751 1429 94 28 framgär
