1006 1709
225 143 23 17 24
452 142 22 19 U.
490 142 22 20 B.
525 152 21 2 —
558 142 61 23 Prop.
631 141 37 19 N:o
680 141 16 17 1.

69 200 44 20 Strfl.
125 200 12 16 3
146 200 45 22 Kap.
204 201 67 19 endast
290 200 7 19 i
315 200 144 25 undantagsfall
478 200 92 20 tänkbart
588 200 35 19 och
639 199 63 19 kunde
717 199 38 19 lätt
770 198 43 20 leda
828 198 32 19 till
873 199 72 24 begag-

203 234 61 20 nande
280 234 21 19 af
314 234 105 26 obefogadt
434 234 52 20 väld.

271 268 36 20 Uti
325 268 12 20 8
357 268 12 26 &
388 269 36 19 har
440 269 43 19 med
497 268 86 20 nödvärn
597 268 87 19 likstälts
700 268 32 19 det
747 267 52 26 våld,
815 274 41 12 som
870 266 31 20 får
917 269 28 16 ut-

204 303 55 19 ofvas
277 303 31 19 för
325 305 29 17 att
372 302 126 26 omintetgöra
516 302 72 20 häktad
603 308 79 19 persons
697 301 169 26 rymningsförsök
881 308 25 12 m.
922 308 25 12 m.

204 337 18 19 d.
251 337 10 19 I
276 337 102 20 Utskottet
396 338 36 18 har
446 337 112 25 ifrågasatts
573 337 97 19 huruvida
684 336 32 26 8:n
732 339 22 17 är
769 336 118 24 tillräckligt
902 336 44 24 tyd-

204 371 28 25 lig
250 372 41 19 deri
310 373 29 17 att
358 371 128 25 fängvaktare
502 372 4 18 i
524 372 63 25 dylikt
603 371 35 19 fall
652 374 22 16 är
689 370 111 26 berättigad
815 372 29 18 att
859 370 88 19 använda

204 406 127 25 skjutvapen;
346 412 42 13 men
411 406 101 19 Utskottet
534 412 56 14 anser
612 405 120 20 tvifvelsmäl
754 406 17 24 ej
794 405 65 19 kunna
877 405 70 25 uppstä

204 440 64 20 derom
282 442 34 24 att,
328 440 6 19 i
349 440 35 20 fall
399 441 113 24 rymningen
528 440 118 20 annorlunda
660 441 44 19 icke
719 440 37 19 kan
773 440 135 24 förekommas,
919 440 28 19 äf-

204 482 36 12 ven
260 474 23 20 de
300 481 62 19 vapen
378 475 20 19 få
412 475 80 25 nyttjas,
508 476 42 18 med
566 475 69 19 hvilka
649 474 163 26 vaktpersonalen
829 474 61 24 enligt
905 474 42 25 gäl-

204 509 56 19 lande
274 509 140 19 instruktioner
430 510 34 19 bör
479 516 48 12 vara
541 509 83 19 försedd.

271 543 12 28 8
298 542 18 22 9.
344 543 10 19 I
373 544 61 19 denna
449 543 13 27 &
476 544 96 20 meddelas
588 544 123 19 föreskrifter
726 543 50 19 huru
792 550 15 12 s.
824 543 19 19 k.
860 549 65 13 excess
941 544 6 18 i

205 578 85 19 nödvärn
306 578 49 19 skall
372 578 96 20 bedömas.
491 578 101 26 Förslaget
607 578 115 20 bestämmer
737 578 77 24 härvid,
830 580 29 17 att
874 577 75 19 straffet

205 612 49 19 efter
272 612 189 24 omständigheterna
479 612 31 19 mä
528 613 99 19 nedsättas
646 612 60 19 under
725 612 52 19 hvad
794 612 11 19 &
820 612 107 24 gerningen
942 612 7 18 i

204 646 106 19 allmänhet
328 647 43 19 bort
389 646 53 25 följa.
472 646 38 19 För
528 649 30 17 att
577 649 86 16 närmare
682 646 107 20 bestämma
803 646 36 19 och
854 647 95 25 begränsa

205 680 60 19 denna
280 680 179 26 straffnedsättning
473 687 55 13 anser
544 681 102 19 Utskottet
661 680 32 20 det
708 681 47 19 böra
771 680 78 25 stadgas
865 682 28 18 att
903 680 45 19 ned-

205 715 109 25 sättningen
336 714 51 20 skall
406 721 36 19 ega
460 722 42 12 rum
520 716 62 24 enligt
600 715 36 19 den
655 715 5 18 i
681 714 13 20 2
713 715 12 25 &
744 716 73 18 utsatta
836 714 69 25 grund,
925 715 25 24 pä

205 751 38 17 sätt
258 749 36 19 ock
309 749 43 19 nåd.
368 756 54 18 prop.
439 748 122 20 föreskrifvit
576 750 26 18 uti
621 750 11 18 4
648 749 13 25 &
676 749 33 19 vid
724 749 57 25 fråga
797 756 29 12 om
842 756 15 12 s.
872 749 19 19 k.
902 749 48 19 min-

205 783 47 20 skad
268 783 162 25 tillräknelighet.
456 783 129 20 Jemförelsen
600 783 43 20 med
658 783 12 19 4
686 783 13 26 &
714 790 57 13 anser
787 783 101 20 Utskottet
903 790 48 14 vara

205 818 21 19 sä
244 818 80 25 mycket
342 824 52 13 mera
412 818 115 25 berättigad,
543 825 40 12 som
598 824 66 13 excess
683 818 6 18 i
705 818 86 19 nödvärn
809 818 6 18 i
830 818 70 26 mänga
914 818 36 19 fall

204 853 41 25 just
262 852 57 19 beror
338 853 24 25 pä
381 859 22 12 en
422 852 7 20 i
447 852 39 26 hög
504 853 48 25 grad
567 852 79 25 stegrad
660 851 67 26 affekt,
742 852 128 26 hvarigenom
886 852 64 20 omdö-

206 894 48 12 mes-
278 886 34 20 och
331 886 288 26 sjelfbeherskningsförmägan
638 890 22 16 är
678 885 127 21 förminskad.
836 887 117 25 Uppenbart

206 924 22 17 är
241 922 30 18 för
284 921 66 25 öfrigt,
364 924 30 16 att
407 921 62 19 denna
479 921 177 25 straffnedsättning
666 921 43 19 icke
720 921 34 19 bör
765 927 47 13 vara
823 921 128 25 obligatorisk

206 958 45 17 utan
262 962 36 18 ega
307 962 44 12 rum
365 956 68 19 endast
447 956 7 18 i
469 956 35 19 fall
520 956 182 25 gerningsmannens
713 956 153 19 sinnestillständ
877 956 35 19 och
923 956 28 19 öf-

206 990 43 26 riga
265 990 164 25 omständigheter
444 997 46 13 voro
506 991 78 25 sädana,
596 993 29 16 att
640 990 46 19 fullt
701 990 57 20 straff
771 991 17 25 ej
804 997 47 13 vore
865 991 87 19 rättvist.

206 1025 39 19 För
260 1027 29 17 att
307 1025 115 25 ytterligare
438 1024 106 26 förtydliga
560 1026 54 18 detta
628 1025 36 20 har
678 1024 103 21 Utskottet
796 1024 81 21 framför
892 1025 60 25 ,ned-

207 1059 75 20 sättas''
298 1059 66 25 tillagt
380 1060 54 18 ordet
450 1059 99 25 ,,kunna.''

274 1092 14 29 $
303 1092 29 21 10.
361 1094 29 18 Af
406 1094 82 19 alldeles
504 1094 100 20 enahanda
619 1094 44 20 skäl
678 1094 35 20 och
729 1094 25 25 på
769 1101 72 13 samma
854 1096 45 24 sätt,
912 1101 41 13 som

208 1128 33 20 vid
256 1128 11 19 9
283 1128 13 26 &
312 1128 95 24 anfördes,
418 1128 36 19 har
469 1128 102 20 Utskottet
586 1128 57 20 äfven
658 1129 30 19 för
704 1128 91 20 straffbar
808 1128 101 26 handling,
920 1129 32 19 be-

208 1162 75 25 gången
301 1162 61 19 under
380 1160 142 27 nödtillständ,
538 1164 105 24 begränsat
660 1163 36 20 den
712 1163 185 25 straffnedsättning,
913 1170 40 12 som

208 1196 69 19 härvid
292 1196 63 24 enligt
369 1196 127 20 förevarande
512 1197 12 25 &
540 1198 37 18 kan
592 1196 146 26 ifrågakomma.

275 1228 13 29 8
304 1228 28 22 11.
362 1230 10 19 I
387 1230 64 20 likhet
465 1230 42 20 med
523 1230 51 20 hvad
588 1230 59 20 andra
661 1238 61 18 nyare
733 1231 111 25 strafflagar
854 1231 100 20 innehålla

209 1263 35 19 har
262 1263 7 19 i
284 1262 94 25 förslaget
392 1264 100 24 bestämts,
507 1266 29 16 att
550 1264 34 19 vid
599 1264 84 19 straffets
698 1264 106 20 ådömande
820 1264 89 20 afseende
925 1265 28 19 äf-

208 1303 36 13 ven
264 1296 38 20 kan
320 1296 70 20 hafvas
408 1297 52 23 derå,
475 1299 29 16 att
519 1297 125 25 förbrytaren
659 1298 30 19 för
704 1298 73 20 brottet
791 1298 58 25 länge
865 1298 67 20 hållits
947 1299 7 19 i

208 1330 196 26 ransakningshäkte.
428 1330 140 26 Ordalydelsen
584 1332 7 18 i
606 1332 33 26 8:n
653 1332 55 20 torde
724 1339 47 13 vara
786 1332 65 26 tydlig
866 1333 48 24 deri,
926 1336 29 16 att

209 1366 6 18 i
230 1366 68 19 domen
316 1366 36 19 bör
371 1368 83 17 utsättas
474 1366 31 19 det
523 1366 61 24 straff,
600 1366 80 20 hvartill
699 1367 35 19 den
750 1367 92 26 skyldige
857 1368 52 26 gjort
924 1368 32 26 sig

210 1400 97 25 förfallen,
323 1400 35 20 och
377 1400 109 20 sedermera
504 1400 84 20 derifrän
607 1401 91 26 afdragas
717 1402 36 19 den
771 1402 29 19 tid
815 1402 69 20 honom
900 1402 6 20 i
921 1409 32 13 an-

209 1435 45 27 tydt
272 1435 89 20 afseende
380 1436 35 19 bör
433 1435 163 26 tillgodokomma.
626 1436 150 26 Bestämningen
793 1439 30 17 att
838 1437 69 20 härvid
922 1444 32 13 en-

278 1469 176 22 Strafflagsutskottets
466 1470 102 16 betänkande
580 1470 34 17 N:o
627 1470 15 17 1.
