1017 1703
218 152 27 21 72
411 151 66 23 Ständ.
492 151 30 24 $v.
537 164 28 3 —
579 151 55 30 Prop.
649 151 32 24 N:o
695 152 16 23 1.

190 215 25 28 II.
237 215 122 35 Angående
384 216 117 34 förslaget
524 217 33 27 till
579 216 136 35 förordning
735 223 35 21 om
788 215 150 35 verkställig-

473 250 38 29 het
529 251 26 28 af
573 251 78 28 straff.

484 318 17 20 2
513 318 128 25 Kapitlet.

258 366 47 26 18.
335 365 34 21 Då
388 366 14 20 2
420 372 63 15 mom.
499 366 7 21 i
520 365 78 28 nådiga
612 366 158 27 propositionen
785 366 71 21 kunde
870 365 70 22 tolkas

188 400 87 27 derhän,
293 401 33 20 att
343 399 87 23 Hofrätt
451 400 66 22 borde
539 401 7 21 i
567 400 36 22 det
620 400 43 27 fall,
679 400 88 22 hvarom
782 400 39 22 här
835 402 24 19 är
874 400 66 27 fråga,

188 434 54 22 efter
261 434 98 22 anmälan
377 434 97 22 meddela
492 434 111 22 utlåtande
619 441 34 15 om
667 434 190 28 fängelsestraffets
872 434 68 22 öfver-

187 468 55 28 gång
265 468 33 22 till
318 468 96 26 tukthus,
437 469 7 21 i
459 468 84 28 analogi
557 469 49 21 med
625 469 56 21 hvad
695 475 35 15 om
745 468 196 28 sammanläggning

187 502 23 22 af
228 502 64 22 straff
309 504 24 20 är
348 502 140 28 föreskrifvet,
503 515 29 3 —
547 510 26 15 en
588 504 110 26 procedyr,
713 509 46 16 som
774 509 50 15 vore
840 503 101 27 olämplig

186 537 67 22 redan
268 537 23 21 af
305 537 40 21 den
361 537 119 27 anledning,
495 539 32 20 att
542 538 40 21 den
597 538 38 26 tid,
650 543 45 16 som
709 538 86 21 komme
808 538 34 20 att
855 536 86 28 förflyta

187 572 90 21 emellan
297 571 100 22 ärendets
411 572 136 27 företagande
562 572 8 21 i
584 572 87 21 Hofrätt
685 572 39 21 och
739 571 114 28 åtgärdens
868 571 73 27 delgif-

188 606 50 26 ning
254 605 23 22 åt
291 606 155 22 verkställande
461 606 128 28 myndighet,
604 606 7 22 i
626 606 53 22 strid
688 606 49 22 med
747 607 127 21 momentets
883 606 59 21 inne-

186 639 44 22 håll
245 640 47 21 icke
307 640 71 21 kunde
393 640 42 22 den
450 640 75 22 dömde
539 640 274 28 tillgodoräknas
723 635 15 38 —
749 635 65 38 hafva
823 640 118 22 Ständerna

186 680 77 21 genom
278 674 74 27 tillägg
367 674 22 21 af
398 674 66 21 orden
475 675 48 26 ,,vid
534 669 200 32 verkställigheten"
745 674 123 27 förtydligat
878 681 63 15 mom.

187 708 87 27 derhän,
298 709 33 20 att
345 707 147 28 ifrågakomna
507 708 256 27 straffsammanläggning
779 708 71 21 såsom
865 709 78 21 endast

186 742 149 21 innefattande
357 747 25 16 en
403 743 61 20 enkel
484 742 119 22 aritmetisk
618 742 113 21 reduktion
746 743 40 21 bör
801 742 23 21 af
838 742 103 22 verkstäl-

185 776 63 22 lande
263 775 124 28 myndighet
401 776 137 27 ombesörjas.

255 810 48 26 28.
332 809 43 22 För
393 812 32 19 att
443 810 114 27 förebygga
576 810 58 22 olika
648 810 136 27 uppfattning
798 810 64 22 hafva
877 810 61 22 Stän-

186 845 72 26 derna,
274 850 46 15 som
335 844 76 21 ändrat
426 844 27 21 15
468 844 13 27 8
496 845 13 20 2
524 844 49 28 kap.
589 844 22 22 af
629 844 209 27 strafflagsförslaget
850 845 87 27 derhän,

184 880 32 21 att
238 879 28 21 då
280 878 140 22 frihetsstraff
433 880 25 19 är
472 880 67 21 utsatt
553 879 8 22 i
576 878 24 22 år
615 878 49 21 eller
679 878 110 27 månader,
804 879 134 22 kalendertid

185 913 55 23 skall
254 913 113 28 iakttagas,
383 913 34 21 till
431 913 139 22 förevarande
585 913 13 27 &
612 913 56 28 gjort
683 915 31 20 ett
729 913 80 28 tillägg,
824 919 46 16 som
880 913 58 22 med-

185 948 60 22 delar
266 947 149 22 bestämmelse
431 947 78 28 derom,
525 950 32 20 att
571 949 41 21 den
627 948 76 21 dömde
717 949 8 21 i
739 947 77 23 sådant
830 948 39 22 fall
883 949 56 21 skall

184 982 95 27 frigifvas
301 982 14 21 &
334 982 47 27 dag,
397 988 46 15 som
457 988 75 21 genom
547 983 33 21 sin
594 989 96 15 nummer
704 983 7 21 i
725 983 105 21 månaden
845 984 92 20 motsva-

184 1022 36 16 rar
235 1017 49 26 den,
299 1015 48 22 från
362 1016 86 21 hvilken
462 1017 148 27 tidräkningen
625 1017 78 26 börjas,
719 1017 58 27 eller,
793 1017 38 21 der
845 1018 93 20 motsva-

184 1050 66 22 rande
272 1056 96 16 nummer
389 1050 18 27 ej
423 1050 69 22 finnes
507 1051 7 21 i
529 1051 41 22 den
585 1050 83 28 månad,
683 1050 122 22 hvarunder
820 1051 117 27 räkningen

184 1084 75 27 slutas,
273 1084 13 22 å
300 1084 53 22 sista
368 1084 68 27 dagen
450 1085 8 21 i
473 1086 64 26 sagde
551 1085 84 21 månad.

253 1118 49 27 58.
331 1118 34 22 Då
386 1119 77 27 nådiga
484 1120 169 26 propositionens
671 1118 117 26 föreskrift,
803 1121 32 19 att
849 1118 89 28 fångun-

185 1153 149 27 dervisningen
348 1152 40 22 bör
403 1153 89 21 omfatta
506 1153 117 22 folkskolas
632 1153 58 27 kurs,
708 1152 124 23 framkallat
848 1153 90 22 betänk-

184 1187 91 28 ligheter
297 1187 48 22 med
367 1186 100 22 afseende
489 1186 13 22 å
522 1187 131 22 folkskolans
675 1188 8 21 i
697 1184 77 31 många
788 1188 60 21 delar
863 1188 75 22 endast

184 1222 34 22 för
240 1221 97 22 växande
358 1220 112 28 afpassade
489 1222 105 27 läroplan,
609 1222 64 22 hafva
688 1221 120 23 Ständerna
822 1222 49 22 med
886 1222 52 22 hän-

184 1262 39 20 syn
238 1255 72 21 dertill
324 1256 32 20 att
370 1255 102 21 särskildt
485 1255 179 27 tukthusstraffet,
679 1256 33 20 för
727 1256 32 21 att
774 1257 108 20 motsvara
901 1256 37 21 sitt

185 1288 106 28 ändamål,
313 1288 84 22 kräfver
417 1288 98 27 allvarlig
537 1289 162 27 sysselsättning
720 1289 50 21 med
784 1289 154 27 kroppsarbete

185 1324 40 22 och
239 1322 84 23 således
337 1322 80 22 lemnar
429 1323 154 27 jemförelsevis
599 1323 82 22 mindre
695 1324 32 21 tid
742 1323 55 28 öfrig
812 1323 34 22 för
860 1323 77 22 under-

184 1358 94 27 visnings
297 1356 143 27 inhemtande,
459 1357 114 22 inskränkt
587 1357 40 22 den
643 1356 153 29 obligatoriska
810 1357 128 28 fångunder-

184 1389 111 30 visningen
316 1391 33 22 till
371 1391 64 28 nödig
457 1391 98 28 kunskap
570 1391 8 22 i
593 1391 96 28 religion,
704 1391 155 28 innanläsning,
875 1392 62 22 skrif-

185 1427 51 27 ning
251 1426 41 21 och
306 1425 97 28 räkning.

254 1461 12 21 7
283 1461 20 26 8.
332 1459 43 22 För
396 1461 32 21 att
447 1460 78 22 bereda
539 1460 148 23 föreståndare
701 1461 33 21 för
749 1460 131 23 staffanstalt
894 1461 43 25 till:
