1017 1714
239 123 26 22 18
429 123 66 24 Ständ.
509 123 30 24 $v.
554 137 28 4 —
594 123 57 29 Prop.
666 123 32 24 H:o
713 123 15 24 1.

208 190 99 26 yttrande
329 189 127 27 förolämpat
475 196 26 16 en
521 190 76 27 mängd
618 195 101 22 personer
739 200 29 4 —
782 189 47 22 icke
851 190 24 20 är
895 189 64 27 prici-

201 224 60 26 -pielt
282 223 131 28 nödvändigt
434 224 39 22 och
493 224 18 27 ej
526 224 67 22 heller
607 224 98 27 erbjuder
719 223 67 27 några
800 224 68 21 ökade
882 229 77 21 garan-

208 258 42 22 tier
264 258 34 22 för
312 265 27 15 en
351 258 58 28 jemn
424 258 39 22 och
475 258 106 28 likformig
591 258 160 27 straffmätning,
762 264 86 16 snarare
858 259 100 21 tvärtom.

208 292 68 23 Anses
298 293 81 27 engång
400 292 93 23 straffets
514 293 117 23 ådömande
652 293 33 22 för
705 292 65 22 ideelt
785 292 174 23 konkurrerande

208 328 59 22 brott
281 328 53 21 böra
348 328 85 22 baseras
448 328 28 28 på
490 328 248 27 absorptionsprincipen,
754 327 24 22 så
792 334 62 20 synes
869 328 37 22 det
915 328 43 21 rik-

207 363 68 27 tigare
296 362 39 22 och
357 362 48 22 med
421 363 69 21 denna
504 362 130 28 ståndpunkt
647 368 60 16 mera
722 362 236 27 öfverensstämmande,

207 399 31 20 att
254 397 41 21 den
309 396 115 23 straffbara
439 397 134 27 handlingen,
589 404 33 15 om
638 397 39 22 ock
691 398 7 21 i
713 397 32 27 sig
754 396 144 23 innefattande
906 397 53 22 flera

207 431 145 27 förbrytelser,
373 432 35 21 vid
428 431 181 28 straffmätningen
627 432 111 22 betraktas
753 432 69 21 såsom
838 438 27 15 en
879 432 80 22 brotts-

208 467 70 27 enhet,
293 466 40 22 och
348 467 33 21 att
397 466 82 22 straffet
494 465 81 23 således
585 466 32 22 får
627 466 74 22 utfalla
711 466 54 22 efter
775 466 36 22 det
820 466 139 28 totalintryck

208 502 69 20 denna
299 500 65 22 enhet
385 500 124 23 framkallar
531 501 39 22 hos
592 501 107 21 domaren.
729 500 38 22 Att
780 500 54 22 först
848 501 82 27 nödgas
945 500 13 22 &

207 535 135 23 straffskalan
357 535 115 27 uppskatta
483 536 39 21 den
533 535 114 22 straffbara
655 535 140 28 handlingens
805 536 105 21 särskilda
922 536 37 22 de-

206 570 33 22 lar
253 570 60 22 leder
327 570 41 21 lätt
383 570 110 22 domarens
503 570 172 22 betraktelsesätt
686 571 21 21 in
717 570 28 28 på
755 570 202 28 kumulationsprin-

207 605 60 27 cipen
289 604 40 22 och
351 604 69 22 blefve
440 606 26 20 än
481 611 44 15 mer
539 604 149 28 vilseledande,
704 610 35 17 om
753 604 133 23 konkurrens
902 605 55 22 blott

207 640 66 21 delvis
296 641 24 19 är
342 638 125 27 förhanden,
483 638 24 23 så
520 641 32 20 att
566 640 84 20 brotten
665 640 32 21 till
713 646 26 15 en
755 639 34 22 del
803 640 153 22 sammanfalla.

205 674 89 28 Följden
309 673 23 22 af
346 673 59 22 detta
419 674 120 22 förfarande
554 674 70 22 kunde
639 674 89 22 sålunda
743 674 64 22 blifva
822 675 38 25 att,
871 676 39 20 när
920 675 38 21 det

206 708 94 22 svåraste
315 708 80 22 brottet
409 708 90 28 förskylt
514 710 30 20 ett
556 708 152 28 jemförelsevis
723 708 87 28 lindrigt
824 708 63 22 straff
899 710 57 21 inom

206 743 142 27 straffskalan,
363 743 24 21 så
394 744 32 20 att
440 743 52 27 godt
506 745 104 25 utrymme
625 743 112 22 förefinnes
752 743 34 22 för
801 743 156 29 straffhöjning,

206 779 40 21 den
265 778 96 27 skyldige
375 778 70 21 skulle
460 777 85 23 ådömas
561 780 32 20 ett
607 779 108 25 strängare
730 778 63 22 straff
805 778 33 22 för
853 778 45 22 sina
913 778 42 22 för-

204 812 111 28 brytelser,
330 814 28 19 än
372 812 48 22 med
435 812 242 28 absorptionsprincipen
693 814 24 20 är
726 812 107 28 förenligt.
863 812 93 23 Alldeles

204 848 88 21 motsatt
309 847 71 21 kunde
395 846 95 22 deremot
505 848 113 21 resultatet
632 846 71 26 blifva,
719 852 34 16 om
770 847 34 22 det
819 848 22 21 in
856 849 100 21 concreto

204 882 95 28 svåraste
315 881 82 22 straffet
411 884 86 19 närmar
511 882 31 26 sig
557 881 142 22 straffsatsens
715 881 76 27 högsta
805 882 84 28 belopp.
912 882 44 22 An-

203 917 60 26 tages
286 917 16 20 t.
325 922 32 15 ex.
381 917 32 21 att
436 922 27 15 en
478 922 74 21 person
568 916 72 27 begått
655 917 32 20 tre
702 916 65 22 ideelt
781 916 174 22 konkurrerande

203 951 66 26 brott,
285 950 22 22 af
320 950 72 22 hvilka
407 950 42 26 två,
465 956 45 16 som
525 952 36 20 äro
577 950 89 28 belagda
681 950 49 22 med
745 951 89 22 tukthus
849 951 34 22 till
892 951 64 27 högst

204 991 37 16 sex
256 984 30 28 år,
301 984 90 27 förskylt
405 984 113 22 hvartdera
533 985 36 21 två
583 985 34 21 års
632 984 89 22 tukthus
737 985 40 21 och
788 985 35 22 det
833 986 75 26 tredje,
919 986 37 20 be-

202 1020 61 27 lagdt
284 1019 49 21 med
354 1018 95 28 fängelse
471 1019 55 21 ända
547 1020 34 21 till
598 1019 47 27 fyra
659 1020 30 26 år,
705 1019 102 27 förtjenat
821 1021 33 20 tre
869 1020 40 21 och
924 1021 32 19 ett

202 1054 55 22 halft
280 1054 33 21 års
336 1053 100 28 fängelse,
459 1053 24 23 så
505 1054 68 22 måste
595 1054 130 22 sistnämnda
747 1054 67 27 straff,
834 1054 70 22 såsom
919 1054 37 22 det

203 1090 127 25 strängaste,
353 1088 106 27 tillämpas
475 1089 54 21 samt
544 1089 128 27 tillbörligen
687 1088 60 28 höjas
762 1088 49 22 med
825 1088 82 28 hänsyn
921 1088 33 22 till
967 1094 2 5 *

203 1123 26 21 de
250 1122 69 27 öfriga
340 1122 87 22 brotten
448 1122 39 22 och
507 1122 98 28 slutligen
627 1122 120 22 förvandlas
765 1123 33 21 till
813 1122 40 22 den
868 1122 86 22 svärare

202 1156 122 23 straffarten.
346 1156 98 27 tukthus;
467 1163 48 15 men
537 1156 28 22 dä
587 1157 40 21 den
651 1157 216 27 straffbestämmelse,
888 1157 68 27 enligt

201 1191 87 22 hvilken
295 1190 178 28 fängelsestraffet
481 1192 84 27 utsatts,
575 1192 46 21 icke
631 1191 33 22 fär
674 1191 149 28 öfverskridas,
832 1192 42 21 kan
884 1191 71 22 strafi-

202 1226 87 27 höjning
309 1226 76 21 endast
399 1232 38 21 ega
452 1233 47 15 rum
514 1227 47 21 med
577 1227 31 21 ett
623 1226 54 22 halft
691 1227 35 22 ärs
741 1226 101 27 fängelse,
858 1227 40 21 och
913 1227 41 21 den

201 1260 96 27 skyldige
320 1260 69 20 skulle
411 1260 82 21 säledes
515 1260 34 20 för
564 1261 99 25 samtliga
676 1260 86 21 brotten
776 1260 114 26 undslippa
904 1260 49 20 med

201 1293 76 22 endast
299 1294 32 20 tre
350 1293 34 21 ärs
399 1293 96 22 tukthus.
512 1304 25 4 —
553 1293 145 22 Föreskrifves
714 1293 37 22 det
766 1293 101 26 deremot,
883 1293 69 22 säsom

200 1326 119 23 Ständerna
334 1333 50 16 anse
399 1327 54 22 böra
467 1327 44 28 ske,
527 1329 32 21 att
573 1327 82 22 straffet
669 1328 34 21 för
717 1328 42 22 alla
774 1328 86 22 brotten
870 1328 39 21 bör
919 1329 35 20 ut-

200 1363 67 21 sättas
283 1363 66 26 enligt
365 1361 35 22 det
414 1363 121 27 strängaste
549 1361 134 29 stadgandet,
700 1362 120 23 oberoende
830 1362 61 22 deraf
900 1362 52 22 hvil-

199 1397 42 22 ken
257 1397 95 22 straffart
366 1397 74 27 hvarje
456 1396 58 23 brott
529 1397 32 22 för
577 1398 31 27 sig
623 1397 68 22 skulle
701 1397 97 28 förskylt,
809 1397 23 23 sä
843 1397 52 22 ökas
905 1397 50 22 der-

198 1432 84 27 igenom
302 1431 137 28 möjligheten
454 1431 33 22 för
503 1432 117 22 domstolen
635 1433 31 21 att
680 1432 130 27 tillbörligen
824 1432 50 27 höja
888 1432 65 22 straf-
