<?xml version="1.0" encoding="UTF-8"?>
<alto xmlns="http://www.loc.gov/standards/alto/ns-v3#" xmlns:xlink="http://www.w3.org/1999/xlink" xmlns:xsi="http://www.w3.org/2001/XMLSchema-instance" xsi:schemaLocation="http://www.loc.gov/standards/alto/ns-v3# http://www.loc.gov/alto/v3/alto-3-0.xsd">
	<Description>
		<MeasurementUnit>pixel</MeasurementUnit>
		<sourceImageInformation>
			<fileName>/tmp/tess_fmph6zr__input.PNG</fileName>
		</sourceImageInformation>
		<OCRProcessing ID="OCR_0">
			<ocrProcessingStep>
				<processingSoftware>
					<softwareName>tesseract 5.3.4</softwareName>
				</processingSoftware>
			</ocrProcessingStep>
		</OCRProcessing>
	</Description>
	<Layout>
		<Page WIDTH="1048" HEIGHT="1709" PHYSICAL_IMG_NR="0" ID="page_0">
			<PrintSpace HPOS="0" VPOS="0" WIDTH="1048" HEIGHT="1709">
				<ComposedBlock ID="cblock_0" HPOS="800" VPOS="141" WIDTH="21" HEIGHT="12">
					<TextBlock ID="block_0" HPOS="800" VPOS="141" WIDTH="21" HEIGHT="12">
						<TextLine ID="line_0" HPOS="800" VPOS="141" WIDTH="21" HEIGHT="12">
							<String ID="string_0" HPOS="800" VPOS="141" WIDTH="21" HEIGHT="12" WC="0.92" CONTENT="XI"/>
						</TextLine>
					</TextBlock>
				</ComposedBlock>
				<ComposedBlock ID="cblock_1" HPOS="92" VPOS="190" WIDTH="752" HEIGHT="851">
					<TextBlock ID="block_1" HPOS="94" VPOS="190" WIDTH="750" HEIGHT="303">
						<TextLine ID="line_1" HPOS="98" VPOS="190" WIDTH="746" HEIGHT="29">
							<String ID="string_1" HPOS="98" VPOS="192" WIDTH="43" HEIGHT="23" WC="0.92" CONTENT="tyrs"/><SP WIDTH="16" VPOS="192" HPOS="141"/>
							<String ID="string_2" HPOS="157" VPOS="190" WIDTH="102" HEIGHT="26" WC="0.96" CONTENT="oskyldigt"/><SP WIDTH="15" VPOS="190" HPOS="259"/>
							<String ID="string_3" HPOS="274" VPOS="191" WIDTH="109" HEIGHT="26" WC="0.96" CONTENT="anklagade"/><SP WIDTH="14" VPOS="191" HPOS="383"/>
							<String ID="string_4" HPOS="397" VPOS="193" WIDTH="68" HEIGHT="19" WC="0.93" CONTENT="lättast"/><SP WIDTH="16" VPOS="193" HPOS="465"/>
							<String ID="string_5" HPOS="481" VPOS="193" WIDTH="121" HEIGHT="26" WC="0.91" CONTENT="ådagalägga"/><SP WIDTH="14" VPOS="193" HPOS="602"/>
							<String ID="string_6" HPOS="616" VPOS="194" WIDTH="29" HEIGHT="18" WC="0.96" CONTENT="sin"/><SP WIDTH="11" VPOS="194" HPOS="645"/>
							<String ID="string_7" HPOS="656" VPOS="194" WIDTH="74" HEIGHT="19" WC="0.96" CONTENT="oskuld."/><SP WIDTH="24" VPOS="194" HPOS="730"/>
							<String ID="string_8" HPOS="754" VPOS="194" WIDTH="10" HEIGHT="18" WC="0.95" CONTENT="I"/><SP WIDTH="10" VPOS="194" HPOS="764"/>
							<String ID="string_9" HPOS="774" VPOS="194" WIDTH="70" HEIGHT="25" WC="0.96" CONTENT="högsta"/>
						</TextLine>
						<TextLine ID="line_2" HPOS="97" VPOS="224" WIDTH="745" HEIGHT="30">
							<String ID="string_10" HPOS="97" VPOS="224" WIDTH="60" HEIGHT="20" WC="0.90" CONTENT="måtto"/><SP WIDTH="22" VPOS="224" HPOS="157"/>
							<String ID="string_11" HPOS="179" VPOS="225" WIDTH="115" HEIGHT="19" WC="0.92" CONTENT="välbetänkt"/><SP WIDTH="21" VPOS="225" HPOS="294"/>
							<String ID="string_12" HPOS="315" VPOS="230" WIDTH="22" HEIGHT="15" WC="0.93" CONTENT="är"/><SP WIDTH="23" VPOS="230" HPOS="337"/>
							<String ID="string_13" HPOS="360" VPOS="227" WIDTH="74" HEIGHT="19" WC="0.91" CONTENT="derföre"/><SP WIDTH="23" VPOS="227" HPOS="434"/>
							<String ID="string_14" HPOS="457" VPOS="228" WIDTH="57" HEIGHT="19" WC="0.93" CONTENT="äfven"/><SP WIDTH="22" VPOS="228" HPOS="514"/>
							<String ID="string_15" HPOS="536" VPOS="228" WIDTH="115" HEIGHT="25" WC="0.92" CONTENT="stadgandet"/><SP WIDTH="19" VPOS="228" HPOS="651"/>
							<String ID="string_16" HPOS="670" VPOS="228" WIDTH="6" HEIGHT="18" WC="0.96" CONTENT="i"/><SP WIDTH="19" VPOS="228" HPOS="676"/>
							<String ID="string_17" HPOS="695" VPOS="228" WIDTH="11" HEIGHT="18" WC="0.92" CONTENT="7"/><SP WIDTH="20" VPOS="228" HPOS="706"/>
							<String ID="string_18" HPOS="726" VPOS="228" WIDTH="13" HEIGHT="26" WC="0.91" CONTENT="&amp;"/><SP WIDTH="18" VPOS="228" HPOS="739"/>
							<String ID="string_19" HPOS="757" VPOS="229" WIDTH="25" HEIGHT="18" WC="0.96" CONTENT="14"/><SP WIDTH="16" VPOS="229" HPOS="782"/>
							<String ID="string_20" HPOS="798" VPOS="228" WIDTH="44" HEIGHT="25" WC="0.96" CONTENT="kap."/>
						</TextLine>
						<TextLine ID="line_3" HPOS="97" VPOS="258" WIDTH="746" HEIGHT="29">
							<String ID="string_21" HPOS="97" VPOS="258" WIDTH="23" HEIGHT="19" WC="0.93" CONTENT="R."/><SP WIDTH="19" VPOS="258" HPOS="120"/>
							<String ID="string_22" HPOS="139" VPOS="258" WIDTH="29" HEIGHT="26" WC="0.90" CONTENT="B.,"/><SP WIDTH="16" VPOS="258" HPOS="168"/>
							<String ID="string_23" HPOS="184" VPOS="258" WIDTH="34" HEIGHT="20" WC="0.93" CONTENT="der"/><SP WIDTH="14" VPOS="258" HPOS="218"/>
							<String ID="string_24" HPOS="232" VPOS="260" WIDTH="128" HEIGHT="24" WC="0.91" CONTENT="grundsatsen"/><SP WIDTH="16" VPOS="260" HPOS="360"/>
							<String ID="string_25" HPOS="376" VPOS="261" WIDTH="73" HEIGHT="25" WC="0.75" CONTENT="tydligt"/><SP WIDTH="15" VPOS="261" HPOS="449"/>
							<String ID="string_26" HPOS="464" VPOS="262" WIDTH="81" HEIGHT="19" WC="0.91" CONTENT="uttalas:"/><SP WIDTH="21" VPOS="262" HPOS="545"/>
							<String ID="string_27" HPOS="566" VPOS="264" WIDTH="29" HEIGHT="17" WC="0.95" CONTENT="att"/><SP WIDTH="15" VPOS="264" HPOS="595"/>
							<String ID="string_28" HPOS="610" VPOS="262" WIDTH="144" HEIGHT="25" WC="0.96" CONTENT="undersökning"/><SP WIDTH="15" VPOS="262" HPOS="754"/>
							<String ID="string_29" HPOS="769" VPOS="269" WIDTH="30" HEIGHT="12" WC="0.96" CONTENT="om"/><SP WIDTH="16" VPOS="269" HPOS="799"/>
							<String ID="string_30" HPOS="815" VPOS="264" WIDTH="28" HEIGHT="17" WC="0.96" CONTENT="ett"/>
						</TextLine>
						<TextLine ID="line_4" HPOS="96" VPOS="293" WIDTH="746" HEIGHT="28">
							<String ID="string_31" HPOS="96" VPOS="293" WIDTH="52" HEIGHT="19" WC="0.93" CONTENT="inför"/><SP WIDTH="14" VPOS="293" HPOS="148"/>
							<String ID="string_32" HPOS="162" VPOS="295" WIDTH="51" HEIGHT="17" WC="0.91" CONTENT="rätta"/><SP WIDTH="15" VPOS="295" HPOS="213"/>
							<String ID="string_33" HPOS="228" VPOS="294" WIDTH="105" HEIGHT="25" WC="0.93" CONTENT="uppgifvet"/><SP WIDTH="14" VPOS="294" HPOS="333"/>
							<String ID="string_34" HPOS="347" VPOS="296" WIDTH="96" HEIGHT="24" WC="0.92" CONTENT="ärerörigt"/><SP WIDTH="14" VPOS="296" HPOS="443"/>
							<String ID="string_35" HPOS="457" VPOS="296" WIDTH="59" HEIGHT="25" WC="0.92" CONTENT="brott,"/><SP WIDTH="16" VPOS="296" HPOS="516"/>
							<String ID="string_36" HPOS="532" VPOS="296" WIDTH="80" HEIGHT="20" WC="0.92" CONTENT="hvarom"/><SP WIDTH="15" VPOS="296" HPOS="612"/>
							<String ID="string_37" HPOS="627" VPOS="303" WIDTH="43" HEIGHT="12" WC="0.96" CONTENT="man"/><SP WIDTH="16" VPOS="303" HPOS="670"/>
							<String ID="string_38" HPOS="686" VPOS="297" WIDTH="35" HEIGHT="18" WC="0.93" CONTENT="vill"/><SP WIDTH="17" VPOS="297" HPOS="721"/>
							<String ID="string_39" HPOS="738" VPOS="297" WIDTH="104" HEIGHT="24" WC="0.79" CONTENT="öfvertyga"/>
						</TextLine>
						<TextLine ID="line_5" HPOS="96" VPOS="327" WIDTH="745" HEIGHT="28">
							<String ID="string_40" HPOS="96" VPOS="333" WIDTH="69" HEIGHT="16" WC="0.96" CONTENT="annan,"/><SP WIDTH="19" VPOS="333" HPOS="165"/>
							<String ID="string_41" HPOS="184" VPOS="327" WIDTH="51" HEIGHT="20" WC="0.93" CONTENT="skall"/><SP WIDTH="19" VPOS="327" HPOS="235"/>
							<String ID="string_42" HPOS="254" VPOS="328" WIDTH="87" HEIGHT="25" WC="0.91" CONTENT="försiggä"/><SP WIDTH="18" VPOS="328" HPOS="341"/>
							<String ID="string_43" HPOS="359" VPOS="328" WIDTH="36" HEIGHT="21" WC="0.96" CONTENT="vid"/><SP WIDTH="16" VPOS="328" HPOS="395"/>
							<String ID="string_44" HPOS="411" VPOS="329" WIDTH="93" HEIGHT="26" WC="0.93" CONTENT="domstol,"/><SP WIDTH="17" VPOS="329" HPOS="504"/>
							<String ID="string_45" HPOS="521" VPOS="329" WIDTH="102" HEIGHT="21" WC="0.92" CONTENT="derunder"/><SP WIDTH="15" VPOS="329" HPOS="623"/>
							<String ID="string_46" HPOS="638" VPOS="329" WIDTH="117" HEIGHT="21" WC="0.92" CONTENT="brottmälet"/><SP WIDTH="15" VPOS="329" HPOS="755"/>
							<String ID="string_47" HPOS="770" VPOS="329" WIDTH="71" HEIGHT="26" WC="0.91" CONTENT="hörer;"/>
						</TextLine>
						<TextLine ID="line_6" HPOS="96" VPOS="361" WIDTH="745" HEIGHT="30">
							<String ID="string_48" HPOS="96" VPOS="361" WIDTH="35" HEIGHT="20" WC="0.96" CONTENT="och"/><SP WIDTH="19" VPOS="361" HPOS="131"/>
							<String ID="string_49" HPOS="150" VPOS="364" WIDTH="22" HEIGHT="17" WC="0.96" CONTENT="är"/><SP WIDTH="19" VPOS="364" HPOS="172"/>
							<String ID="string_50" HPOS="191" VPOS="362" WIDTH="32" HEIGHT="19" WC="0.93" CONTENT="det"/><SP WIDTH="16" VPOS="362" HPOS="223"/>
							<String ID="string_51" HPOS="239" VPOS="362" WIDTH="73" HEIGHT="26" WC="0.93" CONTENT="jemväl"/><SP WIDTH="17" VPOS="362" HPOS="312"/>
							<String ID="string_52" HPOS="329" VPOS="363" WIDTH="20" HEIGHT="20" WC="0.93" CONTENT="af"/><SP WIDTH="14" VPOS="363" HPOS="349"/>
							<String ID="string_53" HPOS="363" VPOS="364" WIDTH="59" HEIGHT="19" WC="0.96" CONTENT="sådan"/><SP WIDTH="15" VPOS="364" HPOS="422"/>
							<String ID="string_54" HPOS="437" VPOS="363" WIDTH="83" HEIGHT="28" WC="0.96" CONTENT="behörig"/><SP WIDTH="16" VPOS="363" HPOS="520"/>
							<String ID="string_55" HPOS="536" VPOS="363" WIDTH="85" HEIGHT="22" WC="0.96" CONTENT="domstol"/><SP WIDTH="16" VPOS="363" HPOS="621"/>
							<String ID="string_56" HPOS="637" VPOS="365" WIDTH="30" HEIGHT="18" WC="0.96" CONTENT="för"/><SP WIDTH="15" VPOS="365" HPOS="667"/>
							<String ID="string_57" HPOS="682" VPOS="365" WIDTH="52" HEIGHT="19" WC="0.93" CONTENT="brott"/><SP WIDTH="15" VPOS="365" HPOS="734"/>
							<String ID="string_58" HPOS="749" VPOS="365" WIDTH="92" HEIGHT="24" WC="0.92" CONTENT="angifven"/>
						</TextLine>
						<TextLine ID="line_7" HPOS="95" VPOS="397" WIDTH="746" HEIGHT="28">
							<String ID="string_59" HPOS="95" VPOS="403" WIDTH="70" HEIGHT="19" WC="0.96" CONTENT="person"/><SP WIDTH="16" VPOS="403" HPOS="165"/>
							<String ID="string_60" HPOS="181" VPOS="397" WIDTH="61" HEIGHT="25" WC="0.96" CONTENT="enligt"/><SP WIDTH="17" VPOS="397" HPOS="242"/>
							<String ID="string_61" HPOS="259" VPOS="397" WIDTH="24" HEIGHT="20" WC="0.93" CONTENT="16"/><SP WIDTH="16" VPOS="397" HPOS="283"/>
							<String ID="string_62" HPOS="299" VPOS="398" WIDTH="13" HEIGHT="25" WC="0.34" CONTENT="$"/><SP WIDTH="15" VPOS="398" HPOS="312"/>
							<String ID="string_63" HPOS="327" VPOS="398" WIDTH="7" HEIGHT="19" WC="0.96" CONTENT="i"/><SP WIDTH="18" VPOS="398" HPOS="334"/>
							<String ID="string_64" HPOS="352" VPOS="398" WIDTH="52" HEIGHT="19" WC="0.93" CONTENT="1772"/><SP WIDTH="15" VPOS="398" HPOS="404"/>
							<String ID="string_65" HPOS="419" VPOS="399" WIDTH="30" HEIGHT="19" WC="0.93" CONTENT="års"/><SP WIDTH="17" VPOS="399" HPOS="449"/>
							<String ID="string_66" HPOS="466" VPOS="399" WIDTH="157" HEIGHT="26" WC="0.92" CONTENT="Regeringsform"/><SP WIDTH="16" VPOS="399" HPOS="623"/>
							<String ID="string_67" HPOS="639" VPOS="399" WIDTH="35" HEIGHT="20" WC="0.96" CONTENT="och"/><SP WIDTH="14" VPOS="399" HPOS="674"/>
							<String ID="string_68" HPOS="688" VPOS="399" WIDTH="60" HEIGHT="20" WC="0.93" CONTENT="andra"/><SP WIDTH="10" VPOS="399" HPOS="748"/>
							<String ID="string_69" HPOS="758" VPOS="405" WIDTH="83" HEIGHT="14" WC="0.92" CONTENT="momen-"/>
						</TextLine>
						<TextLine ID="line_8" HPOS="98" VPOS="431" WIDTH="744" HEIGHT="26">
							<String ID="string_70" HPOS="98" VPOS="433" WIDTH="28" HEIGHT="17" WC="0.96" CONTENT="tet"/><SP WIDTH="15" VPOS="433" HPOS="126"/>
							<String ID="string_71" HPOS="141" VPOS="431" WIDTH="7" HEIGHT="19" WC="0.96" CONTENT="i"/><SP WIDTH="18" VPOS="431" HPOS="148"/>
							<String ID="string_72" HPOS="166" VPOS="431" WIDTH="52" HEIGHT="20" WC="0.93" CONTENT="1789"/><SP WIDTH="16" VPOS="431" HPOS="218"/>
							<String ID="string_73" HPOS="234" VPOS="431" WIDTH="31" HEIGHT="20" WC="0.92" CONTENT="ärs"/><SP WIDTH="11" VPOS="431" HPOS="265"/>
							<String ID="string_74" HPOS="276" VPOS="431" WIDTH="116" HEIGHT="26" WC="0.93" CONTENT="Förenings-"/><SP WIDTH="12" VPOS="431" HPOS="392"/>
							<String ID="string_75" HPOS="404" VPOS="433" WIDTH="35" HEIGHT="19" WC="0.93" CONTENT="och"/><SP WIDTH="12" VPOS="433" HPOS="439"/>
							<String ID="string_76" HPOS="451" VPOS="433" WIDTH="141" HEIGHT="20" WC="0.92" CONTENT="Säkerhetsakt"/><SP WIDTH="10" VPOS="433" HPOS="592"/>
							<String ID="string_77" HPOS="602" VPOS="434" WIDTH="60" HEIGHT="19" WC="0.93" CONTENT="mäste"/><SP WIDTH="10" VPOS="434" HPOS="662"/>
							<String ID="string_78" HPOS="672" VPOS="433" WIDTH="62" HEIGHT="19" WC="0.91" CONTENT="blifva"/><SP WIDTH="12" VPOS="433" HPOS="734"/>
							<String ID="string_79" HPOS="746" VPOS="433" WIDTH="56" HEIGHT="19" WC="0.92" CONTENT="dömd"/><SP WIDTH="10" VPOS="433" HPOS="802"/>
							<String ID="string_80" HPOS="812" VPOS="433" WIDTH="30" HEIGHT="19" WC="0.96" CONTENT="för"/>
						</TextLine>
						<TextLine ID="line_9" HPOS="94" VPOS="466" WIDTH="700" HEIGHT="27">
							<String ID="string_81" HPOS="94" VPOS="468" WIDTH="29" HEIGHT="17" WC="0.95" CONTENT="att"/><SP WIDTH="15" VPOS="468" HPOS="123"/>
							<String ID="string_82" HPOS="138" VPOS="472" WIDTH="48" HEIGHT="13" WC="0.96" CONTENT="vara"/><SP WIDTH="16" VPOS="472" HPOS="186"/>
							<String ID="string_83" HPOS="202" VPOS="472" WIDTH="29" HEIGHT="13" WC="0.96" CONTENT="om"/><SP WIDTH="15" VPOS="472" HPOS="231"/>
							<String ID="string_84" HPOS="246" VPOS="466" WIDTH="35" HEIGHT="19" WC="0.93" CONTENT="den"/><SP WIDTH="17" VPOS="466" HPOS="281"/>
							<String ID="string_85" HPOS="298" VPOS="467" WIDTH="104" HEIGHT="25" WC="0.92" CONTENT="brottsliga"/><SP WIDTH="15" VPOS="467" HPOS="402"/>
							<String ID="string_86" HPOS="417" VPOS="467" WIDTH="118" HEIGHT="26" WC="0.93" CONTENT="handlingen"/><SP WIDTH="16" VPOS="467" HPOS="535"/>
							<String ID="string_87" HPOS="551" VPOS="468" WIDTH="85" HEIGHT="25" WC="0.93" CONTENT="lagligen"/><SP WIDTH="16" VPOS="468" HPOS="636"/>
							<String ID="string_88" HPOS="652" VPOS="467" WIDTH="142" HEIGHT="20" WC="0.89" CONTENT="öfverbevisad."/>
						</TextLine>
					</TextBlock>
					<TextBlock ID="block_2" HPOS="92" VPOS="500" WIDTH="749" HEIGHT="300">
						<TextLine ID="line_10" HPOS="162" VPOS="500" WIDTH="679" HEIGHT="27">
							<String ID="string_89" HPOS="162" VPOS="500" WIDTH="29" HEIGHT="19" WC="0.92" CONTENT="Pä"/><SP WIDTH="23" VPOS="500" HPOS="191"/>
							<String ID="string_90" HPOS="214" VPOS="500" WIDTH="23" HEIGHT="19" WC="0.95" CONTENT="de"/><SP WIDTH="18" VPOS="500" HPOS="237"/>
							<String ID="string_91" HPOS="255" VPOS="501" WIDTH="50" HEIGHT="25" WC="0.95" CONTENT="skäl,"/><SP WIDTH="20" VPOS="501" HPOS="305"/>
							<String ID="string_92" HPOS="325" VPOS="501" WIDTH="20" HEIGHT="19" WC="0.96" CONTENT="vi"/><SP WIDTH="19" VPOS="501" HPOS="345"/>
							<String ID="string_93" HPOS="364" VPOS="501" WIDTH="35" HEIGHT="19" WC="0.93" CONTENT="här"/><SP WIDTH="17" VPOS="501" HPOS="399"/>
							<String ID="string_94" HPOS="416" VPOS="502" WIDTH="65" HEIGHT="19" WC="0.92" CONTENT="anfört"/><SP WIDTH="16" VPOS="502" HPOS="481"/>
							<String ID="string_95" HPOS="497" VPOS="513" WIDTH="24" HEIGHT="4" WC="0.88" CONTENT="—"/><SP WIDTH="18" VPOS="513" HPOS="521"/>
							<String ID="string_96" HPOS="539" VPOS="502" WIDTH="35" HEIGHT="19" WC="0.96" CONTENT="och"/><SP WIDTH="16" VPOS="502" HPOS="574"/>
							<String ID="string_97" HPOS="590" VPOS="502" WIDTH="24" HEIGHT="19" WC="0.96" CONTENT="dä"/><SP WIDTH="15" VPOS="502" HPOS="614"/>
							<String ID="string_98" HPOS="629" VPOS="502" WIDTH="32" HEIGHT="19" WC="0.93" CONTENT="det"/><SP WIDTH="14" VPOS="502" HPOS="661"/>
							<String ID="string_99" HPOS="675" VPOS="502" WIDTH="105" HEIGHT="25" WC="0.91" CONTENT="ingalunda"/><SP WIDTH="15" VPOS="502" HPOS="780"/>
							<String ID="string_100" HPOS="795" VPOS="508" WIDTH="46" HEIGHT="13" WC="0.92" CONTENT="vore"/>
						</TextLine>
						<TextLine ID="line_11" HPOS="94" VPOS="535" WIDTH="747" HEIGHT="26">
							<String ID="string_101" HPOS="94" VPOS="535" WIDTH="138" HEIGHT="25" WC="0.88" CONTENT="principenligt"/><SP WIDTH="22" VPOS="535" HPOS="232"/>
							<String ID="string_102" HPOS="254" VPOS="537" WIDTH="34" HEIGHT="21" WC="0.96" CONTENT="att,"/><SP WIDTH="24" VPOS="537" HPOS="288"/>
							<String ID="string_103" HPOS="312" VPOS="535" WIDTH="22" HEIGHT="19" WC="0.96" CONTENT="sä"/><SP WIDTH="18" VPOS="535" HPOS="334"/>
							<String ID="string_104" HPOS="352" VPOS="535" WIDTH="56" HEIGHT="26" WC="0.95" CONTENT="länge"/><SP WIDTH="19" VPOS="535" HPOS="408"/>
							<String ID="string_105" HPOS="427" VPOS="537" WIDTH="98" HEIGHT="18" WC="0.93" CONTENT="särskilda"/><SP WIDTH="18" VPOS="537" HPOS="525"/>
							<String ID="string_106" HPOS="543" VPOS="536" WIDTH="105" HEIGHT="19" WC="0.92" CONTENT="domstolar"/><SP WIDTH="17" VPOS="536" HPOS="648"/>
							<String ID="string_107" HPOS="665" VPOS="537" WIDTH="61" HEIGHT="18" WC="0.93" CONTENT="finnas"/><SP WIDTH="18" VPOS="537" HPOS="726"/>
							<String ID="string_108" HPOS="744" VPOS="536" WIDTH="97" HEIGHT="19" WC="0.92" CONTENT="inrättade"/>
						</TextLine>
						<TextLine ID="line_12" HPOS="94" VPOS="569" WIDTH="745" HEIGHT="27">
							<String ID="string_109" HPOS="94" VPOS="569" WIDTH="30" HEIGHT="18" WC="0.93" CONTENT="för"/><SP WIDTH="19" VPOS="569" HPOS="124"/>
							<String ID="string_110" HPOS="143" VPOS="569" WIDTH="124" HEIGHT="25" WC="0.92" CONTENT="tillämpning"/><SP WIDTH="19" VPOS="569" HPOS="267"/>
							<String ID="string_111" HPOS="286" VPOS="571" WIDTH="14" HEIGHT="18" WC="0.91" CONTENT="t."/><SP WIDTH="20" VPOS="571" HPOS="300"/>
							<String ID="string_112" HPOS="320" VPOS="576" WIDTH="24" HEIGHT="13" WC="0.96" CONTENT="ex"/><SP WIDTH="19" VPOS="576" HPOS="344"/>
							<String ID="string_113" HPOS="363" VPOS="569" WIDTH="21" HEIGHT="20" WC="0.93" CONTENT="af"/><SP WIDTH="17" VPOS="569" HPOS="384"/>
							<String ID="string_114" HPOS="401" VPOS="570" WIDTH="141" HEIGHT="26" WC="0.93" CONTENT="krigslagarne,"/><SP WIDTH="20" VPOS="570" HPOS="542"/>
							<String ID="string_115" HPOS="562" VPOS="571" WIDTH="20" HEIGHT="19" WC="0.96" CONTENT="ät"/><SP WIDTH="15" VPOS="571" HPOS="582"/>
							<String ID="string_116" HPOS="597" VPOS="571" WIDTH="59" HEIGHT="19" WC="0.93" CONTENT="andra"/><SP WIDTH="13" VPOS="571" HPOS="656"/>
							<String ID="string_117" HPOS="669" VPOS="570" WIDTH="102" HEIGHT="25" WC="0.92" CONTENT="judiciella"/><SP WIDTH="14" VPOS="570" HPOS="771"/>
							<String ID="string_118" HPOS="785" VPOS="576" WIDTH="54" HEIGHT="19" WC="0.92" CONTENT="myn-"/>
						</TextLine>
						<TextLine ID="line_13" HPOS="94" VPOS="603" WIDTH="747" HEIGHT="27">
							<String ID="string_119" HPOS="94" VPOS="603" WIDTH="89" HEIGHT="26" WC="0.93" CONTENT="digheter"/><SP WIDTH="23" VPOS="603" HPOS="183"/>
							<String ID="string_120" HPOS="206" VPOS="603" WIDTH="96" HEIGHT="20" WC="0.79" CONTENT="öfverläta"/><SP WIDTH="18" VPOS="603" HPOS="302"/>
							<String ID="string_121" HPOS="320" VPOS="606" WIDTH="29" HEIGHT="17" WC="0.96" CONTENT="att"/><SP WIDTH="18" VPOS="606" HPOS="349"/>
							<String ID="string_122" HPOS="367" VPOS="604" WIDTH="80" HEIGHT="19" WC="0.93" CONTENT="bedöma"/><SP WIDTH="19" VPOS="604" HPOS="447"/>
							<String ID="string_123" HPOS="466" VPOS="605" WIDTH="118" HEIGHT="25" WC="0.91" CONTENT="angifvelser"/><SP WIDTH="18" VPOS="605" HPOS="584"/>
							<String ID="string_124" HPOS="602" VPOS="611" WIDTH="30" HEIGHT="13" WC="0.96" CONTENT="om"/><SP WIDTH="19" VPOS="611" HPOS="632"/>
							<String ID="string_125" HPOS="651" VPOS="605" WIDTH="53" HEIGHT="18" WC="0.92" CONTENT="brott"/><SP WIDTH="14" VPOS="605" HPOS="704"/>
							<String ID="string_126" HPOS="718" VPOS="607" WIDTH="51" HEIGHT="16" WC="0.96" CONTENT="emot"/><SP WIDTH="15" VPOS="607" HPOS="769"/>
							<String ID="string_127" HPOS="784" VPOS="604" WIDTH="57" HEIGHT="19" WC="0.97" CONTENT="dessa"/>
						</TextLine>
						<TextLine ID="line_14" HPOS="94" VPOS="637" WIDTH="745" HEIGHT="26">
							<String ID="string_128" HPOS="94" VPOS="637" WIDTH="56" HEIGHT="26" WC="0.92" CONTENT="lagar"/><SP WIDTH="18" VPOS="637" HPOS="150"/>
							<String ID="string_129" HPOS="168" VPOS="650" WIDTH="26" HEIGHT="3" WC="0.92" CONTENT="—"/><SP WIDTH="19" VPOS="650" HPOS="194"/>
							<String ID="string_130" HPOS="213" VPOS="638" WIDTH="65" HEIGHT="19" WC="0.96" CONTENT="kunna"/><SP WIDTH="16" VPOS="638" HPOS="278"/>
							<String ID="string_131" HPOS="294" VPOS="639" WIDTH="19" HEIGHT="19" WC="0.93" CONTENT="vi"/><SP WIDTH="17" VPOS="639" HPOS="313"/>
							<String ID="string_132" HPOS="330" VPOS="639" WIDTH="42" HEIGHT="18" WC="0.92" CONTENT="icke"/><SP WIDTH="15" VPOS="639" HPOS="372"/>
							<String ID="string_133" HPOS="387" VPOS="639" WIDTH="103" HEIGHT="24" WC="0.93" CONTENT="godkänna"/><SP WIDTH="15" VPOS="639" HPOS="490"/>
							<String ID="string_134" HPOS="505" VPOS="639" WIDTH="37" HEIGHT="20" WC="0.96" CONTENT="den"/><SP WIDTH="14" VPOS="639" HPOS="542"/>
							<String ID="string_135" HPOS="556" VPOS="639" WIDTH="22" HEIGHT="19" WC="0.93" CONTENT="af"/><SP WIDTH="13" VPOS="639" HPOS="578"/>
							<String ID="string_136" HPOS="591" VPOS="639" WIDTH="102" HEIGHT="20" WC="0.93" CONTENT="Utskottet"/><SP WIDTH="15" VPOS="639" HPOS="693"/>
							<String ID="string_137" HPOS="708" VPOS="641" WIDTH="84" HEIGHT="22" WC="0.93" CONTENT="antagna"/><SP WIDTH="15" VPOS="641" HPOS="792"/>
							<String ID="string_138" HPOS="807" VPOS="639" WIDTH="32" HEIGHT="18" WC="0.92" CONTENT="be-"/>
						</TextLine>
						<TextLine ID="line_15" HPOS="93" VPOS="672" WIDTH="746" HEIGHT="27">
							<String ID="string_139" HPOS="93" VPOS="672" WIDTH="120" HEIGHT="25" WC="0.91" CONTENT="stämningen"/><SP WIDTH="17" VPOS="672" HPOS="213"/>
							<String ID="string_140" HPOS="230" VPOS="675" WIDTH="28" HEIGHT="16" WC="0.93" CONTENT="att"/><SP WIDTH="15" VPOS="675" HPOS="258"/>
							<String ID="string_141" HPOS="273" VPOS="673" WIDTH="104" HEIGHT="25" WC="0.92" CONTENT="bevisning"/><SP WIDTH="14" VPOS="673" HPOS="377"/>
							<String ID="string_142" HPOS="391" VPOS="680" WIDTH="30" HEIGHT="12" WC="0.93" CONTENT="om"/><SP WIDTH="16" VPOS="680" HPOS="421"/>
							<String ID="string_143" HPOS="437" VPOS="673" WIDTH="105" HEIGHT="26" WC="0.92" CONTENT="sanningen"/><SP WIDTH="16" VPOS="673" HPOS="542"/>
							<String ID="string_144" HPOS="558" VPOS="674" WIDTH="21" HEIGHT="19" WC="0.96" CONTENT="af"/><SP WIDTH="15" VPOS="674" HPOS="579"/>
							<String ID="string_145" HPOS="594" VPOS="676" WIDTH="27" HEIGHT="17" WC="0.93" CONTENT="ett"/><SP WIDTH="15" VPOS="676" HPOS="621"/>
							<String ID="string_146" HPOS="636" VPOS="673" WIDTH="147" HEIGHT="20" WC="0.92" CONTENT="ärekränkande"/><SP WIDTH="16" VPOS="673" HPOS="783"/>
							<String ID="string_147" HPOS="799" VPOS="673" WIDTH="40" HEIGHT="18" WC="0.91" CONTENT="till-"/>
						</TextLine>
						<TextLine ID="line_16" HPOS="93" VPOS="707" WIDTH="746" HEIGHT="26">
							<String ID="string_148" HPOS="93" VPOS="707" WIDTH="56" HEIGHT="24" WC="0.93" CONTENT="mäle,"/><SP WIDTH="17" VPOS="707" HPOS="149"/>
							<String ID="string_149" HPOS="166" VPOS="707" WIDTH="57" HEIGHT="19" WC="0.96" CONTENT="äfven"/><SP WIDTH="17" VPOS="707" HPOS="223"/>
							<String ID="string_150" HPOS="240" VPOS="707" WIDTH="23" HEIGHT="19" WC="0.93" CONTENT="dä"/><SP WIDTH="16" VPOS="707" HPOS="263"/>
							<String ID="string_151" HPOS="279" VPOS="707" WIDTH="91" HEIGHT="20" WC="0.93" CONTENT="tillmälet"/><SP WIDTH="15" VPOS="707" HPOS="370"/>
							<String ID="string_152" HPOS="385" VPOS="708" WIDTH="60" HEIGHT="24" WC="0.96" CONTENT="angår"/><SP WIDTH="16" VPOS="708" HPOS="445"/>
							<String ID="string_153" HPOS="461" VPOS="708" WIDTH="50" HEIGHT="19" WC="0.96" CONTENT="brott"/><SP WIDTH="16" VPOS="708" HPOS="511"/>
							<String ID="string_154" HPOS="527" VPOS="710" WIDTH="39" HEIGHT="17" WC="0.96" CONTENT="mot"/><SP WIDTH="15" VPOS="710" HPOS="566"/>
							<String ID="string_155" HPOS="581" VPOS="708" WIDTH="71" HEIGHT="19" WC="0.96" CONTENT="allmän"/><SP WIDTH="16" VPOS="708" HPOS="652"/>
							<String ID="string_156" HPOS="668" VPOS="708" WIDTH="38" HEIGHT="25" WC="0.82" CONTENT="lag,"/><SP WIDTH="16" VPOS="708" HPOS="706"/>
							<String ID="string_157" HPOS="722" VPOS="708" WIDTH="35" HEIGHT="19" WC="0.93" CONTENT="bör"/><SP WIDTH="10" VPOS="708" HPOS="757"/>
							<String ID="string_158" HPOS="767" VPOS="707" WIDTH="72" HEIGHT="20" WC="0.93" CONTENT="företes"/>
						</TextLine>
						<TextLine ID="line_17" HPOS="93" VPOS="741" WIDTH="745" HEIGHT="26">
							<String ID="string_159" HPOS="93" VPOS="741" WIDTH="33" HEIGHT="19" WC="0.96" CONTENT="vid"/><SP WIDTH="18" VPOS="741" HPOS="126"/>
							<String ID="string_160" HPOS="144" VPOS="747" WIDTH="72" HEIGHT="13" WC="0.96" CONTENT="samma"/><SP WIDTH="18" VPOS="747" HPOS="216"/>
							<String ID="string_161" HPOS="234" VPOS="741" WIDTH="89" HEIGHT="25" WC="0.95" CONTENT="domstol,"/><SP WIDTH="21" VPOS="741" HPOS="323"/>
							<String ID="string_162" HPOS="344" VPOS="742" WIDTH="33" HEIGHT="19" WC="0.93" CONTENT="der"/><SP WIDTH="18" VPOS="742" HPOS="377"/>
							<String ID="string_163" HPOS="395" VPOS="742" WIDTH="131" HEIGHT="25" WC="0.91" CONTENT="injuriemälet"/><SP WIDTH="18" VPOS="742" HPOS="526"/>
							<String ID="string_164" HPOS="544" VPOS="745" WIDTH="21" HEIGHT="16" WC="0.93" CONTENT="är"/><SP WIDTH="19" VPOS="745" HPOS="565"/>
							<String ID="string_165" HPOS="584" VPOS="742" WIDTH="113" HEIGHT="25" WC="0.92" CONTENT="anhängigt,"/><SP WIDTH="20" VPOS="742" HPOS="697"/>
							<String ID="string_166" HPOS="717" VPOS="741" WIDTH="35" HEIGHT="20" WC="0.96" CONTENT="och"/><SP WIDTH="16" VPOS="741" HPOS="752"/>
							<String ID="string_167" HPOS="768" VPOS="742" WIDTH="6" HEIGHT="19" WC="0.93" CONTENT="i"/><SP WIDTH="16" VPOS="742" HPOS="774"/>
							<String ID="string_168" HPOS="790" VPOS="748" WIDTH="48" HEIGHT="13" WC="0.91" CONTENT="sam-"/>
						</TextLine>
						<TextLine ID="line_18" HPOS="92" VPOS="775" WIDTH="229" HEIGHT="25">
							<String ID="string_169" HPOS="92" VPOS="775" WIDTH="97" HEIGHT="25" WC="0.91" CONTENT="manhang"/><SP WIDTH="15" VPOS="775" HPOS="189"/>
							<String ID="string_170" HPOS="204" VPOS="775" WIDTH="43" HEIGHT="20" WC="0.96" CONTENT="med"/><SP WIDTH="15" VPOS="775" HPOS="247"/>
							<String ID="string_171" HPOS="262" VPOS="776" WIDTH="59" HEIGHT="19" WC="0.96" CONTENT="detta."/>
						</TextLine>
					</TextBlock>
					<TextBlock ID="block_3" HPOS="92" VPOS="804" WIDTH="748" HEIGHT="237">
						<TextLine ID="line_19" HPOS="162" VPOS="804" WIDTH="676" HEIGHT="31">
							<String ID="string_172" HPOS="162" VPOS="804" WIDTH="132" HEIGHT="31" WC="0.91" CONTENT="Öfvertygade"/><SP WIDTH="16" VPOS="804" HPOS="294"/>
							<String ID="string_173" HPOS="310" VPOS="817" WIDTH="41" HEIGHT="12" WC="0.97" CONTENT="som"/><SP WIDTH="14" VPOS="817" HPOS="351"/>
							<String ID="string_174" HPOS="365" VPOS="810" WIDTH="20" HEIGHT="19" WC="0.93" CONTENT="vi"/><SP WIDTH="15" VPOS="810" HPOS="385"/>
							<String ID="string_175" HPOS="400" VPOS="813" WIDTH="39" HEIGHT="22" WC="0.90" CONTENT="äro,"/><SP WIDTH="17" VPOS="813" HPOS="439"/>
							<String ID="string_176" HPOS="456" VPOS="813" WIDTH="29" HEIGHT="16" WC="0.96" CONTENT="att"/><SP WIDTH="14" VPOS="813" HPOS="485"/>
							<String ID="string_177" HPOS="499" VPOS="813" WIDTH="29" HEIGHT="16" WC="0.93" CONTENT="ett"/><SP WIDTH="14" VPOS="813" HPOS="528"/>
							<String ID="string_178" HPOS="542" VPOS="810" WIDTH="140" HEIGHT="25" WC="0.92" CONTENT="godkännande"/><SP WIDTH="14" VPOS="810" HPOS="682"/>
							<String ID="string_179" HPOS="696" VPOS="811" WIDTH="21" HEIGHT="18" WC="0.93" CONTENT="af"/><SP WIDTH="9" VPOS="811" HPOS="717"/>
							<String ID="string_180" HPOS="726" VPOS="810" WIDTH="112" HEIGHT="19" WC="0.92" CONTENT="Utskottets"/>
						</TextLine>
						<TextLine ID="line_20" HPOS="92" VPOS="843" WIDTH="746" HEIGHT="27">
							<String ID="string_181" HPOS="92" VPOS="843" WIDTH="75" HEIGHT="26" WC="0.95" CONTENT="förslag"/><SP WIDTH="14" VPOS="843" HPOS="167"/>
							<String ID="string_182" HPOS="181" VPOS="843" WIDTH="7" HEIGHT="20" WC="0.96" CONTENT="i"/><SP WIDTH="16" VPOS="843" HPOS="188"/>
							<String ID="string_183" HPOS="204" VPOS="843" WIDTH="61" HEIGHT="20" WC="0.96" CONTENT="denna"/><SP WIDTH="15" VPOS="843" HPOS="265"/>
							<String ID="string_184" HPOS="280" VPOS="844" WIDTH="32" HEIGHT="20" WC="0.96" CONTENT="del"/><SP WIDTH="15" VPOS="844" HPOS="312"/>
							<String ID="string_185" HPOS="327" VPOS="845" WIDTH="22" HEIGHT="19" WC="0.93" CONTENT="af"/><SP WIDTH="13" VPOS="845" HPOS="349"/>
							<String ID="string_186" HPOS="362" VPOS="845" WIDTH="69" HEIGHT="25" WC="0.93" CONTENT="frägan"/><SP WIDTH="16" VPOS="845" HPOS="431"/>
							<String ID="string_187" HPOS="447" VPOS="845" WIDTH="64" HEIGHT="20" WC="0.93" CONTENT="skulle"/><SP WIDTH="15" VPOS="845" HPOS="511"/>
							<String ID="string_188" HPOS="526" VPOS="845" WIDTH="44" HEIGHT="20" WC="0.92" CONTENT="leda"/><SP WIDTH="16" VPOS="845" HPOS="570"/>
							<String ID="string_189" HPOS="586" VPOS="845" WIDTH="30" HEIGHT="19" WC="0.93" CONTENT="till"/><SP WIDTH="16" VPOS="845" HPOS="616"/>
							<String ID="string_190" HPOS="632" VPOS="845" WIDTH="136" HEIGHT="25" WC="0.93" CONTENT="upphäfvande"/><SP WIDTH="17" VPOS="845" HPOS="768"/>
							<String ID="string_191" HPOS="785" VPOS="845" WIDTH="21" HEIGHT="19" WC="0.96" CONTENT="af"/><SP WIDTH="10" VPOS="845" HPOS="806"/>
							<String ID="string_192" HPOS="816" VPOS="844" WIDTH="22" HEIGHT="20" WC="0.96" CONTENT="de"/>
						</TextLine>
						<TextLine ID="line_21" HPOS="92" VPOS="878" WIDTH="747" HEIGHT="27">
							<String ID="string_193" HPOS="92" VPOS="878" WIDTH="80" HEIGHT="26" WC="0.89" CONTENT="lagbud,"/><SP WIDTH="20" VPOS="878" HPOS="172"/>
							<String ID="string_194" HPOS="192" VPOS="885" WIDTH="40" HEIGHT="13" WC="0.93" CONTENT="som"/><SP WIDTH="15" VPOS="885" HPOS="232"/>
							<String ID="string_195" HPOS="247" VPOS="879" WIDTH="41" HEIGHT="19" WC="0.93" CONTENT="afse"/><SP WIDTH="15" VPOS="879" HPOS="288"/>
							<String ID="string_196" HPOS="303" VPOS="879" WIDTH="220" HEIGHT="26" WC="0.92" CONTENT="rättegängsordningen"/><SP WIDTH="17" VPOS="879" HPOS="523"/>
							<String ID="string_197" HPOS="540" VPOS="880" WIDTH="6" HEIGHT="18" WC="0.93" CONTENT="i"/><SP WIDTH="15" VPOS="880" HPOS="546"/>
							<String ID="string_198" HPOS="561" VPOS="880" WIDTH="98" HEIGHT="24" WC="0.91" CONTENT="brottmäl,"/><SP WIDTH="16" VPOS="880" HPOS="659"/>
							<String ID="string_199" HPOS="675" VPOS="879" WIDTH="77" HEIGHT="20" WC="0.92" CONTENT="förorda"/><SP WIDTH="14" VPOS="879" HPOS="752"/>
							<String ID="string_200" HPOS="766" VPOS="879" WIDTH="21" HEIGHT="19" WC="0.97" CONTENT="vi"/><SP WIDTH="15" VPOS="879" HPOS="787"/>
							<String ID="string_201" HPOS="802" VPOS="879" WIDTH="37" HEIGHT="20" WC="0.96" CONTENT="den"/>
						</TextLine>
						<TextLine ID="line_22" HPOS="93" VPOS="913" WIDTH="747" HEIGHT="26">
							<String ID="string_202" HPOS="93" VPOS="913" WIDTH="6" HEIGHT="18" WC="0.93" CONTENT="i"/><SP WIDTH="22" VPOS="913" HPOS="99"/>
							<String ID="string_203" HPOS="121" VPOS="913" WIDTH="72" HEIGHT="25" WC="0.91" CONTENT="nädiga"/><SP WIDTH="22" VPOS="913" HPOS="193"/>
							<String ID="string_204" HPOS="215" VPOS="913" WIDTH="145" HEIGHT="26" WC="0.93" CONTENT="propositionen"/><SP WIDTH="19" VPOS="913" HPOS="360"/>
							<String ID="string_205" HPOS="379" VPOS="914" WIDTH="86" HEIGHT="19" WC="0.92" CONTENT="uttalade"/><SP WIDTH="20" VPOS="914" HPOS="465"/>
							<String ID="string_206" HPOS="485" VPOS="913" WIDTH="111" HEIGHT="26" WC="0.92" CONTENT="grundsats,"/><SP WIDTH="15" VPOS="913" HPOS="596"/>
							<String ID="string_207" HPOS="611" VPOS="916" WIDTH="29" HEIGHT="17" WC="0.93" CONTENT="att"/><SP WIDTH="15" VPOS="916" HPOS="640"/>
							<String ID="string_208" HPOS="655" VPOS="914" WIDTH="105" HEIGHT="25" WC="0.92" CONTENT="sanningen"/><SP WIDTH="16" VPOS="914" HPOS="760"/>
							<String ID="string_209" HPOS="776" VPOS="914" WIDTH="21" HEIGHT="19" WC="0.96" CONTENT="af"/><SP WIDTH="15" VPOS="914" HPOS="797"/>
							<String ID="string_210" HPOS="812" VPOS="915" WIDTH="28" HEIGHT="18" WC="0.96" CONTENT="ett"/>
						</TextLine>
						<TextLine ID="line_23" HPOS="92" VPOS="947" WIDTH="747" HEIGHT="26">
							<String ID="string_211" HPOS="92" VPOS="947" WIDTH="89" HEIGHT="26" WC="0.88" CONTENT="tillmäle,"/><SP WIDTH="19" VPOS="947" HPOS="181"/>
							<String ID="string_212" HPOS="200" VPOS="954" WIDTH="41" HEIGHT="13" WC="0.93" CONTENT="som"/><SP WIDTH="15" VPOS="954" HPOS="241"/>
							<String ID="string_213" HPOS="256" VPOS="949" WIDTH="60" HEIGHT="24" WC="0.93" CONTENT="angär"/><SP WIDTH="16" VPOS="949" HPOS="316"/>
							<String ID="string_214" HPOS="332" VPOS="949" WIDTH="53" HEIGHT="18" WC="0.96" CONTENT="brott"/><SP WIDTH="14" VPOS="949" HPOS="385"/>
							<String ID="string_215" HPOS="399" VPOS="951" WIDTH="40" HEIGHT="16" WC="0.96" CONTENT="mot"/><SP WIDTH="14" VPOS="951" HPOS="439"/>
							<String ID="string_216" HPOS="453" VPOS="948" WIDTH="70" HEIGHT="19" WC="0.96" CONTENT="allmän"/><SP WIDTH="17" VPOS="948" HPOS="523"/>
							<String ID="string_217" HPOS="540" VPOS="948" WIDTH="38" HEIGHT="25" WC="0.96" CONTENT="lag,"/><SP WIDTH="17" VPOS="948" HPOS="578"/>
							<String ID="string_218" HPOS="595" VPOS="949" WIDTH="35" HEIGHT="18" WC="0.93" CONTENT="bör"/><SP WIDTH="14" VPOS="949" HPOS="630"/>
							<String ID="string_219" HPOS="644" VPOS="948" WIDTH="54" HEIGHT="19" WC="0.92" CONTENT="ledas"/><SP WIDTH="15" VPOS="948" HPOS="698"/>
							<String ID="string_220" HPOS="713" VPOS="949" WIDTH="6" HEIGHT="18" WC="0.93" CONTENT="i"/><SP WIDTH="16" VPOS="949" HPOS="719"/>
							<String ID="string_221" HPOS="735" VPOS="949" WIDTH="55" HEIGHT="18" WC="0.92" CONTENT="bevis"/><SP WIDTH="16" VPOS="949" HPOS="790"/>
							<String ID="string_222" HPOS="806" VPOS="948" WIDTH="33" HEIGHT="19" WC="0.96" CONTENT="vid"/>
						</TextLine>
						<TextLine ID="line_24" HPOS="92" VPOS="980" WIDTH="746" HEIGHT="27">
							<String ID="string_223" HPOS="92" VPOS="980" WIDTH="82" HEIGHT="27" WC="0.96" CONTENT="behörig"/><SP WIDTH="16" VPOS="980" HPOS="174"/>
							<String ID="string_224" HPOS="190" VPOS="981" WIDTH="86" HEIGHT="21" WC="0.96" CONTENT="domstol"/><SP WIDTH="15" VPOS="981" HPOS="276"/>
							<String ID="string_225" HPOS="291" VPOS="983" WIDTH="7" HEIGHT="18" WC="0.96" CONTENT="i"/><SP WIDTH="15" VPOS="983" HPOS="298"/>
							<String ID="string_226" HPOS="313" VPOS="983" WIDTH="39" HEIGHT="18" WC="0.96" CONTENT="alla"/><SP WIDTH="15" VPOS="983" HPOS="352"/>
							<String ID="string_227" HPOS="367" VPOS="983" WIDTH="24" HEIGHT="18" WC="0.96" CONTENT="de"/><SP WIDTH="14" VPOS="983" HPOS="391"/>
							<String ID="string_228" HPOS="405" VPOS="983" WIDTH="42" HEIGHT="24" WC="0.96" CONTENT="fall,"/><SP WIDTH="16" VPOS="983" HPOS="447"/>
							<String ID="string_229" HPOS="463" VPOS="983" WIDTH="24" HEIGHT="18" WC="0.93" CONTENT="dä"/><SP WIDTH="15" VPOS="983" HPOS="487"/>
							<String ID="string_230" HPOS="502" VPOS="982" WIDTH="168" HEIGHT="25" WC="0.65" CONTENT="kriminalprocess"/><SP WIDTH="11" VPOS="982" HPOS="670"/>
							<String ID="string_231" HPOS="681" VPOS="985" WIDTH="39" HEIGHT="16" WC="0.97" CONTENT="mot"/><SP WIDTH="10" VPOS="985" HPOS="720"/>
							<String ID="string_232" HPOS="730" VPOS="983" WIDTH="36" HEIGHT="18" WC="0.93" CONTENT="den"/><SP WIDTH="10" VPOS="983" HPOS="766"/>
							<String ID="string_233" HPOS="776" VPOS="983" WIDTH="62" HEIGHT="19" WC="0.86" CONTENT="brott-"/>
						</TextLine>
						<TextLine ID="line_25" HPOS="92" VPOS="1015" WIDTH="174" HEIGHT="26">
							<String ID="string_234" HPOS="92" VPOS="1015" WIDTH="49" HEIGHT="26" WC="0.89" CONTENT="slige"/><SP WIDTH="15" VPOS="1015" HPOS="141"/>
							<String ID="string_235" HPOS="156" VPOS="1019" WIDTH="22" HEIGHT="16" WC="0.96" CONTENT="är"/><SP WIDTH="15" VPOS="1019" HPOS="178"/>
							<String ID="string_236" HPOS="193" VPOS="1017" WIDTH="73" HEIGHT="24" WC="0.96" CONTENT="möjlig."/>
						</TextLine>
					</TextBlock>
				</ComposedBlock>
				<ComposedBlock ID="cblock_2" HPOS="160" VPOS="1066" WIDTH="610" HEIGHT="23">
					<TextBlock ID="block_4" HPOS="160" VPOS="1066" WIDTH="610" HEIGHT="23">
						<TextLine ID="line_26" HPOS="160" VPOS="1066" WIDTH="610" HEIGHT="23">
							<String ID="string_237" HPOS="160" VPOS="1066" WIDTH="29" HEIGHT="22" WC="0.91" CONTENT="A."/><SP WIDTH="19" VPOS="1066" HPOS="189"/>
							<String ID="string_238" HPOS="208" VPOS="1066" WIDTH="149" HEIGHT="23" WC="0.86" CONTENT="Grotenfelt."/><SP WIDTH="166" VPOS="1066" HPOS="357"/>
							<String ID="string_239" HPOS="523" VPOS="1067" WIDTH="91" HEIGHT="22" WC="0.96" CONTENT="Gustaf"/><SP WIDTH="11" VPOS="1067" HPOS="614"/>
							<String ID="string_240" HPOS="625" VPOS="1067" WIDTH="145" HEIGHT="22" WC="0.96" CONTENT="Johansson."/>
						</TextLine>
					</TextBlock>
				</ComposedBlock>
				<ComposedBlock ID="cblock_3" HPOS="459" VPOS="1224" WIDTH="17" HEIGHT="21">
					<TextBlock ID="block_5" HPOS="459" VPOS="1224" WIDTH="17" HEIGHT="21">
						<TextLine ID="line_27" HPOS="459" VPOS="1224" WIDTH="17" HEIGHT="21">
							<String ID="string_241" HPOS="459" VPOS="1224" WIDTH="17" HEIGHT="21" WC="0.94" CONTENT="6."/>
						</TextLine>
					</TextBlock>
				</ComposedBlock>
				<ComposedBlock ID="cblock_4" HPOS="345" VPOS="1281" WIDTH="244" HEIGHT="29">
					<TextBlock ID="block_6" HPOS="345" VPOS="1281" WIDTH="244" HEIGHT="29">
						<TextLine ID="line_28" HPOS="345" VPOS="1281" WIDTH="244" HEIGHT="29">
							<String ID="string_242" HPOS="345" VPOS="1283" WIDTH="14" HEIGHT="19" WC="0.74" CONTENT="6"/><SP WIDTH="14" VPOS="1283" HPOS="359"/>
							<String ID="string_243" HPOS="373" VPOS="1281" WIDTH="36" HEIGHT="22" WC="0.96" CONTENT="och"/><SP WIDTH="18" VPOS="1281" HPOS="409"/>
							<String ID="string_244" HPOS="427" VPOS="1283" WIDTH="14" HEIGHT="19" WC="0.95" CONTENT="7"/><SP WIDTH="14" VPOS="1283" HPOS="441"/>
							<String ID="string_245" HPOS="455" VPOS="1281" WIDTH="32" HEIGHT="29" WC="0.96" CONTENT="$$"/><SP WIDTH="15" VPOS="1281" HPOS="487"/>
							<String ID="string_246" HPOS="502" VPOS="1283" WIDTH="27" HEIGHT="19" WC="0.96" CONTENT="41"/><SP WIDTH="15" VPOS="1283" HPOS="529"/>
							<String ID="string_247" HPOS="544" VPOS="1281" WIDTH="45" HEIGHT="27" WC="0.96" CONTENT="kap."/>
						</TextLine>
					</TextBlock>
				</ComposedBlock>
				<ComposedBlock ID="cblock_5" HPOS="91" VPOS="1329" WIDTH="748" HEIGHT="157">
					<TextBlock ID="block_7" HPOS="91" VPOS="1329" WIDTH="748" HEIGHT="126">
						<TextLine ID="line_29" HPOS="162" VPOS="1329" WIDTH="677" HEIGHT="24">
							<String ID="string_248" HPOS="162" VPOS="1329" WIDTH="103" HEIGHT="23" WC="0.91" CONTENT="Naturligt"/><SP WIDTH="18" VPOS="1329" HPOS="265"/>
							<String ID="string_249" HPOS="283" VPOS="1332" WIDTH="29" HEIGHT="19" WC="0.96" CONTENT="är,"/><SP WIDTH="16" VPOS="1332" HPOS="312"/>
							<String ID="string_250" HPOS="328" VPOS="1332" WIDTH="29" HEIGHT="15" WC="0.96" CONTENT="att"/><SP WIDTH="14" VPOS="1332" HPOS="357"/>
							<String ID="string_251" HPOS="371" VPOS="1329" WIDTH="51" HEIGHT="18" WC="0.93" CONTENT="inom"/><SP WIDTH="16" VPOS="1329" HPOS="422"/>
							<String ID="string_252" HPOS="438" VPOS="1329" WIDTH="123" HEIGHT="23" WC="0.90" CONTENT="strafflagens"/><SP WIDTH="15" VPOS="1329" HPOS="561"/>
							<String ID="string_253" HPOS="576" VPOS="1329" WIDTH="76" HEIGHT="24" WC="0.92" CONTENT="vigtiga"/><SP WIDTH="16" VPOS="1329" HPOS="652"/>
							<String ID="string_254" HPOS="668" VPOS="1329" WIDTH="35" HEIGHT="19" WC="0.96" CONTENT="och"/><SP WIDTH="15" VPOS="1329" HPOS="703"/>
							<String ID="string_255" HPOS="718" VPOS="1329" WIDTH="121" HEIGHT="18" WC="0.96" CONTENT="vidsträckta"/>
						</TextLine>
						<TextLine ID="line_30" HPOS="92" VPOS="1361" WIDTH="746" HEIGHT="24">
							<String ID="string_256" HPOS="92" VPOS="1361" WIDTH="77" HEIGHT="19" WC="0.90" CONTENT="omräde"/><SP WIDTH="20" VPOS="1361" HPOS="169"/>
							<String ID="string_257" HPOS="189" VPOS="1361" WIDTH="53" HEIGHT="19" WC="0.93" CONTENT="olika"/><SP WIDTH="15" VPOS="1361" HPOS="242"/>
							<String ID="string_258" HPOS="257" VPOS="1362" WIDTH="74" HEIGHT="18" WC="0.92" CONTENT="äsikter"/><SP WIDTH="15" VPOS="1362" HPOS="331"/>
							<String ID="string_259" HPOS="346" VPOS="1365" WIDTH="47" HEIGHT="20" WC="0.96" CONTENT="göra"/><SP WIDTH="15" VPOS="1365" HPOS="393"/>
							<String ID="string_260" HPOS="408" VPOS="1361" WIDTH="31" HEIGHT="24" WC="0.96" CONTENT="sig"/><SP WIDTH="14" VPOS="1361" HPOS="439"/>
							<String ID="string_261" HPOS="453" VPOS="1361" WIDTH="91" HEIGHT="24" WC="0.96" CONTENT="gällande"/><SP WIDTH="15" VPOS="1361" HPOS="544"/>
							<String ID="string_262" HPOS="559" VPOS="1362" WIDTH="7" HEIGHT="18" WC="0.95" CONTENT="i"/><SP WIDTH="14" VPOS="1362" HPOS="566"/>
							<String ID="string_263" HPOS="580" VPOS="1367" WIDTH="73" HEIGHT="13" WC="0.96" CONTENT="samma"/><SP WIDTH="14" VPOS="1367" HPOS="653"/>
							<String ID="string_264" HPOS="667" VPOS="1362" WIDTH="49" HEIGHT="23" WC="0.94" CONTENT="män,"/><SP WIDTH="17" VPOS="1362" HPOS="716"/>
							<String ID="string_265" HPOS="733" VPOS="1367" WIDTH="40" HEIGHT="13" WC="0.93" CONTENT="som"/><SP WIDTH="16" VPOS="1367" HPOS="773"/>
							<String ID="string_266" HPOS="789" VPOS="1361" WIDTH="49" HEIGHT="19" WC="0.92" CONTENT="hvar"/>
						</TextLine>
						<TextLine ID="line_31" HPOS="92" VPOS="1394" WIDTH="744" HEIGHT="25">
							<String ID="string_267" HPOS="92" VPOS="1395" WIDTH="36" HEIGHT="20" WC="0.92" CONTENT="och"/><SP WIDTH="15" VPOS="1395" HPOS="128"/>
							<String ID="string_268" HPOS="143" VPOS="1401" WIDTH="33" HEIGHT="13" WC="0.93" CONTENT="ens"/><SP WIDTH="16" VPOS="1401" HPOS="176"/>
							<String ID="string_269" HPOS="192" VPOS="1395" WIDTH="181" HEIGHT="24" WC="0.92" CONTENT="verldsäskädning,"/><SP WIDTH="16" VPOS="1395" HPOS="373"/>
							<String ID="string_270" HPOS="389" VPOS="1395" WIDTH="159" HEIGHT="19" WC="0.92" CONTENT="betraktelsesätt"/><SP WIDTH="15" VPOS="1395" HPOS="548"/>
							<String ID="string_271" HPOS="563" VPOS="1394" WIDTH="35" HEIGHT="20" WC="0.93" CONTENT="och"/><SP WIDTH="15" VPOS="1394" HPOS="598"/>
							<String ID="string_272" HPOS="613" VPOS="1394" WIDTH="110" HEIGHT="19" WC="0.92" CONTENT="erfarenhet"/><SP WIDTH="11" VPOS="1394" HPOS="723"/>
							<String ID="string_273" HPOS="734" VPOS="1397" WIDTH="33" HEIGHT="16" WC="0.93" CONTENT="äro"/><SP WIDTH="11" VPOS="1397" HPOS="767"/>
							<String ID="string_274" HPOS="778" VPOS="1394" WIDTH="58" HEIGHT="20" WC="0.96" CONTENT="olika."/>
						</TextLine>
						<TextLine ID="line_32" HPOS="91" VPOS="1428" WIDTH="745" HEIGHT="27">
							<String ID="string_275" HPOS="91" VPOS="1429" WIDTH="10" HEIGHT="20" WC="0.96" CONTENT="I"/><SP WIDTH="15" VPOS="1429" HPOS="101"/>
							<String ID="string_276" HPOS="116" VPOS="1430" WIDTH="68" HEIGHT="25" WC="0.92" CONTENT="många"/><SP WIDTH="16" VPOS="1430" HPOS="184"/>
							<String ID="string_277" HPOS="200" VPOS="1430" WIDTH="101" HEIGHT="19" WC="0.93" CONTENT="afseenden"/><SP WIDTH="17" VPOS="1430" HPOS="301"/>
							<String ID="string_278" HPOS="318" VPOS="1429" WIDTH="90" HEIGHT="19" WC="0.95" CONTENT="förefalla"/><SP WIDTH="15" VPOS="1429" HPOS="408"/>
							<String ID="string_279" HPOS="423" VPOS="1436" WIDTH="31" HEIGHT="13" WC="0.93" CONTENT="oss"/><SP WIDTH="15" VPOS="1436" HPOS="454"/>
							<String ID="string_280" HPOS="469" VPOS="1428" WIDTH="225" HEIGHT="26" WC="0.91" CONTENT="straffbestämningarna"/><SP WIDTH="14" VPOS="1428" HPOS="694"/>
							<String ID="string_281" HPOS="708" VPOS="1429" WIDTH="6" HEIGHT="19" WC="0.97" CONTENT="i"/><SP WIDTH="11" VPOS="1429" HPOS="714"/>
							<String ID="string_282" HPOS="725" VPOS="1428" WIDTH="36" HEIGHT="20" WC="0.96" CONTENT="den"/><SP WIDTH="11" VPOS="1428" HPOS="761"/>
							<String ID="string_283" HPOS="772" VPOS="1436" WIDTH="26" HEIGHT="12" WC="0.93" CONTENT="nu"/><SP WIDTH="10" VPOS="1436" HPOS="798"/>
							<String ID="string_284" HPOS="808" VPOS="1428" WIDTH="28" HEIGHT="20" WC="0.92" CONTENT="fö-"/>
						</TextLine>
					</TextBlock>
					<TextBlock ID="block_8" HPOS="159" VPOS="1463" WIDTH="369" HEIGHT="23">
						<TextLine ID="line_33" HPOS="159" VPOS="1463" WIDTH="369" HEIGHT="23">
							<String ID="string_285" HPOS="159" VPOS="1463" WIDTH="51" HEIGHT="23" WC="0.50" CONTENT="Straf"/><SP WIDTH="9" VPOS="1463" HPOS="210"/>
							<String ID="string_286" HPOS="219" VPOS="1459" WIDTH="118" HEIGHT="31" WC="0.57" CONTENT="lagsutskottets"/><SP WIDTH="12" VPOS="1459" HPOS="337"/>
							<String ID="string_287" HPOS="349" VPOS="1463" WIDTH="103" HEIGHT="17" WC="0.96" CONTENT="betänkande"/><SP WIDTH="13" VPOS="1463" HPOS="452"/>
							<String ID="string_288" HPOS="465" VPOS="1463" WIDTH="34" HEIGHT="17" WC="0.96" CONTENT="N:o"/><SP WIDTH="14" VPOS="1463" HPOS="499"/>
							<String ID="string_289" HPOS="513" VPOS="1463" WIDTH="15" HEIGHT="17" WC="0.96" CONTENT="1."/>
						</TextLine>
					</TextBlock>
				</ComposedBlock>
			</PrintSpace>
		</Page>
	</Layout>
</alto>
