1017 1703
217 144 42 37 164
413 149 64 24 Ständ.
493 149 30 24 $v.
539 161 27 4 —
581 149 55 29 Prop.
651 149 32 23 N:o
697 149 16 23 1.

258 214 27 21 12
300 215 21 25 8.
351 214 64 26 Hvar,
431 221 44 14 som
495 214 98 27 olofligen
607 215 33 20 till
654 215 73 20 landet
741 214 56 21 inför
811 215 51 20 eller
877 214 63 21 söker

187 247 76 27 införa,
287 248 51 21 eller
361 248 92 21 derifrän
475 248 58 22 utför
551 248 52 21 eller
621 248 64 22 söker
699 248 71 22 utföra
783 254 57 21 vara,
856 253 46 16 som
916 250 24 19 är

187 281 33 22 till
234 283 32 20 in-
281 283 53 21 eller
349 282 89 22 utförsel
452 282 117 27 förbjuden,
589 281 83 23 straffes
692 283 33 21 för
739 282 139 27 lurendrejeri
892 282 48 22 med

186 316 64 21 böter
265 317 18 27 ej
299 317 68 22 under
386 317 114 22 etthundra
517 317 62 22 mark
597 317 52 21 eller
666 317 94 27 fängelse
775 316 48 22 från
838 316 40 22 och
891 317 49 21 med

186 351 36 21 tvä
237 350 102 22 mänader
354 351 33 21 till
402 351 39 21 och
456 351 49 21 med
518 351 36 21 tvä
569 351 31 21 är.

259 391 73 22 Varan
347 392 52 21 eller
414 392 47 22 dess
476 392 75 26 värde;
563 392 24 21 sä
602 391 40 21 ock
656 391 47 21 kärl
719 391 51 22 eller
786 391 86 27 omslag,
880 391 61 21 hvari

187 426 41 22 den
242 426 103 27 förvaras,
361 432 50 16 vare
426 427 8 21 i
449 426 61 22 dessa
524 426 37 22 fall
576 426 117 21 förbruten.

514 534 37 20 39
563 534 68 23 Kap.

463 588 32 22 Om
516 587 147 24 bankruttbrott.

256 658 11 20 1
283 657 20 26 8.
333 656 45 21 Har
393 656 100 27 gäldenär
508 656 89 22 kommit
611 656 8 20 i
633 656 198 27 konkurstillständ,
847 656 39 22 och
901 655 39 23 fin-

184 697 38 16 nes
245 691 42 21 han
310 690 69 27 hafva,
402 690 7 21 i
429 690 62 27 afsigt
507 691 32 21 att
556 690 79 22 bereda
649 691 32 26 sig
697 690 51 21 eller
763 697 70 15 annan
848 690 69 21 fördel
934 691 7 20 i

186 726 113 27 egendom:
891 743 2 2 n

258 760 20 20 1.
307 759 68 21 uuder
397 759 73 21 länadt
491 765 70 20 namn,
584 764 75 21 genom
680 759 43 27 köp
741 758 52 22 eller
808 758 131 26 annorledes,

185 793 112 22 förskaffat
317 794 32 26 sig
369 793 103 26 egendom
494 793 39 22 och
548 793 19 26 ej
582 793 105 26 uppgifvit
701 794 42 21 den
757 793 66 21 bland
838 794 46 21 sina
898 793 42 21 till-

184 828 86 27 gängar,
287 828 52 21 eller
355 828 66 21 under
436 827 66 22 falskt
517 828 53 21 sken
584 827 23 21 af
620 827 129 27 försäljning,
766 827 62 27 gäfva
842 827 52 22 eller
904 834 37 15 an-

185 863 37 20 nat
236 861 54 22 aftal
304 861 141 26 undandragit
459 862 157 27 borgenärerna
634 861 70 27 nägot,
721 867 45 16 som
781 862 49 21 bort
844 861 33 22 till
892 861 48 22 dem

185 896 110 27 upplätas;

256 931 21 20 2.
306 930 128 22 annorledes
456 930 126 27 undandolt,
605 929 98 28 förtegat,
724 930 150 21 undanskaffat
889 931 53 21 eller

184 965 131 26 förskingrat
329 965 72 26 nägot,
417 971 45 15 som
477 965 35 21 vid
527 965 132 21 konkursens
674 964 75 27 början
759 965 83 21 tillhört
852 965 88 24 honom;

253 999 20 20 3.
303 999 104 27 uppgifvit
423 999 51 20 eller
493 998 82 27 vidgätt
594 998 118 27 uppdiktad
726 998 63 21 skuld
804 999 52 21 eller
870 1005 70 15 annan

184 1032 141 27 förbindelse;
341 1033 51 21 eller

253 1067 22 21 4,
304 1067 37 21 der
356 1067 43 21 han
414 1067 61 21 idkat
489 1067 77 22 handel
582 1066 53 22 eller
649 1073 71 15 annan
735 1068 81 26 näring,
828 1067 112 22 hvaröfver

184 1101 40 21 bör
238 1101 70 22 hällas
323 1102 48 26 bok,
387 1101 44 22 fört
445 1102 43 20 bok
507 1102 92 26 origtigt,
618 1101 52 21 eller
690 1102 40 20 den
745 1101 96 27 förstört,
856 1102 83 26 ändrat,

183 1136 118 21 undandolt
317 1136 51 21 eller
383 1136 57 27 gjort
455 1136 84 26 oläslig;

254 1169 85 23 straffes
355 1170 69 22 säsom
443 1170 110 27 bedräglig
570 1170 101 26 gäldenär
689 1170 49 21 med
752 1170 88 21 tukthus
855 1170 8 21 i
878 1170 62 27 högst

183 1210 37 16 sex
235 1204 25 21 är
275 1204 40 21 och
329 1204 77 22 förlust
421 1204 23 21 af
457 1204 166 28 medborgerligt
638 1204 128 27 förtroende,
782 1204 59 27 eller,
850 1204 38 22 der
896 1211 44 15 om-

183 1238 175 26 ständigheterna
380 1240 36 19 äro
440 1239 133 26 synnerligen
595 1238 124 26 mildrande,
741 1239 49 20 med
810 1239 95 25 fängelse
920 1240 19 25 ej

182 1271 68 21 under
264 1272 37 20 tvä
315 1272 107 21 mänader.

254 1306 49 26 28.
333 1306 101 22 Kommer
456 1306 101 28 gäldenär
576 1307 8 21 i
603 1306 198 28 konkurstillstänä,
817 1306 40 22 och
872 1306 66 22 finnes

182 1340 43 22 han
239 1340 74 22 hafva:

255 1376 18 20 1.
305 1375 48 22 med
367 1376 121 21 kännedom
503 1381 34 16 om
557 1376 32 21 sin
610 1375 109 28 oförmäga
734 1377 32 20 att
780 1378 52 26 göra
846 1377 44 21 rätt
905 1375 34 22 för

182 1410 38 26 sig,
243 1415 76 22 genom
339 1409 62 28 gäfva
423 1410 51 21 eller
489 1417 68 15 annan
581 1410 81 27 ätgärd,
686 1416 47 16 som
752 1411 34 21 till
800 1411 33 22 sin
848 1411 52 28 följd
915 1413 24 20 är

182 1445 87 22 dermed
282 1444 113 28 jemförlig,
412 1445 88 21 afhändt
515 1445 31 27 sig
561 1445 53 27 gods
630 1445 23 22 af
667 1445 36 22 det
718 1445 71 28 värde,
805 1445 52 22 eller
869 1445 69 28 ingätt
