1017 1709
214 153 21 12 W

556 203 18 21 2.

263 263 38 20 Vid
315 262 143 25 behandlingen
472 263 7 18 i
494 262 101 19 Utskottet
610 261 21 20 af
644 261 36 19 den
694 261 44 19 näd.
754 260 143 25 propositionen
908 267 30 12 om

195 297 108 26 antagande
322 297 22 19 af
360 297 71 19 allmän
448 296 87 25 strafflag
550 296 30 20 för
596 295 185 21 Storfurstendömet
795 294 89 26 Finland,
900 294 39 19 för-

196 332 81 25 ordning
292 338 30 13 om
338 331 152 25 verkställighet
504 331 21 19 af
539 331 55 19 straff
607 337 24 12 m.
642 337 32 17 m.,
686 330 36 19 har
736 329 144 20 undertecknad
896 329 43 19 icke

195 367 75 18 kunnat
283 366 102 19 instämmä
399 365 43 20 med
457 365 111 20 Utskottets
584 365 100 25 pluralitet
699 365 6 18 i
720 363 85 26 följande
820 363 91 25 punkter.

254 429 19 20 1.
304 427 114 28 Angående
433 427 121 27 stadgandet
568 427 8 21 i
591 428 15 20 2
618 426 93 27 punkten
726 427 15 20 2
756 426 15 28 $
785 427 26 20 11
826 425 56 27 Kap.

444 461 26 28 af
482 461 211 28 straflagsförslaget.

264 509 32 20 Då
309 509 144 20 undertecknad
468 509 76 19 tillhört
559 509 35 20 den
610 509 97 19 minoritet
720 509 51 19 inom
782 508 108 25 Utskottet,
902 514 40 13 som

197 546 64 17 ansett
278 544 33 19 det
330 544 49 25 skäl,
398 544 78 19 hvilket
493 544 21 19 af
530 544 102 19 Utskottet
647 544 7 18 i
668 543 141 25 motiveringen
828 543 31 18 till
874 543 68 19 ofvan-

198 579 78 19 stående
294 579 14 25 &
326 578 88 25 antydes,
430 579 44 18 icke
492 578 60 19 hafva
570 578 74 25 utgjort
663 577 109 26 tillräcklig
790 577 104 25 anledning
913 577 30 19 för

198 613 102 19 Utskottet
318 614 29 17 att
366 613 115 18 oförändrad
496 613 102 24 godkänna
614 612 12 19 2
642 613 85 24 punkten
743 612 7 19 i
765 612 142 19 ofvannämnda
923 611 19 26 8,

198 649 46 17 utan
262 647 58 19 hållit
338 647 47 24 före,
402 649 28 16 att
449 647 110 25 minskning
574 647 21 19 af
608 647 92 19 Finlands
716 646 48 19 eller
779 646 109 25 Rysslands
904 653 38 12 om-

198 681 47 20 råde
260 682 48 19 eller
323 681 66 20 försök
405 681 72 24 dertill,
492 681 59 20 borde
566 681 93 25 beläggas
674 681 43 19 med
732 681 56 19 straff
801 681 58 18 äfven
874 681 25 18 då
913 681 30 18 så-

199 717 37 18 dan
257 716 112 25 minskning
387 716 45 19 sker
451 718 46 17 utan
516 716 60 25 afsigt
594 718 29 17 att
640 716 121 25 underlägga
780 715 86 20 området
885 715 57 19 främ-

199 751 68 19 mande
286 750 60 26 makt,
366 750 36 19 har
419 750 144 20 undertecknad
578 753 48 16 trott
641 751 30 25 sig
686 751 47 18 böra
748 750 35 19 hos
799 750 75 19 landets
890 750 53 25 Hög-

199 785 67 25 lofliga
280 784 83 20 Ständer
377 785 73 19 föreslå
465 792 23 12 en
503 785 157 25 omformulering
675 785 21 19 af
710 785 149 25 ifrågavarande
874 784 70 26 punkt,

200 820 126 24 hvarigenom
349 819 109 19 densamma
480 820 74 19 komme
573 820 7 19 i
598 820 126 19 konformitet
742 820 42 19 med
803 819 116 25 stadgandet
937 819 7 19 i

201 854 27 19 34
243 854 13 25 &
274 854 21 19 af
314 853 54 20 1772
390 854 31 19 års
443 854 164 25 Regeringsform.
637 854 67 25 Enligt
723 854 154 19 undertecknads
896 860 48 19 upp-

200 888 86 25 fattning
303 888 60 19 borde
378 889 75 19 således
469 889 12 18 2
496 889 86 24 punkten
597 889 7 18 i
620 888 12 19 2
647 889 13 25 $
677 889 24 18 11
717 889 51 24 Kap.
784 889 7 18 i
806 888 139 25 strafflagsför-

200 923 64 25 slaget
279 923 75 18 erhälla
369 923 84 24 följande
468 923 85 25 lydelse:

369 957 30 20 att
417 955 61 27 lägga
495 956 101 25 Finland,
612 955 48 21 eller
677 956 71 26 nägon
766 955 33 21 del
814 955 66 26 deraf,
897 955 49 20 eller

336 989 58 28 ryskt
412 990 84 21 omräde
514 991 67 20 under
595 990 133 26 främmande
744 989 62 26 makt,
822 989 50 21 eller
886 989 60 28 eljest

336 1023 80 22 minska
442 1024 105 21 Finlands
573 1024 48 21 eller
646 1024 160 27 Kejsaredömet
829 1023 117 28 Rysslands

336 1059 91 26 omräde,
450 1059 48 20 eller
520 1058 93 28 lösrycka
635 1059 95 20 Finland
752 1058 48 21 eller
822 1059 69 26 nägon
913 1057 33 22 del

337 1093 63 26 deraf
412 1093 53 27 frän
479 1093 61 27 ryska
555 1093 59 22 riket.

269 1157 21 20 2.
322 1155 138 28 Beträffande
474 1156 226 27 församlingsfriheten
715 1157 25 27 (9
755 1156 15 29 $
784 1157 28 20 16
826 1156 56 27 Kap.

442 1191 26 26 af
480 1191 224 26 strafflagsförslaget).

271 1237 216 24 Församlingsfriheten
505 1238 53 19 torde
577 1238 47 19 böra
643 1237 75 20 skattas
733 1238 63 19 såsom
811 1244 23 12 en
850 1238 36 19 den
901 1237 45 25 dyr-

202 1271 78 19 baraste
305 1270 155 25 medborgerliga
482 1271 100 25 rättighet.
615 1270 69 19 Denna
705 1270 101 26 rättighet,
828 1271 119 25 rättigheten

203 1304 31 19 för
251 1304 75 18 landets
345 1304 125 25 medborgare
489 1306 29 17 att
532 1304 44 19 fritt
590 1304 162 20 sammankomma
766 1305 7 19 i
788 1304 36 20 och
838 1305 31 18 för
884 1305 63 19 öfver-

203 1338 94 26 läggning
311 1338 21 20 af
346 1338 80 20 allmänt
441 1338 77 26 ärende,
530 1338 36 20 har
580 1338 98 20 härintills
693 1339 36 19 hos
745 1346 31 12 oss
792 1340 16 24 ej
824 1339 53 19 varit
887 1340 61 24 några

203 1373 165 25 inskränkningar
389 1373 137 21 underkastad,
556 1373 154 20 Sammanvuxen
732 1374 43 19 med
797 1374 62 19 andan
879 1374 7 19 i
904 1374 45 20 vårt

204 1408 169 19 konstitutionella
392 1408 157 19 statsskick
512 1404 38 35 har
564 1408 62 20 denna
640 1408 95 26 rättighet
749 1408 43 20 icke
808 1408 62 20 heller
885 1411 63 17 veter-

204 1442 54 26 ligen
276 1442 34 20 hos
329 1449 31 13 oss
379 1442 67 20 blifvit
461 1442 128 26 missbrukad,
605 1442 91 20 hvarföre
712 1444 16 25 ej
744 1443 62 20 heller
821 1444 93 19 behofvet
929 1444 21 20 af

272 1476 177 22 Straflagsutskottets
460 1476 102 17 betänkande
574 1476 34 17 N:o
622 1477 15 16 1.
