1034 1703
818 139 27 22 59

127 205 34 20 att
175 203 9 22 i
198 204 52 22 sina
272 203 79 23 skolor
373 204 81 27 intaga
477 203 43 23 och
535 202 108 24 meddela
664 202 172 29 undervisning
851 203 24 22 åt

130 237 60 23 barn
205 237 24 22 af
243 237 272 28 evangelisk-lutherska
529 237 119 30 föräldrar,
663 238 9 21 i
687 238 13 26 $
711 237 56 22 böra
781 237 62 28 ingå.

195 271 40 26 IS
257 274 12 20 7
291 278 56 15 anse
368 272 25 21 vi
413 271 72 23 orden
500 271 59 30 ,den
581 270 111 23 troslära*
706 271 57 22 böra
778 271 95 28 utbytas
886 275 11 23 $
911 275 14 17 7.

128 307 48 20 mot
192 304 70 23 orden
275 323 6 10 ,
283 305 45 30 det
337 305 183 29 protestantiska
530 305 195 28 kyrkosamfund,
736 305 71 22 hvars
817 307 58 20 tros-

126 338 70 30 lära”,
220 339 97 22 emedan
339 339 67 30 eljest
427 341 4 24 $
447 338 81 23 kunde
544 339 127 28 misstydas
686 338 96 30 derhän,
798 341 34 19 att
846 344 29 16 en

126 380 27 15 ur
168 373 147 28 folkkyrkan
330 372 95 24 utträdd
440 373 52 23 icke
507 372 99 24 behöfde
621 372 94 23 ansluta
729 373 37 27 sig
781 372 38 23 till
834 378 41 17 an-

127 409 41 20 nat
185 407 195 31 kyrkosamfund,
391 408 43 22 och
445 407 98 23 emedan
554 407 38 23 det
602 414 86 16 annars
699 406 82 24 kunde
788 406 87 29 hända,

127 443 33 21 att
175 449 116 22 personer,
307 449 51 15 som
372 442 53 22 icke
439 442 97 23 tillhöra
550 442 79 28 nägon
638 441 169 29 protestantisk
816 444 58 20 tros-

127 476 57 29 lära,
200 476 43 23 och
259 484 38 15 om
312 476 97 23 hvilkas
423 478 46 21 rätt
484 477 43 23 här
541 476 53 23 icke
610 478 24 20 är
649 476 73 29 fräga,
736 476 95 23 komme
842 478 33 20 att

128 510 54 23 med
204 511 52 23 stöd
279 510 24 23 af
323 511 77 23 denna
422 511 136 28 författning
576 511 23 23 fä
614 510 136 29 rättigheter
765 511 8 21 i
788 510 87 23 landet.

128 544 146 28 Stadgandet
295 546 8 21 i
319 546 56 22 sista
397 553 68 15 mom.
489 546 43 22 har
546 548 87 20 ansetts
648 545 141 29 lämpligare
803 545 72 23 hafva

129 580 38 21 sin
181 578 62 30 plats
259 580 13 22 &
288 582 72 20 annat
374 580 69 22 ställe
457 581 8 21 i
480 579 151 29 lagförslaget
646 580 21 27 ($
684 580 29 27 9).

196 612 49 24 Vår
259 614 154 29 formulering
429 614 24 22 af
465 616 13 20 9
494 617 11 23 $
520 614 67 23 beror
602 614 24 22 af
639 614 42 22 vär
691 614 70 23 ofvan
769 613 105 23 uttalade
887 617 10 22 $
911 617 19 18 9.

128 647 133 30 grundsats,
277 650 32 21 att
331 649 82 29 hvarje
431 648 153 28 medborgare
598 649 41 21 bör
653 648 98 23 tillhöra
765 648 72 28 nägot
852 648 24 22 af

130 684 76 20 staten
222 682 100 22 erkändt
336 682 194 29 kyrkosamfund.

194 716 56 23 Med
273 716 108 24 afseende
405 718 13 22 å
438 719 10 25 $
465 718 26 21 13
507 717 94 23 ansluta
622 718 25 21 vi
669 724 37 16 oss
729 718 9 22 i
760 716 181 26 afvikelse
880 712 13 37 $
905 712 41 37 13.

132 750 52 23 frän
198 750 52 23 U:ts
265 753 97 26 mening
377 751 38 23 till
430 752 94 28 Nädiga
538 752 174 28 propositionen
727 752 32 28 pä
765 750 79 30 grund
853 751 24 22 af

129 784 167 29 lagutskottets
311 785 41 23 vid
368 787 53 21 1877
438 786 37 22 ärs
490 785 114 29 landtdag
619 785 104 23 uttalade
738 786 79 22 motiv.

196 822 12 24 8
227 821 26 20 13
275 821 8 21 i
303 821 180 29 propositionen,
505 820 77 23 såsom
603 820 53 23 icke
671 820 148 28 nödvändigt
833 820 41 22 hö-

126 854 73 22 rande
214 854 38 22 till
263 854 192 30 dissenterlagen,
471 862 55 15 anse
544 856 24 21 vi
583 855 83 22 kunna
681 855 44 23 och
740 855 56 22 böra
811 855 63 28 utgä,

128 888 98 23 emedan
241 888 39 23 det
295 890 31 28 pä
340 889 61 28 goda
415 889 54 23 skäl
484 889 49 23 kan
543 889 154 28 ifrågasättas,
708 890 118 22 huruvida
836 890 39 22 det

128 930 54 15 vore
204 923 141 23 välbetänkt
367 926 33 20 att
414 924 9 22 i
438 924 40 28 lag
501 923 134 30 dispensera
656 924 52 22 från
731 931 27 15 en
775 924 100 22 allmänt

126 957 176 29 medborgerlig
323 958 62 29 pligt
400 958 25 22 af
445 958 45 23 den
510 958 120 29 betydelse
644 966 51 15 som
711 958 99 29 edgäng,
827 960 47 22 sär-

126 992 76 23 skildt
216 992 33 23 för
271 992 202 30 rättsskipningen
488 994 64 22 inom
568 993 133 29 samhället,
717 1000 58 22 eger.
804 994 71 22 Vissa

129 1025 126 24 dissenters
270 1027 94 23 fordran
378 1028 31 29 pä
423 1027 95 30 dispens
533 1027 51 22 frän
599 1027 136 29 värnepligt
744 1027 71 23 borde
826 1028 49 22 mä-

127 1061 81 22 hända
222 1061 51 23 lika
288 1062 95 28 mycket
397 1062 106 29 beaktas,
517 1063 77 22 säsom
604 1062 115 23 beroende
731 1062 24 22 af
763 1065 112 20 samvets-

127 1095 196 30 betänkligheter.
353 1097 36 22 Dä
406 1096 94 23 fordran
522 1097 30 28 pä
568 1096 100 29 eftergift
686 1097 4 22 i
705 1096 169 29 skyldigheten

130 1132 34 21 att
179 1130 94 29 aflägga
289 1130 28 23 ed
333 1131 46 22 ofta
392 1131 24 22 af
429 1131 167 22 samvets-skäl
613 1130 78 23 blifvit
705 1131 91 22 uttalad
807 1131 68 22 äfven

129 1164 25 22 af
166 1164 159 29 folkkyrkans
341 1165 158 30 medlemmar,
515 1165 125 22 hemställe
654 1166 31 29 vi,
701 1172 37 15 om
756 1165 52 22 icke
821 1165 54 22 skäl

130 1205 60 22 vore,
214 1201 33 20 att
270 1199 97 28 lagarne
387 1207 38 15 om
441 1199 93 28 edgäng
549 1199 77 22 blefve
640 1199 97 22 föremäl
752 1199 33 22 för
800 1206 75 16 omar-

127 1232 106 31 betning,
249 1233 100 23 hvarvid
365 1233 68 24 äfven
448 1234 126 22 dissenters
587 1233 97 30 möjliga
694 1233 181 28 önskningsmäl

127 1267 9 22 i
150 1267 83 28 frågan
247 1267 81 23 kunde
343 1271 66 25 tagas
424 1268 9 22 i
447 1269 106 22 närmare
568 1267 175 28 öfvervägande.

201 1301 46 23 Det
271 1301 87 29 tillägg
388 1303 25 22 vi
440 1303 8 21 i
475 1305 10 24 $
510 1303 25 20 16
558 1301 100 24 förordat
681 1301 58 23 afser
762 1304 33 20 att
815 1301 61 29 fylla
889 1307 11 22 g
913 1307 30 18 16.

129 1343 28 15 en
176 1336 65 29 brist,
263 1337 85 21 hvaraf
367 1337 53 21 icke
443 1336 60 23 blott
525 1337 45 21 den
594 1335 94 28 Nådiga
703 1337 173 27 propositionen

127 1372 58 20 utan
208 1370 69 22 äfven
291 1369 138 28 föregående
443 1369 129 29 lagförslag
587 1370 8 21 i
611 1371 78 20 ämnet
703 1369 60 22 lidit.
792 1369 83 22 Ehuru

129 1404 120 29 nemligen
264 1403 157 30 lagförslagen
430 1405 8 22 i
446 1405 65 28 träga
520 1403 130 30 ingalunda
658 1403 87 29 åsyftat
754 1405 33 21 att
797 1403 78 23 lemna
