1006 1709
229 151 22 17 12
463 150 23 18 U.
500 150 20 18 B.
533 160 22 4 —
567 150 60 22 Prop.
640 149 35 18 N:o
687 149 16 18 1.

70 207 46 21 Strfl.
125 207 12 16 2
146 207 45 21 Kap.
205 208 107 24 lingstariff
324 211 22 16 är
360 208 61 25 enligt
437 208 110 19 Utskottets
562 208 58 19 tanke
635 207 42 19 icke
693 207 59 25 något
762 208 29 18 att
801 206 98 26 anmärka,
911 206 36 19 och

206 242 54 19 torde
280 242 21 19 af
318 242 109 19 densamma
445 242 56 19 äfven
521 242 42 20 med
583 242 114 24 erforderlig
715 240 99 26 tydlighet
828 241 76 25 framgå
919 242 28 18 att

206 276 209 26 förvandlingsstraffet
430 276 56 20 alltid
501 277 34 19 bör
550 278 83 18 utsättas
647 276 8 19 i
669 276 66 25 dagar,
747 276 61 19 ehurn
823 276 69 19 sådant
905 275 42 20 icke

206 311 7 19 i
228 311 32 26 &:n
276 311 133 25 uttryckligen
425 314 22 17 är
461 311 62 26 sagdt.

274 345 44 28 78.
348 345 61 20 Sedan
431 346 7 19 i
458 347 9 18 1
487 346 13 26 &
522 346 87 25 stadgats
631 347 29 17 att
678 345 97 19 särskilda
793 344 108 19 straffarter
918 345 30 19 för

207 381 113 24 tjenstemän
340 383 32 16 äro
391 380 106 25 afsättning
516 381 35 18 och
570 380 95 25 skiljande
683 380 43 19 frän
744 379 89 25 utöfning
848 379 21 19 af
883 379 65 26 tjenst,

207 415 115 18 bestämmer
346 415 8 18 1
377 421 55 12 mom.
456 415 7 18 i
481 415 60 19 denna
563 415 13 25 &
595 414 52 19 hvad
666 414 107 25 afsättning
791 413 86 19 innebär.
906 413 41 19 Mo-

206 451 72 16 mentet
296 449 50 18 lider
364 448 21 19 af
401 455 23 12 en
444 449 39 18 viss
499 448 109 25 otydlighet
622 448 7 19 i
644 448 89 19 afseende
749 448 11 19 &
775 447 23 19 de
814 447 53 20 olika
881 447 67 25 slagen

206 482 22 19 af
245 482 107 25 afsättning
369 489 41 12 men
430 489 57 18 synes
505 483 48 18 böra
571 482 70 19 förstäs
659 482 86 24 sälunda,
762 484 29 17 att
805 481 107 25 afsättning
928 484 21 16 är

207 516 21 19 af
244 517 35 18 tvä
297 516 49 25 slag,
365 516 96 25 nemligen
481 515 38 26 1:0)
538 517 71 18 förlust
627 516 21 19 af
665 516 36 19 den
721 516 65 25 tjenst,
802 515 57 19 hvari
877 516 72 18 brottet

207 551 79 24 begicks
302 551 48 18 eller
364 550 80 19 hvilken
461 550 34 19 den
511 551 90 24 skyldige
619 550 5 19 i
639 550 42 19 dess
698 550 57 19 ställe
765 549 86 25 erhållit,
862 549 36 19 och
909 549 40 24 2:0)

207 585 71 18 förlust
292 585 22 19 af
327 585 39 18 alla
381 585 87 24 tjenster,
480 584 68 20 hvilka
564 585 35 19 den
619 584 82 25 skyldig
716 584 135 25 tilläfventyrs
866 583 81 20 innehar

207 619 24 19 då
246 619 42 19 dom
304 619 62 19 faller.
390 619 44 19 Men
449 621 102 17 momentet
567 619 73 19 lemnar
654 619 58 19 äfven
727 625 42 12 rum
783 618 30 19 för
827 618 122 19 anmärknin-

207 659 35 19 gar
261 653 7 19 i
286 656 28 16 ett
333 655 58 17 annat
408 653 96 19 afseende.
534 653 67 25 Enligt
617 653 114 19 detsammas
747 652 123 25 ordalydelse
885 655 22 17 är
921 652 27 19 in-

208 688 101 19 trädandet
324 687 21 19 af
359 687 31 20 det
405 687 135 20 inskränktare
557 688 47 19 eller
618 687 142 20 vidsträcktare
771 687 62 26 slaget
843 687 108 25 afsättning

207 723 96 19 beroende
321 722 21 19 af
360 737 11 10 ,,
373 723 82 18 brottets
473 722 152 20 beskaffenhet”.
654 722 9 19 I
679 722 92 19 händelse
787 722 42 19 med
845 722 56 19 dessa
916 722 33 19 ord

208 757 68 19 afsetts
295 759 29 17 att
342 757 89 19 domaren
450 756 33 19 vid
503 757 119 19 utsättandet
640 757 21 18 af
678 756 56 19 straff
751 757 30 18 för
798 757 59 24 brott,
873 763 41 12 som
929 759 21 16 är

208 791 79 25 belagdt
297 791 43 18 med
350 791 112 25 afsättning,
471 791 47 25 egde
529 791 49 19 efter
589 791 139 24 förbrytelsens
738 790 134 19 beskaffenhet
882 791 69 24 pröfva

208 825 96 20 huruvida
326 825 32 20 det
380 825 140 20 vidsträcktare
542 825 48 20 eller
607 825 136 19 inskränktare
762 825 63 25 slaget
844 825 107 24 afsättning

209 860 57 20 borile
286 861 172 24 gerningsmannen
477 860 82 24 ädömas,
579 860 21 19 sä
620 860 36 19 kan
675 862 28 17 ett
722 860 66 25 dylikt
806 859 106 26 stadgande
931 859 21 19 af

208 895 103 20 Utskottet
325 895 43 19 icke
383 895 64 25 gillas,
458 897 47 17 enär
519 895 85 26 antydda
619 895 141 25 pröfningsrätt
774 894 66 20 blefve
852 901 41 12 mer
903 894 48 19 eller

209 929 73 20 mindre
300 929 121 26 godtycklig.
451 929 101 20 Utskottet
571 935 56 14 anser
645 929 32 19 det
695 929 76 20 säledes
789 929 48 19 böra
854 935 23 12 ur
894 928 57 25 lagen

208 964 88 25 tydligen
312 963 75 25 framgä
401 967 35 15 när
451 963 32 19 det
498 970 34 13 ena
547 964 48 19 eller
610 963 59 19 andra
684 964 63 25 slaget
762 963 107 25 afsättning
880 963 35 19 bör
927 963 24 25 pä

208 999 73 18 brottet
296 998 53 25 följa.
372 997 41 20 Och
429 1004 57 19 synes
501 998 32 19 det
547 998 54 25 ligga
616 998 6 19 i
638 998 70 19 sakens
723 1000 62 23 natur,
797 999 28 18 att
835 997 36 20 den
882 997 69 20 afsätt-

209 1033 53 25 ning,
273 1039 39 12 som
328 1033 61 24 enligt
405 1029 25 22 10
447 1032 12 25 &
474 1032 21 19 af
509 1032 52 20 detta
576 1033 44 24 kap.
635 1033 34 18 bör
680 1033 77 18 ädömas
768 1033 121 24 tjensteman,
900 1031 50 20 hvil-

210 1067 36 19 ken
262 1067 52 25 gjort
329 1067 30 24 sig
374 1067 89 19 förfallen
479 1067 31 18 till
525 1067 104 19 dödsstraff
639 1067 48 19 eller
696 1067 81 19 tukthus
788 1067 25 24 pä
823 1067 63 18 lifstid
896 1067 55 24 eller,

211 1101 32 19 ler
261 1100 189 25 omständigheterna
468 1101 17 25 ej
505 1103 32 17 äro
555 1101 124 25 synnerligen
694 1101 113 24 mildrande,
823 1101 31 18 till
869 1101 82 19 tukthus

208 1135 25 25 på
250 1135 41 19 viss
310 1135 35 24 tid,
361 1135 34 18 bör
414 1135 91 18 innebära
523 1135 70 19 förlust
611 1135 22 18 af
649 1135 34 19 den
700 1135 101 25 skyldiges
817 1135 39 19 alla
871 1135 81 25 tjenster

209 1180 26 3 —
250 1171 22 23 ty
288 1169 129 24 afsättningen
435 1171 21 16 är
471 1169 35 18 här
521 1176 22 12 en
560 1169 48 25 följd
623 1169 21 19 af
657 1169 32 19 det
705 1169 150 25 tjenstemannen
871 1169 80 19 ådömda

209 1203 96 20 allmänna
323 1203 74 19 straffet
415 1215 34 12 —,
468 1203 107 25 hvarjemte
595 1203 32 20 det
645 1203 66 20 vidare
730 1206 22 16 är
771 1203 98 25 sjelffallet
884 1205 29 18 att
927 1203 24 20 då

208 1237 30 20 för
248 1238 73 19 brottet
332 1237 81 22 ådömes,
421 1237 58 24 jemte
490 1238 113 23 afsättning,
611 1237 116 24 ovärdighet
737 1240 29 16 att
775 1238 74 24 nyttjas
859 1238 7 18 i
876 1237 75 19 landets

208 1271 65 24 tjenst,
284 1271 32 24 (11
328 1270 20 25 $)
360 1270 47 19 eller
417 1270 70 19 förlust
497 1271 20 18 af
526 1271 151 24 medborgerligt
685 1271 109 18 förtroende
803 1271 35 24 (14
846 1271 28 25 $),
883 1271 68 18 afsätt-

208 1305 70 24 ningen
290 1304 57 19 äfven
357 1303 36 19 här
403 1304 34 18 bör
445 1303 80 19 omfatta
533 1304 38 19 alla
580 1304 35 19 den
624 1304 101 25 skyldiges
733 1305 86 24 tjenster.
842 1304 39 19 För
888 1305 63 24 öfriga

208 1337 200 26 tjensteförbrytelser
422 1338 35 19 bör
472 1337 84 20 deremot
571 1338 32 19 det
618 1338 136 19 inskränktare
769 1338 64 25 slaget
845 1339 106 25 afsättning

209 1373 83 19 &dömas.
309 1384 26 3 —
347 1372 100 20 Utskottet
457 1372 36 19 har
503 1372 53 25 förty
567 1372 128 25 omredigerat
705 1373 12 18 7
729 1373 12 26 &
752 1373 6 18 i
769 1379 24 13 nu
805 1373 77 19 anfördt
892 1373 58 25 syfte.

278 1405 56 29 118.
363 1407 9 18 I
387 1407 91 18 afseende
496 1407 12 18 &
522 1407 153 25 straffpäföljden
691 1407 129 25 ,,ovärdighet
835 1409 29 17 att
877 1408 74 25 nyttjas

210 1442 6 20 i
231 1442 75 20 landets
322 1442 71 24 tjenst'
405 1441 62 19 såsom
482 1441 107 19 densamma
605 1442 36 19 här
655 1444 21 17 är
691 1442 115 26 behandlad,
818 1442 36 20 har
869 1442 80 20 Utskot-

277 1475 176 21 Strafflagsutskottets
464 1475 102 17 betänkande
579 1476 34 16 N:o
625 1476 16 16 1.
