1025 1703
230 141 33 18 114
465 141 23 18 U.
501 140 23 19 B.
536 151 22 2 —
570 140 61 24 Prop.
644 139 37 20 N:o
694 139 16 19 1.

70 199 83 22 Promulg.
162 199 29 22 fd.
204 199 47 25 ning
266 199 22 19 af
301 199 61 25 straff,
373 205 41 14 som
429 199 78 20 ådömes
522 199 48 19 både
586 199 62 24 enligt
662 198 55 19 äldre
727 198 34 24 lag
771 197 36 20 och
819 197 61 25 enligt
891 197 62 20 straff-

204 233 64 26 lagen,
284 232 84 26 tillagts.

272 266 12 21 8
295 265 18 30 8.
322 267 43 27 (98
373 267 7 19 i
388 267 59 20 Utsk.
456 267 64 26 försl.)
530 267 40 19 Det
577 273 59 19 synes
644 266 31 19 för
682 266 161 25 ågagaläggande
851 265 22 20 af
879 266 38 25 god
926 267 29 18 tro

204 302 16 25 ej
232 301 57 20 alltid
299 308 48 13 vara
354 301 123 26 tillräckligt,
486 304 29 17 att
524 302 42 24 den,
576 307 40 14 som
624 301 63 19 funnit
699 301 48 19 eller
755 300 60 20 hittat
823 301 58 24 något
891 300 64 26 ,,inom

204 336 72 25 fjorton
284 335 61 25 dagar
352 335 45 20 låtit
405 336 64 19 derom
477 336 66 25 lysa'',
552 335 78 19 emedan
640 335 67 19 sådant
715 335 83 25 lysande
806 335 38 18 kan
852 334 101 20 föranstal-

203 373 31 16 tas
248 370 58 19 äfven
319 370 22 18 af
356 369 43 26 den,
415 376 40 13 som
467 370 51 19 mala
528 370 38 18 fide
577 369 82 19 innehar
670 375 23 13 en
704 369 41 25 sak,
757 369 30 19 för
797 371 29 17 att
836 368 120 20 förekomma

203 404 124 19 misstankar.
357 403 103 20 Utskottet
475 403 36 21 har
525 403 124 20 fördenskull
664 403 73 25 tillagt,
753 403 58 19 orden
827 403 48 24 ,,bör
891 402 65 20 derom

204 439 64 18 straxt
282 438 175 25 tillkännagifva'',
473 441 47 17 enär
530 438 33 19 det
575 444 58 19 synes
644 443 48 14 vara
702 437 106 25 sjelffallet,
820 438 29 18 att
859 443 22 13 en
893 436 64 26 redlig

204 472 73 20 hittare
293 472 83 20 omtalar
390 472 35 20 sitt
439 472 49 25 fynd
503 472 31 20 för
548 472 60 20 andra
623 478 99 19 personer.

272 506 12 20 9
299 505 18 29 8.
333 506 35 26 (10
377 506 27 26 8i
412 506 60 21 Utsk,
481 506 65 26 försl.)
561 506 68 20 Andra
637 507 102 25 meningen
747 506 7 19 i
763 506 61 20 denna
832 506 19 26 $,
862 505 93 27 börjande

204 541 43 19 med
258 541 54 20 ordet
322 540 107 26 ,,Finnes'',
445 540 36 21 har
495 541 103 20 Utskottet
613 542 96 24 uteslutit,
725 542 79 19 emedan
822 540 33 20 det
869 541 36 19 här
916 547 39 13 om-

203 576 65 19 talade
295 576 91 25 lysandet
412 576 17 25 ej
455 576 6 19 i
484 576 40 20 alla
546 576 103 19 händelser
672 576 38 19 kan
729 582 48 14 vara
795 576 32 18 till
846 576 60 25 fylles
926 575 30 20 för

204 610 79 25 hittare,
299 617 41 12 som
359 610 52 20 skall
426 613 48 22 göra
489 611 31 25 sig
534 610 94 26 urtjufva.

273 644 23 21 10
311 643 19 29 8.
353 643 34 28 (11
405 645 12 25 8
433 645 6 18 i
450 645 59 20 Utsk.
523 645 63 26 försl.)
610 645 58 20 Hvad
679 645 36 19 här
725 647 22 17 är
757 645 92 25 stadgadt
859 651 30 13 om
899 644 56 20 klan-

204 679 34 19 der
253 679 21 19 af
288 679 100 25 egendom,
404 685 40 13 som
460 679 92 19 afhändts
568 679 43 19 dess
626 679 127 19 innehafvare
769 685 68 19 genom
851 679 58 22 stöld,
921 679 34 19 rän

204 713 48 19 eller
266 713 132 25 utpressning,
413 719 59 19 synes
487 714 48 19 böra
550 713 53 26 gälla
618 713 57 20 äfven
691 713 70 20 sädant
771 713 54 26 gods,
836 720 40 12 som
887 719 68 19 genom

204 747 81 19 snatteri
300 747 115 19 fränhändts
433 754 78 19 egaren.

272 780 23 21 17
311 780 18 29 &.
359 782 34 25 (18
410 782 13 25 8
439 782 6 19 i
461 782 59 20 Utsk.
536 782 64 25 försl.)
626 782 56 19 Efter
697 782 62 20 denna
774 782 13 26 &
803 782 35 19 har
853 782 102 19 Utskottet

204 816 55 20 aktat
274 816 68 26 nödigt
357 816 84 26 tillägga
455 823 23 13 en
493 823 27 19 ny
536 817 19 25 &,
567 816 136 20 innehällande
719 816 144 26 bestämningar
879 823 30 13 om
919 816 36 20 all-

204 854 43 16 män
264 850 107 26 äklagares
386 852 40 18 rätt
441 852 28 18 att
483 852 47 24 taga
546 851 30 25 sig
586 850 60 26 talan,
657 851 6 19 i
674 850 36 20 fall
721 851 124 25 mälsegande
856 850 33 20 vid
900 851 57 25 fråga

204 891 30 13 om
252 885 60 24 brott,
328 891 41 13 som
387 885 69 19 endast
473 885 22 19 af
511 886 71 19 honom
597 885 48 19 eller
660 885 25 25 pä
700 885 49 20 hans
765 886 88 18 anmälan
870 885 30 19 får
915 886 40 18 äta-

204 918 36 26 las,
255 918 65 20 skulle
331 919 52 25 rigta
397 920 30 18 sin
442 919 53 19 talan
511 920 69 19 endast
594 922 40 17 mot
649 926 23 12 en
688 920 50 19 eller
751 920 62 24 nägra
828 920 21 19 af
863 920 23 18 de
901 919 54 25 skyl-

204 953 46 25 diga
264 959 43 13 men
322 953 45 19 icke
381 955 53 17 emot
448 953 46 19 alla.
518 953 64 20 Sedan
596 954 73 19 brottet
684 954 67 19 blifvit
766 954 60 19 stäldt
839 954 60 19 under
910 954 45 24 åtal,

204 994 58 18 synes
282 986 32 20 det
332 987 97 25 nemligen
447 987 43 19 icke
510 988 47 19 böra
575 988 73 20 lemnas
663 988 96 19 beroende
775 988 21 19 af
809 988 147 25 mälsegandens

204 1020 105 26 godtycke,
318 1022 51 18 emot
380 1020 81 20 hvilken
473 1022 49 19 eller
532 1022 70 19 hvilka
612 1022 22 19 af
642 1022 23 19 de
676 1022 92 25 skyldige
779 1022 40 19 åtal
829 1023 36 18 bör
875 1022 81 20 utföras.

271 1053 25 22 29
311 1053 18 29 8.
360 1055 33 26 (31
411 1055 13 26 &
439 1055 7 19 i
462 1055 58 20 Utsk.
536 1055 64 27 försl.)
623 1056 31 19 Då
669 1055 74 21 häktad
759 1063 76 18 person,
848 1056 61 20 ehuru
921 1056 33 19 fri-

204 1089 52 19 känd
275 1089 43 20 från
329 1089 32 19 det
376 1089 59 25 brott,
451 1090 30 19 för
497 1090 78 20 hvilket
589 1090 40 19 han
644 1090 86 26 häktats,
745 1091 93 26 möjligen
853 1091 58 20 äfven
927 1091 30 19 för

204 1123 112 20 lösdrifveri
336 1124 35 19 bör
389 1124 114 25 gvarhällas
522 1125 7 18 i
547 1125 66 25 häkte,
632 1125 35 19 har
686 1125 13 26 &
718 1125 104 25 undergätt
841 1132 22 13 en
883 1125 73 20 mindre

203 1157 120 26 förändring.

272 1191 57 28 328
359 1191 37 28 (34
415 1193 13 25 8
447 1193 7 18 i
472 1193 58 20 Utsk.
546 1192 65 28 försl.)
642 1193 66 20 Slutet
722 1194 21 19 af
757 1195 62 18 denna
833 1194 14 25 &
861 1195 44 19 från
921 1194 35 20 och

204 1226 43 19 med
262 1227 31 24 ,,ej
309 1226 76 20 heller'*
401 1227 36 19 har
452 1228 117 24 uppflyttats
584 1227 36 20 och
636 1227 101 26 inskjutits
749 1229 50 19 efter
809 1229 60 19 orden
881 1231 75 22 ,,sättas

204 1259 7 18 i
226 1261 28 17 ett
268 1259 64 25 rum,
348 1259 79 20 emedan
443 1260 99 19 bristande
558 1262 96 24 utrymme
669 1261 89 19 stundom
768 1261 139 25 undantagsvis
919 1262 37 19 kan

204 1297 48 21 göra
268 1293 32 19 det
314 1293 121 25 nödvändigt
449 1296 30 17 att
496 1294 79 20 förvara
593 1295 190 25 ransakningsfånge
798 1295 6 18 i
822 1301 71 14 samma
907 1302 48 19 rum,

204 1334 40 13 som
260 1328 44 25 den,
319 1327 82 21 hvilken
416 1328 97 26 undergår
528 1329 132 20 frihetsstraff.

272 1361 24 21 36
312 1361 18 28 8.
353 1362 35 27 (38
400 1362 30 27 $i
442 1363 58 20 Utsk.
513 1362 65 29 försl.)
601 1363 102 21 Utskottet
714 1364 36 20 har
760 1367 63 17 ansett
834 1365 81 20 framför
925 1372 30 13 or-

204 1397 33 20 det
247 1397 110 26 ,,beredas''
365 1398 47 19 böra
422 1397 100 26 tilläggas,
532 1398 80 26 ,,såvidt
622 1399 75 26 görligt
707 1400 43 25 är'',
759 1399 79 20 emedan
847 1400 108 20 anskaffan-

204 1432 33 19 det
251 1432 23 20 af
287 1431 80 26 tjenligt
381 1433 67 20 arbete
463 1433 30 19 för
507 1433 190 26 ransakningsfånge
712 1434 43 21 icke
771 1435 56 19 alltid
838 1438 21 17 är
873 1435 82 26 möjligt.

272 1465 179 23 Straflagsutskottets
462 1467 104 17 betänkande
579 1468 34 16 N:o
626 1469 15 16 1.
