<?xml version="1.0" encoding="UTF-8"?>
<alto xmlns="http://www.loc.gov/standards/alto/ns-v3#" xmlns:xlink="http://www.w3.org/1999/xlink" xmlns:xsi="http://www.w3.org/2001/XMLSchema-instance" xsi:schemaLocation="http://www.loc.gov/standards/alto/ns-v3# http://www.loc.gov/alto/v3/alto-3-0.xsd">
	<Description>
		<MeasurementUnit>pixel</MeasurementUnit>
		<sourceImageInformation>
			<fileName>/tmp/tess_uam4touv_input.PNG</fileName>
		</sourceImageInformation>
		<OCRProcessing ID="OCR_0">
			<ocrProcessingStep>
				<processingSoftware>
					<softwareName>tesseract 5.3.4</softwareName>
				</processingSoftware>
			</ocrProcessingStep>
		</OCRProcessing>
	</Description>
	<Layout>
		<Page WIDTH="1034" HEIGHT="1700" PHYSICAL_IMG_NR="0" ID="page_0">
			<PrintSpace HPOS="0" VPOS="0" WIDTH="1034" HEIGHT="1700">
				<ComposedBlock ID="cblock_0" HPOS="808" VPOS="140" WIDTH="29" HEIGHT="22">
					<TextBlock ID="block_0" HPOS="808" VPOS="140" WIDTH="29" HEIGHT="22">
						<TextLine ID="line_0" HPOS="808" VPOS="140" WIDTH="29" HEIGHT="22">
							<String ID="string_0" HPOS="808" VPOS="140" WIDTH="29" HEIGHT="22" WC="0.96" CONTENT="45"/>
						</TextLine>
					</TextBlock>
				</ComposedBlock>
				<ComposedBlock ID="cblock_1" HPOS="110" VPOS="202" WIDTH="755" HEIGHT="1227">
					<TextBlock ID="block_1" HPOS="113" VPOS="202" WIDTH="752" HEIGHT="439">
						<TextLine ID="line_1" HPOS="116" VPOS="202" WIDTH="748" HEIGHT="29">
							<String ID="string_1" HPOS="116" VPOS="202" WIDTH="134" HEIGHT="29" WC="0.96" CONTENT="obligatorisk"/><SP WIDTH="16" VPOS="202" HPOS="250"/>
							<String ID="string_2" HPOS="266" VPOS="202" WIDTH="23" HEIGHT="22" WC="0.96" CONTENT="af"/><SP WIDTH="13" VPOS="202" HPOS="289"/>
							<String ID="string_3" HPOS="302" VPOS="202" WIDTH="25" HEIGHT="22" WC="0.96" CONTENT="de"/><SP WIDTH="15" VPOS="202" HPOS="327"/>
							<String ID="string_4" HPOS="342" VPOS="202" WIDTH="103" HEIGHT="22" WC="0.93" CONTENT="särskilda"/><SP WIDTH="14" VPOS="202" HPOS="445"/>
							<String ID="string_5" HPOS="459" VPOS="202" WIDTH="225" HEIGHT="28" WC="0.91" CONTENT="religionssamfunden"/><SP WIDTH="15" VPOS="202" HPOS="684"/>
							<String ID="string_6" HPOS="699" VPOS="202" WIDTH="32" HEIGHT="22" WC="0.96" CONTENT="för"/><SP WIDTH="8" VPOS="202" HPOS="731"/>
							<String ID="string_7" HPOS="739" VPOS="204" WIDTH="60" HEIGHT="20" WC="0.93" CONTENT="deras"/><SP WIDTH="10" VPOS="204" HPOS="799"/>
							<String ID="string_8" HPOS="809" VPOS="204" WIDTH="55" HEIGHT="20" WC="0.92" CONTENT="med-"/>
						</TextLine>
						<TextLine ID="line_2" HPOS="116" VPOS="236" WIDTH="747" HEIGHT="27">
							<String ID="string_9" HPOS="116" VPOS="237" WIDTH="93" HEIGHT="24" WC="0.96" CONTENT="lemmar,"/><SP WIDTH="15" VPOS="237" HPOS="209"/>
							<String ID="string_10" HPOS="224" VPOS="237" WIDTH="68" HEIGHT="21" WC="0.96" CONTENT="ehuru"/><SP WIDTH="15" VPOS="237" HPOS="292"/>
							<String ID="string_11" HPOS="307" VPOS="239" WIDTH="67" HEIGHT="19" WC="0.96" CONTENT="staten"/><SP WIDTH="16" VPOS="239" HPOS="374"/>
							<String ID="string_12" HPOS="390" VPOS="237" WIDTH="47" HEIGHT="21" WC="0.93" CONTENT="icke"/><SP WIDTH="15" VPOS="237" HPOS="437"/>
							<String ID="string_13" HPOS="452" VPOS="236" WIDTH="114" HEIGHT="22" WC="0.90" CONTENT="anbefaller"/><SP WIDTH="16" VPOS="236" HPOS="566"/>
							<String ID="string_14" HPOS="582" VPOS="237" WIDTH="121" HEIGHT="21" WC="0.96" CONTENT="densamma"/><SP WIDTH="15" VPOS="237" HPOS="703"/>
							<String ID="string_15" HPOS="718" VPOS="237" WIDTH="7" HEIGHT="20" WC="0.95" CONTENT="i"/><SP WIDTH="11" VPOS="237" HPOS="725"/>
							<String ID="string_16" HPOS="736" VPOS="237" WIDTH="76" HEIGHT="21" WC="0.96" CONTENT="sådana"/><SP WIDTH="10" VPOS="237" HPOS="812"/>
							<String ID="string_17" HPOS="822" VPOS="237" WIDTH="41" HEIGHT="26" WC="0.96" CONTENT="fall,"/>
						</TextLine>
						<TextLine ID="line_3" HPOS="116" VPOS="270" WIDTH="748" HEIGHT="29">
							<String ID="string_18" HPOS="116" VPOS="270" WIDTH="36" HEIGHT="21" WC="0.96" CONTENT="där"/><SP WIDTH="22" VPOS="270" HPOS="152"/>
							<String ID="string_19" HPOS="174" VPOS="271" WIDTH="40" HEIGHT="20" WC="0.96" CONTENT="den"/><SP WIDTH="17" VPOS="271" HPOS="214"/>
							<String ID="string_20" HPOS="231" VPOS="271" WIDTH="70" HEIGHT="21" WC="0.96" CONTENT="kunde"/><SP WIDTH="16" VPOS="271" HPOS="301"/>
							<String ID="string_21" HPOS="317" VPOS="271" WIDTH="100" HEIGHT="21" WC="0.96" CONTENT="innebära"/><SP WIDTH="16" VPOS="271" HPOS="417"/>
							<String ID="string_22" HPOS="433" VPOS="273" WIDTH="30" HEIGHT="20" WC="0.93" CONTENT="ett"/><SP WIDTH="15" VPOS="273" HPOS="463"/>
							<String ID="string_23" HPOS="478" VPOS="270" WIDTH="162" HEIGHT="29" WC="0.85" CONTENT="samvetstväng-"/><SP WIDTH="32" VPOS="270" HPOS="640"/>
							<String ID="string_24" HPOS="672" VPOS="271" WIDTH="61" HEIGHT="21" WC="0.95" CONTENT="Allra"/><SP WIDTH="15" VPOS="271" HPOS="733"/>
							<String ID="string_25" HPOS="748" VPOS="270" WIDTH="65" HEIGHT="22" WC="0.96" CONTENT="minst"/><SP WIDTH="15" VPOS="270" HPOS="813"/>
							<String ID="string_26" HPOS="828" VPOS="271" WIDTH="36" HEIGHT="21" WC="0.96" CONTENT="bör"/>
						</TextLine>
						<TextLine ID="line_4" HPOS="115" VPOS="304" WIDTH="750" HEIGHT="29">
							<String ID="string_27" HPOS="115" VPOS="304" WIDTH="36" HEIGHT="22" WC="0.93" CONTENT="det"/><SP WIDTH="21" VPOS="304" HPOS="151"/>
							<String ID="string_28" HPOS="172" VPOS="312" WIDTH="15" HEIGHT="14" WC="0.95" CONTENT="s."/><SP WIDTH="24" VPOS="312" HPOS="187"/>
							<String ID="string_29" HPOS="211" VPOS="305" WIDTH="20" HEIGHT="20" WC="0.93" CONTENT="k."/><SP WIDTH="24" VPOS="305" HPOS="231"/>
							<String ID="string_30" HPOS="255" VPOS="304" WIDTH="189" HEIGHT="29" WC="0.92" CONTENT="civiläktenskapet"/><SP WIDTH="20" VPOS="304" HPOS="444"/>
							<String ID="string_31" HPOS="464" VPOS="305" WIDTH="65" HEIGHT="22" WC="0.96" CONTENT="väcka"/><SP WIDTH="15" VPOS="305" HPOS="529"/>
							<String ID="string_32" HPOS="544" VPOS="305" WIDTH="167" HEIGHT="28" WC="0.96" CONTENT="betänkligheter"/><SP WIDTH="15" VPOS="305" HPOS="711"/>
							<String ID="string_33" HPOS="726" VPOS="305" WIDTH="26" HEIGHT="22" WC="0.96" CONTENT="då"/><SP WIDTH="15" VPOS="305" HPOS="752"/>
							<String ID="string_34" HPOS="767" VPOS="305" WIDTH="36" HEIGHT="22" WC="0.96" CONTENT="det"/><SP WIDTH="14" VPOS="305" HPOS="803"/>
							<String ID="string_35" HPOS="817" VPOS="305" WIDTH="48" HEIGHT="21" WC="0.96" CONTENT="icke"/>
						</TextLine>
						<TextLine ID="line_5" HPOS="115" VPOS="338" WIDTH="748" HEIGHT="29">
							<String ID="string_36" HPOS="115" VPOS="338" WIDTH="78" HEIGHT="22" WC="0.92" CONTENT="införes"/><SP WIDTH="22" VPOS="338" HPOS="193"/>
							<String ID="string_37" HPOS="215" VPOS="338" WIDTH="67" HEIGHT="23" WC="0.96" CONTENT="såsom"/><SP WIDTH="17" VPOS="338" HPOS="282"/>
							<String ID="string_38" HPOS="299" VPOS="339" WIDTH="144" HEIGHT="28" WC="0.95" CONTENT="obligatoriskt"/><SP WIDTH="14" VPOS="339" HPOS="443"/>
							<String ID="string_39" HPOS="457" VPOS="339" WIDTH="32" HEIGHT="22" WC="0.96" CONTENT="för"/><SP WIDTH="15" VPOS="339" HPOS="489"/>
							<String ID="string_40" HPOS="504" VPOS="339" WIDTH="66" HEIGHT="28" WC="0.95" CONTENT="någon"/><SP WIDTH="17" VPOS="339" HPOS="570"/>
							<String ID="string_41" HPOS="587" VPOS="339" WIDTH="90" HEIGHT="22" WC="0.95" CONTENT="medlem"/><SP WIDTH="17" VPOS="339" HPOS="677"/>
							<String ID="string_42" HPOS="694" VPOS="339" WIDTH="23" HEIGHT="21" WC="0.95" CONTENT="af"/><SP WIDTH="13" VPOS="339" HPOS="717"/>
							<String ID="string_43" HPOS="730" VPOS="342" WIDTH="30" HEIGHT="19" WC="0.96" CONTENT="ett"/><SP WIDTH="14" VPOS="342" HPOS="760"/>
							<String ID="string_44" HPOS="774" VPOS="339" WIDTH="89" HEIGHT="28" WC="0.96" CONTENT="lagligen"/>
						</TextLine>
						<TextLine ID="line_6" HPOS="113" VPOS="373" WIDTH="750" HEIGHT="29">
							<String ID="string_45" HPOS="113" VPOS="373" WIDTH="91" HEIGHT="22" WC="0.92" CONTENT="erkändt"/><SP WIDTH="14" VPOS="373" HPOS="204"/>
							<String ID="string_46" HPOS="218" VPOS="373" WIDTH="173" HEIGHT="28" WC="0.91" CONTENT="kyrkosamfund,"/><SP WIDTH="13" VPOS="373" HPOS="391"/>
							<String ID="string_47" HPOS="404" VPOS="376" WIDTH="49" HEIGHT="19" WC="0.97" CONTENT="utan"/><SP WIDTH="10" VPOS="376" HPOS="453"/>
							<String ID="string_48" HPOS="463" VPOS="374" WIDTH="51" HEIGHT="21" WC="0.96" CONTENT="blott"/><SP WIDTH="8" VPOS="374" HPOS="514"/>
							<String ID="string_49" HPOS="522" VPOS="373" WIDTH="67" HEIGHT="22" WC="0.93" CONTENT="såsom"/><SP WIDTH="10" VPOS="373" HPOS="589"/>
							<String ID="string_50" HPOS="599" VPOS="373" WIDTH="121" HEIGHT="22" WC="0.92" CONTENT="fakultativt"/><SP WIDTH="6" VPOS="373" HPOS="720"/>
							<String ID="string_51" HPOS="726" VPOS="373" WIDTH="65" HEIGHT="29" WC="0.93" CONTENT="jämte"/><SP WIDTH="10" VPOS="373" HPOS="791"/>
							<String ID="string_52" HPOS="801" VPOS="374" WIDTH="62" HEIGHT="28" WC="0.93" CONTENT="kyrk-"/>
						</TextLine>
						<TextLine ID="line_7" HPOS="115" VPOS="407" WIDTH="748" HEIGHT="29">
							<String ID="string_53" HPOS="115" VPOS="407" WIDTH="29" HEIGHT="28" WC="0.96" CONTENT="lig"/><SP WIDTH="15" VPOS="407" HPOS="144"/>
							<String ID="string_54" HPOS="159" VPOS="408" WIDTH="65" HEIGHT="27" WC="0.96" CONTENT="vigsel"/><SP WIDTH="15" VPOS="408" HPOS="224"/>
							<String ID="string_55" HPOS="239" VPOS="408" WIDTH="7" HEIGHT="20" WC="0.96" CONTENT="i"/><SP WIDTH="15" VPOS="408" HPOS="246"/>
							<String ID="string_56" HPOS="261" VPOS="408" WIDTH="77" HEIGHT="21" WC="0.96" CONTENT="sådana"/><SP WIDTH="15" VPOS="408" HPOS="338"/>
							<String ID="string_57" HPOS="353" VPOS="408" WIDTH="42" HEIGHT="26" WC="0.95" CONTENT="fall,"/><SP WIDTH="16" VPOS="408" HPOS="395"/>
							<String ID="string_58" HPOS="411" VPOS="415" WIDTH="44" HEIGHT="14" WC="0.96" CONTENT="som"/><SP WIDTH="17" VPOS="415" HPOS="455"/>
							<String ID="string_59" HPOS="472" VPOS="416" WIDTH="48" HEIGHT="20" WC="0.93" CONTENT="nyss"/><SP WIDTH="16" VPOS="416" HPOS="520"/>
							<String ID="string_60" HPOS="536" VPOS="408" WIDTH="108" HEIGHT="28" WC="0.91" CONTENT="antyddes."/><SP WIDTH="30" VPOS="408" HPOS="644"/>
							<String ID="string_61" HPOS="674" VPOS="408" WIDTH="46" HEIGHT="22" WC="0.95" CONTENT="Och"/><SP WIDTH="16" VPOS="408" HPOS="720"/>
							<String ID="string_62" HPOS="736" VPOS="409" WIDTH="7" HEIGHT="19" WC="0.96" CONTENT="i"/><SP WIDTH="15" VPOS="409" HPOS="743"/>
							<String ID="string_63" HPOS="758" VPOS="411" WIDTH="65" HEIGHT="18" WC="0.92" CONTENT="större"/><SP WIDTH="9" VPOS="411" HPOS="823"/>
							<String ID="string_64" HPOS="832" VPOS="410" WIDTH="31" HEIGHT="19" WC="0.92" CONTENT="ut-"/>
						</TextLine>
						<TextLine ID="line_8" HPOS="115" VPOS="441" WIDTH="749" HEIGHT="29">
							<String ID="string_65" HPOS="115" VPOS="441" WIDTH="120" HEIGHT="28" WC="0.96" CONTENT="sträckning"/><SP WIDTH="15" VPOS="441" HPOS="235"/>
							<String ID="string_66" HPOS="250" VPOS="442" WIDTH="38" HEIGHT="21" WC="0.96" CONTENT="har"/><SP WIDTH="15" VPOS="442" HPOS="288"/>
							<String ID="string_67" HPOS="303" VPOS="442" WIDTH="35" HEIGHT="21" WC="0.95" CONTENT="det"/><SP WIDTH="16" VPOS="442" HPOS="338"/>
							<String ID="string_68" HPOS="354" VPOS="442" WIDTH="73" HEIGHT="22" WC="0.95" CONTENT="hittills"/><SP WIDTH="16" VPOS="442" HPOS="427"/>
							<String ID="string_69" HPOS="443" VPOS="442" WIDTH="46" HEIGHT="21" WC="0.96" CONTENT="icke"/><SP WIDTH="16" VPOS="442" HPOS="489"/>
							<String ID="string_70" HPOS="505" VPOS="442" WIDTH="67" HEIGHT="21" WC="0.96" CONTENT="häller"/><SP WIDTH="16" VPOS="442" HPOS="572"/>
							<String ID="string_71" HPOS="588" VPOS="442" WIDTH="53" HEIGHT="22" WC="0.96" CONTENT="varit"/><SP WIDTH="15" VPOS="442" HPOS="641"/>
							<String ID="string_72" HPOS="656" VPOS="442" WIDTH="57" HEIGHT="28" WC="0.96" CONTENT="fråga"/><SP WIDTH="15" VPOS="442" HPOS="713"/>
							<String ID="string_73" HPOS="728" VPOS="449" WIDTH="33" HEIGHT="14" WC="0.91" CONTENT="om"/><SP WIDTH="16" VPOS="449" HPOS="761"/>
							<String ID="string_74" HPOS="777" VPOS="442" WIDTH="87" HEIGHT="21" WC="0.91" CONTENT="civiläk-"/>
						</TextLine>
						<TextLine ID="line_9" HPOS="114" VPOS="476" WIDTH="749" HEIGHT="28">
							<String ID="string_75" HPOS="114" VPOS="476" WIDTH="120" HEIGHT="28" WC="0.92" CONTENT="tenskapets"/><SP WIDTH="23" VPOS="476" HPOS="234"/>
							<String ID="string_76" HPOS="257" VPOS="476" WIDTH="110" HEIGHT="22" WC="0.95" CONTENT="införande"/><SP WIDTH="22" VPOS="476" HPOS="367"/>
							<String ID="string_77" HPOS="389" VPOS="477" WIDTH="38" HEIGHT="21" WC="0.96" CONTENT="hos"/><SP WIDTH="22" VPOS="477" HPOS="427"/>
							<String ID="string_78" HPOS="449" VPOS="484" WIDTH="38" HEIGHT="14" WC="0.93" CONTENT="oss."/><SP WIDTH="30" VPOS="484" HPOS="487"/>
							<String ID="string_79" HPOS="517" VPOS="477" WIDTH="83" HEIGHT="22" WC="0.88" CONTENT="Endast"/><SP WIDTH="21" VPOS="477" HPOS="600"/>
							<String ID="string_80" HPOS="621" VPOS="477" WIDTH="26" HEIGHT="20" WC="0.93" CONTENT="då"/><SP WIDTH="16" VPOS="477" HPOS="647"/>
							<String ID="string_81" HPOS="663" VPOS="477" WIDTH="94" HEIGHT="21" WC="0.93" CONTENT="hvarken"/><SP WIDTH="15" VPOS="477" HPOS="757"/>
							<String ID="string_82" HPOS="772" VPOS="485" WIDTH="91" HEIGHT="13" WC="0.96" CONTENT="mannen"/>
						</TextLine>
						<TextLine ID="line_10" HPOS="115" VPOS="510" WIDTH="748" HEIGHT="29">
							<String ID="string_83" HPOS="115" VPOS="510" WIDTH="51" HEIGHT="21" WC="0.96" CONTENT="eller"/><SP WIDTH="14" VPOS="510" HPOS="166"/>
							<String ID="string_84" HPOS="180" VPOS="511" WIDTH="93" HEIGHT="21" WC="0.96" CONTENT="kvinnan"/><SP WIDTH="16" VPOS="511" HPOS="273"/>
							<String ID="string_85" HPOS="289" VPOS="511" WIDTH="71" HEIGHT="21" WC="0.96" CONTENT="tillhör"/><SP WIDTH="15" VPOS="511" HPOS="360"/>
							<String ID="string_86" HPOS="375" VPOS="511" WIDTH="62" HEIGHT="28" WC="0.93" CONTENT="något"/><SP WIDTH="14" VPOS="511" HPOS="437"/>
							<String ID="string_87" HPOS="451" VPOS="511" WIDTH="173" HEIGHT="28" WC="0.91" CONTENT="kyrkosamfund,"/><SP WIDTH="17" VPOS="511" HPOS="624"/>
							<String ID="string_88" HPOS="641" VPOS="511" WIDTH="37" HEIGHT="22" WC="0.96" CONTENT="har"/><SP WIDTH="11" VPOS="511" HPOS="678"/>
							<String ID="string_89" HPOS="689" VPOS="519" WIDTH="48" HEIGHT="13" WC="0.91" CONTENT="man"/><SP WIDTH="10" VPOS="519" HPOS="737"/>
							<String ID="string_90" HPOS="747" VPOS="513" WIDTH="68" HEIGHT="20" WC="0.96" CONTENT="ansett"/><SP WIDTH="8" VPOS="513" HPOS="815"/>
							<String ID="string_91" HPOS="823" VPOS="512" WIDTH="40" HEIGHT="20" WC="0.96" CONTENT="den"/>
						</TextLine>
						<TextLine ID="line_11" HPOS="114" VPOS="545" WIDTH="749" HEIGHT="29">
							<String ID="string_92" HPOS="114" VPOS="545" WIDTH="114" HEIGHT="29" WC="0.96" CONTENT="borgerliga"/><SP WIDTH="15" VPOS="545" HPOS="228"/>
							<String ID="string_93" HPOS="243" VPOS="545" WIDTH="80" HEIGHT="22" WC="0.96" CONTENT="formen"/><SP WIDTH="17" VPOS="545" HPOS="323"/>
							<String ID="string_94" HPOS="340" VPOS="546" WIDTH="49" HEIGHT="21" WC="0.96" CONTENT="böra"/><SP WIDTH="15" VPOS="546" HPOS="389"/>
							<String ID="string_95" HPOS="404" VPOS="545" WIDTH="66" HEIGHT="22" WC="0.96" CONTENT="blifva"/><SP WIDTH="15" VPOS="545" HPOS="470"/>
							<String ID="string_96" HPOS="485" VPOS="546" WIDTH="40" HEIGHT="21" WC="0.96" CONTENT="den"/><SP WIDTH="17" VPOS="546" HPOS="525"/>
							<String ID="string_97" HPOS="542" VPOS="545" WIDTH="53" HEIGHT="22" WC="0.96" CONTENT="enda"/><SP WIDTH="10" VPOS="545" HPOS="595"/>
							<String ID="string_98" HPOS="605" VPOS="545" WIDTH="73" HEIGHT="29" WC="0.96" CONTENT="lagligt"/><SP WIDTH="7" VPOS="545" HPOS="678"/>
							<String ID="string_99" HPOS="685" VPOS="545" WIDTH="112" HEIGHT="26" WC="0.93" CONTENT="bindande,"/><SP WIDTH="10" VPOS="545" HPOS="797"/>
							<String ID="string_100" HPOS="807" VPOS="553" WIDTH="56" HEIGHT="14" WC="0.91" CONTENT="eme-"/>
						</TextLine>
						<TextLine ID="line_12" HPOS="114" VPOS="579" WIDTH="749" HEIGHT="29">
							<String ID="string_101" HPOS="114" VPOS="580" WIDTH="40" HEIGHT="20" WC="0.96" CONTENT="dan"/><SP WIDTH="18" VPOS="580" HPOS="154"/>
							<String ID="string_102" HPOS="172" VPOS="580" WIDTH="40" HEIGHT="20" WC="0.96" CONTENT="den"/><SP WIDTH="16" VPOS="580" HPOS="212"/>
							<String ID="string_103" HPOS="228" VPOS="579" WIDTH="26" HEIGHT="22" WC="0.96" CONTENT="då"/><SP WIDTH="15" VPOS="579" HPOS="254"/>
							<String ID="string_104" HPOS="269" VPOS="584" WIDTH="22" HEIGHT="17" WC="0.96" CONTENT="är"/><SP WIDTH="16" VPOS="584" HPOS="291"/>
							<String ID="string_105" HPOS="307" VPOS="580" WIDTH="39" HEIGHT="21" WC="0.96" CONTENT="den"/><SP WIDTH="16" VPOS="580" HPOS="346"/>
							<String ID="string_106" HPOS="362" VPOS="580" WIDTH="59" HEIGHT="25" WC="0.96" CONTENT="enda,"/><SP WIDTH="16" VPOS="580" HPOS="421"/>
							<String ID="string_107" HPOS="437" VPOS="587" WIDTH="43" HEIGHT="14" WC="0.96" CONTENT="som"/><SP WIDTH="17" VPOS="587" HPOS="480"/>
							<String ID="string_108" HPOS="497" VPOS="583" WIDTH="49" HEIGHT="19" WC="0.93" CONTENT="utan"/><SP WIDTH="17" VPOS="583" HPOS="546"/>
							<String ID="string_109" HPOS="563" VPOS="580" WIDTH="145" HEIGHT="28" WC="0.92" CONTENT="vanhälgande"/><SP WIDTH="3" VPOS="580" HPOS="708"/>
							<String ID="string_110" HPOS="711" VPOS="575" WIDTH="17" HEIGHT="38" WC="0.88" CONTENT="af"/><SP WIDTH="15" VPOS="575" HPOS="728"/>
							<String ID="string_111" HPOS="743" VPOS="579" WIDTH="23" HEIGHT="22" WC="0.88" CONTENT="en"/><SP WIDTH="14" VPOS="579" HPOS="766"/>
							<String ID="string_112" HPOS="780" VPOS="579" WIDTH="83" HEIGHT="28" WC="0.96" CONTENT="religiös"/>
						</TextLine>
						<TextLine ID="line_13" HPOS="114" VPOS="613" WIDTH="312" HEIGHT="28">
							<String ID="string_113" HPOS="114" VPOS="613" WIDTH="100" HEIGHT="28" WC="0.96" CONTENT="handling"/><SP WIDTH="15" VPOS="613" HPOS="214"/>
							<String ID="string_114" HPOS="229" VPOS="614" WIDTH="41" HEIGHT="21" WC="0.91" CONTENT="kan"/><SP WIDTH="15" VPOS="614" HPOS="270"/>
							<String ID="string_115" HPOS="285" VPOS="613" WIDTH="141" HEIGHT="23" WC="0.89" CONTENT="föreskrifvas."/>
						</TextLine>
					</TextBlock>
					<TextBlock ID="block_2" HPOS="110" VPOS="647" WIDTH="755" HEIGHT="510">
						<TextLine ID="line_14" HPOS="181" VPOS="647" WIDTH="681" HEIGHT="29">
							<String ID="string_116" HPOS="181" VPOS="647" WIDTH="13" HEIGHT="22" WC="0.95" CONTENT="I"/><SP WIDTH="21" VPOS="647" HPOS="194"/>
							<String ID="string_117" HPOS="215" VPOS="647" WIDTH="68" HEIGHT="22" WC="0.95" CONTENT="likhet"/><SP WIDTH="23" VPOS="647" HPOS="283"/>
							<String ID="string_118" HPOS="306" VPOS="647" WIDTH="47" HEIGHT="22" WC="0.96" CONTENT="med"/><SP WIDTH="15" VPOS="647" HPOS="353"/>
							<String ID="string_119" HPOS="368" VPOS="648" WIDTH="26" HEIGHT="21" WC="0.96" CONTENT="de"/><SP WIDTH="16" VPOS="648" HPOS="394"/>
							<String ID="string_120" HPOS="410" VPOS="648" WIDTH="31" HEIGHT="22" WC="0.96" CONTENT="till"/><SP WIDTH="17" VPOS="648" HPOS="441"/>
							<String ID="string_121" HPOS="458" VPOS="648" WIDTH="133" HEIGHT="28" WC="0.96" CONTENT="kyrkomötet"/><SP WIDTH="15" VPOS="648" HPOS="591"/>
							<String ID="string_122" HPOS="606" VPOS="648" WIDTH="22" HEIGHT="21" WC="0.96" CONTENT="år"/><SP WIDTH="17" VPOS="648" HPOS="628"/>
							<String ID="string_123" HPOS="645" VPOS="648" WIDTH="53" HEIGHT="21" WC="0.96" CONTENT="1876"/><SP WIDTH="16" VPOS="648" HPOS="698"/>
							<String ID="string_124" HPOS="714" VPOS="648" WIDTH="38" HEIGHT="21" WC="0.93" CONTENT="och"/><SP WIDTH="17" VPOS="648" HPOS="752"/>
							<String ID="string_125" HPOS="769" VPOS="647" WIDTH="93" HEIGHT="23" WC="0.92" CONTENT="landtda-"/>
						</TextLine>
						<TextLine ID="line_15" HPOS="111" VPOS="681" WIDTH="750" HEIGHT="30">
							<String ID="string_126" HPOS="111" VPOS="690" WIDTH="40" HEIGHT="20" WC="0.93" CONTENT="gen"/><SP WIDTH="19" VPOS="690" HPOS="151"/>
							<String ID="string_127" HPOS="170" VPOS="682" WIDTH="140" HEIGHT="21" WC="0.91" CONTENT="1877—1878"/><SP WIDTH="16" VPOS="682" HPOS="310"/>
							<String ID="string_128" HPOS="326" VPOS="681" WIDTH="23" HEIGHT="23" WC="0.96" CONTENT="af"/><SP WIDTH="12" VPOS="681" HPOS="349"/>
							<String ID="string_129" HPOS="361" VPOS="683" WIDTH="122" HEIGHT="28" WC="0.93" CONTENT="regeringen"/><SP WIDTH="16" VPOS="683" HPOS="483"/>
							<String ID="string_130" HPOS="499" VPOS="682" WIDTH="155" HEIGHT="23" WC="0.91" CONTENT="öfverlämnade"/><SP WIDTH="15" VPOS="682" HPOS="654"/>
							<String ID="string_131" HPOS="669" VPOS="682" WIDTH="103" HEIGHT="29" WC="0.96" CONTENT="förslagen"/><SP WIDTH="9" VPOS="682" HPOS="772"/>
							<String ID="string_132" HPOS="781" VPOS="682" WIDTH="31" HEIGHT="21" WC="0.93" CONTENT="till"/><SP WIDTH="9" VPOS="682" HPOS="812"/>
							<String ID="string_133" HPOS="821" VPOS="681" WIDTH="40" HEIGHT="22" WC="0.93" CONTENT="dis-"/>
						</TextLine>
						<TextLine ID="line_16" HPOS="111" VPOS="717" WIDTH="749" HEIGHT="28">
							<String ID="string_134" HPOS="111" VPOS="717" WIDTH="104" HEIGHT="27" WC="0.88" CONTENT="senterlag"/><SP WIDTH="22" VPOS="717" HPOS="215"/>
							<String ID="string_135" HPOS="237" VPOS="717" WIDTH="94" HEIGHT="21" WC="0.96" CONTENT="innehöll"/><SP WIDTH="23" VPOS="717" HPOS="331"/>
							<String ID="string_136" HPOS="354" VPOS="717" WIDTH="61" HEIGHT="22" WC="0.96" CONTENT="äfven"/><SP WIDTH="23" VPOS="717" HPOS="415"/>
							<String ID="string_137" HPOS="438" VPOS="717" WIDTH="35" HEIGHT="22" WC="0.96" CONTENT="det"/><SP WIDTH="16" VPOS="717" HPOS="473"/>
							<String ID="string_138" HPOS="489" VPOS="717" WIDTH="109" HEIGHT="28" WC="0.96" CONTENT="lagförslag"/><SP WIDTH="15" VPOS="717" HPOS="598"/>
							<String ID="string_139" HPOS="613" VPOS="717" WIDTH="8" HEIGHT="21" WC="0.96" CONTENT="i"/><SP WIDTH="15" VPOS="717" HPOS="621"/>
							<String ID="string_140" HPOS="636" VPOS="724" WIDTH="80" HEIGHT="15" WC="0.96" CONTENT="samma"/><SP WIDTH="16" VPOS="724" HPOS="716"/>
							<String ID="string_141" HPOS="732" VPOS="721" WIDTH="68" HEIGHT="21" WC="0.96" CONTENT="ämne,"/><SP WIDTH="17" VPOS="721" HPOS="800"/>
							<String ID="string_142" HPOS="817" VPOS="724" WIDTH="43" HEIGHT="14" WC="0.96" CONTENT="som"/>
						</TextLine>
						<TextLine ID="line_17" HPOS="111" VPOS="751" WIDTH="749" HEIGHT="28">
							<String ID="string_143" HPOS="111" VPOS="751" WIDTH="89" HEIGHT="22" WC="0.95" CONTENT="lämnats"/><SP WIDTH="16" VPOS="751" HPOS="200"/>
							<String ID="string_144" HPOS="216" VPOS="751" WIDTH="32" HEIGHT="22" WC="0.96" CONTENT="till"/><SP WIDTH="17" VPOS="751" HPOS="248"/>
							<String ID="string_145" HPOS="265" VPOS="751" WIDTH="54" HEIGHT="22" WC="0.95" CONTENT="1886"/><SP WIDTH="15" VPOS="751" HPOS="319"/>
							<String ID="string_146" HPOS="334" VPOS="751" WIDTH="32" HEIGHT="22" WC="0.93" CONTENT="års"/><SP WIDTH="16" VPOS="751" HPOS="366"/>
							<String ID="string_147" HPOS="382" VPOS="751" WIDTH="136" HEIGHT="28" WC="0.93" CONTENT="kyrkomötes"/><SP WIDTH="16" VPOS="751" HPOS="518"/>
							<String ID="string_148" HPOS="534" VPOS="751" WIDTH="112" HEIGHT="25" WC="0.96" CONTENT="utlåtande,"/><SP WIDTH="16" VPOS="751" HPOS="646"/>
							<String ID="string_149" HPOS="662" VPOS="751" WIDTH="157" HEIGHT="27" WC="0.96" CONTENT="bestämningar"/><SP WIDTH="8" VPOS="751" HPOS="819"/>
							<String ID="string_150" HPOS="827" VPOS="759" WIDTH="33" HEIGHT="13" WC="0.96" CONTENT="om"/>
						</TextLine>
						<TextLine ID="line_18" HPOS="112" VPOS="785" WIDTH="748" HEIGHT="29">
							<String ID="string_151" HPOS="112" VPOS="785" WIDTH="126" HEIGHT="28" WC="0.93" CONTENT="äktenskaps"/><SP WIDTH="22" VPOS="785" HPOS="238"/>
							<String ID="string_152" HPOS="260" VPOS="785" WIDTH="117" HEIGHT="22" WC="0.89" CONTENT="afslutande"/><SP WIDTH="23" VPOS="785" HPOS="377"/>
							<String ID="string_153" HPOS="400" VPOS="785" WIDTH="7" HEIGHT="22" WC="0.96" CONTENT="i"/><SP WIDTH="16" VPOS="785" HPOS="407"/>
							<String ID="string_154" HPOS="423" VPOS="786" WIDTH="54" HEIGHT="21" WC="0.96" CONTENT="vissa"/><SP WIDTH="15" VPOS="786" HPOS="477"/>
							<String ID="string_155" HPOS="492" VPOS="786" WIDTH="35" HEIGHT="21" WC="0.96" CONTENT="fall"/><SP WIDTH="17" VPOS="786" HPOS="527"/>
							<String ID="string_156" HPOS="544" VPOS="785" WIDTH="55" HEIGHT="22" WC="0.97" CONTENT="inför"/><SP WIDTH="15" VPOS="785" HPOS="599"/>
							<String ID="string_157" HPOS="614" VPOS="786" WIDTH="102" HEIGHT="28" WC="0.96" CONTENT="borgerlig"/><SP WIDTH="16" VPOS="786" HPOS="716"/>
							<String ID="string_158" HPOS="732" VPOS="785" WIDTH="128" HEIGHT="28" WC="0.96" CONTENT="myndighet,"/>
						</TextLine>
						<TextLine ID="line_19" HPOS="112" VPOS="819" WIDTH="749" HEIGHT="29">
							<String ID="string_159" HPOS="112" VPOS="820" WIDTH="72" HEIGHT="21" WC="0.96" CONTENT="hvilka"/><SP WIDTH="15" VPOS="820" HPOS="184"/>
							<String ID="string_160" HPOS="199" VPOS="820" WIDTH="156" HEIGHT="27" WC="0.96" CONTENT="bestämningar"/><SP WIDTH="14" VPOS="820" HPOS="355"/>
							<String ID="string_161" HPOS="369" VPOS="819" WIDTH="67" HEIGHT="22" WC="0.96" CONTENT="skilde"/><SP WIDTH="15" VPOS="819" HPOS="436"/>
							<String ID="string_162" HPOS="451" VPOS="820" WIDTH="31" HEIGHT="27" WC="0.96" CONTENT="sig"/><SP WIDTH="15" VPOS="820" HPOS="482"/>
							<String ID="string_163" HPOS="497" VPOS="820" WIDTH="45" HEIGHT="22" WC="0.96" CONTENT="från"/><SP WIDTH="18" VPOS="820" HPOS="542"/>
							<String ID="string_164" HPOS="560" VPOS="820" WIDTH="25" HEIGHT="21" WC="0.96" CONTENT="de"/><SP WIDTH="9" VPOS="820" HPOS="585"/>
							<String ID="string_165" HPOS="594" VPOS="820" WIDTH="88" HEIGHT="28" WC="0.96" CONTENT="tidigare"/><SP WIDTH="8" VPOS="820" HPOS="682"/>
							<String ID="string_166" HPOS="690" VPOS="820" WIDTH="117" HEIGHT="28" WC="0.93" CONTENT="föreslagna"/><SP WIDTH="9" VPOS="820" HPOS="807"/>
							<String ID="string_167" HPOS="816" VPOS="819" WIDTH="45" HEIGHT="22" WC="0.91" CONTENT="huf-"/>
						</TextLine>
						<TextLine ID="line_20" HPOS="112" VPOS="854" WIDTH="753" HEIGHT="29">
							<String ID="string_168" HPOS="112" VPOS="854" WIDTH="136" HEIGHT="27" WC="0.91" CONTENT="vudsakligen"/><SP WIDTH="24" VPOS="854" HPOS="248"/>
							<String ID="string_169" HPOS="272" VPOS="854" WIDTH="74" HEIGHT="22" WC="0.96" CONTENT="endast"/><SP WIDTH="22" VPOS="854" HPOS="346"/>
							<String ID="string_170" HPOS="368" VPOS="855" WIDTH="127" HEIGHT="21" WC="0.96" CONTENT="beträffande"/><SP WIDTH="16" VPOS="855" HPOS="495"/>
							<String ID="string_171" HPOS="511" VPOS="855" WIDTH="115" HEIGHT="28" WC="0.96" CONTENT="äktenskap"/><SP WIDTH="17" VPOS="855" HPOS="626"/>
							<String ID="string_172" HPOS="643" VPOS="855" WIDTH="76" HEIGHT="21" WC="0.96" CONTENT="mellan"/><SP WIDTH="16" VPOS="855" HPOS="719"/>
							<String ID="string_173" HPOS="735" VPOS="855" WIDTH="90" HEIGHT="20" WC="0.96" CONTENT="medlem"/><SP WIDTH="16" VPOS="855" HPOS="825"/>
							<String ID="string_174" HPOS="841" VPOS="854" WIDTH="24" HEIGHT="21" WC="0.96" CONTENT="af"/>
						</TextLine>
						<TextLine ID="line_21" HPOS="112" VPOS="888" WIDTH="750" HEIGHT="29">
							<String ID="string_175" HPOS="112" VPOS="888" WIDTH="107" HEIGHT="22" WC="0.39" CONTENT="lutherska"/><SP WIDTH="23" VPOS="888" HPOS="219"/>
							<String ID="string_176" HPOS="242" VPOS="889" WIDTH="81" HEIGHT="28" WC="0.93" CONTENT="kyrkan"/><SP WIDTH="24" VPOS="889" HPOS="323"/>
							<String ID="string_177" HPOS="347" VPOS="889" WIDTH="12" HEIGHT="21" WC="0.91" CONTENT="&amp;"/><SP WIDTH="14" VPOS="889" HPOS="359"/>
							<String ID="string_178" HPOS="373" VPOS="896" WIDTH="39" HEIGHT="13" WC="0.96" CONTENT="ena"/><SP WIDTH="15" VPOS="896" HPOS="412"/>
							<String ID="string_179" HPOS="427" VPOS="889" WIDTH="59" HEIGHT="21" WC="0.96" CONTENT="sidan"/><SP WIDTH="16" VPOS="889" HPOS="486"/>
							<String ID="string_180" HPOS="502" VPOS="889" WIDTH="38" HEIGHT="21" WC="0.93" CONTENT="och"/><SP WIDTH="16" VPOS="889" HPOS="540"/>
							<String ID="string_181" HPOS="556" VPOS="889" WIDTH="118" HEIGHT="21" WC="0.92" CONTENT="bekännare"/><SP WIDTH="16" VPOS="889" HPOS="674"/>
							<String ID="string_182" HPOS="690" VPOS="889" WIDTH="23" HEIGHT="21" WC="0.96" CONTENT="af"/><SP WIDTH="13" VPOS="889" HPOS="713"/>
							<String ID="string_183" HPOS="726" VPOS="896" WIDTH="68" HEIGHT="14" WC="0.93" CONTENT="annan"/><SP WIDTH="15" VPOS="896" HPOS="794"/>
							<String ID="string_184" HPOS="809" VPOS="891" WIDTH="53" HEIGHT="19" WC="0.91" CONTENT="tros-"/>
						</TextLine>
						<TextLine ID="line_22" HPOS="112" VPOS="923" WIDTH="749" HEIGHT="28">
							<String ID="string_185" HPOS="112" VPOS="923" WIDTH="42" HEIGHT="21" WC="0.96" CONTENT="lära"/><SP WIDTH="16" VPOS="923" HPOS="154"/>
							<String ID="string_186" HPOS="170" VPOS="923" WIDTH="26" HEIGHT="28" WC="0.96" CONTENT="på"/><SP WIDTH="15" VPOS="923" HPOS="196"/>
							<String ID="string_187" HPOS="211" VPOS="923" WIDTH="39" HEIGHT="21" WC="0.96" CONTENT="den"/><SP WIDTH="17" VPOS="923" HPOS="250"/>
							<String ID="string_188" HPOS="267" VPOS="923" WIDTH="70" HEIGHT="21" WC="0.96" CONTENT="andra."/><SP WIDTH="30" VPOS="923" HPOS="337"/>
							<String ID="string_189" HPOS="367" VPOS="923" WIDTH="76" HEIGHT="21" WC="0.96" CONTENT="Medan"/><SP WIDTH="15" VPOS="923" HPOS="443"/>
							<String ID="string_190" HPOS="458" VPOS="923" WIDTH="78" HEIGHT="22" WC="0.96" CONTENT="sådana"/><SP WIDTH="16" VPOS="923" HPOS="536"/>
							<String ID="string_191" HPOS="552" VPOS="923" WIDTH="115" HEIGHT="28" WC="0.96" CONTENT="äktenskap"/><SP WIDTH="16" VPOS="923" HPOS="667"/>
							<String ID="string_192" HPOS="683" VPOS="923" WIDTH="65" HEIGHT="28" WC="0.96" CONTENT="enligt"/><SP WIDTH="16" VPOS="923" HPOS="748"/>
							<String ID="string_193" HPOS="764" VPOS="923" WIDTH="25" HEIGHT="21" WC="0.91" CONTENT="de"/><SP WIDTH="19" VPOS="923" HPOS="789"/>
							<String ID="string_194" HPOS="808" VPOS="923" WIDTH="53" HEIGHT="21" WC="0.91" CONTENT="före-"/>
						</TextLine>
						<TextLine ID="line_23" HPOS="110" VPOS="957" WIDTH="750" HEIGHT="28">
							<String ID="string_195" HPOS="110" VPOS="957" WIDTH="80" HEIGHT="28" WC="0.96" CONTENT="gående"/><SP WIDTH="22" VPOS="957" HPOS="190"/>
							<String ID="string_196" HPOS="212" VPOS="957" WIDTH="104" HEIGHT="28" WC="0.95" CONTENT="förslagen"/><SP WIDTH="23" VPOS="957" HPOS="316"/>
							<String ID="string_197" HPOS="339" VPOS="957" WIDTH="62" HEIGHT="22" WC="0.96" CONTENT="äfven"/><SP WIDTH="16" VPOS="957" HPOS="401"/>
							<String ID="string_198" HPOS="417" VPOS="957" WIDTH="71" HEIGHT="22" WC="0.96" CONTENT="kunde"/><SP WIDTH="16" VPOS="957" HPOS="488"/>
							<String ID="string_199" HPOS="504" VPOS="957" WIDTH="58" HEIGHT="28" WC="0.96" CONTENT="ingås"/><SP WIDTH="16" VPOS="957" HPOS="562"/>
							<String ID="string_200" HPOS="578" VPOS="957" WIDTH="55" HEIGHT="22" WC="0.96" CONTENT="inför"/><SP WIDTH="15" VPOS="957" HPOS="633"/>
							<String ID="string_201" HPOS="648" VPOS="957" WIDTH="103" HEIGHT="28" WC="0.93" CONTENT="borgerlig"/><SP WIDTH="15" VPOS="957" HPOS="751"/>
							<String ID="string_202" HPOS="766" VPOS="957" WIDTH="94" HEIGHT="28" WC="0.92" CONTENT="myndig-"/>
						</TextLine>
						<TextLine ID="line_24" HPOS="111" VPOS="991" WIDTH="751" HEIGHT="29">
							<String ID="string_203" HPOS="111" VPOS="991" WIDTH="42" HEIGHT="26" WC="0.96" CONTENT="het,"/><SP WIDTH="24" VPOS="991" HPOS="153"/>
							<String ID="string_204" HPOS="177" VPOS="991" WIDTH="65" HEIGHT="22" WC="0.96" CONTENT="måste"/><SP WIDTH="23" VPOS="991" HPOS="242"/>
							<String ID="string_205" HPOS="265" VPOS="992" WIDTH="26" HEIGHT="21" WC="0.95" CONTENT="de"/><SP WIDTH="16" VPOS="992" HPOS="291"/>
							<String ID="string_206" HPOS="307" VPOS="991" WIDTH="65" HEIGHT="28" WC="0.96" CONTENT="enligt"/><SP WIDTH="17" VPOS="991" HPOS="372"/>
							<String ID="string_207" HPOS="389" VPOS="992" WIDTH="53" HEIGHT="21" WC="0.96" CONTENT="1886"/><SP WIDTH="16" VPOS="992" HPOS="442"/>
							<String ID="string_208" HPOS="458" VPOS="992" WIDTH="33" HEIGHT="21" WC="0.96" CONTENT="års"/><SP WIDTH="14" VPOS="992" HPOS="491"/>
							<String ID="string_209" HPOS="505" VPOS="991" WIDTH="77" HEIGHT="29" WC="0.93" CONTENT="förslag"/><SP WIDTH="15" VPOS="991" HPOS="582"/>
							<String ID="string_210" HPOS="597" VPOS="991" WIDTH="137" HEIGHT="28" WC="0.91" CONTENT="ovilkorligen"/><SP WIDTH="16" VPOS="991" HPOS="734"/>
							<String ID="string_211" HPOS="750" VPOS="991" WIDTH="67" HEIGHT="22" WC="0.91" CONTENT="måste"/><SP WIDTH="15" VPOS="991" HPOS="817"/>
							<String ID="string_212" HPOS="832" VPOS="991" WIDTH="30" HEIGHT="21" WC="0.91" CONTENT="af-"/>
						</TextLine>
						<TextLine ID="line_25" HPOS="112" VPOS="1025" WIDTH="749" HEIGHT="30">
							<String ID="string_213" HPOS="112" VPOS="1026" WIDTH="64" HEIGHT="21" WC="0.96" CONTENT="slutas"/><SP WIDTH="22" VPOS="1026" HPOS="176"/>
							<String ID="string_214" HPOS="198" VPOS="1033" WIDTH="74" HEIGHT="21" WC="0.95" CONTENT="genom"/><SP WIDTH="24" VPOS="1033" HPOS="272"/>
							<String ID="string_215" HPOS="296" VPOS="1026" WIDTH="65" HEIGHT="28" WC="0.93" CONTENT="vigsel"/><SP WIDTH="16" VPOS="1026" HPOS="361"/>
							<String ID="string_216" HPOS="377" VPOS="1026" WIDTH="65" HEIGHT="28" WC="0.96" CONTENT="enligt"/><SP WIDTH="15" VPOS="1026" HPOS="442"/>
							<String ID="string_217" HPOS="457" VPOS="1027" WIDTH="135" HEIGHT="28" WC="0.90" CONTENT="kyrkolagen."/><SP WIDTH="31" VPOS="1027" HPOS="592"/>
							<String ID="string_218" HPOS="623" VPOS="1026" WIDTH="43" HEIGHT="21" WC="0.94" CONTENT="Till"/><SP WIDTH="16" VPOS="1026" HPOS="666"/>
							<String ID="string_219" HPOS="682" VPOS="1025" WIDTH="51" HEIGHT="29" WC="0.96" CONTENT="följd"/><SP WIDTH="15" VPOS="1025" HPOS="733"/>
							<String ID="string_220" HPOS="748" VPOS="1025" WIDTH="24" HEIGHT="22" WC="0.96" CONTENT="af"/><SP WIDTH="13" VPOS="1025" HPOS="772"/>
							<String ID="string_221" HPOS="785" VPOS="1025" WIDTH="25" HEIGHT="21" WC="0.93" CONTENT="de"/><SP WIDTH="16" VPOS="1025" HPOS="810"/>
							<String ID="string_222" HPOS="826" VPOS="1033" WIDTH="35" HEIGHT="14" WC="0.93" CONTENT="an-"/>
						</TextLine>
						<TextLine ID="line_26" HPOS="112" VPOS="1060" WIDTH="749" HEIGHT="28">
							<String ID="string_223" HPOS="112" VPOS="1061" WIDTH="140" HEIGHT="27" WC="0.96" CONTENT="märkningar,"/><SP WIDTH="25" VPOS="1061" HPOS="252"/>
							<String ID="string_224" HPOS="277" VPOS="1068" WIDTH="43" HEIGHT="14" WC="0.95" CONTENT="som"/><SP WIDTH="23" VPOS="1068" HPOS="320"/>
							<String ID="string_225" HPOS="343" VPOS="1061" WIDTH="23" HEIGHT="21" WC="0.95" CONTENT="af"/><SP WIDTH="14" VPOS="1061" HPOS="366"/>
							<String ID="string_226" HPOS="380" VPOS="1061" WIDTH="134" HEIGHT="27" WC="0.96" CONTENT="kyrkomötet"/><SP WIDTH="14" VPOS="1061" HPOS="514"/>
							<String ID="string_227" HPOS="528" VPOS="1060" WIDTH="83" HEIGHT="28" WC="0.96" CONTENT="gjordes"/><SP WIDTH="16" VPOS="1060" HPOS="611"/>
							<String ID="string_228" HPOS="627" VPOS="1062" WIDTH="55" HEIGHT="20" WC="0.91" CONTENT="emot"/><SP WIDTH="16" VPOS="1062" HPOS="682"/>
							<String ID="string_229" HPOS="698" VPOS="1060" WIDTH="163" HEIGHT="22" WC="0.91" CONTENT="civiläktenska-"/>
						</TextLine>
						<TextLine ID="line_27" HPOS="112" VPOS="1094" WIDTH="749" HEIGHT="28">
							<String ID="string_230" HPOS="112" VPOS="1096" WIDTH="42" HEIGHT="26" WC="0.96" CONTENT="pet,"/><SP WIDTH="23" VPOS="1096" HPOS="154"/>
							<String ID="string_231" HPOS="177" VPOS="1094" WIDTH="69" HEIGHT="22" WC="0.96" CONTENT="blefvo"/><SP WIDTH="22" VPOS="1094" HPOS="246"/>
							<String ID="string_232" HPOS="268" VPOS="1095" WIDTH="41" HEIGHT="21" WC="0.96" CONTENT="alla"/><SP WIDTH="22" VPOS="1095" HPOS="309"/>
							<String ID="string_233" HPOS="331" VPOS="1094" WIDTH="154" HEIGHT="28" WC="0.96" CONTENT="bestämningar"/><SP WIDTH="22" VPOS="1094" HPOS="485"/>
							<String ID="string_234" HPOS="507" VPOS="1095" WIDTH="71" HEIGHT="21" WC="0.96" CONTENT="därom"/><SP WIDTH="16" VPOS="1095" HPOS="578"/>
							<String ID="string_235" HPOS="594" VPOS="1095" WIDTH="108" HEIGHT="21" WC="0.96" CONTENT="uteslutna"/><SP WIDTH="16" VPOS="1095" HPOS="702"/>
							<String ID="string_236" HPOS="718" VPOS="1102" WIDTH="24" HEIGHT="13" WC="0.94" CONTENT="ur"/><SP WIDTH="16" VPOS="1102" HPOS="742"/>
							<String ID="string_237" HPOS="758" VPOS="1094" WIDTH="40" HEIGHT="22" WC="0.96" CONTENT="den"/><SP WIDTH="17" VPOS="1094" HPOS="798"/>
							<String ID="string_238" HPOS="815" VPOS="1094" WIDTH="46" HEIGHT="22" WC="0.96" CONTENT="nåd."/>
						</TextLine>
						<TextLine ID="line_28" HPOS="112" VPOS="1129" WIDTH="406" HEIGHT="28">
							<String ID="string_239" HPOS="112" VPOS="1129" WIDTH="154" HEIGHT="28" WC="0.96" CONTENT="propositionen"/><SP WIDTH="17" VPOS="1129" HPOS="266"/>
							<String ID="string_240" HPOS="283" VPOS="1129" WIDTH="32" HEIGHT="22" WC="0.96" CONTENT="till"/><SP WIDTH="16" VPOS="1129" HPOS="315"/>
							<String ID="string_241" HPOS="331" VPOS="1129" WIDTH="67" HEIGHT="22" WC="0.93" CONTENT="denna"/><SP WIDTH="15" VPOS="1129" HPOS="398"/>
							<String ID="string_242" HPOS="413" VPOS="1129" WIDTH="105" HEIGHT="28" WC="0.92" CONTENT="landtdag."/>
						</TextLine>
					</TextBlock>
					<TextBlock ID="block_3" HPOS="111" VPOS="1163" WIDTH="751" HEIGHT="266">
						<TextLine ID="line_29" HPOS="180" VPOS="1163" WIDTH="679" HEIGHT="29">
							<String ID="string_243" HPOS="180" VPOS="1163" WIDTH="125" HEIGHT="22" WC="0.96" CONTENT="Emellertid"/><SP WIDTH="16" VPOS="1163" HPOS="305"/>
							<String ID="string_244" HPOS="321" VPOS="1168" WIDTH="22" HEIGHT="17" WC="0.96" CONTENT="är"/><SP WIDTH="16" VPOS="1168" HPOS="343"/>
							<String ID="string_245" HPOS="359" VPOS="1164" WIDTH="34" HEIGHT="21" WC="0.96" CONTENT="det"/><SP WIDTH="15" VPOS="1164" HPOS="393"/>
							<String ID="string_246" HPOS="408" VPOS="1165" WIDTH="122" HEIGHT="27" WC="0.96" CONTENT="uppenbart,"/><SP WIDTH="17" VPOS="1165" HPOS="530"/>
							<String ID="string_247" HPOS="547" VPOS="1166" WIDTH="31" HEIGHT="19" WC="0.93" CONTENT="att"/><SP WIDTH="14" VPOS="1166" HPOS="578"/>
							<String ID="string_248" HPOS="592" VPOS="1163" WIDTH="98" HEIGHT="22" WC="0.89" CONTENT="behofvet"/><SP WIDTH="15" VPOS="1163" HPOS="690"/>
							<String ID="string_249" HPOS="705" VPOS="1163" WIDTH="23" HEIGHT="21" WC="0.96" CONTENT="af"/><SP WIDTH="14" VPOS="1163" HPOS="728"/>
							<String ID="string_250" HPOS="742" VPOS="1171" WIDTH="25" HEIGHT="13" WC="0.91" CONTENT="en"/><SP WIDTH="9" VPOS="1171" HPOS="767"/>
							<String ID="string_251" HPOS="776" VPOS="1163" WIDTH="83" HEIGHT="28" WC="0.91" CONTENT="borger-"/>
						</TextLine>
						<TextLine ID="line_30" HPOS="112" VPOS="1197" WIDTH="750" HEIGHT="29">
							<String ID="string_252" HPOS="112" VPOS="1198" WIDTH="29" HEIGHT="27" WC="0.96" CONTENT="lig"/><SP WIDTH="21" VPOS="1198" HPOS="141"/>
							<String ID="string_253" HPOS="162" VPOS="1197" WIDTH="53" HEIGHT="22" WC="0.96" CONTENT="form"/><SP WIDTH="23" VPOS="1197" HPOS="215"/>
							<String ID="string_254" HPOS="238" VPOS="1197" WIDTH="32" HEIGHT="22" WC="0.96" CONTENT="för"/><SP WIDTH="23" VPOS="1197" HPOS="270"/>
							<String ID="string_255" HPOS="293" VPOS="1198" WIDTH="149" HEIGHT="28" WC="0.96" CONTENT="äktenskapets"/><SP WIDTH="15" VPOS="1198" HPOS="442"/>
							<String ID="string_256" HPOS="457" VPOS="1197" WIDTH="103" HEIGHT="28" WC="0.96" CONTENT="ingående"/><SP WIDTH="15" VPOS="1197" HPOS="560"/>
							<String ID="string_257" HPOS="575" VPOS="1197" WIDTH="7" HEIGHT="21" WC="0.93" CONTENT="i"/><SP WIDTH="16" VPOS="1197" HPOS="582"/>
							<String ID="string_258" HPOS="598" VPOS="1197" WIDTH="140" HEIGHT="28" WC="0.90" CONTENT="sedlighetens"/><SP WIDTH="16" VPOS="1197" HPOS="738"/>
							<String ID="string_259" HPOS="754" VPOS="1197" WIDTH="38" HEIGHT="21" WC="0.92" CONTENT="och"/><SP WIDTH="16" VPOS="1197" HPOS="792"/>
							<String ID="string_260" HPOS="808" VPOS="1204" WIDTH="54" HEIGHT="14" WC="0.91" CONTENT="sam-"/>
						</TextLine>
						<TextLine ID="line_31" HPOS="112" VPOS="1231" WIDTH="747" HEIGHT="28">
							<String ID="string_261" HPOS="112" VPOS="1231" WIDTH="147" HEIGHT="22" WC="0.92" CONTENT="vetsfrihetens"/><SP WIDTH="16" VPOS="1231" HPOS="259"/>
							<String ID="string_262" HPOS="275" VPOS="1231" WIDTH="88" HEIGHT="22" WC="0.96" CONTENT="intresse"/><SP WIDTH="15" VPOS="1231" HPOS="363"/>
							<String ID="string_263" HPOS="378" VPOS="1231" WIDTH="129" HEIGHT="22" WC="0.96" CONTENT="fortfarande"/><SP WIDTH="17" VPOS="1231" HPOS="507"/>
							<String ID="string_264" HPOS="524" VPOS="1231" WIDTH="52" HEIGHT="21" WC="0.96" CONTENT="skall"/><SP WIDTH="15" VPOS="1231" HPOS="576"/>
							<String ID="string_265" HPOS="591" VPOS="1236" WIDTH="49" HEIGHT="23" WC="0.96" CONTENT="göra"/><SP WIDTH="15" VPOS="1236" HPOS="640"/>
							<String ID="string_266" HPOS="655" VPOS="1231" WIDTH="32" HEIGHT="28" WC="0.95" CONTENT="sig"/><SP WIDTH="7" VPOS="1231" HPOS="687"/>
							<String ID="string_267" HPOS="694" VPOS="1231" WIDTH="96" HEIGHT="28" WC="0.95" CONTENT="gällande"/><SP WIDTH="9" VPOS="1231" HPOS="790"/>
							<String ID="string_268" HPOS="799" VPOS="1231" WIDTH="60" HEIGHT="21" WC="0.96" CONTENT="äfven"/>
						</TextLine>
						<TextLine ID="line_32" HPOS="112" VPOS="1265" WIDTH="748" HEIGHT="28">
							<String ID="string_269" HPOS="112" VPOS="1266" WIDTH="46" HEIGHT="21" WC="0.96" CONTENT="med"/><SP WIDTH="23" VPOS="1266" HPOS="158"/>
							<String ID="string_270" HPOS="181" VPOS="1266" WIDTH="40" HEIGHT="21" WC="0.96" CONTENT="den"/><SP WIDTH="15" VPOS="1266" HPOS="221"/>
							<String ID="string_271" HPOS="236" VPOS="1266" WIDTH="83" HEIGHT="21" WC="0.96" CONTENT="mindre"/><SP WIDTH="16" VPOS="1266" HPOS="319"/>
							<String ID="string_272" HPOS="335" VPOS="1266" WIDTH="124" HEIGHT="27" WC="0.96" CONTENT="omfattning"/><SP WIDTH="15" VPOS="1266" HPOS="459"/>
							<String ID="string_273" HPOS="474" VPOS="1266" WIDTH="99" HEIGHT="27" WC="0.96" CONTENT="förslaget"/><SP WIDTH="15" VPOS="1266" HPOS="573"/>
							<String ID="string_274" HPOS="588" VPOS="1266" WIDTH="31" HEIGHT="21" WC="0.93" CONTENT="till"/><SP WIDTH="16" VPOS="1266" HPOS="619"/>
							<String ID="string_275" HPOS="635" VPOS="1265" WIDTH="136" HEIGHT="28" WC="0.91" CONTENT="dissenterlag"/><SP WIDTH="15" VPOS="1265" HPOS="771"/>
							<String ID="string_276" HPOS="786" VPOS="1273" WIDTH="28" HEIGHT="14" WC="0.92" CONTENT="nu"/><SP WIDTH="16" VPOS="1273" HPOS="814"/>
							<String ID="string_277" HPOS="830" VPOS="1273" WIDTH="30" HEIGHT="13" WC="0.89" CONTENT="er-"/>
						</TextLine>
						<TextLine ID="line_33" HPOS="111" VPOS="1299" WIDTH="750" HEIGHT="28">
							<String ID="string_278" HPOS="111" VPOS="1300" WIDTH="66" HEIGHT="22" WC="0.88" CONTENT="hållit."/><SP WIDTH="31" VPOS="1300" HPOS="177"/>
							<String ID="string_279" HPOS="208" VPOS="1301" WIDTH="29" HEIGHT="22" WC="0.93" CONTENT="Vi"/><SP WIDTH="22" VPOS="1301" HPOS="237"/>
							<String ID="string_280" HPOS="259" VPOS="1301" WIDTH="64" HEIGHT="21" WC="0.96" CONTENT="tveka"/><SP WIDTH="16" VPOS="1301" HPOS="323"/>
							<String ID="string_281" HPOS="339" VPOS="1300" WIDTH="68" HEIGHT="21" WC="0.96" CONTENT="därför"/><SP WIDTH="15" VPOS="1300" HPOS="407"/>
							<String ID="string_282" HPOS="422" VPOS="1301" WIDTH="47" HEIGHT="20" WC="0.96" CONTENT="icke"/><SP WIDTH="16" VPOS="1301" HPOS="469"/>
							<String ID="string_283" HPOS="485" VPOS="1303" WIDTH="30" HEIGHT="19" WC="0.97" CONTENT="att"/><SP WIDTH="15" VPOS="1303" HPOS="515"/>
							<String ID="string_284" HPOS="530" VPOS="1300" WIDTH="31" HEIGHT="21" WC="0.97" CONTENT="för"/><SP WIDTH="16" VPOS="1300" HPOS="561"/>
							<String ID="string_285" HPOS="577" VPOS="1300" WIDTH="81" HEIGHT="21" WC="0.93" CONTENT="landets"/><SP WIDTH="15" VPOS="1300" HPOS="658"/>
							<String ID="string_286" HPOS="673" VPOS="1299" WIDTH="111" HEIGHT="28" WC="0.91" CONTENT="höglofliga"/><SP WIDTH="15" VPOS="1299" HPOS="784"/>
							<String ID="string_287" HPOS="799" VPOS="1299" WIDTH="62" HEIGHT="22" WC="0.91" CONTENT="Stän-"/>
						</TextLine>
						<TextLine ID="line_34" HPOS="111" VPOS="1333" WIDTH="750" HEIGHT="28">
							<String ID="string_288" HPOS="111" VPOS="1335" WIDTH="36" HEIGHT="20" WC="0.96" CONTENT="der"/><SP WIDTH="23" VPOS="1335" HPOS="147"/>
							<String ID="string_289" HPOS="170" VPOS="1334" WIDTH="81" HEIGHT="26" WC="0.94" CONTENT="föreslå,"/><SP WIDTH="23" VPOS="1334" HPOS="251"/>
							<String ID="string_290" HPOS="274" VPOS="1337" WIDTH="30" HEIGHT="18" WC="0.96" CONTENT="att"/><SP WIDTH="17" VPOS="1337" HPOS="304"/>
							<String ID="string_291" HPOS="321" VPOS="1335" WIDTH="154" HEIGHT="26" WC="0.96" CONTENT="bestämningar"/><SP WIDTH="16" VPOS="1335" HPOS="475"/>
							<String ID="string_292" HPOS="491" VPOS="1335" WIDTH="6" HEIGHT="19" WC="0.96" CONTENT="i"/><SP WIDTH="16" VPOS="1335" HPOS="497"/>
							<String ID="string_293" HPOS="513" VPOS="1335" WIDTH="56" HEIGHT="20" WC="0.96" CONTENT="detta"/><SP WIDTH="15" VPOS="1335" HPOS="569"/>
							<String ID="string_294" HPOS="584" VPOS="1333" WIDTH="53" HEIGHT="27" WC="0.96" CONTENT="syfte"/><SP WIDTH="15" VPOS="1333" HPOS="637"/>
							<String ID="string_295" HPOS="652" VPOS="1333" WIDTH="45" HEIGHT="21" WC="0.96" CONTENT="åter"/><SP WIDTH="15" VPOS="1333" HPOS="697"/>
							<String ID="string_296" HPOS="712" VPOS="1334" WIDTH="69" HEIGHT="20" WC="0.96" CONTENT="skulle"/><SP WIDTH="15" VPOS="1334" HPOS="781"/>
							<String ID="string_297" HPOS="796" VPOS="1334" WIDTH="6" HEIGHT="19" WC="0.93" CONTENT="i"/><SP WIDTH="16" VPOS="1334" HPOS="802"/>
							<String ID="string_298" HPOS="818" VPOS="1334" WIDTH="43" HEIGHT="25" WC="0.92" CONTENT="lag-"/>
						</TextLine>
						<TextLine ID="line_35" HPOS="111" VPOS="1367" WIDTH="749" HEIGHT="29">
							<String ID="string_299" HPOS="111" VPOS="1367" WIDTH="97" HEIGHT="28" WC="0.96" CONTENT="förslaget"/><SP WIDTH="16" VPOS="1367" HPOS="208"/>
							<String ID="string_300" HPOS="224" VPOS="1371" WIDTH="106" HEIGHT="25" WC="0.95" CONTENT="upptagas."/><SP WIDTH="24" VPOS="1371" HPOS="330"/>
							<String ID="string_301" HPOS="354" VPOS="1367" WIDTH="65" HEIGHT="22" WC="0.96" CONTENT="Detta"/><SP WIDTH="16" VPOS="1367" HPOS="419"/>
							<String ID="string_302" HPOS="435" VPOS="1368" WIDTH="57" HEIGHT="21" WC="0.88" CONTENT="törde"/><SP WIDTH="16" VPOS="1368" HPOS="492"/>
							<String ID="string_303" HPOS="508" VPOS="1367" WIDTH="118" HEIGHT="28" WC="0.96" CONTENT="lämpligast"/><SP WIDTH="14" VPOS="1367" HPOS="626"/>
							<String ID="string_304" HPOS="640" VPOS="1367" WIDTH="38" HEIGHT="21" WC="0.96" CONTENT="ske"/><SP WIDTH="14" VPOS="1367" HPOS="678"/>
							<String ID="string_305" HPOS="692" VPOS="1374" WIDTH="74" HEIGHT="21" WC="0.96" CONTENT="genom"/><SP WIDTH="17" VPOS="1374" HPOS="766"/>
							<String ID="string_306" HPOS="783" VPOS="1369" WIDTH="30" HEIGHT="19" WC="0.92" CONTENT="att"/><SP WIDTH="8" VPOS="1369" HPOS="813"/>
							<String ID="string_307" HPOS="821" VPOS="1367" WIDTH="39" HEIGHT="20" WC="0.90" CONTENT="för-"/>
						</TextLine>
						<TextLine ID="line_36" HPOS="111" VPOS="1401" WIDTH="750" HEIGHT="28">
							<String ID="string_308" HPOS="111" VPOS="1405" WIDTH="31" HEIGHT="18" WC="0.95" CONTENT="sta"/><SP WIDTH="16" VPOS="1405" HPOS="142"/>
							<String ID="string_309" HPOS="158" VPOS="1402" WIDTH="81" HEIGHT="27" WC="0.96" CONTENT="stycket"/><SP WIDTH="15" VPOS="1402" HPOS="239"/>
							<String ID="string_310" HPOS="254" VPOS="1402" WIDTH="23" HEIGHT="21" WC="0.93" CONTENT="af"/><SP WIDTH="15" VPOS="1402" HPOS="277"/>
							<String ID="string_311" HPOS="292" VPOS="1403" WIDTH="13" HEIGHT="25" WC="0.89" CONTENT="$"/><SP WIDTH="18" VPOS="1403" HPOS="305"/>
							<String ID="string_312" HPOS="323" VPOS="1403" WIDTH="22" HEIGHT="20" WC="0.95" CONTENT="11"/><SP WIDTH="18" VPOS="1403" HPOS="345"/>
							<String ID="string_313" HPOS="363" VPOS="1402" WIDTH="6" HEIGHT="21" WC="0.95" CONTENT="i"/><SP WIDTH="16" VPOS="1402" HPOS="369"/>
							<String ID="string_314" HPOS="385" VPOS="1401" WIDTH="141" HEIGHT="23" WC="0.96" CONTENT="betänkandet"/><SP WIDTH="16" VPOS="1401" HPOS="526"/>
							<String ID="string_315" HPOS="542" VPOS="1401" WIDTH="84" HEIGHT="28" WC="0.96" CONTENT="utbytes"/><SP WIDTH="16" VPOS="1401" HPOS="626"/>
							<String ID="string_316" HPOS="642" VPOS="1403" WIDTH="43" HEIGHT="20" WC="0.96" CONTENT="mot"/><SP WIDTH="15" VPOS="1403" HPOS="685"/>
							<String ID="string_317" HPOS="700" VPOS="1402" WIDTH="12" HEIGHT="27" WC="0.80" CONTENT="8"/><SP WIDTH="22" VPOS="1402" HPOS="712"/>
							<String ID="string_318" HPOS="734" VPOS="1401" WIDTH="13" HEIGHT="22" WC="0.93" CONTENT="9"/><SP WIDTH="17" VPOS="1401" HPOS="747"/>
							<String ID="string_319" HPOS="764" VPOS="1401" WIDTH="6" HEIGHT="21" WC="0.93" CONTENT="i"/><SP WIDTH="18" VPOS="1401" HPOS="770"/>
							<String ID="string_320" HPOS="788" VPOS="1401" WIDTH="34" HEIGHT="22" WC="0.96" CONTENT="det"/><SP WIDTH="15" VPOS="1401" HPOS="822"/>
							<String ID="string_321" HPOS="837" VPOS="1401" WIDTH="24" HEIGHT="21" WC="0.96" CONTENT="til"/>
						</TextLine>
					</TextBlock>
				</ComposedBlock>
			</PrintSpace>
		</Page>
	</Layout>
</alto>
