1023 1714
194 147 25 20 66
408 147 23 20 U.
447 147 21 19 B.
484 158 27 3 —
526 147 58 24 Prop.
599 145 37 20 N:o
652 146 15 19 1.

166 211 29 24 år,
210 210 59 24 eller,
285 209 6 19 i
307 209 36 19 fall
355 208 207 26 omständigheterna
574 211 36 16 äro
621 207 134 25 synnerligen
769 206 145 24 försvårande,

165 243 45 20 med
230 243 81 28 (ultesl.)
329 242 84 21 tukthus
433 243 9 20 i
459 242 62 28 högst
538 243 35 20 ivä
595 241 27 21 år
636 240 36 22 och
682 240 84 28 förlust
780 239 28 29 af
819 239 94 22 medbor-

162 277 77 28 gerligt
249 277 129 28 förtroende.

231 311 92 28 Begicks
337 311 130 28 handlingen
483 312 6 19 i
506 311 63 27 afsigt
584 311 74 19 endast
669 312 32 19 att
711 309 117 28 tillskynda
837 315 76 16 annan

159 347 84 28 förlust
257 347 9 20 i
280 346 52 28 gods
346 346 50 22 eller
406 345 136 28 penningar;
558 352 49 13 vare
623 345 35 26 lag
673 351 85 15 samma,

232 381 80 20 Försök
329 379 80 29 (utesl.)
424 383 23 16 är
462 380 115 21 straffbart.

234 417 44 24 28.
308 414 51 22 Har
378 415 75 27 någon,
472 415 9 21 i
499 413 69 29 afsigt
587 415 31 20 att
635 413 77 22 bereda
724 413 35 28 sig
773 413 51 21 eller
838 419 75 15 annan

164 451 121 26 orättmätig
300 449 75 28 fördel
395 450 9 21 i
419 449 104 27 egendom,
538 450 44 21 satt
596 449 6 19 i
618 449 66 20 brand
701 448 109 26 egendom,
827 447 87 21 hvilken

165 489 23 17 är
204 485 108 21 försäkrad
331 487 42 17 mot
388 484 87 25 eldfara,
492 484 52 19 eller
563 483 149 21 åstadkommit
727 483 101 26 sjöskada
844 483 12 19 å
871 483 40 19 far-

166 524 43 23 tyg,
231 526 44 13 som
298 521 22 18 är
343 518 120 20 försäkradt
486 518 32 19 till
539 517 63 25 skrof,
623 517 41 20 last
684 517 51 20 eller
751 517 63 26 frakt,
830 517 84 20 straffes

167 555 46 20 med
237 554 85 19 tukthus
336 554 7 19 i
359 553 61 26 högst
435 559 37 13 sex
486 553 23 19 är
524 551 37 23 och
571 551 83 28 förlust
668 551 28 28 af
702 551 160 27 medborgerligt
863 551 53 28 för-

165 588 89 26 troende,
271 588 57 26 eller,
340 588 36 19 der
384 587 208 27 omständigheterna
600 590 36 17 äro
645 587 134 26 synnerligen
789 586 127 25 mildrande,

167 624 46 20 med
234 622 93 27 fängelse
343 623 19 25 ej
378 622 66 20 under
459 622 36 19 två
511 622 105 20 månader.
646 620 90 29 (Utesl)

234 657 79 21 Försök
330 660 22 17 är
367 656 113 21 straffbart.

234 693 12 20 3
262 695 17 22 8.
309 692 62 26 Hvar,
392 698 51 17 som,
459 690 40 28 för
518 692 31 20 att
563 690 75 23 bereda
652 691 34 27 sig
700 690 50 22 eller
765 697 74 15 annan
854 692 61 26 nytta

165 728 50 22 eller
236 726 68 23 skada
325 732 80 20 annan,
427 726 126 26 falskeligen
577 726 125 26 förfärdigar
725 726 51 20 eller
799 726 114 20 förfalskar

166 763 101 20 domstols
283 762 51 19 eller
350 768 69 12 annan
435 760 94 27 offentlig
546 760 132 27 myndighets
694 760 91 21 dombok
801 761 52 20 eller
867 761 48 19 huf-

166 797 155 27 vudprotokoll,
339 796 246 26 kronoräkenskapsbok,
601 796 119 26 kyrkobok,
732 796 181 20 mantalsförteck-

166 832 56 26 ning,
242 830 113 28 jordebok,
378 830 51 20 eller
453 836 67 14 annan
544 830 59 26 dylik
618 830 109 26 handling,
743 830 85 20 hvilken
845 831 70 26 tjenar

165 866 32 20 till
213 866 77 20 allmän
306 866 62 25 nytta
382 864 40 20 och
438 864 147 26 efterrättelse,
605 864 83 20 straffes
704 864 46 20 med
768 864 84 21 tukthus
868 865 46 20 från

165 901 39 21 och
225 900 46 20 med
293 902 30 18 ett
338 898 32 22 till
387 899 39 20 och
442 898 48 20 med
505 906 37 13 sex
558 900 23 19 år
596 898 40 20 och
652 898 74 20 förlust
742 898 23 20 af
778 899 135 27 medborger-

165 936 39 26 ligt
219 934 127 21 förtroende.
377 933 78 27 Gjorde
470 933 41 20 han
528 934 52 20 bruk
600 933 23 19 af
637 933 39 20 den
693 933 68 20 falska
776 934 52 20 eller
842 934 74 20 förfal-

165 970 66 20 skade
251 968 139 27 handlingen;
411 968 72 20 dömes
499 968 31 20 till
546 968 85 20 tukthus
648 968 44 19 från
709 968 39 20 och
765 969 47 19 med
828 968 36 21 två
880 970 34 19 till

166 1004 39 20 och
221 1004 46 20 med
283 1004 44 19 åtta
342 1003 22 20 år
379 1002 40 20 och
435 1002 74 21 förlust
524 1002 23 20 af
561 1002 164 27 medborgerligt
741 1002 127 22 förtroende.

232 1036 92 29 Begicks
346 1036 129 28 handlingen
497 1036 21 28 ej
539 1037 9 21 i
562 1036 74 28 afsigt,
651 1043 45 15 som
710 1036 65 28 ofvan
789 1038 59 28 sägs;
864 1045 51 15 vare

166 1073 79 21 straffet
261 1072 95 26 fängelse
371 1072 18 25 ej
405 1072 66 19 under
488 1072 34 19 två
538 1072 107 20 månader.

235 1108 12 19 4
263 1109 16 22 $.
296 1106 42 19 Har
353 1106 68 25 någon
438 1106 111 20 förfalskat
571 1106 78 19 allmän
665 1106 109 27 handling,
790 1107 85 20 hvilken
891 1110 25 17 är

166 1142 93 26 utgifven
276 1140 23 20 af
312 1140 95 26 offentlig
423 1140 125 26 myndighet
562 1140 53 20 eller
630 1141 132 25 tjensteman,
773 1140 52 21 eller
836 1140 78 22 falske-

166 1177 55 25 ligen
238 1174 126 26 förfärdigat
379 1174 64 20 sådan
461 1174 107 26 handling,
584 1174 39 20 och
639 1177 37 24 gör
692 1174 48 26 han,
751 1174 34 28 för
796 1176 32 20 att
837 1174 77 23 bereda

165 1211 31 25 sig
212 1209 52 21 eller
279 1215 69 14 annan
365 1210 60 24 nytta
441 1208 52 20 eller
506 1208 68 22 skada
589 1215 77 19 annan,
682 1209 53 19 bruk
751 1210 68 25 deraf;
830 1210 86 20 straffes

166 1244 45 19 med
228 1243 87 19 tukthus
331 1243 44 19 från
393 1242 39 20 och
449 1243 46 19 med
511 1245 30 17 ett
556 1242 31 20 till
605 1243 39 19 och
661 1243 46 19 med
723 1243 47 26 fyra
786 1244 23 19 år
820 1244 40 20 och
872 1244 44 20 för-

165 1278 41 18 lust
221 1277 23 19 af
259 1275 164 26 medborgerligt
437 1274 127 26 förtroende,
581 1276 58 25 eller,
655 1276 37 19 der
708 1277 206 26 omständigheterna

165 1313 37 17 äro
218 1308 133 28 synnerligen
368 1309 124 25 mildrande,
508 1310 46 19 med
570 1309 95 27 fängelse
681 1310 18 26 ej
716 1310 60 20 öfver
792 1310 35 20 två
843 1311 24 19 år
882 1311 31 20 el-

165 1344 31 21 ler
211 1344 67 19 böter.

235 1378 43 19 Var
301 1378 39 19 den
364 1377 68 20 falska
453 1377 129 28 handlingen
606 1384 89 20 respass,
718 1379 60 26 intyg
801 1385 33 14 om
850 1379 62 27 fräjd,

166 1413 52 21 eller
237 1414 65 18 annat
322 1410 69 28 dylikt
412 1412 66 24 bevis;
499 1413 71 20 dömes
586 1413 33 19 till
636 1412 94 27 fängelse
746 1413 6 20 i
768 1413 63 27 högst
846 1416 30 18 ett
892 1415 24 19 år

165 1448 53 21 eller
232 1447 67 20 böter.
