1017 1706
222 142 32 38 44
423 148 65 24 Ständ.
503 148 30 24 $v.
551 161 25 3 —
592 148 54 29 Prop.
662 148 31 23 N:o
709 148 15 23 1.

195 214 156 27 öfvergifvande
366 214 23 21 af
403 214 75 22 barnet
493 215 66 21 borde
573 214 84 22 straffas
673 215 65 26 enligt
753 214 13 21 8
782 213 10 28 $
808 214 28 21 22
851 214 55 26 kap.,
922 214 24 21 så

194 249 43 21 kan
260 249 71 21 denna
353 248 60 28 åsigt,
435 248 27 22 då
484 249 141 27 nyssnämnda
645 248 82 28 lagrum
743 248 63 22 ordar
822 254 34 16 om
871 248 75 22 barn
932 244 17 36 i

195 284 116 20 allmänhet
329 282 40 22 och
388 282 83 22 således
490 283 105 21 derunder
610 283 120 27 inbegriper
745 282 61 22 äfven
822 283 50 21 äkta
887 283 59 26 barn,

195 318 47 21 icke
264 317 67 22 heller
353 318 68 26 gillas,
444 318 87 20 emedan
555 318 30 20 ett
607 318 53 20 barn
675 318 31 20 uti
721 324 29 15 nu
766 318 113 21 omordadt
894 318 53 26 syfte

195 352 39 21 bör
254 351 83 27 åtnjuta
357 352 127 21 åtminstone
504 358 80 16 samma
603 351 158 28 straffrättsliga
778 352 67 26 skydd
861 358 45 16 som
922 358 25 15 en

196 386 59 22 äldre
275 391 84 22 person.
376 398 28 2 —
419 385 164 27 Ifrågavarande
598 386 69 27 begge
681 387 89 26 lagrum,
786 386 72 22 hvilka
870 386 78 27 jemväl

196 423 38 19 äro
249 420 127 27 bristfälliga
391 421 52 26 deri,
459 422 32 20 att
506 421 25 21 de
547 421 46 21 icke
608 420 107 22 innehålla
730 420 62 23 straff
805 420 33 22 för
853 421 37 22 det
904 421 44 26 fall,

196 457 33 20 att
248 462 83 21 person,
351 461 44 16 som
414 455 18 28 ej
449 457 24 20 är
487 455 60 28 barn,
563 462 76 21 genom
655 456 76 27 positiv
746 456 102 27 handling
863 456 85 27 bringas

197 491 30 21 uti
250 490 100 27 hjelplöst
372 490 53 27 läge,
449 491 66 21 borde
531 491 66 26 enligt
613 491 129 21 Ständernas
757 491 65 21 tanke
836 491 114 27 rätteligen

198 525 153 22 sammanföras
370 525 33 21 till
422 526 31 20 ett
473 525 65 21 skildt
557 525 80 27 kapitel
656 526 67 21 under
739 526 41 21 den
795 531 155 22 gemensamma

198 559 99 22 rubriken
319 565 48 21 ,,om
385 560 122 21 utsättande
523 559 52 22 eller
591 559 156 28 öfvergifvande
763 559 23 22 af
800 560 89 27 hjelplös
904 567 47 20 per-

198 595 59 25 son",
279 594 88 21 hvarvid
383 594 36 21 det
435 593 66 28 straff,
517 601 45 15 som
577 597 24 19 är
616 596 67 20 utsatt
698 595 6 21 i
720 595 13 20 3
749 595 10 27 $
774 595 28 21 25
817 595 49 27 kap.
882 595 69 21 skulle

198 629 66 21 blifva
286 629 35 21 det
341 629 96 21 normala
456 631 55 19 samt
531 630 30 20 ett
576 629 113 27 lindrigare
705 629 63 22 straff
783 630 3 21 i
802 629 149 28 hufvudsaklig

200 663 217 22 öfverensstämmelse
440 663 48 22 med
510 663 13 21 9
546 663 11 27 $
578 664 7 21 i
607 670 29 15 nu
658 664 98 26 gällande
778 663 124 28 förordning
918 670 34 15 om

199 698 128 21 barnamord
342 704 27 15 m.
384 705 28 14 m.
428 697 23 22 af
465 698 39 21 den
519 698 27 21 26
561 697 120 22 November
698 698 55 21 1866
769 699 85 26 stadgas
869 699 33 21 för
917 699 36 21 det

198 733 44 26 fall,
263 734 32 19 att
313 732 82 27 gvinna,
416 739 45 15 som
479 732 23 21 af
515 731 72 28 oloflig
603 732 137 22 beblandelse
756 732 70 23 blifvit
840 733 111 26 hafvande,

199 769 68 20 utsatt
290 767 52 21 eller
364 766 121 28 öfvergifvit
507 767 36 21 sitt
565 767 72 21 foster.
667 767 43 21 För
725 769 32 20 att
772 767 65 22 likväl
852 768 18 27 ej
884 767 69 22 rubba

199 801 160 28 kapitelföljden
374 802 7 21 i
397 801 137 28 lagförslaget
547 801 64 22 hafva
627 801 119 22 Ständerna
756 802 48 21 låtit
814 803 139 20 nästberörda

200 837 114 26 lindrigare
337 836 116 26 stadgande
475 836 49 27 ingå
546 837 7 20 i
573 836 13 21 8
601 836 11 27 $
627 836 28 21 22
670 837 49 26 kap.
737 848 25 3 —
779 837 48 21 med
843 837 74 27 tillägg
932 837 22 21 af

200 871 65 22 skildt
279 869 63 23 straff
355 870 33 21 för
403 871 36 21 det
454 871 43 26 fall,
513 872 32 19 att
560 870 75 21 fostret
648 877 77 20 genom
739 871 102 26 gvinnans
852 871 101 27 handling

200 905 42 22 fick
258 905 41 22 död
320 905 51 21 eller
387 905 47 21 svär
448 905 154 26 kroppsskada,
619 904 88 22 emedan
723 905 36 21 det
776 905 105 22 allmänna
896 906 57 21 stad-

200 939 79 28 gandet
301 940 31 21 uti
354 940 13 20 6
390 939 10 28 $
423 940 26 20 21
473 939 48 27 kap.
541 940 7 21 i
563 939 60 22 detta
638 939 36 21 fall
689 939 68 22 blefve
773 940 33 21 för
822 942 88 25 strängt,
928 951 24 4 —

200 975 111 20 hvaremot
327 974 25 21 de
367 974 96 21 normala
477 973 66 22 fallen
559 973 189 26 afifrägavarande
756 974 105 21 brottsart
868 975 85 21 komma

202 1009 66 21 under
291 1009 13 20 3
327 1007 10 28 $
360 1008 27 21 25
408 1008 56 27 kap.,
485 1015 44 14 som
545 1007 33 22 för
593 1008 59 21 detta
666 1008 99 21 ändamål
779 1008 71 22 blifvit
865 1008 89 22 omredi-

201 1043 72 27 gerad.

273 1077 12 21 9
301 1076 18 28 8.
349 1077 11 20 I
375 1077 69 21 denna
459 1076 11 27 $
485 1076 64 22 hafva
563 1076 121 22 Ständerna
692 1072 39 36 för
740 1077 106 23 vinnande
854 1077 23 22 af
886 1080 68 19 större

201 1111 105 27 tydlighet
321 1112 65 21 insatt
402 1111 61 21 ordet
478 1128 5 10 ,
485 1111 120 27 särskildt"
621 1111 88 22 framför
725 1112 134 27 ,stadgadt'.

487 1201 36 20 23
534 1201 129 24 Kapitlet.

261 1249 44 26 18.
335 1249 42 20 Det
397 1250 7 19 i
419 1249 10 19 1
445 1255 63 14 mom.
524 1249 33 20 för
571 1249 84 26 vanliga
671 1249 37 20 fall
723 1249 23 20 af
760 1249 96 21 dödande
872 1250 7 20 i
894 1249 60 26 envig

201 1284 82 20 utsatta
297 1282 190 26 fängelsestraffets
502 1283 114 20 maximum
626 1282 63 21 hafva
699 1282 119 22 Ständerna
826 1284 69 20 ansett
902 1283 53 21 böra

202 1316 59 27 höjas
276 1316 33 21 till
325 1315 45 22 åtta
386 1315 30 27 år,
432 1316 39 21 och
487 1315 36 22 det
538 1316 6 21 i
560 1316 64 21 slutet
639 1315 23 22 af
675 1317 13 20 2
704 1322 62 17 mom.
776 1317 110 22 bestämda
895 1317 61 22 straff

202 1350 23 22 af
238 1351 63 26 högst
317 1349 126 23 femhundra
458 1351 71 22 marks
545 1351 62 22 böter
621 1351 33 21 för
669 1351 48 27 den,
733 1357 45 16 som
795 1351 87 28 deltagit
898 1352 7 21 i
920 1359 34 15 en-

202 1386 40 27 vig,
265 1387 52 20 utan
341 1387 31 20 att
394 1385 63 22 hafva
479 1385 93 28 tillfogat
594 1386 32 21 sin
641 1386 144 22 motståndare
801 1386 154 28 kroppsskada,

202 1420 39 22 har
257 1420 86 22 ändrats
359 1420 32 22 till
406 1420 94 27 fängelse
515 1421 7 20 i
536 1421 63 26 högst
615 1423 31 19 ett
661 1421 30 21 år.

274 1455 10 21 I
300 1456 13 21 3
329 1461 62 16 mom.
407 1455 23 22 af
444 1461 79 16 samma
539 1455 10 28 $
564 1455 39 22 har
618 1456 60 21 ordet
694 1473 5 10 ,
701 1456 103 27 vittnen"
819 1457 81 26 utbytts
912 1458 44 21 mot
