1028 1703
176 133 2 7 !
418 126 39 22 N:o
473 126 18 21 1.
773 129 26 21 61

82 188 46 20 träd
152 188 52 20 eller
227 188 110 26 vindfälle,
360 189 52 20 eller
434 189 24 20 af
478 190 95 20 växande
596 191 46 20 träd
665 191 35 24 ris,
716 197 58 20 gren,
789 194 40 22 rot,

80 222 80 26 näfver,
177 222 59 26 bark,
251 222 37 25 löf,
304 223 53 25 bast,
372 223 63 25 kåda,
450 224 63 25 ållon,
531 224 72 20 kottar
618 225 52 20 eller
684 228 75 21 nötter,
775 225 54 20 eller

81 256 40 20 ock
144 257 86 25 afmejat
251 259 54 23 gräs,
327 257 51 19 eller
393 258 53 25 tagit
463 265 73 18 mossa,
553 259 46 24 torf,
616 259 71 25 mylla,
704 259 49 24 lera,
769 259 58 26 sand,

79 297 48 20 grus
151 290 52 20 eller
218 292 51 23 sten,
285 291 39 19 och
341 291 79 20 skedde
436 292 75 19 sådant
526 293 6 18 i
548 292 63 27 afsigt
626 295 30 16 att
672 292 35 20 det
723 293 51 18 eller
789 293 37 19 nå-

79 330 40 20 gon
144 324 34 19 del
202 324 61 19 deraf
283 325 32 25 sig
337 325 52 19 eller
410 332 68 12 annan
495 325 101 27 tillegna;
614 326 71 24 varde,
700 326 69 22 ehvad
784 326 42 20 han

80 358 88 20 bortfört
191 358 35 20 det
248 358 53 20 eller
321 360 26 24 ej,
367 359 88 20 straffad
472 360 31 19 för
518 359 93 20 åverkan
628 360 46 19 med
690 354 60 26 böter
765 360 61 27 högst

78 392 119 20 tvåhundra
220 393 65 19 mark.
315 392 137 27 Understiger
475 394 72 20 värdet
569 394 24 19 af
613 394 35 20 det
670 394 108 20 åverkade
800 402 25 12 en

78 427 66 25 mark,
168 433 48 13 vare
239 427 116 20 åverkaren
379 428 96 19 förfallen
500 428 74 20 endast
597 428 29 20 till
643 428 133 26 skadestånd,
791 435 34 14 om

77 461 150 27 målseganden
244 461 50 21 derå
310 462 60 21 talar,

146 501 69 27 Stiger
238 503 75 19 värdet
335 504 21 18 at
372 503 34 19 det
421 503 106 20 åverkade
543 502 59 20 öfver
618 503 59 26 tjugu
693 503 64 24 mark,
774 503 51 20 eller

77 536 48 20 sker
141 536 92 20 åverkan
250 537 12 19 å
277 536 120 27 planteradt
412 537 51 20 eller
479 537 74 20 ansadt
568 537 45 20 träd
624 536 52 21 eller
688 537 72 26 buske,
772 537 52 20 eller

75 570 28 26 på
118 570 99 21 särskildt
232 571 91 20 vårdadt
337 571 68 26 ställe,
421 571 52 20 eller
489 575 35 16 äro
540 571 207 26 omständigheterna
763 571 61 26 eljest

75 605 136 26 synnerligen
234 605 143 25 försvårande,
393 606 52 19 eller
461 606 48 19 sker
525 605 83 20 återfall
623 606 7 19 i
646 605 102 20 straffbar
763 606 60 19 åver-

76 639 48 25 kan,
148 639 69 20 ehvad
241 639 74 20 värdet
336 640 124 27 öfverstiger
484 641 56 25 tjugn
567 640 64 25 mark,
655 639 54 20 eller
728 641 29 25 ej;
773 647 49 12 vare

75 673 83 20 straffet
178 673 59 21 böter
259 675 19 25 ej
303 674 64 20 under
392 675 71 19 femtio
487 674 58 20 mark
561 673 51 21 eller
628 674 95 25 fängelse
738 675 7 18 i
762 674 60 26 högst

74 710 31 18 ett
119 708 31 20 år.

143 748 100 20 Föröfvas
265 748 92 21 åverkan
379 751 49 17 utan
445 750 63 25 afsigt
523 750 32 19 att
569 749 88 26 tillegna
672 749 31 25 sig
719 749 51 20 eller
785 756 37 14 an-

73 790 42 14 nan
132 783 36 21 det
190 783 118 25 åverkade;
324 784 71 20 dömes
410 784 40 20 den
467 784 104 26 skyldige,
587 784 5 20 i
609 784 36 19 fall
661 784 74 20 värdet
750 784 23 20 af
787 784 35 20 det

74 818 107 20 åverkade
198 818 80 27 uppgår
293 818 32 20 till
342 825 25 13 en
383 818 66 27 mark,
460 821 31 17 att
506 818 50 21 böta
571 819 19 26 ej
603 818 58 20 öfver
672 818 72 20 femtio
755 818 66 26 mark,

73 852 61 24 eller,
149 859 34 13 om
199 854 74 19 värdet
289 852 62 20 deraf
363 854 65 26 stiger
443 853 58 20 öfver
517 854 58 25 tjugu
591 852 65 26 mark,
668 852 52 20 eller
730 856 91 16 omstän-

74 887 126 25 digheterna
214 887 61 26 eljest
291 890 36 17 äro
343 887 133 26 synnerligen
493 887 141 25 försvårande,
647 886 31 20 till
690 887 60 19 böter
760 887 62 26 högst

72 922 126 20 femhundra
212 922 67 20 mark.

143 962 13 20 2
171 962 19 26 8.
221 962 85 26 Nödgas
329 962 76 26 någon,
430 962 31 20 för
484 962 87 20 hvilken
595 964 83 24 resetyg
694 962 65 19 under
774 968 47 14 resa

73 996 77 20 brister
166 997 51 19 eller
233 998 64 18 annat
312 996 51 20 ofall
379 997 68 25 timar,
461 997 7 19 i
485 996 49 26 följd
551 996 61 20 deraf
620 995 44 20 från
677 1002 80 13 annans
765 996 54 26 skog

73 1030 52 20 eller
140 1030 54 27 hage
211 1032 48 23 taga
275 1030 74 26 något;
367 1037 49 13 vare
432 1030 46 20 från
493 1030 61 20 straff
569 1029 32 27 fri,
616 1029 91 20 änskönt
723 1030 36 19 det
775 1032 44 23 tag-

72 1071 39 13 nas
125 1065 65 20 värde
206 1065 79 26 uppgår
302 1065 30 19 till
349 1071 25 13 en
391 1065 65 25 mark,
467 1071 47 13 men
526 1066 76 18 ersätte
613 1063 87 25 skadan,
712 1070 33 13 om
757 1064 62 19 måls-

73 1099 96 26 eganden
186 1099 35 20 det
236 1099 87 20 fordrar.

141 1140 12 19 3
170 1138 19 28 8.
219 1138 68 27 Tager
302 1139 69 26 någon
388 1139 44 20 från
449 1138 106 26 trädgård,
566 1137 128 27 kryddgärd,
706 1137 51 20 åker
767 1137 53 20 eller

73 1180 68 14 annan
169 1173 105 27 inhägnad
298 1173 103 20 fruktträd
423 1173 53 19 eller
500 1171 148 22 fruktbärande
671 1171 74 25 buske,
767 1171 52 21 eller

71 1208 66 26 något
153 1208 64 24 deraf,
233 1208 52 20 eller
298 1208 113 25 jordfrukt,
427 1208 44 24 säd,
487 1210 48 24 gräs
550 1206 52 21 eller
616 1208 71 23 annat,
699 1212 45 14 som
760 1207 13 19 &
787 1206 32 20 sä-

72 1242 52 20 dant
138 1242 68 25 ställe,
222 1242 52 20 eller
289 1242 13 20 å
317 1245 42 21 äng
374 1242 51 19 eller
441 1248 70 13 annan
523 1242 72 25 odling
607 1244 23 16 är
640 1240 47 20 sådt
698 1240 51 20 eller
759 1240 60 26 plan-

71 1276 80 26 teradt;
168 1276 89 26 straffes,
273 1277 54 19 efter
341 1283 43 13 som
396 1276 64 20 saken
472 1279 23 17 är
506 1276 37 25 till,
555 1276 31 20 för
597 1276 53 19 stöld
662 1275 52 19 eller
724 1275 94 20 snatteri,

141 1317 42 25 Lag
207 1324 78 13 samma
307 1323 57 18 vare,
389 1323 32 13 om
442 1316 69 26 någon
527 1316 45 20 från
589 1322 79 14 annans
684 1315 59 20 mark
758 1317 60 23 tager

71 1351 127 25 upphuggen
222 1351 46 24 ved,
285 1351 88 24 timmer,
389 1350 91 25 gärdsel,
496 1350 82 25 huggen
603 1351 53 22 sten,
672 1348 51 19 eller
747 1350 71 23 annat,

70 1391 43 12 som
130 1387 24 16 är
169 1384 31 19 till
217 1384 51 19 bruk
284 1384 75 19 beredt
374 1383 52 20 eller
441 1383 96 19 samladt.

139 1425 13 19 4
168 1423 18 30 8.
217 1424 64 26 Hvar,
297 1430 42 14 som
356 1423 12 20 å
383 1430 80 13 annans
480 1423 57 20 mark
553 1422 99 27 olofligen
667 1422 84 26 svedjar
766 1422 52 20 eller
