1025 1709
430 121 41 21 N:o
486 120 19 22 1.
789 120 25 20 71

163 183 12 19 3
192 184 20 26 &.
242 182 64 27 Hvar,
325 190 51 20 som,
395 184 6 18 i
418 184 62 26 afsigt
497 186 30 18 att
542 184 93 26 bedraga
654 190 77 20 annan,
749 183 95 20 falskeli-

93 223 40 21 gen
150 217 126 26 förfärdigar
291 218 53 19 eller
359 218 113 20 förfalskar
492 218 100 20 domstols
611 218 52 20 eller
681 225 69 13 annan
767 218 75 20 offent-

93 252 30 24 lig
142 251 134 27 myndighets
299 252 92 20 dombok
414 252 53 20 eller
485 252 192 26 hufvudprotokoll,
700 253 142 20 kronoräken-

92 285 116 26 skapsbok,
224 285 120 27 kyrkobok,
366 286 230 27 mantalsförteckning,
610 287 112 26 jordebok,
738 287 53 20 eller
807 294 36 13 an-

94 326 40 14 nan
152 319 59 27 dylik
227 320 108 26 handling,
352 320 84 20 hvilken
455 322 66 25 tjenar
537 321 31 20 till
585 321 78 20 allmän
680 324 62 24 nytta
757 322 39 20 och
813 322 29 20 ef-

93 354 125 26 terrättelse,
234 354 82 20 straffes
340 355 46 19 med
410 355 85 20 tukthus
518 355 46 21 frän
584 355 38 21 och
643 356 47 20 med
709 358 31 18 ett
755 356 30 20 till
803 356 40 20 och

93 389 47 19 med
156 395 37 13 sex
209 389 22 19 är
247 389 39 20 och
303 389 75 19 förlust
393 390 23 19 af
430 390 164 27 medborgerligt
609 390 128 21 förtroende.
763 390 79 27 Gjorde

91 424 40 20 han
148 423 55 21 bruk
218 424 23 20 af
255 424 39 20 den
312 423 68 21 falska
396 424 51 20 eller
467 424 128 21 förfalskade
613 424 140 27 handlingen;
769 426 72 20 dömes

92 458 32 20 till
141 458 85 20 tukthus
243 458 43 20 från
304 458 39 20 och
360 459 46 19 med
423 459 35 20 två
474 460 31 18 till
522 460 39 20 och
578 459 46 20 med
645 460 44 19 åtta
706 460 23 19 är
745 460 40 19 och
801 460 40 20 för-

91 493 41 20 lust
148 492 24 20 af
185 493 165 26 medborgerligt
365 493 128 21 förtroende.

160 528 43 20 Var
219 528 52 20 hans
287 528 63 26 afsigt
365 529 19 25 ej
402 530 30 18 att
444 528 92 28 bedraga
547 535 79 20 annan;
643 535 49 14 vare
703 529 82 20 straffet
795 529 44 20 fän-

92 563 57 25 gelse
166 563 19 26 ej
200 563 67 20 under
284 564 35 19 två
334 564 108 20 månader.

161 599 12 19 4
189 598 18 26 8
239 598 42 19 Har
297 598 69 26 någon
383 598 112 20 förfalskat
511 599 77 20 allmän
601 598 108 28 handling,
720 599 86 21 hvilken
818 602 23 17 är

91 633 94 27 utgifven
203 632 23 20 af
239 632 95 28 offentlig
350 634 123 26 myndighet
489 634 52 20 eller
557 635 131 25 tjensteman,
701 634 52 20 eller
765 633 76 21 falske-

91 668 56 26 ligen
169 667 124 27 förfärdigat
308 668 64 20 sådan
394 668 108 27 handling,
519 668 38 20 och
573 672 38 23 gör
627 668 47 25 han,
690 669 32 25 sig
737 668 52 20 eller
805 675 36 13 an-

90 709 40 13 nan
148 702 33 20 till
198 704 59 24 nytta
277 702 51 20 eller
348 709 68 13 annan
441 704 32 19 tiil
496 703 73 25 skada,
593 702 52 21 bruk
669 703 68 26 deraf;
760 702 81 20 straffes

91 737 46 20 med
155 737 85 20 tukthus
256 737 45 20 från
319 738 39 19 och
375 738 45 19 med
438 740 29 18 ett
484 738 31 20 till
531 738 40 20 och
588 737 45 20 med
651 737 47 26 fyra
714 738 23 19 år
750 737 40 21 och
801 737 40 20 för-

91 772 41 20 lust
148 772 24 20 af
185 772 164 26 medborgerligt
365 772 127 26 förtroende,
509 772 58 25 eller,
579 773 37 19 der
632 772 209 26 omständigheterna

90 809 36 18 äro
143 806 135 27 synnerligen
295 806 125 26 mildrande,
438 808 45 19 med
501 806 94 26 fängelse
611 807 18 25 ej
646 806 59 20 öfver
721 806 36 20 två
772 806 24 20 är
811 807 29 19 el-

91 841 31 20 ler
138 841 67 20 böter.

161 875 42 20 Var
227 876 39 20 den
291 875 68 20 falska
382 876 127 26 handlingen
533 882 90 20 respass,
639 876 60 25 intyg
723 882 33 13 om
780 875 61 26 fräjd,

91 910 52 20 eller
159 913 64 17 annat
239 910 69 27 dylikt
329 910 68 25 bevis;
421 910 71 20 dömes
511 910 32 20 till
563 910 94 26 fängelse
673 910 6 18 i
696 910 61 26 högst
773 912 30 18 ett
818 910 23 19 år

91 945 52 20 eller
159 945 68 20 böter.

157 980 12 19 5
186 979 20 27 8.
236 979 64 25 Hvar,
317 986 43 13 som
377 979 125 27 falskeligen
519 979 126 27 förfärdigar
661 978 51 20 eller
728 979 113 19 förfalskar

88 1014 109 26 köpebref,
221 1016 132 24 testamente,
378 1014 106 26 kontrakt,
505 1013 128 25 skuldebref,
653 1013 69 25 vexel,
742 1014 98 25 qvittens,

87 1048 140 25 handelsbok,
243 1049 52 20 eller
311 1055 68 13 annan
397 1048 64 20 sådan
479 1048 83 21 enskild
578 1048 108 26 handling,
702 1048 40 20 och
753 1050 45 24 gör,
810 1048 31 26 sig

87 1083 53 20 eller
163 1089 68 13 annan
256 1083 31 19 till
310 1085 62 24 nytta
395 1084 51 19 eller
470 1090 68 13 annan
560 1082 31 20 till
611 1082 73 25 skada,
700 1082 54 20 bruk
775 1082 66 26 deraf,

86 1117 83 21 straffes
186 1118 46 20 med
250 1117 85 20 tukthus
351 1118 5 19 i
373 1118 61 26 högst
455 1118 47 26 fyra
517 1117 23 20 år
556 1117 39 21 och
611 1117 75 20 förlust
704 1117 23 20 af
745 1117 95 20 medbor-

87 1152 76 26 gerligt
179 1152 128 27 förtroende,
324 1152 58 24 eller,
399 1152 36 20 der
450 1152 209 27 omständigheterna
679 1154 36 18 äro
731 1152 109 28 synnerli-

86 1193 40 19 gen
144 1186 125 26 mildrande,
285 1186 53 21 eller
354 1187 129 26 handlingen
500 1190 23 17 är
538 1186 131 26 orlofssedel,
680 1186 91 20 enskildt
779 1186 61 26 intyg

86 1227 33 13 om
134 1221 64 27 fräjd,
214 1221 53 20 eller
283 1223 65 18 annat
364 1221 70 27 dylikt
450 1221 65 27 bevis,
531 1222 47 20 med
594 1220 94 27 fängelse
700 1221 18 25 ej
732 1220 59 20 öfver
803 1226 37 14 sex

85 1255 103 21 månader
204 1255 53 21 eller
272 1256 61 20 böter
348 1256 63 26 högst
426 1256 124 20 femhundra
566 1255 66 21 mark.

155 1291 11 19 6
184 1290 19 26 &
235 1290 42 20 Har
300 1297 76 19 annan,
392 1294 26 16 än
440 1291 47 25 den,
502 1291 86 20 hvilken
613 1290 102 20 verkstält
737 1290 98 20 förfalsk-

86 1324 57 26 ning,
167 1326 55 25 gjort
244 1325 54 20 bruk
321 1325 23 20 af
364 1325 111 25 handling,
491 1332 43 13 som
559 1326 40 19 han
623 1325 63 19 visste
703 1331 50 13 vara
769 1324 68 25 falsk
827 1320 15 35 ;

84 1364 50 14 vare
151 1358 83 20 ansedd
250 1359 28 24 sä,
295 1366 44 12 som
356 1358 55 20 hade
428 1358 40 20 han
485 1358 49 26 sjelf
548 1358 73 26 begått
636 1358 175 25 förfalskningen.

153 1393 11 18 7
182 1393 20 25 8.
233 1392 42 20 Har
291 1392 77 27 någon,
383 1393 32 25 sig
431 1393 51 19 eller
498 1399 68 13 annan
579 1392 30 20 till
626 1394 61 24 nytta
702 1392 52 20 eller
765 1398 69 12 annan

84 1426 32 20 till
139 1427 73 25 skada,
236 1427 132 27 uppsåtligen
394 1427 97 21 vilseledt
515 1428 46 25 den,
579 1427 85 20 hvilken
690 1426 81 28 åligger
791 1426 46 20 föra
