1017 1709
307 122 66 24 Ständ.
387 122 31 23 Sv.
435 134 25 4 —
477 122 54 30 Prop.
546 121 32 24 N:o
593 122 15 23 1.
789 122 11 22 7

80 190 8 20 i
102 189 160 28 gerningsorten
285 189 33 22 för
340 189 128 27 ransakning
489 195 35 15 om
545 188 82 22 brottet
642 188 39 22 och
696 188 99 28 pröfning
810 188 22 22 af

81 224 64 26 derpå
164 224 108 26 grundade
293 223 226 28 ersättningsanspråk,
539 223 112 21 hvarutom
665 223 167 21 verkställandet

80 257 22 21 af
119 257 158 27 undersökning
296 263 33 15 om
351 258 32 20 ett
396 258 64 26 brott,
476 262 45 17 som
536 257 104 27 tilldragit
654 257 31 26 sig
699 257 28 27 på
742 263 27 15 en
784 257 48 21 från

78 290 167 22 straffanstalten
268 290 92 28 aflägsen
383 292 39 26 ort,
445 292 19 26 ej
486 291 90 22 allenast
598 296 50 16 vore
669 290 100 22 förenadt
783 290 48 22 med

80 326 131 27 svårigheter
230 326 40 21 och
285 326 134 27 tidsutdrägt,
434 327 52 21 utan
502 326 40 21 ock
557 324 142 28 tillskyndade
714 325 118 27 målsegan-

80 360 40 22 den
135 360 115 22 kostnader
268 360 36 21 vid
317 360 136 22 bevakandet
468 360 22 22 af
503 360 53 21 hans
571 360 65 22 talan.
666 359 50 22 Med
731 359 99 22 afseende

77 395 13 21 å
106 395 36 21 det
156 401 30 15 nu
201 394 89 22 anförda
305 394 39 22 har
360 394 137 23 förevarande
512 394 11 28 8
538 394 86 22 ändrats
640 394 86 27 derhän,
742 396 32 20 att
788 394 42 22 alla

77 429 65 27 brott,
171 436 45 15 som
240 429 114 28 straffånge
377 432 60 20 utom
460 430 138 22 straffanstalt
617 430 71 26 begår,
714 429 116 27 underlyda

76 464 49 27 laga
145 464 97 26 domstol,
265 464 111 22 hvaremot
390 464 118 22 Ständerna
522 464 44 22 lika
580 464 49 22 med
643 464 77 27 nådiga
734 464 96 27 proposi-

77 499 73 21 tionen
169 504 50 16 anse
234 498 249 28 fängelseförvaltningen
498 499 118 21 tillkomma
631 499 32 21 att
677 500 66 25 näpsa
758 498 71 22 straff-

77 532 62 27 fånge
154 532 34 22 för
203 533 32 21 uti
250 533 105 21 anstalten
369 533 111 27 begångna
495 533 65 26 brott,
576 539 45 15 som
636 533 7 21 i
658 532 34 28 lag
707 535 37 19 äro
755 532 75 22 endast

76 567 49 21 med
140 567 62 21 böter
216 567 90 27 belagda
321 568 57 27 eller,
394 568 38 21 der
446 567 138 22 frihetsstraff
596 566 102 28 derjemte
713 569 24 19 är
750 567 8 21 i
766 567 62 27 lagen

77 602 74 26 utsatt,
174 602 23 21 af
217 601 156 28 förvaltningen
388 608 62 16 anses
465 608 51 15 vara
531 602 23 21 sä
569 602 60 26 ringa
644 603 32 20 att
691 601 81 22 brottet
787 601 41 22 kan

75 636 48 22 med
138 636 62 22 böter
214 637 110 26 umgällas.
353 636 42 22 För
410 637 64 27 öfrigt
488 636 39 22 har
542 636 36 22 det
596 636 4 22 i
623 637 4 21 1
643 642 62 16 mom.
720 636 108 22 förekom-

74 671 77 21 mande
174 671 60 22 ordet
256 672 106 26 ,ringare*
386 673 80 21 ansetts
488 671 78 27 kunna,
594 670 70 22 såsom
686 670 140 28 öfverflödigt,

74 704 58 28 utgå.

144 741 27 21 14
186 740 18 28 &.
234 740 78 22 Medan
332 741 40 21 den
387 742 32 20 uti
435 741 55 22 1734
504 741 34 21 års
553 741 35 27 lag
602 740 33 22 för
650 740 105 22 särskilda
769 740 59 21 brott

75 776 79 20 utsatta
176 774 107 28 påföljden
306 778 71 25 ärans
399 775 86 22 förlust"
500 775 83 22 komme
598 776 32 20 att
644 774 106 27 bortfalla,
766 774 40 22 har
820 775 7 20 i

74 808 209 29 strafflagsförslaget
297 810 107 28 upptagits
419 810 106 27 påföljden
534 809 88 28 förlust
631 809 23 22 af
662 808 165 28 medborgerligt

74 844 143 27 förtroende",
239 850 46 17 som
300 845 64 22 också
379 845 66 21 redan
461 845 137 21 härförinnan
613 843 75 23 införts
702 845 8 21 i
724 844 67 27 några
805 843 23 22 af

74 878 102 23 Finlands
197 886 65 20 nyare
284 880 112 21 kriminela
418 880 156 26 författningar.
618 874 68 26 Äfven
708 878 118 22 Ständerna

74 920 52 16 anse
140 914 93 22 nämnda
248 914 140 28 straffpåföljd
403 915 59 26 böra,
477 914 8 22 i
499 915 68 21 likhet
581 914 48 22 med
643 914 56 21 hvad
714 919 46 16 som
770 912 57 22 skett

73 949 7 21 i
96 948 25 22 de
136 948 62 22 flesta
213 955 64 21 nyare
292 948 127 28 strafflagar,
436 950 91 21 utsättas
536 949 34 22 för
579 949 57 22 vissa
646 948 180 27 egendomsbrott,

72 983 72 22 hvilka
166 984 46 27 röja
234 984 107 27 synnerlig
362 984 119 27 oredlighet
503 984 39 22 och
556 984 54 22 brist
625 984 27 26 på
667 982 159 26 hederskänsla,

73 1020 56 20 samt
143 1019 70 27 någon
227 1020 56 26 gång
298 1019 61 22 äfven
374 1019 34 22 för
422 1020 64 26 brott,
502 1019 71 22 hvilka
588 1018 61 28 eljest
663 1018 68 22 vittna
746 1024 34 15 om
796 1018 32 21 ett

74 1052 93 22 särdeles
182 1053 45 27 lågt
242 1054 95 26 sinnelag
351 1054 39 22 hos
405 1053 140 27 förbrytaren.

141 1087 102 23 Deremot
264 1088 39 22 har
326 1087 43 28 $:ns
392 1088 147 22 bestämmelse
557 1089 31 20 att
602 1087 76 22 förlust
693 1086 23 22 af
729 1086 98 22 medbor-

72 1122 78 27 gerligt
168 1122 124 22 förtroende
309 1122 71 22 kunde
400 1122 86 22 ådömas
505 1122 35 28 för
559 1121 62 22 alltid
636 1122 18 27 ej
671 1121 23 22 af
707 1120 119 22 Ständerna

74 1156 108 22 omfattats
197 1156 33 22 för
246 1156 66 22 andra
326 1156 38 22 fall
378 1159 27 19 än
421 1157 27 21 då
462 1156 133 28 förbrytaren
610 1156 86 22 ådömes
711 1154 118 28 dödsstraff

75 1191 52 21 eller
150 1190 86 22 tukthus
255 1191 32 27 på
309 1190 75 28 lifstid.
422 1192 39 20 Att
482 1192 48 21 med
552 1192 117 26 temporärt
690 1189 139 23 frihetsstraff

73 1225 74 22 förena
162 1225 100 22 ärestraff
274 1226 27 27 på
315 1226 69 21 lifstid
398 1226 88 21 innebär
501 1226 65 26 enligt
581 1225 129 21 Ständernas
720 1225 66 21 tanke
796 1226 31 20 ett

74 1259 132 22 förnekande
222 1260 22 22 af
258 1260 36 22 det
308 1260 74 22 nutida
397 1260 169 22 frihetsstraffets
576 1261 72 25 väsen,
659 1260 23 26 ty
691 1259 77 22 medan
778 1264 49 16 man

74 1299 76 23 genom
164 1293 169 23 frihetsstraffets
348 1294 120 22 metodiska
483 1293 161 28 verkställighet
652 1294 40 21 och
700 1294 41 21 den
748 1293 78 22 vilkor-

73 1329 44 25 liga
131 1328 135 26 frigifningen
282 1330 56 20 visar
352 1330 32 25 sig
399 1331 34 19 tro
448 1330 28 25 pä
490 1330 146 24 förbrytarens
643 1328 183 26 bättringsförmä-

74 1368 33 20 ga,
122 1361 40 21 har
176 1368 48 15 man
240 1362 117 21 emellertid
372 1368 76 20 genom
458 1360 131 23 ärestraffets
600 1361 116 21 ädömande
724 1360 27 27 pä
759 1360 67 22 lifstid

74 1395 104 22 förklarat
192 1396 79 22 honom
286 1395 154 28 oförbätterlig.
472 1396 46 21 Den
534 1395 33 21 till
582 1395 58 27 dylik
654 1395 81 27 päföljä
750 1394 76 22 dömde

73 1430 85 22 komme
172 1430 34 22 för
221 1430 64 28 öfrigt
300 1432 31 20 att
346 1430 100 22 betrakta
460 1431 32 26 sig
506 1430 71 22 säsom
591 1429 69 22 fiende
666 1429 34 22 till
708 1429 117 27 samhället,
