1031 1709
381 128 23 20 U.
420 129 21 20 B.
457 140 27 3 —
498 129 59 26 Prop.
572 130 37 20 N:o
624 131 15 19 1.
827 131 26 21 39

202 190 41 20 För
267 190 98 20 vällande
391 191 31 19 till
448 191 64 20 sädan
538 192 79 20 mindre
634 192 151 27 kroppsskada,
808 200 44 14 som
875 194 7 20 i

135 225 70 19 denna
227 224 14 29 &
259 224 139 25 omförmäles,
422 233 50 13 vare
494 227 81 19 straffet
598 227 60 19 böter
679 226 64 27 högst
765 227 118 21 tvähundra

135 259 66 20 mark.

207 294 24 19 12
246 293 13 28 8
275 293 56 28 (13).
361 293 64 26 Hvar,
448 301 45 13 som
510 293 131 27 uppsåtligen
658 295 140 20 misshandlar
813 302 68 13 annan

135 328 30 25 sä,
181 329 31 19 att
227 328 62 20 deraf
300 328 61 25 ringa
376 327 52 21 eller
444 328 47 20 icke
507 329 67 26 någon
586 329 67 20 skada
664 329 67 26 följer,
742 329 83 20 straffes
837 330 46 20 med

136 363 61 20 böter
212 363 62 25 högst
290 362 117 20 tvähundra
422 363 59 19 mark
498 362 52 20 eller
565 363 94 26 fängelse
675 364 18 26 ej
710 364 59 20 öfver
783 364 46 26 fyra
841 365 42 19 mä-

133 398 74 19 nader.

203 431 43 20 Har
261 432 76 27 någon,
359 432 35 19 vid
411 432 97 26 utöfning
523 432 23 20 af
560 432 100 26 rättighet
675 435 31 17 att
721 439 54 20 aga,
785 433 98 26 tillskyn-

133 467 39 19 dat
195 467 39 20 den
254 467 67 26 agade
339 467 65 20 sädan
421 467 61 25 ringa
496 467 74 26 skada,
592 473 43 14 som
652 468 6 18 i
675 467 68 20 denna
759 466 12 29 &
787 470 94 23 nämnes;

135 501 34 20 mä
184 501 42 20 han
243 501 70 20 derför
328 501 19 26 ej
364 501 72 20 dömas
453 501 31 20 till
500 501 65 20 straff.

205 537 23 19 13
245 537 11 25 &
272 539 55 22 (14).
350 535 43 20 Har
409 535 76 27 nägon,
500 537 7 19 i
524 537 74 25 uppsät
614 538 30 17 att
660 536 81 20 föröfva
750 537 133 24 misshandel,

135 571 71 25 dragit
227 570 47 21 knif
289 571 51 20 eller
358 571 70 26 svärd,
451 574 61 23 spänt
527 571 69 26 bössa,
612 570 52 21 eller
679 573 42 18 rest
736 574 64 17 annat
815 577 67 20 vapen

133 605 54 20 eller
209 605 107 27 lifsfarligt
338 605 104 27 tillhygge
465 608 57 17 emot
540 612 77 17 annan;
639 605 56 20 skall
710 606 42 25 det,
767 612 33 13 om
817 605 67 20 skada

134 640 57 26 sker,
207 641 68 20 säsom
292 639 134 21 försvärande
443 639 155 26 omständighet
613 646 68 19 anses,
700 640 40 20 och
756 640 34 19 mä
805 640 32 20 för
851 639 32 20 sä-

134 675 42 20 dan
192 675 60 26 ringa
267 675 75 26 skada,
360 681 44 13 som
421 675 5 19 i
443 675 29 20 12
487 677 9 22 $
513 677 92 22 nämnes,
621 673 74 21 kunna
711 675 72 19 dömas
799 675 31 19 till
840 674 43 19 fän-

135 710 58 26 gelse
208 711 7 18 i
230 710 62 26 högst
307 717 37 13 sex
360 710 106 20 mänader.

204 744 99 20 Kommer
319 743 60 21 deraf
393 745 19 25 ej
428 744 74 25 skada,
520 744 52 20 eller
590 750 55 13 reses
662 744 60 25 eljest
737 745 6 18 i
760 745 122 19 vredesmod

135 785 68 19 vapen
226 779 52 20 eller
301 778 107 26 lifsfarligt
423 778 103 27 tillhygge
542 781 55 17 emot
612 784 77 19 annan;
706 785 49 14 vare
770 778 37 20 bot
823 779 61 26 högst

135 813 118 20 tvähundra
269 813 66 20 mark.

206 848 43 23 14
239 842 10 37 $
261 846 52 29 (15).
329 847 24 26 Ej
363 847 34 20 mä
406 847 105 26 uppsätlig
521 847 133 26 misshandel,
663 848 59 19 som
710 842 13 37 i
733 847 28 20 77
774 847 51 20 eller
838 848 24 19 12
873 850 10 22 $

137 882 143 23 omförmäles,
296 881 39 20 och
352 883 19 24 ej
387 881 67 20 heller
470 881 63 26 brott,
549 888 42 13 som
608 885 86 16 nämnes
709 882 6 19 i
731 883 29 18 13
775 882 19 25 8,
811 882 22 19 af
846 881 37 21 all-

141 920 47 17 män
205 917 101 26 äklagare
322 916 74 25 ätalas,
412 916 38 19 der
465 917 18 25 ej
501 916 148 26 mälseganden
665 916 80 20 anmält
761 917 77 19 brottet
853 917 32 19 till

137 952 52 25 åtal,
205 951 52 20 eller
273 951 35 20 det
318 949 114 28 föröfvats
448 951 13 19 &
476 951 77 19 allmän
569 953 47 24 väg,
632 953 50 23 gata
697 951 52 20 eller
765 953 52 24 torg,
833 951 52 20 eller

136 987 37 19 vid
189 986 76 20 allmän
281 985 127 26 förrättning
424 985 52 20 eller
487 985 171 25 sammankomst,
667 985 53 20 eller
730 985 55 21 inför
795 985 91 20 embets-

140 1020 131 27 myndighet,
285 1019 50 22 eller
350 1019 29 28 af
390 1019 48 25 den,
454 1026 43 14 som
508 1019 106 28 förvaras
630 1019 8 20 i
653 1019 75 27 straff-
743 1019 53 21 eller
805 1019 79 21 arbets-

135 1054 131 27 inrättning.

208 1089 106 20 Vållande
330 1088 33 20 till
378 1088 147 26 kroppsskada
541 1089 33 19 må
589 1089 18 25 ej
624 1088 67 20 heller
701 1088 23 19 af
737 1088 77 20 allmän
827 1088 58 20 åkla-

138 1130 51 19 gare
206 1123 74 25 åtalas,
294 1130 33 13 om
343 1123 48 20 icke
408 1123 147 26 mälseganden
571 1123 81 19 anmält
666 1123 78 20 brottet
760 1123 32 19 till
807 1122 49 21 åtal.

454 1218 34 20 22
500 1219 68 23 Kap.

420 1272 34 23 Om
471 1272 128 23 barnamord.

210 1333 7 18 1
236 1335 16 21 8.
281 1331 44 19 Har
341 1331 85 24 gvinna,
442 1336 44 13 som
503 1331 22 18 af
535 1329 72 24 oloflig
619 1329 135 19 beblandelse
766 1328 68 19 blifvit
845 1327 44 19 haf-

139 1365 76 25 vande,
231 1365 36 19 vid
283 1364 82 20 födseln
381 1363 51 20 eller
447 1365 63 18 strax
526 1362 90 20 derefter
633 1361 131 26 uppsåtligen
777 1361 64 19 dödat
851 1361 37 18 sitt

141 1400 66 19 foster
222 1405 75 20 genom
313 1397 158 25 handaverkan,
487 1397 83 19 fostrets
586 1395 127 25 utsättande,
728 1394 52 21 eller
795 1394 94 19 uraktlå-

141 1433 72 23 tenhet
228 1433 23 19 af
264 1432 55 20 hvad
335 1432 32 20 för
383 1432 47 19 dess
441 1430 150 21 bibehållande
602 1430 34 19 vid
649 1428 26 20 lif
683 1435 36 13 var
731 1428 82 26 nödigt;
829 1428 60 20 straf-
