1025 1706
213 136 13 19 2
417 134 23 23 U.
457 134 22 23 B.
494 146 28 4 —
537 134 64 28 Prop.
617 134 38 23 N:o
669 134 31 23 10.

185 199 48 22 med
254 199 151 22 motsvarande
426 199 136 27 stadganden
580 199 8 21 i
607 199 223 28 strafflagsförslaget.
859 199 76 27 Nägra

184 233 83 23 mindre
289 232 117 23 afvikelser
426 233 131 22 förekomma
577 233 74 22 likväl.
681 234 96 22 Sålunda
792 233 89 22 finnes
867 228 12 36 i
897 235 11 19 1
924 235 11 24 $

184 268 68 28 nägot
266 267 108 22 minimum
388 267 48 22 icke
451 269 68 20 utsatt
533 267 34 22 för
577 268 187 28 fängelsestraffet,
775 268 83 22 hvilket
868 267 69 28 enligt

183 301 217 29 strafflagsförslaget
422 302 19 28 ej
464 302 35 22 fär
513 302 72 28 nedgä
599 302 68 22 under
681 302 81 28 fjorton
777 302 77 28 dagar;
872 302 64 22 hvar-

181 336 68 30 jemte
271 342 81 16 samma
372 337 10 25 $
400 336 145 27 föreskrifver,
561 338 34 20 att
614 336 84 23 straffet
712 336 36 22 för
762 336 73 22 försök
849 336 34 22 till
898 336 38 23 der

183 371 94 23 nämnda
290 371 60 21 brott
364 371 56 21 skall
432 372 93 21 utmätas
537 370 57 22 inom
601 371 107 22 latituden
716 370 34 23 för
758 371 37 22 det
802 371 134 22 fullbordade

184 406 82 22 brottet
282 405 68 25 ,dock
364 405 8 21 i
386 405 88 27 ringare
489 405 75 27 mått",
579 405 78 22 medan
672 405 96 23 deremot
783 406 68 27 enligt
865 405 70 22 straff-

182 440 166 28 lagsförslagets
370 439 108 22 allmänna
499 439 136 28 stadganden
657 446 33 15 om
712 440 75 22 försök
802 447 26 15 en
842 440 94 22 särskild

184 474 81 23 latitud
286 474 49 22 med
356 474 61 27 lägre
432 474 61 23 såväl
507 473 114 22 maximum
636 480 44 16 som
696 474 107 22 minimum
818 475 70 27 gäller
902 474 34 23 för

183 509 104 22 försöket.
316 509 114 22 Utskottet
445 509 40 22 har
499 508 72 28 likväl,
588 509 28 21 dä
631 508 170 29 ifrägavarande
810 509 126 28 förordning

183 543 9 22 i
206 543 66 28 ingen
286 543 110 28 händelse,
420 543 65 22 äfven
504 549 33 16 om
552 543 42 22 den
608 543 105 28 utfärdas,
728 544 62 22 torde
804 544 84 22 komma
903 545 34 21 att

183 578 70 23 blifva
267 578 75 28 längre
357 578 33 21 tid
404 578 107 27 gällande,
527 579 72 21 ansett
614 577 41 23 den
665 578 50 22 näd.
731 585 59 21 prop.
804 579 8 21 i
822 579 114 22 anmärkta

183 613 61 22 delar
265 613 74 22 kunna
360 614 53 20 utan
430 612 92 27 ändring
541 612 134 28 godkännas.
704 613 102 22 Deremot
820 613 69 22 häller
903 615 33 20 ut-

182 647 84 22 skottet
279 647 48 22 före
342 648 34 21 att
391 649 13 20 3
419 646 19 29 &,
454 653 45 16 som
512 647 91 27 stadgar
613 648 34 21 att
656 647 88 22 återfall
754 647 8 22 i
772 647 64 28 brott,
847 648 89 21 hvarom

182 681 9 23 i
204 681 246 28 författningsförslaget
464 683 93 24 nämnes,
574 687 63 16 anses
651 681 71 22 säsom
737 681 142 23 försvärande
893 688 42 15 om-

182 716 133 27 ständighet,
330 716 40 21 bör
390 715 61 28 utgä,
474 715 89 22 emedan
584 715 83 22 sädana
688 716 187 28 omständigheter,
891 723 45 15 som

182 751 57 22 inom
263 750 42 22 den
326 750 90 28 vanliga
437 750 106 22 latituden
565 751 68 21 verka
656 750 91 28 höjning
762 750 52 22 eller
828 751 108 27 sänkning

183 785 25 22 af
220 785 89 27 straffet,
325 784 8 22 i
348 785 116 21 allmänhet
478 785 47 21 icke
540 791 57 21 egna
611 785 35 28 sig
661 786 34 21 att
709 785 8 21 i
731 785 37 27 lag
788 786 93 21 utsättas
897 785 39 22 och

181 819 137 28 stadganden
337 818 26 22 af
382 818 69 22 sädan
465 820 35 20 art
514 818 132 23 fördenskull
660 819 48 22 icke
724 819 67 22 heller
805 819 130 22 förekomma

182 854 8 22 i
205 853 105 28 förslaget
324 853 34 22 till
372 853 79 21 allmän
465 852 105 29 strafflag.

250 888 65 22 Hvad
329 887 103 28 slutligen
446 887 103 22 beträffar
563 889 14 20 4
591 889 20 26 &,
622 894 44 15 som
679 888 120 22 innehäller
808 888 47 22 med
865 888 71 22 strafi-

182 922 154 29 lagsförslaget
343 921 139 28 likalydande
490 922 161 27 bestämningar
659 922 78 26 derom,
746 923 62 22 hvem
815 923 68 27 böter,
891 929 44 16 som

185 957 70 27 enligt
269 957 42 21 den
325 956 125 27 föreslagna
464 956 153 27 förordningen
631 957 94 27 ådömas,
736 957 87 21 tillfalla
832 957 39 22 och
881 957 55 22 huru

183 991 27 22 de
230 991 38 22 vid
286 990 112 22 bristande
412 989 95 28 tillgång
520 991 53 21 böra
587 990 34 21 till
636 990 98 28 fängelse
748 990 132 28 förvandlas,
895 991 40 22 har

182 1025 107 22 utskottet
303 1025 73 21 ansett
390 1025 33 20 ett
437 1024 78 28 tillägg
530 1031 53 16 vara
598 1024 25 21 af
635 1025 76 26 nöden,
727 1025 139 28 hvarigenom
881 1025 54 22 före-

182 1059 94 22 skrifves
291 1060 40 26 att,
348 1059 38 21 der
400 1058 75 27 dylika
491 1059 61 22 böter
566 1059 161 22 sammanträffa
744 1059 49 22 med
806 1059 68 27 böter,
890 1065 44 16 som

181 1093 38 22 vid
233 1093 113 21 bristande
360 1092 95 28 tillgång
470 1093 53 21 böra
536 1092 124 23 förvandlas
675 1093 34 21 till
723 1095 39 25 spö
777 1093 53 22 eller
842 1093 96 22 risstraff

181 1128 53 22 eller
256 1127 34 22 till
312 1127 97 28 fängelse
431 1127 37 22 vid
483 1129 76 20 vatten
573 1127 40 22 och
634 1127 60 28 bröd,
710 1127 42 22 den
766 1127 109 22 särskilda
890 1127 45 22 för-

181 1161 132 28 vandlingen
328 1161 35 22 för
377 1161 107 22 hvardera
499 1161 161 28 bötesbeloppet
674 1161 40 22 bör
727 1161 118 28 iakttagas,
861 1161 73 23 äfven-

181 1203 45 16 som
241 1197 40 26 att,
297 1196 38 21 der
349 1195 149 22 förstnämnda
510 1196 61 21 böter
581 1195 161 22 sammanträffa
751 1196 49 22 med
810 1196 124 28 ovilkorligt

181 1233 38 24 spö
242 1231 39 21 och
303 1230 95 22 risstraff
414 1230 52 22 eller
488 1230 123 27 ovilkorligt
633 1230 98 27 fängelse
752 1230 38 23 vid
804 1232 76 21 vatten
895 1231 39 22 och

181 1264 60 27 bröd,
264 1263 202 27 sammanläggning
488 1263 24 21 af
531 1263 89 22 straffen
639 1263 49 22 icke
702 1263 40 21 bör
756 1269 42 22 ega
811 1269 53 16 rum.
893 1263 41 22 Ett

180 1299 91 20 motsatt
293 1297 130 27 förfarande,
447 1297 88 22 hvartill
551 1299 25 18 11
592 1297 98 26 punkten
704 1297 8 21 i
726 1297 78 28 Kongl.
820 1297 114 22 förklarin-

180 1339 43 22 gen
245 1333 42 21 den
309 1334 27 19 23
358 1332 60 21 Mars
441 1333 54 20 1807
517 1331 72 22 kunde
608 1331 119 28 föranleda,
742 1331 70 22 skulle
826 1331 107 29 nemligen

181 1367 105 22 innebära
301 1366 84 28 oskälig
399 1366 114 28 stränghet
527 1367 57 21 emot
599 1365 40 23 den
655 1366 82 22 dömde.

248 1402 51 22 Med
321 1401 117 28 anledning
460 1401 25 22 af
504 1401 57 22 hvad
580 1401 114 22 Utskottet
718 1401 40 22 här
773 1401 64 23 ofvan
852 1401 79 28 anfört,

179 1437 36 22 får
228 1437 113 22 Utskottet
356 1436 110 23 vördsamt
480 1435 91 23 föreslå:

248 1502 200 24 Strafflagsutskottets
461 1502 116 18 betänkande
589 1503 36 17 N:o
637 1503 17 18 2.
