1025 1706
329 147 23 18 U.
367 147 21 18 B.
404 157 20 3 —
440 147 61 24 Prop.
513 147 36 19 N:o
561 148 17 18 1.
779 148 32 18 101

83 204 47 20 stalt
152 205 31 19 för
201 206 28 18 att
248 205 87 25 undergå
354 205 110 19 återstoden
483 206 21 18 af
521 206 81 25 straffet,
621 206 51 24 finge
692 206 146 24 tillgodoräkna

82 239 30 24 sig
132 239 57 19 äfven
209 239 36 19 den
263 239 29 19 tid
311 238 38 20 han
364 239 69 19 hållits
448 239 74 19 häktad
538 240 51 19 efter
603 240 32 19 det
651 239 37 20 ban
703 240 52 24 ånyo
770 242 46 22 togs
829 240 7 19 i

82 272 85 25 fängligt
190 273 66 19 förvar
278 273 36 19 har
335 273 44 19 icke
402 275 55 23 synts
480 273 46 19 fullt
547 274 90 25 lämplig,
658 274 80 19 emedan
758 274 77 24 härige-

81 312 45 12 nom
145 306 59 19 bland
223 308 59 17 annat
297 306 64 19 kunde
376 306 84 25 inträffa,
477 309 29 17 att
521 307 110 19 återstoden
647 308 22 18 af
682 306 111 20 strafftiden
807 313 30 13 re-

82 340 36 19 dan
142 347 47 13 vore
213 341 6 19 i
241 340 32 20 det
291 342 97 18 närmaste
408 340 49 20 eller
476 340 41 20 helt
536 341 35 19 och
591 341 62 19 hållet
671 341 90 25 förliden,
779 341 58 19 innan

81 374 58 25 fånge
162 375 51 25 ånyo
232 375 59 19 borde
311 375 83 19 insättas
413 375 6 19 i
439 375 134 20 straffanstalt.
603 375 159 26 Propositionens
782 382 55 18 nyss-

80 408 83 19 nämnda
178 409 123 25 bestämning
316 415 30 13 om
362 411 59 17 sättet
437 410 31 19 för
483 410 119 19 strafftidens
617 410 109 25 beräkning
742 409 37 20 har
794 410 43 19 der-

81 443 31 18 för
128 443 107 19 uteslutits.

149 481 23 21 18
188 481 19 29 &.
227 483 67 20 Såsom
311 484 27 17 ett
354 483 103 25 olämpligt
473 483 107 25 stadgande
595 483 60 20 måste
672 484 36 19 ock
723 483 112 23 betecknas,

80 519 29 16 att
124 517 65 19 städse
205 517 75 20 hälften
297 517 21 19 af
331 517 105 25 vilkorligt
451 517 94 25 frigifven
561 517 68 26 fånges
641 518 108 25 penningar
759 518 36 19 bör
805 517 32 19 till

80 550 70 20 honom
166 551 135 26 öfverlemnas,
317 551 68 19 medan
402 551 60 20 andra
477 551 75 20 hälften
567 552 52 19 skall
635 552 31 19 till
681 551 155 26 kommunalsty-

79 585 64 19 relsen
163 585 6 19 i
189 585 35 20 den
244 586 90 25 frigifnes
351 585 160 26 försörjningsort
527 585 127 20 ofversändas
670 586 30 19 för
715 588 29 17 att
760 586 34 19 der
809 586 27 19 ef-

80 619 83 20 terhand
178 619 161 21 tillhandahållas
356 619 76 20 honom.
449 631 26 3 —
491 620 37 20 Om
543 620 133 20 öfverhufvud
691 620 62 26 någon
770 620 32 20 del
817 620 22 19 af

80 654 36 20 den
132 654 25 25 pä
172 654 66 20 vilkor
254 655 90 25 frigifnes
360 655 110 25 penningar
485 655 51 20 skall
551 655 110 20 innehällas
677 655 48 20 eller
740 655 50 25 icke,
803 661 32 19 sy-

79 695 33 14 nes
128 689 47 19 böra
190 689 46 20 bero
252 689 26 26 pä
293 696 22 13 en
332 689 22 20 af
368 689 162 20 straffanstaltens
545 689 134 20 föreständare
694 690 6 19 i
716 690 69 25 hvarje
800 689 36 20 fall

79 724 102 25 företagen
196 724 92 25 pröfning
303 723 62 27 deraf,
378 723 97 20 huruvida
490 725 133 25 penningarna
638 724 108 25 öfverstiga
758 725 33 19 det
802 725 33 19 be-

79 759 53 24 lopp,
148 765 41 12 som
209 765 56 13 anses
284 759 47 25 ätgä
350 758 60 19 under
428 759 69 19 färden
515 759 31 19 till
565 759 36 20 den
620 759 90 25 frigifnes
727 759 44 19 hem
788 759 49 20 eller

79 792 162 26 försörjningsort
258 793 35 19 och
314 793 48 19 hans
382 793 80 19 vistelse
482 793 34 20 der
534 793 61 20 under
614 793 62 19 första
692 793 59 19 tiden.
782 793 54 19 Blott

79 827 31 18 för
131 827 37 19 den
191 827 99 26 händelse,
306 829 29 17 att
354 827 70 19 sådant
442 827 111 20 öfverskott
571 833 56 14 anses
645 827 110 25 förefinnas,
775 827 60 19 borde

78 861 106 19 detsamma
203 861 108 19 innehällas
331 861 36 19 och
387 861 6 19 i
409 861 130 26 ofvanantydt
555 861 90 20 afseende
661 861 126 19 öfversändas
803 861 31 18 till

78 895 146 20 vederbörande
242 895 197 26 kommunalstyrelse
459 895 12 19 &
489 895 66 20 landet
574 895 49 20 eller
641 895 102 25 magistrat
761 895 7 18 i
784 895 49 19 stad.

78 929 9 19 I
103 936 25 12 nu
144 929 77 20 anfördt
237 929 53 26 syfte
307 929 35 19 har
358 929 61 19 denna
435 929 12 25 &
463 929 21 19 af
498 930 103 19 Utskottet
619 929 145 25 omredigerats.

146 969 87 20 Emedan
252 969 33 19 det
303 969 17 25 ej
340 969 38 19 kan
397 970 121 24 förutsättas,
535 971 28 17 att
579 969 119 19 direktioner
713 969 76 19 komma
805 970 29 18 att

78 1004 83 20 inrättas
177 1004 33 19 vid
226 1004 88 24 härads-,
331 1004 61 19 stads-
409 1004 48 19 eller
473 1003 176 25 tingslagshäkten,
660 1004 28 18 uti
704 1003 70 19 hvilka
789 1003 45 19 kor-

78 1041 42 17 tare
139 1038 39 19 tids
198 1038 146 26 fängelsestraff
362 1038 61 25 enligt
445 1039 3 17 1
467 1038 13 25 $
497 1038 12 19 4
523 1038 46 24 kap.
585 1038 58 19 äfven
659 1038 38 19 kan
712 1038 70 25 utstäs,
798 1038 36 18 har

78 1072 103 20 Utskottet
200 1075 63 17 ansett
281 1072 69 25 nödigt
364 1074 29 17 att
414 1073 29 18 uti
462 1072 85 20 särskild
565 1072 19 26 S.
601 1078 40 13 som
659 1072 38 19 fått
716 1072 52 24 plats
783 1072 51 18 efter

80 1106 24 20 19
124 1106 12 26 $
156 1107 5 19 i
181 1107 44 19 nåd.
245 1113 62 19 prop.,
322 1106 121 20 föreskrifva
462 1109 29 17 att
510 1106 51 20 hvad
581 1106 5 19 i
606 1106 61 19 denna
683 1106 114 25 förordning
811 1109 22 16 är

78 1141 92 25 stadgadt
189 1148 30 12 om
239 1141 98 19 direktion
358 1140 52 20 skall
428 1140 120 20 beträffande
563 1140 61 25 sagda
639 1140 73 20 häkten
727 1140 54 26 gälla
797 1140 35 19 den

78 1175 122 25 myndighet,
216 1182 40 13 som
272 1175 21 20 af
307 1175 111 25 Kejserliga
434 1174 83 20 Senaten
532 1176 53 18 utses
601 1177 29 17 att
645 1181 47 13 vara
707 1175 6 19 i
729 1174 59 20 sädan
804 1174 28 19 di-

77 1209 88 20 rektions
181 1210 63 19 ställe.

380 1300 16 21 3
411 1300 122 26 Kapitlet.

147 1362 45 28 28.
221 1363 36 19 Att
276 1364 6 18 i
301 1362 61 25 detalj
378 1362 80 25 angifva
474 1362 23 19 de
513 1362 53 19 olika
581 1361 44 25 slag
640 1362 21 18 af
674 1362 158 24 tvängsarbeten,

78 1397 80 21 hvartill
175 1396 142 26 tukthusfänge
333 1397 35 19 bör
383 1395 71 26 hållas,
466 1402 58 19 synes
539 1396 44 19 icke
599 1395 80 25 erbjuda
694 1395 62 25 några
766 1397 65 17 nämn-

78 1432 62 20 värda
155 1431 92 24 fördelar,
263 1432 68 19 medan
348 1431 85 19 deremot
448 1430 127 25 olägenheter
589 1429 66 20 kunna
669 1429 71 25 uppstå
756 1429 76 25 derige-

150 1465 178 23 Straflagsutskottets
339 1464 104 18 betänkande
456 1464 35 17 N:o
505 1465 14 15 1.

859 205 61 17 Verkst.
928 205 29 22 fd.

870 227 12 17 2
895 228 45 21 Kap.
