<?xml version="1.0" encoding="UTF-8"?>
<alto xmlns="http://www.loc.gov/standards/alto/ns-v3#" xmlns:xlink="http://www.w3.org/1999/xlink" xmlns:xsi="http://www.w3.org/2001/XMLSchema-instance" xsi:schemaLocation="http://www.loc.gov/standards/alto/ns-v3# http://www.loc.gov/alto/v3/alto-3-0.xsd">
	<Description>
		<MeasurementUnit>pixel</MeasurementUnit>
		<sourceImageInformation>
			<fileName>/tmp/tess_u4kayzin_input.PNG</fileName>
		</sourceImageInformation>
		<OCRProcessing ID="OCR_0">
			<ocrProcessingStep>
				<processingSoftware>
					<softwareName>tesseract 5.3.4</softwareName>
				</processingSoftware>
			</ocrProcessingStep>
		</OCRProcessing>
	</Description>
	<Layout>
		<Page WIDTH="1036" HEIGHT="1709" PHYSICAL_IMG_NR="0" ID="page_0">
			<PrintSpace HPOS="0" VPOS="0" WIDTH="1036" HEIGHT="1709">
				<ComposedBlock ID="cblock_0" HPOS="319" VPOS="138" WIDTH="495" HEIGHT="31">
					<TextBlock ID="block_0" HPOS="319" VPOS="138" WIDTH="495" HEIGHT="31">
						<TextLine ID="line_0" HPOS="319" VPOS="138" WIDTH="495" HEIGHT="31">
							<String ID="string_0" HPOS="319" VPOS="138" WIDTH="63" HEIGHT="26" WC="0.92" CONTENT="Ständ."/><SP WIDTH="16" VPOS="138" HPOS="382"/>
							<String ID="string_1" HPOS="398" VPOS="139" WIDTH="30" HEIGHT="24" WC="0.84" CONTENT="Sv."/><SP WIDTH="15" VPOS="139" HPOS="428"/>
							<String ID="string_2" HPOS="443" VPOS="151" WIDTH="26" HEIGHT="5" WC="0.92" CONTENT="—"/><SP WIDTH="17" VPOS="151" HPOS="469"/>
							<String ID="string_3" HPOS="486" VPOS="140" WIDTH="53" HEIGHT="29" WC="0.95" CONTENT="Prop."/><SP WIDTH="16" VPOS="140" HPOS="539"/>
							<String ID="string_4" HPOS="555" VPOS="140" WIDTH="32" HEIGHT="23" WC="0.71" CONTENT="N:o"/><SP WIDTH="15" VPOS="140" HPOS="587"/>
							<String ID="string_5" HPOS="602" VPOS="140" WIDTH="15" HEIGHT="23" WC="0.95" CONTENT="1."/><SP WIDTH="169" VPOS="140" HPOS="617"/>
							<String ID="string_6" HPOS="786" VPOS="139" WIDTH="28" HEIGHT="23" WC="0.93" CONTENT="25"/>
						</TextLine>
					</TextBlock>
				</ComposedBlock>
				<ComposedBlock ID="cblock_1" HPOS="97" VPOS="206" WIDTH="753" HEIGHT="1274">
					<TextBlock ID="block_1" HPOS="97" VPOS="206" WIDTH="748" HEIGHT="339">
						<TextLine ID="line_1" HPOS="166" VPOS="206" WIDTH="678" HEIGHT="28">
							<String ID="string_7" HPOS="166" VPOS="206" WIDTH="10" HEIGHT="21" WC="0.93" CONTENT="I"/><SP WIDTH="22" VPOS="206" HPOS="176"/>
							<String ID="string_8" HPOS="198" VPOS="206" WIDTH="149" HEIGHT="28" WC="0.92" CONTENT="sammanhang"/><SP WIDTH="21" VPOS="206" HPOS="347"/>
							<String ID="string_9" HPOS="368" VPOS="207" WIDTH="88" HEIGHT="21" WC="0.96" CONTENT="härmed"/><SP WIDTH="18" VPOS="207" HPOS="456"/>
							<String ID="string_10" HPOS="474" VPOS="207" WIDTH="22" HEIGHT="22" WC="0.93" CONTENT="få"/><SP WIDTH="14" VPOS="207" HPOS="496"/>
							<String ID="string_11" HPOS="510" VPOS="206" WIDTH="118" HEIGHT="23" WC="0.90" CONTENT="Ständerna"/><SP WIDTH="15" VPOS="206" HPOS="628"/>
							<String ID="string_12" HPOS="643" VPOS="206" WIDTH="150" HEIGHT="27" WC="0.91" CONTENT="underdänigst"/><SP WIDTH="14" VPOS="206" HPOS="793"/>
							<String ID="string_13" HPOS="807" VPOS="213" WIDTH="37" HEIGHT="15" WC="0.93" CONTENT="an-"/>
						</TextLine>
						<TextLine ID="line_2" HPOS="97" VPOS="240" WIDTH="747" HEIGHT="27">
							<String ID="string_14" HPOS="97" VPOS="240" WIDTH="56" HEIGHT="21" WC="0.92" CONTENT="mäla"/><SP WIDTH="21" VPOS="240" HPOS="153"/>
							<String ID="string_15" HPOS="174" VPOS="242" WIDTH="33" HEIGHT="20" WC="0.93" CONTENT="att"/><SP WIDTH="22" VPOS="242" HPOS="207"/>
							<String ID="string_16" HPOS="229" VPOS="240" WIDTH="117" HEIGHT="22" WC="0.92" CONTENT="Ständerna"/><SP WIDTH="21" VPOS="240" HPOS="346"/>
							<String ID="string_17" HPOS="367" VPOS="242" WIDTH="33" HEIGHT="20" WC="0.96" CONTENT="uti"/><SP WIDTH="22" VPOS="242" HPOS="400"/>
							<String ID="string_18" HPOS="422" VPOS="247" WIDTH="25" HEIGHT="15" WC="0.96" CONTENT="en"/><SP WIDTH="22" VPOS="247" HPOS="447"/>
							<String ID="string_19" HPOS="469" VPOS="242" WIDTH="90" HEIGHT="21" WC="0.93" CONTENT="särskild"/><SP WIDTH="21" VPOS="242" HPOS="559"/>
							<String ID="string_20" HPOS="580" VPOS="242" WIDTH="20" HEIGHT="25" WC="0.90" CONTENT="8,"/><SP WIDTH="15" VPOS="242" HPOS="600"/>
							<String ID="string_21" HPOS="615" VPOS="246" WIDTH="44" HEIGHT="16" WC="0.93" CONTENT="som"/><SP WIDTH="16" VPOS="246" HPOS="659"/>
							<String ID="string_22" HPOS="675" VPOS="240" WIDTH="40" HEIGHT="22" WC="0.96" CONTENT="fått"/><SP WIDTH="14" VPOS="240" HPOS="715"/>
							<String ID="string_23" HPOS="729" VPOS="246" WIDTH="47" HEIGHT="16" WC="0.96" CONTENT="rum"/><SP WIDTH="15" VPOS="246" HPOS="776"/>
							<String ID="string_24" HPOS="791" VPOS="241" WIDTH="53" HEIGHT="21" WC="0.94" CONTENT="efter"/>
						</TextLine>
						<TextLine ID="line_3" HPOS="100" VPOS="274" WIDTH="744" HEIGHT="28">
							<String ID="string_25" HPOS="100" VPOS="274" WIDTH="24" HEIGHT="21" WC="0.89" CONTENT="17"/><SP WIDTH="23" VPOS="274" HPOS="124"/>
							<String ID="string_26" HPOS="147" VPOS="274" WIDTH="12" HEIGHT="27" WC="0.85" CONTENT="$"/><SP WIDTH="21" VPOS="274" HPOS="159"/>
							<String ID="string_27" HPOS="180" VPOS="274" WIDTH="22" HEIGHT="21" WC="0.93" CONTENT="af"/><SP WIDTH="21" VPOS="274" HPOS="202"/>
							<String ID="string_28" HPOS="223" VPOS="274" WIDTH="101" HEIGHT="27" WC="0.96" CONTENT="förslaget"/><SP WIDTH="20" VPOS="274" HPOS="324"/>
							<String ID="string_29" HPOS="344" VPOS="276" WIDTH="33" HEIGHT="20" WC="0.93" CONTENT="till"/><SP WIDTH="14" VPOS="276" HPOS="377"/>
							<String ID="string_30" HPOS="391" VPOS="275" WIDTH="124" HEIGHT="27" WC="0.96" CONTENT="förordning"/><SP WIDTH="15" VPOS="275" HPOS="515"/>
							<String ID="string_31" HPOS="530" VPOS="282" WIDTH="33" HEIGHT="15" WC="0.93" CONTENT="om"/><SP WIDTH="15" VPOS="282" HPOS="563"/>
							<String ID="string_32" HPOS="578" VPOS="274" WIDTH="133" HEIGHT="27" WC="0.92" CONTENT="strafflagens"/><SP WIDTH="15" VPOS="274" HPOS="711"/>
							<String ID="string_33" HPOS="726" VPOS="275" WIDTH="118" HEIGHT="26" WC="0.96" CONTENT="införande,"/>
						</TextLine>
						<TextLine ID="line_4" HPOS="97" VPOS="307" WIDTH="748" HEIGHT="30">
							<String ID="string_34" HPOS="97" VPOS="307" WIDTH="66" HEIGHT="22" WC="0.92" CONTENT="infört"/><SP WIDTH="14" VPOS="307" HPOS="163"/>
							<String ID="string_35" HPOS="177" VPOS="309" WIDTH="116" HEIGHT="27" WC="0.92" CONTENT="stadgande"/><SP WIDTH="15" VPOS="309" HPOS="293"/>
							<String ID="string_36" HPOS="308" VPOS="315" WIDTH="33" HEIGHT="16" WC="0.97" CONTENT="om"/><SP WIDTH="13" VPOS="315" HPOS="341"/>
							<String ID="string_37" HPOS="354" VPOS="311" WIDTH="42" HEIGHT="20" WC="0.96" CONTENT="rätt"/><SP WIDTH="14" VPOS="311" HPOS="396"/>
							<String ID="string_38" HPOS="410" VPOS="310" WIDTH="34" HEIGHT="21" WC="0.96" CONTENT="för"/><SP WIDTH="14" VPOS="310" HPOS="444"/>
							<String ID="string_39" HPOS="458" VPOS="310" WIDTH="77" HEIGHT="21" WC="0.93" CONTENT="allmän"/><SP WIDTH="14" VPOS="310" HPOS="535"/>
							<String ID="string_40" HPOS="549" VPOS="310" WIDTH="99" HEIGHT="27" WC="0.92" CONTENT="äklagare"/><SP WIDTH="15" VPOS="310" HPOS="648"/>
							<String ID="string_41" HPOS="663" VPOS="310" WIDTH="32" HEIGHT="20" WC="0.93" CONTENT="att"/><SP WIDTH="14" VPOS="310" HPOS="695"/>
							<String ID="string_42" HPOS="709" VPOS="311" WIDTH="50" HEIGHT="25" WC="0.93" CONTENT="taga"/><SP WIDTH="12" VPOS="311" HPOS="759"/>
							<String ID="string_43" HPOS="771" VPOS="309" WIDTH="32" HEIGHT="27" WC="0.93" CONTENT="sig"/><SP WIDTH="9" VPOS="309" HPOS="803"/>
							<String ID="string_44" HPOS="812" VPOS="310" WIDTH="33" HEIGHT="20" WC="0.92" CONTENT="ta-"/>
						</TextLine>
						<TextLine ID="line_5" HPOS="98" VPOS="342" WIDTH="747" HEIGHT="30">
							<String ID="string_45" HPOS="98" VPOS="342" WIDTH="35" HEIGHT="22" WC="0.96" CONTENT="lan"/><SP WIDTH="15" VPOS="342" HPOS="133"/>
							<String ID="string_46" HPOS="148" VPOS="343" WIDTH="7" HEIGHT="21" WC="0.96" CONTENT="i"/><SP WIDTH="15" VPOS="343" HPOS="155"/>
							<String ID="string_47" HPOS="170" VPOS="343" WIDTH="35" HEIGHT="22" WC="0.93" CONTENT="fall"/><SP WIDTH="16" VPOS="343" HPOS="205"/>
							<String ID="string_48" HPOS="221" VPOS="343" WIDTH="148" HEIGHT="28" WC="0.93" CONTENT="mälseganden"/><SP WIDTH="14" VPOS="343" HPOS="369"/>
							<String ID="string_49" HPOS="383" VPOS="344" WIDTH="35" HEIGHT="21" WC="0.93" CONTENT="vid"/><SP WIDTH="15" VPOS="344" HPOS="418"/>
							<String ID="string_50" HPOS="433" VPOS="343" WIDTH="59" HEIGHT="29" WC="0.92" CONTENT="fräga"/><SP WIDTH="16" VPOS="343" HPOS="492"/>
							<String ID="string_51" HPOS="508" VPOS="351" WIDTH="33" HEIGHT="15" WC="0.97" CONTENT="om"/><SP WIDTH="14" VPOS="351" HPOS="541"/>
							<String ID="string_52" HPOS="555" VPOS="344" WIDTH="64" HEIGHT="26" WC="0.96" CONTENT="brott,"/><SP WIDTH="16" VPOS="344" HPOS="619"/>
							<String ID="string_53" HPOS="635" VPOS="349" WIDTH="45" HEIGHT="16" WC="0.97" CONTENT="som"/><SP WIDTH="10" VPOS="349" HPOS="680"/>
							<String ID="string_54" HPOS="690" VPOS="344" WIDTH="76" HEIGHT="21" WC="0.96" CONTENT="endast"/><SP WIDTH="10" VPOS="344" HPOS="766"/>
							<String ID="string_55" HPOS="776" VPOS="343" WIDTH="23" HEIGHT="22" WC="0.93" CONTENT="af"/><SP WIDTH="8" VPOS="343" HPOS="799"/>
							<String ID="string_56" HPOS="807" VPOS="343" WIDTH="38" HEIGHT="22" WC="0.93" CONTENT="ho-"/>
						</TextLine>
						<TextLine ID="line_6" HPOS="97" VPOS="377" WIDTH="748" HEIGHT="28">
							<String ID="string_57" HPOS="97" VPOS="383" WIDTH="50" HEIGHT="16" WC="0.94" CONTENT="nom"/><SP WIDTH="16" VPOS="383" HPOS="147"/>
							<String ID="string_58" HPOS="163" VPOS="377" WIDTH="51" HEIGHT="22" WC="0.96" CONTENT="eller"/><SP WIDTH="14" VPOS="377" HPOS="214"/>
							<String ID="string_59" HPOS="228" VPOS="378" WIDTH="27" HEIGHT="27" WC="0.96" CONTENT="pä"/><SP WIDTH="14" VPOS="378" HPOS="255"/>
							<String ID="string_60" HPOS="269" VPOS="378" WIDTH="53" HEIGHT="22" WC="0.93" CONTENT="hans"/><SP WIDTH="15" VPOS="378" HPOS="322"/>
							<String ID="string_61" HPOS="337" VPOS="379" WIDTH="96" HEIGHT="22" WC="0.92" CONTENT="anmälan"/><SP WIDTH="16" VPOS="379" HPOS="433"/>
							<String ID="string_62" HPOS="449" VPOS="379" WIDTH="32" HEIGHT="22" WC="0.91" CONTENT="fär"/><SP WIDTH="15" VPOS="379" HPOS="481"/>
							<String ID="string_63" HPOS="496" VPOS="379" WIDTH="72" HEIGHT="26" WC="0.92" CONTENT="ätalas,"/><SP WIDTH="16" VPOS="379" HPOS="568"/>
							<String ID="string_64" HPOS="584" VPOS="378" WIDTH="68" HEIGHT="22" WC="0.93" CONTENT="skulle"/><SP WIDTH="10" VPOS="378" HPOS="652"/>
							<String ID="string_65" HPOS="662" VPOS="378" WIDTH="57" HEIGHT="21" WC="0.88" CONTENT="rikta"/><SP WIDTH="10" VPOS="378" HPOS="719"/>
							<String ID="string_66" HPOS="729" VPOS="378" WIDTH="51" HEIGHT="22" WC="0.93" CONTENT="eller"/><SP WIDTH="10" VPOS="378" HPOS="780"/>
							<String ID="string_67" HPOS="790" VPOS="379" WIDTH="55" HEIGHT="21" WC="0.89" CONTENT="äter-"/>
						</TextLine>
						<TextLine ID="line_7" HPOS="97" VPOS="412" WIDTH="748" HEIGHT="29">
							<String ID="string_68" HPOS="97" VPOS="412" WIDTH="58" HEIGHT="22" WC="0.96" CONTENT="kalla"/><SP WIDTH="21" VPOS="412" HPOS="155"/>
							<String ID="string_69" HPOS="176" VPOS="413" WIDTH="33" HEIGHT="22" WC="0.93" CONTENT="sin"/><SP WIDTH="21" VPOS="413" HPOS="209"/>
							<String ID="string_70" HPOS="230" VPOS="413" WIDTH="58" HEIGHT="22" WC="0.92" CONTENT="talan"/><SP WIDTH="15" VPOS="413" HPOS="288"/>
							<String ID="string_71" HPOS="303" VPOS="415" WIDTH="44" HEIGHT="20" WC="0.96" CONTENT="mot"/><SP WIDTH="15" VPOS="415" HPOS="347"/>
							<String ID="string_72" HPOS="362" VPOS="420" WIDTH="26" HEIGHT="15" WC="0.96" CONTENT="en"/><SP WIDTH="15" VPOS="420" HPOS="388"/>
							<String ID="string_73" HPOS="403" VPOS="414" WIDTH="52" HEIGHT="21" WC="0.92" CONTENT="eller"/><SP WIDTH="15" VPOS="414" HPOS="455"/>
							<String ID="string_74" HPOS="470" VPOS="414" WIDTH="65" HEIGHT="27" WC="0.92" CONTENT="nägra"/><SP WIDTH="16" VPOS="414" HPOS="535"/>
							<String ID="string_75" HPOS="551" VPOS="413" WIDTH="22" HEIGHT="22" WC="0.96" CONTENT="af"/><SP WIDTH="14" VPOS="413" HPOS="573"/>
							<String ID="string_76" HPOS="587" VPOS="414" WIDTH="26" HEIGHT="21" WC="0.93" CONTENT="de"/><SP WIDTH="14" VPOS="414" HPOS="613"/>
							<String ID="string_77" HPOS="627" VPOS="413" WIDTH="95" HEIGHT="27" WC="0.92" CONTENT="skyldige"/><SP WIDTH="14" VPOS="413" HPOS="722"/>
							<String ID="string_78" HPOS="736" VPOS="419" WIDTH="49" HEIGHT="16" WC="0.93" CONTENT="men"/><SP WIDTH="13" VPOS="419" HPOS="785"/>
							<String ID="string_79" HPOS="798" VPOS="413" WIDTH="47" HEIGHT="22" WC="0.92" CONTENT="icke"/>
						</TextLine>
						<TextLine ID="line_8" HPOS="97" VPOS="448" WIDTH="748" HEIGHT="27">
							<String ID="string_80" HPOS="97" VPOS="449" WIDTH="45" HEIGHT="20" WC="0.95" CONTENT="mot"/><SP WIDTH="15" VPOS="449" HPOS="142"/>
							<String ID="string_81" HPOS="157" VPOS="448" WIDTH="47" HEIGHT="21" WC="0.96" CONTENT="dem"/><SP WIDTH="15" VPOS="448" HPOS="204"/>
							<String ID="string_82" HPOS="219" VPOS="448" WIDTH="48" HEIGHT="21" WC="0.96" CONTENT="alla."/><SP WIDTH="30" VPOS="448" HPOS="267"/>
							<String ID="string_83" HPOS="297" VPOS="448" WIDTH="69" HEIGHT="22" WC="0.96" CONTENT="Sedan"/><SP WIDTH="14" VPOS="448" HPOS="366"/>
							<String ID="string_84" HPOS="380" VPOS="448" WIDTH="80" HEIGHT="22" WC="0.93" CONTENT="brottet"/><SP WIDTH="14" VPOS="448" HPOS="460"/>
							<String ID="string_85" HPOS="474" VPOS="449" WIDTH="69" HEIGHT="22" WC="0.91" CONTENT="blifvit"/><SP WIDTH="14" VPOS="449" HPOS="543"/>
							<String ID="string_86" HPOS="557" VPOS="448" WIDTH="66" HEIGHT="23" WC="0.92" CONTENT="stälät"/><SP WIDTH="14" VPOS="448" HPOS="623"/>
							<String ID="string_87" HPOS="637" VPOS="449" WIDTH="67" HEIGHT="20" WC="0.93" CONTENT="under"/><SP WIDTH="14" VPOS="449" HPOS="704"/>
							<String ID="string_88" HPOS="718" VPOS="448" WIDTH="50" HEIGHT="26" WC="0.91" CONTENT="ätal,"/><SP WIDTH="16" VPOS="448" HPOS="768"/>
							<String ID="string_89" HPOS="784" VPOS="454" WIDTH="61" HEIGHT="21" WC="0.93" CONTENT="synes"/>
						</TextLine>
						<TextLine ID="line_9" HPOS="98" VPOS="482" WIDTH="746" HEIGHT="29">
							<String ID="string_90" HPOS="98" VPOS="483" WIDTH="37" HEIGHT="21" WC="0.93" CONTENT="det"/><SP WIDTH="14" VPOS="483" HPOS="135"/>
							<String ID="string_91" HPOS="149" VPOS="482" WIDTH="103" HEIGHT="28" WC="0.91" CONTENT="nemligen"/><SP WIDTH="15" VPOS="482" HPOS="252"/>
							<String ID="string_92" HPOS="267" VPOS="483" WIDTH="46" HEIGHT="21" WC="0.92" CONTENT="icke"/><SP WIDTH="15" VPOS="483" HPOS="313"/>
							<String ID="string_93" HPOS="328" VPOS="483" WIDTH="52" HEIGHT="22" WC="0.92" CONTENT="böra"/><SP WIDTH="10" VPOS="483" HPOS="380"/>
							<String ID="string_94" HPOS="390" VPOS="484" WIDTH="78" HEIGHT="21" WC="0.91" CONTENT="lemnas"/><SP WIDTH="10" VPOS="484" HPOS="468"/>
							<String ID="string_95" HPOS="478" VPOS="484" WIDTH="105" HEIGHT="21" WC="0.93" CONTENT="beroende"/><SP WIDTH="11" VPOS="484" HPOS="583"/>
							<String ID="string_96" HPOS="594" VPOS="483" WIDTH="23" HEIGHT="22" WC="0.93" CONTENT="af"/><SP WIDTH="8" VPOS="483" HPOS="617"/>
							<String ID="string_97" HPOS="625" VPOS="483" WIDTH="158" HEIGHT="28" WC="0.92" CONTENT="mälsegandens"/><SP WIDTH="10" VPOS="483" HPOS="783"/>
							<String ID="string_98" HPOS="793" VPOS="483" WIDTH="51" HEIGHT="28" WC="0.91" CONTENT="god-"/>
						</TextLine>
						<TextLine ID="line_10" HPOS="97" VPOS="517" WIDTH="748" HEIGHT="28">
							<String ID="string_99" HPOS="97" VPOS="517" WIDTH="62" HEIGHT="27" WC="0.96" CONTENT="tycke"/><SP WIDTH="15" VPOS="517" HPOS="159"/>
							<String ID="string_100" HPOS="174" VPOS="519" WIDTH="58" HEIGHT="20" WC="0.93" CONTENT="emot"/><SP WIDTH="12" VPOS="519" HPOS="232"/>
							<String ID="string_101" HPOS="244" VPOS="517" WIDTH="87" HEIGHT="22" WC="0.95" CONTENT="hvilken"/><SP WIDTH="10" VPOS="517" HPOS="331"/>
							<String ID="string_102" HPOS="341" VPOS="518" WIDTH="51" HEIGHT="21" WC="0.93" CONTENT="eller"/><SP WIDTH="9" VPOS="518" HPOS="392"/>
							<String ID="string_103" HPOS="401" VPOS="518" WIDTH="71" HEIGHT="22" WC="0.96" CONTENT="hvilka"/><SP WIDTH="11" VPOS="518" HPOS="472"/>
							<String ID="string_104" HPOS="483" VPOS="519" WIDTH="22" HEIGHT="21" WC="0.96" CONTENT="af"/><SP WIDTH="9" VPOS="519" HPOS="505"/>
							<String ID="string_105" HPOS="514" VPOS="518" WIDTH="25" HEIGHT="21" WC="0.93" CONTENT="de"/><SP WIDTH="14" VPOS="518" HPOS="539"/>
							<String ID="string_106" HPOS="553" VPOS="518" WIDTH="93" HEIGHT="27" WC="0.96" CONTENT="skyldige"/><SP WIDTH="11" VPOS="518" HPOS="646"/>
							<String ID="string_107" HPOS="657" VPOS="517" WIDTH="41" HEIGHT="23" WC="0.96" CONTENT="åtal"/><SP WIDTH="11" VPOS="517" HPOS="698"/>
							<String ID="string_108" HPOS="709" VPOS="518" WIDTH="39" HEIGHT="21" WC="0.93" CONTENT="bör"/><SP WIDTH="9" VPOS="518" HPOS="748"/>
							<String ID="string_109" HPOS="757" VPOS="518" WIDTH="88" HEIGHT="22" WC="0.96" CONTENT="utföras."/>
						</TextLine>
					</TextBlock>
					<TextBlock ID="block_2" HPOS="98" VPOS="551" WIDTH="748" HEIGHT="203">
						<TextLine ID="line_11" HPOS="166" VPOS="551" WIDTH="679" HEIGHT="27">
							<String ID="string_110" HPOS="166" VPOS="552" WIDTH="13" HEIGHT="21" WC="0.75" CONTENT="5"/><SP WIDTH="15" VPOS="552" HPOS="179"/>
							<String ID="string_111" HPOS="194" VPOS="551" WIDTH="18" HEIGHT="27" WC="0.75" CONTENT="8."/><SP WIDTH="29" VPOS="551" HPOS="212"/>
							<String ID="string_112" HPOS="241" VPOS="552" WIDTH="42" HEIGHT="21" WC="0.96" CONTENT="För"/><SP WIDTH="21" VPOS="552" HPOS="283"/>
							<String ID="string_113" HPOS="304" VPOS="553" WIDTH="103" HEIGHT="22" WC="0.95" CONTENT="vinnande"/><SP WIDTH="19" VPOS="553" HPOS="407"/>
							<String ID="string_114" HPOS="426" VPOS="554" WIDTH="23" HEIGHT="21" WC="0.93" CONTENT="af"/><SP WIDTH="14" VPOS="554" HPOS="449"/>
							<String ID="string_115" HPOS="463" VPOS="553" WIDTH="215" HEIGHT="22" WC="0.92" CONTENT="öfverensstämmelse"/><SP WIDTH="14" VPOS="553" HPOS="678"/>
							<String ID="string_116" HPOS="692" VPOS="553" WIDTH="48" HEIGHT="21" WC="0.96" CONTENT="med"/><SP WIDTH="16" VPOS="553" HPOS="740"/>
							<String ID="string_117" HPOS="756" VPOS="553" WIDTH="10" HEIGHT="20" WC="0.96" CONTENT="1"/><SP WIDTH="16" VPOS="553" HPOS="766"/>
							<String ID="string_118" HPOS="782" VPOS="559" WIDTH="63" HEIGHT="16" WC="0.96" CONTENT="mom."/>
						</TextLine>
						<TextLine ID="line_12" HPOS="98" VPOS="586" WIDTH="747" HEIGHT="29">
							<String ID="string_119" HPOS="98" VPOS="586" WIDTH="90" HEIGHT="28" WC="0.79" CONTENT="1383"/><SP WIDTH="14" VPOS="586" HPOS="188"/>
							<String ID="string_120" HPOS="202" VPOS="586" WIDTH="48" HEIGHT="28" WC="0.96" CONTENT="kap."/><SP WIDTH="16" VPOS="586" HPOS="250"/>
							<String ID="string_121" HPOS="266" VPOS="587" WIDTH="39" HEIGHT="22" WC="0.93" CONTENT="har"/><SP WIDTH="14" VPOS="587" HPOS="305"/>
							<String ID="string_122" HPOS="319" VPOS="589" WIDTH="108" HEIGHT="26" WC="0.93" CONTENT="uttrycket"/><SP WIDTH="15" VPOS="589" HPOS="427"/>
							<String ID="string_123" HPOS="442" VPOS="590" WIDTH="71" HEIGHT="25" WC="0.87" CONTENT=",,emot"/><SP WIDTH="14" VPOS="590" HPOS="513"/>
							<String ID="string_124" HPOS="527" VPOS="587" WIDTH="76" HEIGHT="22" WC="0.46" CONTENT="afvita&#39;*"/><SP WIDTH="16" VPOS="587" HPOS="603"/>
							<String ID="string_125" HPOS="619" VPOS="587" WIDTH="81" HEIGHT="28" WC="0.85" CONTENT="utbytts"/><SP WIDTH="16" VPOS="587" HPOS="700"/>
							<String ID="string_126" HPOS="716" VPOS="588" WIDTH="56" HEIGHT="21" WC="0.93" CONTENT="emot"/><SP WIDTH="9" VPOS="588" HPOS="772"/>
							<String ID="string_127" HPOS="781" VPOS="587" WIDTH="64" HEIGHT="21" WC="0.96" CONTENT="orden"/>
						</TextLine>
						<TextLine ID="line_13" HPOS="99" VPOS="621" WIDTH="746" HEIGHT="28">
							<String ID="string_128" HPOS="99" VPOS="639" WIDTH="4" HEIGHT="9" WC="0.0" CONTENT="y"/><SP WIDTH="3" VPOS="639" HPOS="103"/>
							<String ID="string_129" HPOS="106" VPOS="622" WIDTH="51" HEIGHT="26" WC="0.95" CONTENT="mot"/><SP WIDTH="15" VPOS="622" HPOS="157"/>
							<String ID="string_130" HPOS="172" VPOS="621" WIDTH="47" HEIGHT="28" WC="0.96" CONTENT="den,"/><SP WIDTH="16" VPOS="621" HPOS="219"/>
							<String ID="string_131" HPOS="235" VPOS="628" WIDTH="44" HEIGHT="15" WC="0.96" CONTENT="som"/><SP WIDTH="15" VPOS="628" HPOS="279"/>
							<String ID="string_132" HPOS="294" VPOS="622" WIDTH="77" HEIGHT="21" WC="0.93" CONTENT="saknar"/><SP WIDTH="15" VPOS="622" HPOS="371"/>
							<String ID="string_133" HPOS="386" VPOS="622" WIDTH="128" HEIGHT="22" WC="0.88" CONTENT="förständets"/><SP WIDTH="14" VPOS="622" HPOS="514"/>
							<String ID="string_134" HPOS="528" VPOS="622" WIDTH="76" HEIGHT="22" WC="0.67" CONTENT="bruk.&quot;"/><SP WIDTH="30" VPOS="622" HPOS="604"/>
							<String ID="string_135" HPOS="634" VPOS="622" WIDTH="108" HEIGHT="27" WC="0.80" CONTENT="Derjemte"/><SP WIDTH="16" VPOS="622" HPOS="742"/>
							<String ID="string_136" HPOS="758" VPOS="621" WIDTH="40" HEIGHT="22" WC="0.93" CONTENT="har"/><SP WIDTH="15" VPOS="621" HPOS="798"/>
							<String ID="string_137" HPOS="813" VPOS="628" WIDTH="32" HEIGHT="15" WC="0.93" CONTENT="or-"/>
						</TextLine>
						<TextLine ID="line_14" HPOS="99" VPOS="656" WIDTH="746" HEIGHT="29">
							<String ID="string_138" HPOS="99" VPOS="656" WIDTH="37" HEIGHT="22" WC="0.91" CONTENT="det"/><SP WIDTH="22" VPOS="656" HPOS="136"/>
							<String ID="string_139" HPOS="158" VPOS="673" WIDTH="12" HEIGHT="11" WC="0.89" CONTENT=",,"/><SP WIDTH="2" VPOS="673" HPOS="170"/>
							<String ID="string_140" HPOS="172" VPOS="657" WIDTH="110" HEIGHT="27" WC="0.86" CONTENT="omyndig&quot;"/><SP WIDTH="17" VPOS="657" HPOS="282"/>
							<String ID="string_141" HPOS="299" VPOS="657" WIDTH="86" HEIGHT="22" WC="0.96" CONTENT="ändrats"/><SP WIDTH="15" VPOS="657" HPOS="385"/>
							<String ID="string_142" HPOS="400" VPOS="657" WIDTH="34" HEIGHT="22" WC="0.93" CONTENT="till"/><SP WIDTH="16" VPOS="657" HPOS="434"/>
							<String ID="string_143" HPOS="450" VPOS="657" WIDTH="54" HEIGHT="28" WC="0.71" CONTENT=",,den"/><SP WIDTH="15" VPOS="657" HPOS="504"/>
							<String ID="string_144" HPOS="519" VPOS="663" WIDTH="44" HEIGHT="16" WC="0.93" CONTENT="som"/><SP WIDTH="16" VPOS="663" HPOS="563"/>
							<String ID="string_145" HPOS="579" VPOS="656" WIDTH="18" HEIGHT="27" WC="0.96" CONTENT="ej"/><SP WIDTH="16" VPOS="656" HPOS="597"/>
							<String ID="string_146" HPOS="613" VPOS="657" WIDTH="88" HEIGHT="26" WC="0.95" CONTENT="uppnått"/><SP WIDTH="14" VPOS="657" HPOS="701"/>
							<String ID="string_147" HPOS="715" VPOS="657" WIDTH="85" HEIGHT="27" WC="0.91" CONTENT="myndig"/><SP WIDTH="15" VPOS="657" HPOS="800"/>
							<String ID="string_148" HPOS="815" VPOS="656" WIDTH="30" HEIGHT="22" WC="0.92" CONTENT="äl-"/>
						</TextLine>
						<TextLine ID="line_15" HPOS="99" VPOS="690" WIDTH="747" HEIGHT="29">
							<String ID="string_149" HPOS="99" VPOS="690" WIDTH="58" HEIGHT="29" WC="0.94" CONTENT="der&quot;,"/><SP WIDTH="16" VPOS="690" HPOS="157"/>
							<String ID="string_150" HPOS="173" VPOS="691" WIDTH="87" HEIGHT="22" WC="0.96" CONTENT="emedan"/><SP WIDTH="16" VPOS="691" HPOS="260"/>
							<String ID="string_151" HPOS="276" VPOS="692" WIDTH="39" HEIGHT="21" WC="0.96" CONTENT="här"/><SP WIDTH="15" VPOS="692" HPOS="315"/>
							<String ID="string_152" HPOS="330" VPOS="692" WIDTH="18" HEIGHT="27" WC="0.96" CONTENT="ej"/><SP WIDTH="16" VPOS="692" HPOS="348"/>
							<String ID="string_153" HPOS="364" VPOS="692" WIDTH="42" HEIGHT="22" WC="0.96" CONTENT="kan"/><SP WIDTH="14" VPOS="692" HPOS="406"/>
							<String ID="string_154" HPOS="420" VPOS="699" WIDTH="51" HEIGHT="15" WC="0.96" CONTENT="vara"/><SP WIDTH="15" VPOS="699" HPOS="471"/>
							<String ID="string_155" HPOS="486" VPOS="692" WIDTH="58" HEIGHT="27" WC="0.96" CONTENT="fråga"/><SP WIDTH="15" VPOS="692" HPOS="544"/>
							<String ID="string_156" HPOS="559" VPOS="698" WIDTH="35" HEIGHT="15" WC="0.96" CONTENT="om"/><SP WIDTH="15" VPOS="698" HPOS="594"/>
							<String ID="string_157" HPOS="609" VPOS="691" WIDTH="71" HEIGHT="28" WC="0.96" CONTENT="sådan,"/><SP WIDTH="16" VPOS="691" HPOS="680"/>
							<String ID="string_158" HPOS="696" VPOS="697" WIDTH="45" HEIGHT="16" WC="0.95" CONTENT="som"/><SP WIDTH="15" VPOS="697" HPOS="741"/>
							<String ID="string_159" HPOS="756" VPOS="691" WIDTH="23" HEIGHT="22" WC="0.93" CONTENT="af"/><SP WIDTH="9" VPOS="691" HPOS="779"/>
							<String ID="string_160" HPOS="788" VPOS="691" WIDTH="58" HEIGHT="22" WC="0.91" CONTENT="dom-"/>
						</TextLine>
						<TextLine ID="line_16" HPOS="100" VPOS="725" WIDTH="290" HEIGHT="29">
							<String ID="string_161" HPOS="100" VPOS="725" WIDTH="41" HEIGHT="23" WC="0.96" CONTENT="stol"/><SP WIDTH="14" VPOS="725" HPOS="141"/>
							<String ID="string_162" HPOS="155" VPOS="725" WIDTH="115" HEIGHT="23" WC="0.96" CONTENT="förklarats"/><SP WIDTH="16" VPOS="725" HPOS="270"/>
							<String ID="string_163" HPOS="286" VPOS="727" WIDTH="104" HEIGHT="27" WC="0.96" CONTENT="omyndig."/>
						</TextLine>
					</TextBlock>
					<TextBlock ID="block_3" HPOS="98" VPOS="761" WIDTH="752" HEIGHT="719">
						<TextLine ID="line_17" HPOS="168" VPOS="761" WIDTH="678" HEIGHT="28">
							<String ID="string_164" HPOS="168" VPOS="761" WIDTH="13" HEIGHT="21" WC="0.86" CONTENT="6"/><SP WIDTH="15" VPOS="761" HPOS="181"/>
							<String ID="string_165" HPOS="196" VPOS="761" WIDTH="18" HEIGHT="28" WC="0.84" CONTENT="8."/><SP WIDTH="30" VPOS="761" HPOS="214"/>
							<String ID="string_166" HPOS="244" VPOS="761" WIDTH="31" HEIGHT="22" WC="0.93" CONTENT="De"/><SP WIDTH="22" VPOS="761" HPOS="275"/>
							<String ID="string_167" HPOS="297" VPOS="762" WIDTH="151" HEIGHT="27" WC="0.91" CONTENT="rättsgrunder,"/><SP WIDTH="20" VPOS="762" HPOS="448"/>
							<String ID="string_168" HPOS="468" VPOS="761" WIDTH="72" HEIGHT="23" WC="0.96" CONTENT="hvilka"/><SP WIDTH="20" VPOS="761" HPOS="540"/>
							<String ID="string_169" HPOS="560" VPOS="762" WIDTH="96" HEIGHT="27" WC="0.90" CONTENT="uppbära"/><SP WIDTH="21" VPOS="762" HPOS="656"/>
							<String ID="string_170" HPOS="677" VPOS="761" WIDTH="169" HEIGHT="28" WC="0.92" CONTENT="preskriptionen"/>
						</TextLine>
						<TextLine ID="line_18" HPOS="101" VPOS="795" WIDTH="745" HEIGHT="29">
							<String ID="string_171" HPOS="101" VPOS="795" WIDTH="24" HEIGHT="22" WC="0.92" CONTENT="af"/><SP WIDTH="12" VPOS="795" HPOS="125"/>
							<String ID="string_172" HPOS="137" VPOS="796" WIDTH="131" HEIGHT="27" WC="0.91" CONTENT="åtalsrätten,"/><SP WIDTH="16" VPOS="796" HPOS="268"/>
							<String ID="string_173" HPOS="284" VPOS="798" WIDTH="75" HEIGHT="26" WC="0.96" CONTENT="utgöra"/><SP WIDTH="15" VPOS="798" HPOS="359"/>
							<String ID="string_174" HPOS="374" VPOS="797" WIDTH="39" HEIGHT="21" WC="0.96" CONTENT="ock"/><SP WIDTH="15" VPOS="797" HPOS="413"/>
							<String ID="string_175" HPOS="428" VPOS="797" WIDTH="48" HEIGHT="21" WC="0.96" CONTENT="stöd"/><SP WIDTH="15" VPOS="797" HPOS="476"/>
							<String ID="string_176" HPOS="491" VPOS="797" WIDTH="32" HEIGHT="21" WC="0.96" CONTENT="för"/><SP WIDTH="15" VPOS="797" HPOS="523"/>
							<String ID="string_177" HPOS="538" VPOS="797" WIDTH="39" HEIGHT="21" WC="0.96" CONTENT="den"/><SP WIDTH="15" VPOS="797" HPOS="577"/>
							<String ID="string_178" HPOS="592" VPOS="802" WIDTH="65" HEIGHT="21" WC="0.93" CONTENT="nyare"/><SP WIDTH="10" VPOS="802" HPOS="657"/>
							<String ID="string_179" HPOS="667" VPOS="796" WIDTH="179" HEIGHT="22" WC="0.92" CONTENT="kriminalrättens"/>
						</TextLine>
						<TextLine ID="line_19" HPOS="101" VPOS="831" WIDTH="745" HEIGHT="27">
							<String ID="string_180" HPOS="101" VPOS="831" WIDTH="51" HEIGHT="27" WC="0.94" CONTENT="lära,"/><SP WIDTH="16" VPOS="831" HPOS="152"/>
							<String ID="string_181" HPOS="168" VPOS="832" WIDTH="32" HEIGHT="20" WC="0.96" CONTENT="att"/><SP WIDTH="14" VPOS="832" HPOS="200"/>
							<String ID="string_182" HPOS="214" VPOS="831" WIDTH="61" HEIGHT="21" WC="0.96" CONTENT="äfven"/><SP WIDTH="15" VPOS="831" HPOS="275"/>
							<String ID="string_183" HPOS="290" VPOS="833" WIDTH="31" HEIGHT="19" WC="0.93" CONTENT="ett"/><SP WIDTH="9" VPOS="833" HPOS="321"/>
							<String ID="string_184" HPOS="330" VPOS="831" WIDTH="85" HEIGHT="22" WC="0.92" CONTENT="ådömdt"/><SP WIDTH="10" VPOS="831" HPOS="415"/>
							<String ID="string_185" HPOS="425" VPOS="831" WIDTH="63" HEIGHT="22" WC="0.95" CONTENT="straff"/><SP WIDTH="7" VPOS="831" HPOS="488"/>
							<String ID="string_186" HPOS="495" VPOS="831" WIDTH="39" HEIGHT="21" WC="0.96" CONTENT="bör"/><SP WIDTH="9" VPOS="831" HPOS="534"/>
							<String ID="string_187" HPOS="543" VPOS="831" WIDTH="90" HEIGHT="26" WC="0.96" CONTENT="förfalla,"/><SP WIDTH="11" VPOS="831" HPOS="633"/>
							<String ID="string_188" HPOS="644" VPOS="838" WIDTH="34" HEIGHT="14" WC="0.96" CONTENT="om"/><SP WIDTH="11" VPOS="838" HPOS="678"/>
							<String ID="string_189" HPOS="689" VPOS="831" WIDTH="35" HEIGHT="21" WC="0.96" CONTENT="det"/><SP WIDTH="9" VPOS="831" HPOS="724"/>
							<String ID="string_190" HPOS="733" VPOS="831" WIDTH="47" HEIGHT="21" WC="0.96" CONTENT="icke"/><SP WIDTH="9" VPOS="831" HPOS="780"/>
							<String ID="string_191" HPOS="789" VPOS="831" WIDTH="57" HEIGHT="21" WC="0.96" CONTENT="inom"/>
						</TextLine>
						<TextLine ID="line_20" HPOS="99" VPOS="865" WIDTH="747" HEIGHT="28">
							<String ID="string_192" HPOS="99" VPOS="865" WIDTH="42" HEIGHT="22" WC="0.96" CONTENT="viss"/><SP WIDTH="24" VPOS="865" HPOS="141"/>
							<String ID="string_193" HPOS="165" VPOS="865" WIDTH="54" HEIGHT="22" WC="0.96" CONTENT="efter"/><SP WIDTH="21" VPOS="865" HPOS="219"/>
							<String ID="string_194" HPOS="240" VPOS="866" WIDTH="91" HEIGHT="21" WC="0.96" CONTENT="brottets"/><SP WIDTH="17" VPOS="866" HPOS="331"/>
							<String ID="string_195" HPOS="348" VPOS="866" WIDTH="79" HEIGHT="22" WC="0.96" CONTENT="storlek"/><SP WIDTH="15" VPOS="866" HPOS="427"/>
							<String ID="string_196" HPOS="442" VPOS="866" WIDTH="84" HEIGHT="27" WC="0.96" CONTENT="lämpad"/><SP WIDTH="15" VPOS="866" HPOS="526"/>
							<String ID="string_197" HPOS="541" VPOS="866" WIDTH="31" HEIGHT="21" WC="0.96" CONTENT="tid"/><SP WIDTH="15" VPOS="866" HPOS="572"/>
							<String ID="string_198" HPOS="587" VPOS="867" WIDTH="53" HEIGHT="20" WC="0.96" CONTENT="satts"/><SP WIDTH="15" VPOS="867" HPOS="640"/>
							<String ID="string_199" HPOS="655" VPOS="866" WIDTH="8" HEIGHT="21" WC="0.96" CONTENT="i"/><SP WIDTH="14" VPOS="866" HPOS="663"/>
							<String ID="string_200" HPOS="677" VPOS="865" WIDTH="169" HEIGHT="27" WC="0.93" CONTENT="verkställighet;"/>
						</TextLine>
						<TextLine ID="line_21" HPOS="101" VPOS="899" WIDTH="747" HEIGHT="28">
							<String ID="string_201" HPOS="101" VPOS="900" WIDTH="39" HEIGHT="21" WC="0.95" CONTENT="och"/><SP WIDTH="21" VPOS="900" HPOS="140"/>
							<String ID="string_202" HPOS="161" VPOS="900" WIDTH="102" HEIGHT="27" WC="0.95" CONTENT="förslaget"/><SP WIDTH="20" VPOS="900" HPOS="263"/>
							<String ID="string_203" HPOS="283" VPOS="901" WIDTH="38" HEIGHT="21" WC="0.93" CONTENT="har"/><SP WIDTH="22" VPOS="901" HPOS="321"/>
							<String ID="string_204" HPOS="343" VPOS="900" WIDTH="130" HEIGHT="22" WC="0.92" CONTENT="fördenskull"/><SP WIDTH="20" VPOS="900" HPOS="473"/>
							<String ID="string_205" HPOS="493" VPOS="901" WIDTH="66" HEIGHT="21" WC="0.96" CONTENT="under"/><SP WIDTH="14" VPOS="901" HPOS="559"/>
							<String ID="string_206" HPOS="573" VPOS="900" WIDTH="137" HEIGHT="22" WC="0.93" CONTENT="förevarande"/><SP WIDTH="16" VPOS="900" HPOS="710"/>
							<String ID="string_207" HPOS="726" VPOS="899" WIDTH="10" HEIGHT="28" WC="0.91" CONTENT="$"/><SP WIDTH="15" VPOS="899" HPOS="736"/>
							<String ID="string_208" HPOS="751" VPOS="900" WIDTH="97" HEIGHT="27" WC="0.96" CONTENT="upptagit"/>
						</TextLine>
						<TextLine ID="line_22" HPOS="100" VPOS="934" WIDTH="747" HEIGHT="28">
							<String ID="string_209" HPOS="100" VPOS="935" WIDTH="130" HEIGHT="27" WC="0.96" CONTENT="stadganden"/><SP WIDTH="22" VPOS="935" HPOS="230"/>
							<String ID="string_210" HPOS="252" VPOS="935" WIDTH="80" HEIGHT="27" WC="0.92" CONTENT="härom,"/><SP WIDTH="15" VPOS="935" HPOS="332"/>
							<String ID="string_211" HPOS="347" VPOS="935" WIDTH="71" HEIGHT="22" WC="0.96" CONTENT="hvilka"/><SP WIDTH="15" VPOS="935" HPOS="418"/>
							<String ID="string_212" HPOS="433" VPOS="935" WIDTH="34" HEIGHT="22" WC="0.96" CONTENT="för"/><SP WIDTH="15" VPOS="935" HPOS="467"/>
							<String ID="string_213" HPOS="482" VPOS="935" WIDTH="36" HEIGHT="22" WC="0.96" CONTENT="vår"/><SP WIDTH="14" VPOS="935" HPOS="518"/>
							<String ID="string_214" HPOS="532" VPOS="942" WIDTH="28" HEIGHT="15" WC="0.96" CONTENT="nu"/><SP WIDTH="15" VPOS="942" HPOS="560"/>
							<String ID="string_215" HPOS="575" VPOS="935" WIDTH="97" HEIGHT="27" WC="0.96" CONTENT="gällande"/><SP WIDTH="15" VPOS="935" HPOS="672"/>
							<String ID="string_216" HPOS="687" VPOS="935" WIDTH="43" HEIGHT="21" WC="0.96" CONTENT="rätt"/><SP WIDTH="15" VPOS="935" HPOS="730"/>
							<String ID="string_217" HPOS="745" VPOS="936" WIDTH="37" HEIGHT="19" WC="0.93" CONTENT="äro"/><SP WIDTH="16" VPOS="936" HPOS="782"/>
							<String ID="string_218" HPOS="798" VPOS="934" WIDTH="49" HEIGHT="22" WC="0.92" CONTENT="obe-"/>
						</TextLine>
						<TextLine ID="line_23" HPOS="98" VPOS="969" WIDTH="749" HEIGHT="28">
							<String ID="string_219" HPOS="98" VPOS="970" WIDTH="72" HEIGHT="21" WC="0.91" CONTENT="kanta."/><SP WIDTH="19" VPOS="970" HPOS="170"/>
							<String ID="string_220" HPOS="189" VPOS="970" WIDTH="79" HEIGHT="21" WC="0.92" CONTENT="Dervid"/><SP WIDTH="8" VPOS="970" HPOS="268"/>
							<String ID="string_221" HPOS="276" VPOS="969" WIDTH="38" HEIGHT="23" WC="0.96" CONTENT="har"/><SP WIDTH="8" VPOS="969" HPOS="314"/>
							<String ID="string_222" HPOS="322" VPOS="969" WIDTH="100" HEIGHT="28" WC="0.96" CONTENT="förslaget"/><SP WIDTH="8" VPOS="969" HPOS="422"/>
							<String ID="string_223" HPOS="430" VPOS="969" WIDTH="174" HEIGHT="28" WC="0.95" CONTENT="hufvudsakligen"/><SP WIDTH="10" VPOS="969" HPOS="604"/>
							<String ID="string_224" HPOS="614" VPOS="969" WIDTH="61" HEIGHT="22" WC="0.96" CONTENT="hållit"/><SP WIDTH="9" VPOS="969" HPOS="675"/>
							<String ID="string_225" HPOS="684" VPOS="969" WIDTH="31" HEIGHT="27" WC="0.96" CONTENT="sig"/><SP WIDTH="9" VPOS="969" HPOS="715"/>
							<String ID="string_226" HPOS="724" VPOS="969" WIDTH="34" HEIGHT="22" WC="0.96" CONTENT="till"/><SP WIDTH="10" VPOS="969" HPOS="758"/>
							<String ID="string_227" HPOS="768" VPOS="975" WIDTH="79" HEIGHT="16" WC="0.95" CONTENT="samma"/>
						</TextLine>
						<TextLine ID="line_24" HPOS="99" VPOS="1003" WIDTH="749" HEIGHT="28">
							<String ID="string_228" HPOS="99" VPOS="1005" WIDTH="205" HEIGHT="26" WC="0.91" CONTENT="tidsbestämningar,"/><SP WIDTH="29" VPOS="1005" HPOS="304"/>
							<String ID="string_229" HPOS="333" VPOS="1011" WIDTH="44" HEIGHT="16" WC="0.96" CONTENT="som"/><SP WIDTH="21" VPOS="1011" HPOS="377"/>
							<String ID="string_230" HPOS="398" VPOS="1005" WIDTH="132" HEIGHT="22" WC="0.93" CONTENT="beträffande"/><SP WIDTH="21" VPOS="1005" HPOS="530"/>
							<String ID="string_231" HPOS="551" VPOS="1004" WIDTH="168" HEIGHT="27" WC="0.92" CONTENT="preskriptionen"/><SP WIDTH="22" VPOS="1004" HPOS="719"/>
							<String ID="string_232" HPOS="741" VPOS="1004" WIDTH="23" HEIGHT="21" WC="0.92" CONTENT="af"/><SP WIDTH="20" VPOS="1004" HPOS="764"/>
							<String ID="string_233" HPOS="784" VPOS="1003" WIDTH="64" HEIGHT="23" WC="0.91" CONTENT="åtals-"/>
						</TextLine>
						<TextLine ID="line_25" HPOS="99" VPOS="1037" WIDTH="747" HEIGHT="30">
							<String ID="string_234" HPOS="99" VPOS="1041" WIDTH="69" HEIGHT="20" WC="0.96" CONTENT="rätten"/><SP WIDTH="22" VPOS="1041" HPOS="168"/>
							<String ID="string_235" HPOS="190" VPOS="1039" WIDTH="130" HEIGHT="22" WC="0.96" CONTENT="förekomma"/><SP WIDTH="19" VPOS="1039" HPOS="320"/>
							<String ID="string_236" HPOS="339" VPOS="1040" WIDTH="6" HEIGHT="21" WC="0.96" CONTENT="i"/><SP WIDTH="17" VPOS="1040" HPOS="345"/>
							<String ID="string_237" HPOS="362" VPOS="1040" WIDTH="10" HEIGHT="21" WC="0.92" CONTENT="1"/><SP WIDTH="17" VPOS="1040" HPOS="372"/>
							<String ID="string_238" HPOS="389" VPOS="1039" WIDTH="20" HEIGHT="28" WC="0.92" CONTENT="$;"/><SP WIDTH="20" VPOS="1039" HPOS="409"/>
							<String ID="string_239" HPOS="429" VPOS="1046" WIDTH="47" HEIGHT="15" WC="0.96" CONTENT="men"/><SP WIDTH="16" VPOS="1046" HPOS="476"/>
							<String ID="string_240" HPOS="492" VPOS="1039" WIDTH="27" HEIGHT="22" WC="0.96" CONTENT="då"/><SP WIDTH="14" VPOS="1039" HPOS="519"/>
							<String ID="string_241" HPOS="533" VPOS="1039" WIDTH="84" HEIGHT="22" WC="0.96" CONTENT="brotten"/><SP WIDTH="15" VPOS="1039" HPOS="617"/>
							<String ID="string_242" HPOS="632" VPOS="1040" WIDTH="7" HEIGHT="21" WC="0.96" CONTENT="i"/><SP WIDTH="16" VPOS="1040" HPOS="639"/>
							<String ID="string_243" HPOS="655" VPOS="1039" WIDTH="114" HEIGHT="22" WC="0.92" CONTENT="sistnämda"/><SP WIDTH="13" VPOS="1039" HPOS="769"/>
							<String ID="string_244" HPOS="782" VPOS="1037" WIDTH="13" HEIGHT="29" WC="0.76" CONTENT="$"/><SP WIDTH="15" VPOS="1037" HPOS="795"/>
							<String ID="string_245" HPOS="810" VPOS="1041" WIDTH="36" HEIGHT="19" WC="0.96" CONTENT="äro"/>
						</TextLine>
						<TextLine ID="line_26" HPOS="99" VPOS="1072" WIDTH="749" HEIGHT="29">
							<String ID="string_246" HPOS="99" VPOS="1074" WIDTH="156" HEIGHT="21" WC="0.96" CONTENT="klassificerade"/><SP WIDTH="22" VPOS="1074" HPOS="255"/>
							<String ID="string_247" HPOS="277" VPOS="1074" WIDTH="53" HEIGHT="21" WC="0.96" CONTENT="efter"/><SP WIDTH="22" VPOS="1074" HPOS="330"/>
							<String ID="string_248" HPOS="352" VPOS="1075" WIDTH="35" HEIGHT="20" WC="0.96" CONTENT="det"/><SP WIDTH="17" VPOS="1075" HPOS="387"/>
							<String ID="string_249" HPOS="404" VPOS="1074" WIDTH="76" HEIGHT="27" WC="0.96" CONTENT="högsta"/><SP WIDTH="15" VPOS="1074" HPOS="480"/>
							<String ID="string_250" HPOS="495" VPOS="1073" WIDTH="66" HEIGHT="27" WC="0.96" CONTENT="straff,"/><SP WIDTH="15" VPOS="1073" HPOS="561"/>
							<String ID="string_251" HPOS="576" VPOS="1080" WIDTH="45" HEIGHT="15" WC="0.96" CONTENT="som"/><SP WIDTH="15" VPOS="1080" HPOS="621"/>
							<String ID="string_252" HPOS="636" VPOS="1074" WIDTH="7" HEIGHT="21" WC="0.96" CONTENT="i"/><SP WIDTH="15" VPOS="1074" HPOS="643"/>
							<String ID="string_253" HPOS="658" VPOS="1073" WIDTH="60" HEIGHT="27" WC="0.96" CONTENT="lagen"/><SP WIDTH="16" VPOS="1073" HPOS="718"/>
							<String ID="string_254" HPOS="734" VPOS="1076" WIDTH="24" HEIGHT="19" WC="0.91" CONTENT="är"/><SP WIDTH="15" VPOS="1076" HPOS="758"/>
							<String ID="string_255" HPOS="773" VPOS="1072" WIDTH="13" HEIGHT="21" WC="0.91" CONTENT="å"/><SP WIDTH="15" VPOS="1072" HPOS="786"/>
							<String ID="string_256" HPOS="801" VPOS="1073" WIDTH="47" HEIGHT="21" WC="0.96" CONTENT="dem"/>
						</TextLine>
						<TextLine ID="line_27" HPOS="99" VPOS="1107" WIDTH="749" HEIGHT="28">
							<String ID="string_257" HPOS="99" VPOS="1109" WIDTH="73" HEIGHT="26" WC="0.96" CONTENT="utsatt,"/><SP WIDTH="22" VPOS="1109" HPOS="172"/>
							<String ID="string_258" HPOS="194" VPOS="1109" WIDTH="1" HEIGHT="20" WC="0.95" CONTENT="i"/><SP WIDTH="21" VPOS="1109" HPOS="195"/>
							<String ID="string_259" HPOS="216" VPOS="1108" WIDTH="6" HEIGHT="21" WC="0.93" CONTENT="6"/><SP WIDTH="16" VPOS="1108" HPOS="222"/>
							<String ID="string_260" HPOS="238" VPOS="1109" WIDTH="12" HEIGHT="25" WC="0.88" CONTENT="&amp;"/><SP WIDTH="16" VPOS="1109" HPOS="250"/>
							<String ID="string_261" HPOS="266" VPOS="1108" WIDTH="94" HEIGHT="22" WC="0.92" CONTENT="deremot"/><SP WIDTH="15" VPOS="1108" HPOS="360"/>
							<String ID="string_262" HPOS="375" VPOS="1108" WIDTH="53" HEIGHT="22" WC="0.96" CONTENT="efter"/><SP WIDTH="15" VPOS="1108" HPOS="428"/>
							<String ID="string_263" HPOS="443" VPOS="1109" WIDTH="35" HEIGHT="21" WC="0.96" CONTENT="det"/><SP WIDTH="15" VPOS="1109" HPOS="478"/>
							<String ID="string_264" HPOS="493" VPOS="1108" WIDTH="66" HEIGHT="27" WC="0.96" CONTENT="straff,"/><SP WIDTH="11" VPOS="1108" HPOS="559"/>
							<String ID="string_265" HPOS="570" VPOS="1114" WIDTH="45" HEIGHT="16" WC="0.95" CONTENT="som"/><SP WIDTH="10" VPOS="1114" HPOS="615"/>
							<String ID="string_266" HPOS="625" VPOS="1107" WIDTH="69" HEIGHT="22" WC="0.95" CONTENT="blifvit"/><SP WIDTH="10" VPOS="1107" HPOS="694"/>
							<String ID="string_267" HPOS="704" VPOS="1107" WIDTH="41" HEIGHT="22" WC="0.96" CONTENT="den"/><SP WIDTH="9" VPOS="1107" HPOS="745"/>
							<String ID="string_268" HPOS="754" VPOS="1107" WIDTH="94" HEIGHT="27" WC="0.96" CONTENT="skyldige"/>
						</TextLine>
						<TextLine ID="line_28" HPOS="100" VPOS="1141" WIDTH="750" HEIGHT="29">
							<String ID="string_269" HPOS="100" VPOS="1143" WIDTH="92" HEIGHT="27" WC="0.92" CONTENT="ådömdt,"/><SP WIDTH="23" VPOS="1143" HPOS="192"/>
							<String ID="string_270" HPOS="215" VPOS="1144" WIDTH="83" HEIGHT="20" WC="0.95" CONTENT="komme"/><SP WIDTH="22" VPOS="1144" HPOS="298"/>
							<String ID="string_271" HPOS="320" VPOS="1143" WIDTH="7" HEIGHT="21" WC="0.95" CONTENT="i"/><SP WIDTH="22" VPOS="1143" HPOS="327"/>
							<String ID="string_272" HPOS="349" VPOS="1143" WIDTH="75" HEIGHT="27" WC="0.95" CONTENT="många"/><SP WIDTH="22" VPOS="1143" HPOS="424"/>
							<String ID="string_273" HPOS="446" VPOS="1143" WIDTH="38" HEIGHT="21" WC="0.95" CONTENT="fall"/><SP WIDTH="21" VPOS="1143" HPOS="484"/>
							<String ID="string_274" HPOS="505" VPOS="1143" WIDTH="57" HEIGHT="21" WC="0.96" CONTENT="tiden"/><SP WIDTH="22" VPOS="1143" HPOS="562"/>
							<String ID="string_275" HPOS="584" VPOS="1143" WIDTH="33" HEIGHT="21" WC="0.93" CONTENT="för"/><SP WIDTH="22" VPOS="1143" HPOS="617"/>
							<String ID="string_276" HPOS="639" VPOS="1142" WIDTH="167" HEIGHT="27" WC="0.89" CONTENT="preskriptionen"/><SP WIDTH="20" VPOS="1142" HPOS="806"/>
							<String ID="string_277" HPOS="826" VPOS="1141" WIDTH="24" HEIGHT="22" WC="0.96" CONTENT="af"/>
						</TextLine>
						<TextLine ID="line_29" HPOS="100" VPOS="1176" WIDTH="748" HEIGHT="28">
							<String ID="string_278" HPOS="100" VPOS="1177" WIDTH="246" HEIGHT="27" WC="0.91" CONTENT="straffverkställigheten"/><SP WIDTH="15" VPOS="1177" HPOS="346"/>
							<String ID="string_279" HPOS="361" VPOS="1178" WIDTH="32" HEIGHT="20" WC="0.96" CONTENT="att"/><SP WIDTH="13" VPOS="1178" HPOS="393"/>
							<String ID="string_280" HPOS="406" VPOS="1177" WIDTH="66" HEIGHT="22" WC="0.96" CONTENT="blifva"/><SP WIDTH="15" VPOS="1177" HPOS="472"/>
							<String ID="string_281" HPOS="487" VPOS="1177" WIDTH="84" HEIGHT="22" WC="0.96" CONTENT="kortare"/><SP WIDTH="15" VPOS="1177" HPOS="571"/>
							<String ID="string_282" HPOS="586" VPOS="1179" WIDTH="26" HEIGHT="19" WC="0.96" CONTENT="än"/><SP WIDTH="17" VPOS="1179" HPOS="612"/>
							<String ID="string_283" HPOS="629" VPOS="1177" WIDTH="39" HEIGHT="20" WC="0.96" CONTENT="den"/><SP WIDTH="12" VPOS="1177" HPOS="668"/>
							<String ID="string_284" HPOS="680" VPOS="1177" WIDTH="32" HEIGHT="20" WC="0.96" CONTENT="tid"/><SP WIDTH="10" VPOS="1177" HPOS="712"/>
							<String ID="string_285" HPOS="722" VPOS="1176" WIDTH="54" HEIGHT="22" WC="0.96" CONTENT="efter"/><SP WIDTH="9" VPOS="1176" HPOS="776"/>
							<String ID="string_286" HPOS="785" VPOS="1177" WIDTH="63" HEIGHT="20" WC="0.94" CONTENT="hvars"/>
						</TextLine>
						<TextLine ID="line_30" HPOS="100" VPOS="1211" WIDTH="748" HEIGHT="28">
							<String ID="string_287" HPOS="100" VPOS="1212" WIDTH="78" HEIGHT="27" WC="0.96" CONTENT="utgång"/><SP WIDTH="14" VPOS="1212" HPOS="178"/>
							<String ID="string_288" HPOS="192" VPOS="1213" WIDTH="70" HEIGHT="20" WC="0.96" CONTENT="rätten"/><SP WIDTH="16" VPOS="1213" HPOS="262"/>
							<String ID="string_289" HPOS="278" VPOS="1212" WIDTH="31" HEIGHT="21" WC="0.96" CONTENT="att"/><SP WIDTH="15" VPOS="1212" HPOS="309"/>
							<String ID="string_290" HPOS="324" VPOS="1211" WIDTH="56" HEIGHT="22" WC="0.96" CONTENT="åtala"/><SP WIDTH="14" VPOS="1211" HPOS="380"/>
							<String ID="string_291" HPOS="394" VPOS="1218" WIDTH="80" HEIGHT="15" WC="0.96" CONTENT="samma"/><SP WIDTH="14" VPOS="1218" HPOS="474"/>
							<String ID="string_292" HPOS="488" VPOS="1211" WIDTH="57" HEIGHT="22" WC="0.93" CONTENT="brott"/><SP WIDTH="10" VPOS="1211" HPOS="545"/>
							<String ID="string_293" HPOS="555" VPOS="1211" WIDTH="178" HEIGHT="28" WC="0.92" CONTENT="preskriberades."/><SP WIDTH="30" VPOS="1211" HPOS="733"/>
							<String ID="string_294" HPOS="763" VPOS="1211" WIDTH="44" HEIGHT="21" WC="0.93" CONTENT="Har"/><SP WIDTH="15" VPOS="1211" HPOS="807"/>
							<String ID="string_295" HPOS="822" VPOS="1217" WIDTH="26" HEIGHT="14" WC="0.95" CONTENT="en"/>
						</TextLine>
						<TextLine ID="line_31" HPOS="100" VPOS="1245" WIDTH="748" HEIGHT="29">
							<String ID="string_296" HPOS="100" VPOS="1253" WIDTH="76" HEIGHT="21" WC="0.92" CONTENT="person"/><SP WIDTH="23" VPOS="1253" HPOS="176"/>
							<String ID="string_297" HPOS="199" VPOS="1248" WIDTH="15" HEIGHT="19" WC="0.89" CONTENT="t."/><SP WIDTH="22" VPOS="1248" HPOS="214"/>
							<String ID="string_298" HPOS="236" VPOS="1252" WIDTH="32" HEIGHT="15" WC="0.96" CONTENT="ex."/><SP WIDTH="20" VPOS="1252" HPOS="268"/>
							<String ID="string_299" HPOS="288" VPOS="1246" WIDTH="73" HEIGHT="27" WC="0.96" CONTENT="begått"/><SP WIDTH="15" VPOS="1246" HPOS="361"/>
							<String ID="string_300" HPOS="376" VPOS="1248" WIDTH="30" HEIGHT="20" WC="0.96" CONTENT="ett"/><SP WIDTH="13" VPOS="1248" HPOS="406"/>
							<String ID="string_301" HPOS="419" VPOS="1247" WIDTH="64" HEIGHT="26" WC="0.96" CONTENT="brott,"/><SP WIDTH="16" VPOS="1247" HPOS="483"/>
							<String ID="string_302" HPOS="499" VPOS="1252" WIDTH="44" HEIGHT="16" WC="0.94" CONTENT="som"/><SP WIDTH="15" VPOS="1252" HPOS="543"/>
							<String ID="string_303" HPOS="558" VPOS="1248" WIDTH="24" HEIGHT="19" WC="0.93" CONTENT="är"/><SP WIDTH="15" VPOS="1248" HPOS="582"/>
							<String ID="string_304" HPOS="597" VPOS="1245" WIDTH="86" HEIGHT="27" WC="0.92" CONTENT="belagdt"/><SP WIDTH="14" VPOS="1245" HPOS="683"/>
							<String ID="string_305" HPOS="697" VPOS="1245" WIDTH="48" HEIGHT="22" WC="0.93" CONTENT="med"/><SP WIDTH="15" VPOS="1245" HPOS="745"/>
							<String ID="string_306" HPOS="760" VPOS="1245" WIDTH="88" HEIGHT="21" WC="0.92" CONTENT="tukthus"/>
						</TextLine>
						<TextLine ID="line_32" HPOS="100" VPOS="1279" WIDTH="748" HEIGHT="24">
							<String ID="string_307" HPOS="100" VPOS="1281" WIDTH="47" HEIGHT="22" WC="0.96" CONTENT="från"/><SP WIDTH="22" VPOS="1281" HPOS="147"/>
							<String ID="string_308" HPOS="169" VPOS="1281" WIDTH="35" HEIGHT="21" WC="0.96" CONTENT="två"/><SP WIDTH="22" VPOS="1281" HPOS="204"/>
							<String ID="string_309" HPOS="226" VPOS="1281" WIDTH="32" HEIGHT="22" WC="0.96" CONTENT="till"/><SP WIDTH="22" VPOS="1281" HPOS="258"/>
							<String ID="string_310" HPOS="280" VPOS="1281" WIDTH="44" HEIGHT="21" WC="0.95" CONTENT="åtta"/><SP WIDTH="19" VPOS="1281" HPOS="324"/>
							<String ID="string_311" HPOS="343" VPOS="1281" WIDTH="23" HEIGHT="21" WC="0.96" CONTENT="år"/><SP WIDTH="15" VPOS="1281" HPOS="366"/>
							<String ID="string_312" HPOS="381" VPOS="1281" WIDTH="38" HEIGHT="22" WC="0.96" CONTENT="och"/><SP WIDTH="15" VPOS="1281" HPOS="419"/>
							<String ID="string_313" HPOS="434" VPOS="1281" WIDTH="34" HEIGHT="21" WC="0.96" CONTENT="för"/><SP WIDTH="14" VPOS="1281" HPOS="468"/>
							<String ID="string_314" HPOS="482" VPOS="1280" WIDTH="80" HEIGHT="22" WC="0.96" CONTENT="hvilket"/><SP WIDTH="15" VPOS="1280" HPOS="562"/>
							<String ID="string_315" HPOS="577" VPOS="1281" WIDTH="78" HEIGHT="20" WC="0.93" CONTENT="honom"/><SP WIDTH="15" VPOS="1281" HPOS="655"/>
							<String ID="string_316" HPOS="670" VPOS="1280" WIDTH="82" HEIGHT="21" WC="0.93" CONTENT="ådömts"/><SP WIDTH="14" VPOS="1280" HPOS="752"/>
							<String ID="string_317" HPOS="766" VPOS="1281" WIDTH="33" HEIGHT="20" WC="0.96" CONTENT="tre"/><SP WIDTH="15" VPOS="1281" HPOS="799"/>
							<String ID="string_318" HPOS="814" VPOS="1279" WIDTH="34" HEIGHT="22" WC="0.96" CONTENT="års"/>
						</TextLine>
						<TextLine ID="line_33" HPOS="101" VPOS="1313" WIDTH="749" HEIGHT="29">
							<String ID="string_319" HPOS="101" VPOS="1316" WIDTH="93" HEIGHT="25" WC="0.91" CONTENT="tukthus,"/><SP WIDTH="24" VPOS="1316" HPOS="194"/>
							<String ID="string_320" HPOS="218" VPOS="1315" WIDTH="23" HEIGHT="22" WC="0.93" CONTENT="sä"/><SP WIDTH="21" VPOS="1315" HPOS="241"/>
							<String ID="string_321" HPOS="262" VPOS="1316" WIDTH="144" HEIGHT="26" WC="0.92" CONTENT="preskriberas"/><SP WIDTH="23" VPOS="1316" HPOS="406"/>
							<String ID="string_322" HPOS="429" VPOS="1315" WIDTH="82" HEIGHT="22" WC="0.95" CONTENT="straffet"/><SP WIDTH="14" VPOS="1315" HPOS="511"/>
							<String ID="string_323" HPOS="525" VPOS="1316" WIDTH="64" HEIGHT="26" WC="0.96" CONTENT="enligt"/><SP WIDTH="21" VPOS="1316" HPOS="589"/>
							<String ID="string_324" HPOS="610" VPOS="1316" WIDTH="7" HEIGHT="21" WC="0.96" CONTENT="2"/><SP WIDTH="14" VPOS="1316" HPOS="617"/>
							<String ID="string_325" HPOS="631" VPOS="1315" WIDTH="73" HEIGHT="26" WC="0.92" CONTENT="punkt."/><SP WIDTH="18" VPOS="1315" HPOS="704"/>
							<String ID="string_326" HPOS="722" VPOS="1315" WIDTH="10" HEIGHT="20" WC="0.96" CONTENT="1"/><SP WIDTH="16" VPOS="1315" HPOS="732"/>
							<String ID="string_327" HPOS="748" VPOS="1321" WIDTH="63" HEIGHT="15" WC="0.95" CONTENT="mom."/><SP WIDTH="16" VPOS="1321" HPOS="811"/>
							<String ID="string_328" HPOS="827" VPOS="1313" WIDTH="23" HEIGHT="22" WC="0.96" CONTENT="af"/>
						</TextLine>
						<TextLine ID="line_34" HPOS="101" VPOS="1347" WIDTH="747" HEIGHT="28">
							<String ID="string_329" HPOS="101" VPOS="1350" WIDTH="14" HEIGHT="21" WC="0.87" CONTENT="6"/><SP WIDTH="15" VPOS="1350" HPOS="115"/>
							<String ID="string_330" HPOS="130" VPOS="1349" WIDTH="13" HEIGHT="26" WC="0.90" CONTENT="$"/><SP WIDTH="15" VPOS="1349" HPOS="143"/>
							<String ID="string_331" HPOS="158" VPOS="1349" WIDTH="53" HEIGHT="20" WC="0.93" CONTENT="efter"/><SP WIDTH="16" VPOS="1349" HPOS="211"/>
							<String ID="string_332" HPOS="227" VPOS="1349" WIDTH="104" HEIGHT="26" WC="0.96" CONTENT="utgången"/><SP WIDTH="15" VPOS="1349" HPOS="331"/>
							<String ID="string_333" HPOS="346" VPOS="1349" WIDTH="23" HEIGHT="21" WC="0.96" CONTENT="af"/><SP WIDTH="12" VPOS="1349" HPOS="369"/>
							<String ID="string_334" HPOS="381" VPOS="1349" WIDTH="30" HEIGHT="21" WC="0.96" CONTENT="tio"/><SP WIDTH="11" VPOS="1349" HPOS="411"/>
							<String ID="string_335" HPOS="422" VPOS="1349" WIDTH="30" HEIGHT="26" WC="0.93" CONTENT="är,"/><SP WIDTH="11" VPOS="1349" HPOS="452"/>
							<String ID="string_336" HPOS="463" VPOS="1349" WIDTH="66" HEIGHT="20" WC="0.93" CONTENT="ehuru"/><SP WIDTH="11" VPOS="1349" HPOS="529"/>
							<String ID="string_337" HPOS="540" VPOS="1349" WIDTH="123" HEIGHT="21" WC="0.91" CONTENT="ätalsrätten"/><SP WIDTH="12" VPOS="1349" HPOS="663"/>
							<String ID="string_338" HPOS="675" VPOS="1348" WIDTH="65" HEIGHT="27" WC="0.96" CONTENT="enligt"/><SP WIDTH="12" VPOS="1348" HPOS="740"/>
							<String ID="string_339" HPOS="752" VPOS="1348" WIDTH="10" HEIGHT="19" WC="0.93" CONTENT="1"/><SP WIDTH="12" VPOS="1348" HPOS="762"/>
							<String ID="string_340" HPOS="774" VPOS="1347" WIDTH="74" HEIGHT="27" WC="0.96" CONTENT="punkt."/>
						</TextLine>
						<TextLine ID="line_35" HPOS="101" VPOS="1381" WIDTH="747" HEIGHT="29">
							<String ID="string_341" HPOS="101" VPOS="1385" WIDTH="8" HEIGHT="20" WC="0.91" CONTENT="i"/><SP WIDTH="16" VPOS="1385" HPOS="109"/>
							<String ID="string_342" HPOS="125" VPOS="1384" WIDTH="10" HEIGHT="20" WC="0.90" CONTENT="1"/><SP WIDTH="17" VPOS="1384" HPOS="135"/>
							<String ID="string_343" HPOS="152" VPOS="1389" WIDTH="62" HEIGHT="16" WC="0.96" CONTENT="mom."/><SP WIDTH="16" VPOS="1389" HPOS="214"/>
							<String ID="string_344" HPOS="230" VPOS="1382" WIDTH="22" HEIGHT="22" WC="0.96" CONTENT="af"/><SP WIDTH="15" VPOS="1382" HPOS="252"/>
							<String ID="string_345" HPOS="267" VPOS="1383" WIDTH="10" HEIGHT="20" WC="0.92" CONTENT="1"/><SP WIDTH="17" VPOS="1383" HPOS="277"/>
							<String ID="string_346" HPOS="294" VPOS="1383" WIDTH="13" HEIGHT="26" WC="0.92" CONTENT="$"/><SP WIDTH="15" VPOS="1383" HPOS="307"/>
							<String ID="string_347" HPOS="322" VPOS="1382" WIDTH="68" HEIGHT="23" WC="0.93" CONTENT="skulle"/><SP WIDTH="14" VPOS="1382" HPOS="390"/>
							<String ID="string_348" HPOS="404" VPOS="1383" WIDTH="62" HEIGHT="21" WC="0.92" CONTENT="hafva"/><SP WIDTH="14" VPOS="1383" HPOS="466"/>
							<String ID="string_349" HPOS="480" VPOS="1383" WIDTH="155" HEIGHT="27" WC="0.92" CONTENT="preskriberats"/><SP WIDTH="14" VPOS="1383" HPOS="635"/>
							<String ID="string_350" HPOS="649" VPOS="1382" WIDTH="53" HEIGHT="21" WC="0.97" CONTENT="först"/><SP WIDTH="10" VPOS="1382" HPOS="702"/>
							<String ID="string_351" HPOS="712" VPOS="1381" WIDTH="54" HEIGHT="22" WC="0.93" CONTENT="efter"/><SP WIDTH="9" VPOS="1381" HPOS="766"/>
							<String ID="string_352" HPOS="775" VPOS="1381" WIDTH="73" HEIGHT="26" WC="0.92" CONTENT="utgän-"/>
						</TextLine>
						<TextLine ID="line_36" HPOS="101" VPOS="1416" WIDTH="748" HEIGHT="30">
							<String ID="string_353" HPOS="101" VPOS="1424" WIDTH="40" HEIGHT="22" WC="0.94" CONTENT="gen"/><SP WIDTH="23" VPOS="1424" HPOS="141"/>
							<String ID="string_354" HPOS="164" VPOS="1417" WIDTH="22" HEIGHT="22" WC="0.93" CONTENT="af"/><SP WIDTH="21" VPOS="1417" HPOS="186"/>
							<String ID="string_355" HPOS="207" VPOS="1417" WIDTH="59" HEIGHT="27" WC="0.91" CONTENT="tjugu"/><SP WIDTH="15" VPOS="1417" HPOS="266"/>
							<String ID="string_356" HPOS="281" VPOS="1417" WIDTH="30" HEIGHT="22" WC="0.95" CONTENT="år."/><SP WIDTH="29" VPOS="1417" HPOS="311"/>
							<String ID="string_357" HPOS="340" VPOS="1417" WIDTH="42" HEIGHT="22" WC="0.96" CONTENT="För"/><SP WIDTH="14" VPOS="1417" HPOS="382"/>
							<String ID="string_358" HPOS="396" VPOS="1419" WIDTH="32" HEIGHT="20" WC="0.93" CONTENT="att"/><SP WIDTH="14" VPOS="1419" HPOS="428"/>
							<String ID="string_359" HPOS="442" VPOS="1418" WIDTH="125" HEIGHT="21" WC="0.96" CONTENT="åtminstone"/><SP WIDTH="16" VPOS="1418" HPOS="567"/>
							<String ID="string_360" HPOS="583" VPOS="1417" WIDTH="34" HEIGHT="21" WC="0.96" CONTENT="för"/><SP WIDTH="14" VPOS="1417" HPOS="617"/>
							<String ID="string_361" HPOS="631" VPOS="1418" WIDTH="30" HEIGHT="20" WC="0.96" CONTENT="ett"/><SP WIDTH="14" VPOS="1418" HPOS="661"/>
							<String ID="string_362" HPOS="675" VPOS="1416" WIDTH="69" HEIGHT="22" WC="0.95" CONTENT="flertal"/><SP WIDTH="14" VPOS="1416" HPOS="744"/>
							<String ID="string_363" HPOS="758" VPOS="1416" WIDTH="37" HEIGHT="21" WC="0.93" CONTENT="fall"/><SP WIDTH="16" VPOS="1416" HPOS="795"/>
							<String ID="string_364" HPOS="811" VPOS="1422" WIDTH="38" HEIGHT="15" WC="0.93" CONTENT="un-"/>
						</TextLine>
						<TextLine ID="line_37" HPOS="103" VPOS="1452" WIDTH="745" HEIGHT="28">
							<String ID="string_365" HPOS="103" VPOS="1452" WIDTH="102" HEIGHT="28" WC="0.92" CONTENT="danrödja"/><SP WIDTH="15" VPOS="1452" HPOS="205"/>
							<String ID="string_366" HPOS="220" VPOS="1453" WIDTH="68" HEIGHT="21" WC="0.93" CONTENT="denna"/><SP WIDTH="15" VPOS="1453" HPOS="288"/>
							<String ID="string_367" HPOS="303" VPOS="1452" WIDTH="141" HEIGHT="28" WC="0.88" CONTENT="oegentlighet"/><SP WIDTH="15" VPOS="1452" HPOS="444"/>
							<String ID="string_368" HPOS="459" VPOS="1453" WIDTH="39" HEIGHT="22" WC="0.96" CONTENT="har"/><SP WIDTH="15" VPOS="1453" HPOS="498"/>
							<String ID="string_369" HPOS="513" VPOS="1452" WIDTH="36" HEIGHT="22" WC="0.93" CONTENT="det"/><SP WIDTH="14" VPOS="1452" HPOS="549"/>
							<String ID="string_370" HPOS="563" VPOS="1453" WIDTH="58" HEIGHT="26" WC="0.93" CONTENT="synts"/><SP WIDTH="14" VPOS="1453" HPOS="621"/>
							<String ID="string_371" HPOS="635" VPOS="1452" WIDTH="72" HEIGHT="27" WC="0.91" CONTENT="nödigt"/><SP WIDTH="15" VPOS="1452" HPOS="707"/>
							<String ID="string_372" HPOS="722" VPOS="1452" WIDTH="31" HEIGHT="21" WC="0.93" CONTENT="att"/><SP WIDTH="10" VPOS="1452" HPOS="753"/>
							<String ID="string_373" HPOS="763" VPOS="1452" WIDTH="7" HEIGHT="21" WC="0.93" CONTENT="i"/><SP WIDTH="9" VPOS="1452" HPOS="770"/>
							<String ID="string_374" HPOS="779" VPOS="1452" WIDTH="69" HEIGHT="26" WC="0.92" CONTENT="nägon"/>
						</TextLine>
					</TextBlock>
				</ComposedBlock>
			</PrintSpace>
		</Page>
	</Layout>
</alto>
