1014 1703
282 131 66 24 Ständ.
363 131 31 24 Sv.
408 143 28 4 —
451 131 55 30 Prop.
521 131 32 24 N:o
567 131 15 24 1.
762 131 28 22 57

69 196 7 21 i
91 196 49 22 näd.
162 197 159 27 propositionen
343 197 100 27 förfarits,
466 197 45 22 läta
528 197 102 23 itereradt
645 197 63 22 straff
720 198 34 21 för
768 204 51 21 gyn-

69 231 69 21 nande
156 231 85 22 inträda
259 232 8 21 i
286 231 79 22 sådana
379 231 45 27 fall,
439 232 28 21 dä
481 231 74 28 sjelfva
569 231 172 22 hufvudbrottets
756 232 63 27 begä-

69 265 53 21 ende
144 265 47 21 icke
212 265 69 22 skulle
302 265 96 22 medföra
419 265 66 22 ökadt
506 265 68 27 straff,
593 265 71 22 säsom
678 265 142 22 förhällandet

69 299 127 26 exempelvis
211 301 24 19 är
249 299 49 21 med
312 299 134 27 försnillning
461 300 38 21 och
513 299 118 27 bedrägeri,
647 299 39 22 och
696 299 36 22 det
741 300 78 21 strider

68 332 62 22 äfven
150 332 72 22 alltför
240 333 85 27 mycket
344 335 58 20 emot
421 334 142 26 spräkbruket
578 334 32 20 att
625 333 6 21 i
648 333 60 22 dessa
723 333 38 21 fall
774 333 46 21 tala

68 372 34 16 om
117 366 99 28 döljande
231 366 23 23 af
268 366 101 28 tjufgods.
395 367 33 22 En
443 368 104 21 ätskilnad
563 367 91 22 emellan
664 366 156 23 ofvannämnda

67 400 37 22 två
117 407 93 21 grupper
224 403 24 19 är
262 401 84 22 således
360 402 23 21 af
396 401 77 22 nöden.
488 413 28 3 —
531 401 78 22 Vidare
625 407 61 21 synes
701 401 72 22 kunna
783 408 36 15 an-
828 412 9 11 «

67 434 92 28 märkas,
179 437 31 20 att
230 435 48 22 dei
294 436 10 21 1
321 436 11 27 $
347 435 174 23 förekommande
536 436 66 21 orden
617 435 135 27 ,annorledes
767 442 53 21 upp-

67 469 90 28 sätligen
177 470 69 27 hulpit
266 470 41 22 den
326 470 67 22 andre
408 472 32 20 att
455 470 67 27 draga
537 470 69 22 fördel
621 469 23 22 af
657 470 91 22 brottet*
762 470 58 27 gifva

67 504 22 21 ät
104 504 128 27 stadgandet
246 505 7 21 i
267 505 60 27 fräga
342 506 31 20 ett
387 504 73 22 alltför
475 504 97 22 abstrakt
586 504 104 26 innehäll;
706 504 36 22 det
756 505 64 26 prak-

66 539 56 22 tiska
142 539 98 22 behofvet
260 541 24 20 är
302 539 125 27 tillräckligt
445 539 143 27 tillgodosedt,
603 545 35 16 om
653 539 37 21 det
704 539 116 22 straffbara

66 574 122 27 gynnandet
202 574 125 21 inskränkes
342 574 33 21 till
395 573 99 28 döljande
508 573 24 22 af
545 574 42 21 den
601 573 109 28 egendom,
724 580 46 15 som
784 579 36 21 ge-

67 614 48 16 nom
138 608 81 21 brottet
240 608 130 27 &tkommits,
392 608 56 22 helst
470 608 52 22 flera
544 614 63 21 nyare
630 607 120 28 strafflagar
772 608 47 21 med

67 642 63 22 straff
143 642 89 28 belägga
250 643 75 21 endast
340 643 99 27 döljande
453 643 23 21 af
488 642 67 22 saker.
579 642 104 27 Slutligen
693 648 63 21 synas
764 641 56 22 stad-

66 677 97 27 gandena
177 677 63 21 vinna
255 677 7 21 i
277 677 105 26 enkelhet,
399 683 34 15 om
448 678 27 20 de
489 677 70 21 skilda
569 676 251 22 straffbestämmelserna

66 711 34 21 för
119 711 47 27 den,
187 717 45 15 som
246 718 81 21 gynnar
341 711 82 22 brottet
438 712 44 27 ,för
497 712 32 20 att
544 710 79 22 bereda
638 710 32 27 sig
685 710 52 22 eller
752 710 67 27 tredje

66 752 77 21 person
163 746 77 22 fördel*
261 746 109 27 uteslutas,
392 746 39 22 och
447 746 26 21 de
487 746 84 27 vanliga
585 745 157 22 straffsatserna
756 746 62 26 göras

67 780 24 22 sä
105 781 55 27 vida,
176 782 33 20 att
224 781 26 21 de
266 780 90 22 omfatta
370 780 63 22 äfven
449 781 62 21 dessa
526 780 45 22 fall.

135 815 10 21 I
162 815 94 27 enlighet
270 815 88 21 härmed
376 815 63 22 hafva
453 814 160 28 ifrågavarande
628 813 24 28 $$
667 814 151 27 omredigerats

67 850 90 22 sålunda
171 851 33 20 att
219 849 119 22 Ständerna
353 850 107 26 upptagit:

135 884 7 22 i
163 884 11 21 1
195 883 12 28 8
222 884 98 27 döljande
333 880 25 25 af
370 884 110 26 egendom,
496 883 120 21 ätkommen
631 888 76 21 genom
723 882 95 26 snatteri,

66 918 63 27 stöld,
144 918 39 21 rän
198 918 52 22 eller
269 918 142 27 utpressning,
426 918 80 21 hvilket
521 918 58 21 brott
593 917 112 21 benämnts
721 916 97 27 döljande

66 952 23 22 af
103 952 106 27 tjufgods;

135 986 7 21 i
157 987 13 21 2
186 986 12 27 8
213 986 109 27 itereradt,
338 986 40 22 och

135 1022 7 20 i
157 1021 14 20 3
186 1021 11 26 $
212 1021 151 26 yrkesmässigt
378 1020 99 27 döljande
492 1020 23 21 af
528 1020 99 27 tjufgods,
644 1021 54 20 samt

134 1055 8 22 i
158 1055 13 21 4
184 1055 11 28 $
210 1057 64 20 annat
296 1055 54 21 reelt
371 1054 111 28 gynnande
501 1054 22 21 af
543 1053 173 28 egendomsbrott
738 1055 27 19 än
788 1053 31 21 uti

68 1090 10 21 1
96 1089 11 28 $
123 1091 91 20 nämnts.

353 1150 35 21 88
400 1149 127 25 Kapitlet.

136 1199 12 21 1
164 1198 19 27 8.
212 1198 162 27 Bestämningen
394 1199 32 21 att
445 1198 102 23 straffbar
567 1198 93 21 åverkan
675 1196 46 22 icke
736 1196 84 26 förelig-

67 1239 43 21 ger,
127 1239 34 15 om
177 1232 36 22 det
227 1232 117 22 äverkades
358 1232 66 22 värde
438 1232 134 27 understiger
587 1238 28 15 en
629 1232 67 26 mark,
712 1230 107 22 öfverens-

67 1269 100 20 stämmer
188 1266 35 22 väl
244 1266 49 22 med
315 1266 28 22 34
362 1266 12 28 8
388 1267 8 21 i
410 1266 150 27 förordningen
575 1265 22 22 af
611 1265 41 21 den
668 1265 13 21 3
696 1264 124 27 September

69 1301 54 22 1886
147 1308 48 14 men
216 1301 40 21 har
278 1300 19 28 ej
319 1300 24 22 af
356 1300 119 22 Ständerna
489 1300 82 22 kunnat
585 1299 130 27 godkännas,
732 1298 88 22 emedan

69 1336 42 26 det,
126 1336 50 20 med
191 1335 99 21 afseende
303 1335 80 26 jemväl
398 1335 13 20 &
426 1334 220 26 skogsprodukternas
662 1333 57 21 olika
733 1333 64 20 värde
812 1333 8 20 i

68 1369 57 22 olika
140 1369 59 22 delar
214 1368 23 22 af
250 1369 79 25 landet,
344 1374 63 21 synes
423 1368 109 26 olämpligt
541 1369 33 20 att
581 1367 67 21 fixera
655 1367 32 20 ett
694 1367 52 20 visst
756 1365 64 22 värde

68 1404 70 22 såsom
153 1403 68 22 vilkor
236 1402 33 22 för
284 1402 103 22 äverkans
403 1401 147 23 straffbarhet.
576 1401 101 21 Deremot
687 1400 63 22 hafva
760 1399 61 22 Stän-

69 1439 65 22 derna
153 1439 8 21 i
180 1438 84 27 analogi
283 1437 48 22 med
350 1437 126 28 stadgandet
490 1437 7 22 i
511 1437 14 21 3
539 1435 12 29 $
566 1436 28 21 35
609 1436 49 27 kap.
673 1435 31 22 uti
719 1435 66 22 slutet
798 1434 24 23 af

132 1495 7 9 .
