1025 1703
242 145 27 21 78
552 144 40 21 N:o
608 143 19 22 1.

217 207 55 25 slag,
294 206 61 20 hvari
378 206 75 25 godset
474 205 101 26 förvaras,
598 212 49 13 vare
665 206 34 19 vid
716 206 173 25 tullförsnillning
911 204 52 21 eller

217 240 72 20 försök
305 239 70 21 dertill
390 239 110 21 förbrutet.

285 274 25 20 12
325 274 20 26 8.
375 273 64 25 Hvar,
455 280 43 14 som
515 274 100 26 olofligen
631 273 32 19 till
677 273 73 21 landet
768 273 56 21 inför
844 273 51 20 eller
911 272 52 21 deri-

215 308 50 20 från
281 308 54 20 utför
351 314 57 19 vara,
424 314 44 14 som
484 310 23 18 är
523 308 32 20 till
571 308 30 19 in-
612 307 53 20 eller
680 308 86 20 utförsel
778 308 117 26 förbjuden,
904 307 60 20 straf-

221 342 31 20 fes
267 342 32 20 för
313 342 138 25 lurendrejeri
467 342 46 19 med
529 342 60 19 böter
605 342 18 25 ej
640 341 66 20 under
722 342 113 19 etthundra
845 341 58 20 mark
915 342 51 19 eller

218 377 96 26 fängelse
329 376 46 19 från
391 376 39 20 och
446 376 47 20 med
510 376 35 20 två
560 375 100 21 månader
675 376 33 19 till
724 376 39 20 och
780 376 45 19 med
843 376 36 19 två
894 375 29 20 år.

285 410 80 20 Försök
382 413 22 16 är
419 410 115 21 straffbart.

286 445 71 19 Varan
374 445 52 19 eller
442 445 46 20 dess
504 445 71 24 värde,
585 444 23 20 så
623 445 40 20 ock
679 445 47 20 kärl
742 445 52 20 eller
809 445 88 26 omslag,
905 445 60 20 hvari

220 479 40 21 den
275 479 103 26 förvaras,
394 486 49 13 vare
458 480 6 19 i
482 479 60 20 dessa
558 479 37 20 fall
611 479 113 20 förbruten.

543 559 29 22 39
597 559 48 28 Kap.

465 604 42 23 Om
522 603 192 24 bankruttbrott.

289 651 9 19 1
317 651 17 26 8.
364 651 43 20 Har
422 651 101 26 gäldenär
539 651 88 20 kommit
642 651 7 19 i
664 650 195 26 konkurstillstånd,
875 651 40 20 och
930 650 37 21 fin-

221 692 37 13 nes
281 684 40 20 han
346 685 70 26 hafva,
432 685 6 19 i
454 684 63 26 afsigt
538 686 30 18 att
583 684 78 21 bereda
677 685 32 25 sig
725 684 51 21 eller
793 691 69 13 annan
878 684 67 20 fördel
961 684 7 20 i

219 719 115 27 egendom:

291 754 16 20 1.
339 754 66 20 under
427 754 73 20 länadt
523 760 69 18 namn,
607 760 76 20 genom
704 753 42 26 köp
766 754 52 20 eller
838 753 131 25 annorledes,

223 788 112 20 förskaffat
350 788 32 27 sig
397 788 103 26 egendom
516 788 39 20 och
571 789 19 25 ej
607 788 105 26 uppgifvit
732 788 39 20 den
789 788 61 20 bland
867 788 46 20 sina
928 788 41 20 till-

222 823 87 26 gängar,
325 822 51 20 eller
399 822 66 20 under
486 822 65 20 falskt
573 822 52 20 sken
645 822 23 19 af
689 821 130 28 försäljning,
834 822 64 26 gäfva
918 822 52 21 eller

225 858 66 18 annat
306 856 51 20 aftal
377 856 141 27 undandragit
541 856 155 26 borgenärerna
717 856 70 26 nägot,
803 863 43 13 som
870 856 48 20 bort
937 856 33 21 till

222 890 47 20 dem
284 890 107 26 upplätas;

290 931 19 19 2.
340 930 128 20 annorledes
484 930 123 26 undandolt,
623 930 97 26 förtegat,
746 930 150 20 undanskaffat
919 930 51 22 eller

222 965 128 27 förskingrat
365 964 71 26 nägot,
446 970 44 14 som
502 964 33 20 vid
552 964 131 20 konkursens
699 964 74 27 början
791 964 80 20 tillhört
881 964 88 27 honom;

289 999 18 19 3.
338 998 104 26 uppgifvit
457 998 52 20 eller
525 998 82 27 vidgätt
622 998 116 25 uppdiktad
755 998 62 20 skuld
834 998 51 20 eller
901 1005 68 14 annan

220 1033 140 25 förbindelse;
375 1032 52 20 eller

289 1067 19 20 4.
339 1067 37 19 der
391 1067 41 19 han
448 1066 60 20 idkat
523 1066 77 20 handel
616 1065 51 20 eller
683 1073 69 14 annan
765 1067 81 26 näring,
857 1067 113 20 hvaröfver

222 1101 38 20 bör
275 1100 69 20 hällas
368 1100 48 25 bok,
432 1101 41 19 fört
488 1100 40 21 bok
545 1100 92 26 origtigt,
654 1101 52 19 eller
722 1101 40 19 den
778 1101 93 25 förstört,
887 1101 82 26 ändrat,

223 1134 116 21 undandolt
354 1134 52 20 eller
422 1135 55 26 gjort
492 1134 85 26 oläslig;

289 1168 83 20 straffes
392 1169 67 19 såsom
477 1168 109 26 bedräglig
601 1167 103 27 gäldenär
720 1169 46 19 med
783 1169 88 20 tukthus
886 1170 6 19 i
908 1169 62 27 högst

220 1209 37 13 sex
277 1202 23 20 år
320 1202 40 20 och
382 1202 75 20 förlust
480 1202 23 20 af
523 1202 165 26 medborgerligt
712 1202 126 26 förtroende,
859 1203 58 25 eller,
933 1203 37 20 der

222 1236 208 25 omständigheterna
452 1239 37 16 äro
512 1236 134 25 synnerligen
670 1236 126 25 mildrande,
813 1237 46 19 med
875 1237 94 25 fängelse

222 1270 18 25 ej
257 1266 66 23 under
339 1269 35 19 två
389 1269 106 19 månader.

289 1303 12 19 2
317 1302 20 26 8.
368 1302 102 20 Kommer
489 1302 102 27 gäldenär
609 1303 7 19 i
635 1302 198 28 konkurstillstånd,
848 1304 40 19 och
904 1303 67 20 finnes

220 1336 41 20 han
277 1336 75 21 hafva:

290 1372 18 20 1.
338 1371 47 20 med
404 1371 119 20 kännedom
543 1377 33 14 om
593 1372 31 19 sin
643 1371 111 27 oförmåga
769 1374 31 18 att
814 1375 52 24 göra
881 1375 42 17 rätt
938 1372 32 21 för

221 1406 39 27 sig,
277 1412 76 20 genom
368 1405 63 27 gåfva
446 1405 53 21 eller
513 1412 69 14 annan
594 1406 81 27 åtgärd,
683 1412 44 14 som
739 1405 33 21 till
783 1407 31 20 sin
826 1407 51 26 följd
889 1409 23 18 är
923 1407 47 20 der-

221 1440 46 20 med
289 1440 113 26 jemförlig,
419 1439 88 21 afhändt
529 1440 30 27 sig
582 1440 53 27 gods
651 1440 23 20 af
687 1441 35 20 det
739 1441 70 26 värde,
825 1441 52 20 eller
901 1441 69 27 ingått
