1017 1709
398 142 40 23 N:o
453 142 19 22 1.
751 141 27 22 83

64 207 30 18 att
110 205 72 20 vidare
198 206 79 26 nyttjas
293 205 6 19 i
316 205 81 20 landets
414 206 62 26 tjenst
492 208 52 18 samt
559 206 105 20 dessutom
681 206 30 19 till
723 206 85 20 tukthus

63 239 45 20 från
125 239 39 20 och
180 240 48 19 med
243 239 47 26 fyra
305 239 32 20 till
354 240 39 19 och
410 240 46 20 med
473 240 29 20 tio
518 239 29 21 år.

131 274 12 18 8
159 275 18 21 $.
205 272 144 26 Tjensteman,
364 280 43 12 som
425 274 129 26 uppsåtligen
566 274 13 19 å
589 273 68 27 någon
674 274 72 26 lägger
757 274 52 19 eller

64 307 23 20 af
108 307 69 26 någon
200 309 83 24 uttager
306 313 68 13 annan
394 307 52 19 eller
461 308 65 25 högre
541 307 63 25 skatt,
620 307 37 19 tull
673 307 52 20 eller
739 314 70 13 annan

64 340 77 20 allmän
161 340 92 25 utskyld,
275 343 26 17 än
317 340 68 20 denne
400 341 92 26 lagligen
507 341 80 27 åligger
602 341 68 26 gälda,
687 341 52 20 eller
754 342 55 19 hvad

63 374 41 20 han
120 376 35 18 vet
171 374 60 20 deraf
244 374 65 20 redan
322 381 51 14 vara
388 375 79 26 guldet,
483 375 82 21 straffes
576 375 47 20 med
634 375 113 27 afsättning
758 375 52 20 eller

64 408 104 28 skiljande
185 408 45 20 från
247 410 102 25 tjenstens
366 409 100 26 utöfning.

132 442 79 28 Gjorde
226 443 41 20 han
284 443 35 20 det
335 444 32 20 för
382 450 52 20 egen
451 444 92 26 vinning,
559 444 65 20 varde
639 444 64 20 afsatt
718 444 39 21 och
768 444 41 21 för-

63 478 75 20 klarad
162 478 88 26 ovärdig
274 480 31 18 att
335 478 78 26 nyttjas
436 478 6 20 i
461 478 82 20 landets
560 479 62 26 tjenst
637 481 53 17 samt
705 478 105 21 dessutom

66 512 88 21 straffad
177 512 47 20 med
240 512 95 26 fängelse
351 513 19 26 ej
386 513 66 19 under
467 519 37 14 sex
520 512 100 21 månader
635 513 52 20 eller
701 513 86 21 tukthus
803 514 7 19 i

64 547 61 27 högst
141 547 48 26 fyra
205 548 29 19 år.

132 582 11 20 9
161 584 16 22 $.
208 581 43 20 Gör
274 582 126 26 tjensteman
423 582 130 26 uppsåtligen
570 584 55 18 orätt
640 588 75 20 genom
731 582 78 21 afkort-

65 616 56 26 ning,
137 616 27 20 då
180 616 41 19 han
237 616 61 26 påför
321 616 69 26 någon
413 616 51 20 eller
480 616 22 20 af
515 616 68 26 någon
600 615 80 27 uppbär
694 616 63 25 skatt,
773 616 38 20 tull

64 650 52 20 eller
139 656 69 14 annan
233 650 78 20 allmän
336 650 97 26 utskyld;
456 650 83 20 straffes
561 650 47 20 med
631 650 113 27 afsättning
759 650 52 21 eller

64 684 104 26 skiljande
184 684 45 20 från
247 684 102 26 tjenstens
364 684 96 27 utöfning
476 684 50 21 eller
542 684 66 21 böter.

133 718 80 27 Gjorde
229 719 41 20 han
288 719 36 20 det
339 718 32 21 för
386 725 52 21 egen
459 719 95 26 vinning;
577 719 83 20 straffes
675 720 48 20 med
739 719 72 21 afsätt-

64 754 50 26 ning
130 753 40 21 och
186 753 95 27 fängelse
297 753 52 21 eller
364 753 84 20 tukthus
464 754 7 19 i
487 753 61 27 högst
563 755 31 19 tre
609 753 29 21 år.

133 788 26 21 10
174 790 17 22 $.
221 788 146 26 Tjensteman,
390 794 50 19 som,
463 788 33 20 för
518 794 52 20 egen
589 788 92 26 vinning,
697 788 49 26 sjelf
760 788 52 20 eller

65 829 75 21 genom
164 828 69 15 annan
257 822 79 20 intalar
359 822 51 20 eller
431 822 91 20 förleder
544 822 107 27 menighet
670 823 6 19 i
692 822 73 21 landet
780 823 31 20 till

65 857 160 25 sammanskott,
251 857 68 26 utgift,
342 857 88 19 kostnad
454 856 52 21 eller
528 856 79 26 arbete,
622 856 83 21 straffes
720 857 47 21 med
783 858 30 19 af-

64 892 94 26 sättning
173 891 53 21 eller
242 892 106 26 skiljande
363 891 45 20 frän
424 892 100 25 tjenstens
540 891 95 26 utöfning
651 891 51 19 eller
716 891 67 20 böter.

132 926 99 26 Emottog
254 927 42 19 han
320 926 82 25 sädant,
418 926 27 20 dä
461 926 35 20 det
510 926 62 26 bjöds
587 924 68 21 säsom
669 925 24 21 af
705 925 26 20 fri
747 926 66 26 vilja;

66 960 83 21 straffes
166 960 46 20 med
228 960 61 20 böter
304 960 39 20 och
359 960 76 27 gäfvan
450 960 68 26 gänge
534 960 51 20 äter.

136 996 22 19 11
177 996 16 23 $.
224 994 69 27 Tager
309 996 123 25 tjensteman
448 994 64 26 gäfva
527 994 51 20 eller
592 994 107 26 förläning
713 994 23 20 af
749 994 63 21 främ-

66 1029 76 21 mande
166 1031 64 24 magt,
249 1030 40 19 och
305 1029 39 20 har
360 1029 40 20 han
416 1029 18 26 ej
451 1028 55 20 förut
520 1028 52 20 eller
586 1030 58 18 strax
659 1028 90 20 derefter
765 1028 48 21 sökt

66 1064 104 26 Kejsaren
186 1063 39 21 och
241 1063 139 21 Storfurstens
395 1063 32 20 lof
440 1063 81 25 dertill;
537 1062 82 20 straffes
634 1062 46 20 med
691 1062 59 21 böter
761 1063 52 19 eller

66 1098 105 26 skiljande
189 1098 46 20 frän
251 1098 101 26 tjenstens
369 1097 101 26 utöfning,
486 1097 58 26 eller,
560 1097 36 19 der
607 1097 206 26 omständigheterna

67 1135 35 17 äro
118 1132 137 27 synnerligen
270 1132 144 26 försvärande,
429 1132 48 19 med
493 1131 121 27 afsättning.

137 1166 25 20 12
177 1168 18 22 $.
224 1166 43 20 Har
290 1166 47 26 den,
361 1172 43 14 som
424 1165 94 27 lagligen
534 1171 49 20 eger
598 1164 75 20 afsluta
689 1164 124 27 äktenskap,

67 1201 55 26 gjort
143 1200 83 25 sådant,
249 1200 64 20 innan
338 1200 48 26 laga
408 1199 84 27 lysning
514 1200 62 25 skett,
600 1198 51 21 eller
665 1198 78 21 mellan
759 1199 54 26 dem,

67 1234 73 20 hvilka
155 1234 32 20 för
203 1234 48 26 laga
274 1234 75 20 hinder
365 1234 18 26 ej
398 1233 23 21 få
434 1234 50 26 ingå
498 1232 104 28 giftermål
619 1233 45 19 med
684 1232 130 26 hvarandra;

68 1268 83 20 straffes
167 1268 46 20 med
229 1268 94 26 fängelse
338 1269 8 19 i
361 1268 61 26 högst
436 1269 31 18 ett
481 1267 23 20 år
518 1267 52 20 eller
585 1266 65 21 böter.

135 1302 44 20 Var
194 1302 41 20 han
250 1304 58 24 prest
322 1302 7 20 i
345 1302 227 26 evangelisk-luthersk
582 1301 121 26 församling
713 1302 7 19 i
731 1301 84 25 landet;

68 1336 56 26 gälle
139 1336 56 20 hvad
211 1336 6 19 i
232 1336 135 26 kyrkolagen
382 1336 93 24 stadgas,

138 1369 24 20 13
179 1372 18 22 $.
226 1369 43 20 Har
291 1372 58 24 prest
367 1369 45 26 vigt
426 1368 89 27 enkling
529 1368 51 20 eller
596 1369 54 19 enka
664 1368 64 20 innan
744 1368 71 20 afvitt-

68 1404 47 26 ring
130 1403 63 26 skett,
209 1403 52 20 eller
276 1403 39 20 har
332 1403 47 25 den,
394 1403 86 20 hvilken
491 1402 93 26 lagligen
596 1408 48 21 eger
655 1402 76 20 afsluta
742 1402 74 20 äkten-

69 1438 58 27 skap,
150 1437 103 22 verkstält
275 1438 76 20 sådant
374 1437 44 21 före
441 1436 119 27 afvittring;
582 1436 83 21 straffes
685 1436 48 21 med
748 1436 69 26 böter,
