1028 1711
519 105 9 7 E

350 145 24 20 U.
389 145 22 20 B.
426 156 28 3 —
468 145 59 26 Prop.
542 145 37 20 N:o
594 145 15 21 1.
796 146 24 19 47

173 206 46 29 28.
250 207 43 20 Har
316 207 68 26 någon
409 207 32 20 för
462 210 30 17 att
514 208 80 26 ädraga
616 214 67 13 annan
707 207 66 26 straff,
795 211 56 17 emot

104 241 68 20 bättre
188 242 97 23 vetande,
301 241 108 26 förebragt
424 244 58 17 emot
496 242 76 20 honom
589 248 64 14 osann
670 242 38 19 och
720 243 130 20 besvärande

103 275 161 27 omständighet,
288 282 43 13 som
356 275 106 21 föranledt
484 276 49 25 åtal,
559 276 51 20 eller
627 276 151 20 undanskaffat
793 276 58 20 bevis

102 310 33 19 för
150 309 53 20 hans
218 310 82 24 oskuld,
316 310 52 20 eller
383 310 48 25 ock,
446 310 64 20 sedan
532 310 42 19 åtal
592 310 79 25 väckts,
687 310 113 26 undanröjt
814 310 36 20 be-

103 344 30 19 vis
157 344 31 20 för
211 344 38 20 den
273 344 118 20 tilltalades
414 344 82 26 oskuld,
512 344 52 20 eller
580 346 55 18 emot
650 344 76 20 honom
742 344 108 26 förebragt

102 384 65 14 osann
189 378 38 20 och
248 378 132 20 besvärande
402 378 164 27 omständighet;
586 378 81 20 straffes
687 379 68 19 såsom
779 379 7 19 i
808 380 9 18 1
839 379 11 26 $

101 416 54 23 sägs.

170 448 11 19 3
199 447 19 26 8.
248 447 64 25 Hvar,
335 454 52 18 som,
410 451 56 16 emot
489 448 67 20 bättre
580 447 97 26 vetande,
693 448 32 20 för
739 448 58 20 brott
811 450 38 23 gör

101 488 64 13 osann
190 482 116 25 angifvelse
329 482 37 20 hos
391 482 47 22 den,
462 488 43 14 som
522 488 49 20 eger
587 482 58 19 åtala
660 482 84 26 brottet,
759 481 90 27 straffes,

101 516 56 20 ändå
177 518 30 18 att
226 516 41 20 åtal
285 516 61 20 deraf
359 516 49 20 icke
425 516 68 26 följer,
510 516 47 20 med
574 516 93 26 fängelse
683 516 45 20 från
745 516 39 20 och
801 516 45 20 med

100 557 26 13 en
148 550 75 20 månad
248 550 32 20 till
301 550 38 20 och
361 551 46 19 med
429 551 35 19 två
479 550 23 20 år
518 550 52 21 eller
585 550 60 20 böter
660 551 18 26 ej
695 550 66 20 under
776 550 72 20 femtio

99 585 67 19 mark.

169 621 13 18 4
197 619 20 26 $.
247 619 43 20 Har
306 619 74 27 någon,
398 620 53 19 dock
467 620 47 19 icke
531 622 55 17 emot
601 619 68 20 bättre
685 620 97 24 vetande,
794 622 55 17 emot

100 661 68 13 annan
194 654 63 20 utfört
280 654 53 19 eller
356 654 104 20 föranledt
484 654 41 19 åtal
546 653 31 20 för
592 653 63 26 brott,
671 661 45 12 men
733 655 19 25 ej
768 653 80 20 kunnat

99 689 74 26 styrka
196 689 30 19 sin
250 688 125 26 angifvelse;
396 688 81 20 straffes
498 688 46 20 med
568 688 59 20 böter
641 688 81 27 (utesl.)
737 689 52 19 eller
804 688 43 20 fän-

98 723 58 27 gelse
173 724 18 25 ej
208 723 58 20 öfver
282 725 29 18 ett
326 722 34 21 år.

166 757 43 20 Har
232 757 40 20 han
294 757 32 20 för
346 757 131 26 angifvelsen
499 758 85 19 företett
600 757 111 20 sannolika
727 757 55 24 skäl;
798 763 49 14 vare

97 792 45 20 från
159 791 61 20 straff
233 791 32 20 fri.

166 827 12 19 5
194 826 20 26 &.
244 826 53 26 Den,
320 832 43 14 som
388 826 71 19 dömes
482 826 31 20 till
537 826 61 20 straff
614 826 52 20 efter
686 827 58 19 detta
759 826 87 26 kapitel,

97 860 55 20 skall
169 860 69 20 tillika
254 860 86 26 åläggas
356 863 30 17 att
402 863 78 17 ersätta
495 860 148 26 målseganden
660 860 90 20 kostnad
767 860 32 20 för
810 860 35 20 do-

97 902 59 13 mens
172 894 113 28 tryckning
300 895 6 19 i
323 894 77 21 allmän
421 895 51 20 eller
487 897 69 18 ortens
573 895 88 27 tidning,
677 895 36 20 der
729 895 116 25 målsegan-

97 930 39 20 den
155 929 34 20 det
205 930 69 20 äskar.

413 1024 33 22 27
460 1026 68 24 Kap.

370 1078 34 23 Om
420 1078 156 29 ärekränkning.

167 1133 9 17 1
194 1130 20 26 &.
243 1131 65 25 Hvar,
324 1138 51 19 som,
392 1133 56 18 emot
464 1131 67 20 bättre
546 1131 99 25 vetande,
656 1130 143 27 sanningslöst
809 1131 35 25 pä-

97 1166 76 20 bördar
193 1172 69 13 aunan
284 1165 107 20 bestämdt
406 1165 63 26 brott,
485 1166 53 20 eller
552 1166 52 19 visst
619 1166 45 25 slag
680 1165 23 20 af
716 1165 63 25 brott,
795 1165 50 20 eller

97 1206 68 14 annan
185 1200 64 20 sädan
271 1200 109 26 handling,
401 1206 43 14 som
465 1200 40 20 kan
528 1200 80 23 ädraga
623 1200 68 20 denne
706 1200 138 25 missaktning

96 1234 53 20 eller
163 1241 52 13 vara
235 1234 79 26 menlig
332 1234 32 20 för
380 1234 51 20 hans
447 1235 75 25 näring
537 1234 51 20 eller
604 1234 116 25 fortkomst,
736 1234 53 20 eller
804 1234 40 20 ock

96 1269 71 19 derom
184 1268 104 26 utsprider
304 1268 46 20 dikt
370 1268 51 20 eller
437 1271 61 17 osant
513 1268 67 27 rykte,
597 1268 80 20 straffes
693 1268 32 20 för
741 1268 103 20 smädelse

95 1303 84 27 (utesl.)
195 1303 45 19 med
262 1303 96 26 fängelse
380 1304 44 19 från
441 1303 39 20 och
498 1303 45 20 med
560 1310 24 13 en
601 1303 76 20 månad
693 1302 32 20 till
741 1302 40 21 och
797 1302 45 20 med

96 1340 31 16 ett
142 1338 23 18 år
180 1337 52 19 eller
247 1338 61 18 böter
324 1338 18 24 ej
359 1338 65 18 under
440 1338 112 18 etthundra
567 1338 64 17 mark.

165 1370 52 20 Sker
226 1370 116 20 smädelsen
353 1370 84 27 (utesl.)
452 1370 131 26 offentligen,
599 1369 51 20 eller
665 1376 75 18 genom
752 1369 93 25 tryckal-

96 1407 48 22 ster,
163 1404 61 20 skrift
239 1404 52 20 eller
305 1404 74 27 bildlig
400 1404 159 25 framställning,
582 1410 43 13 som
642 1404 39 19 den
698 1402 98 27 skyldige
811 1404 33 18 ut-

95 1438 82 27 sprider
199 1437 51 21 eller
272 1437 54 20 läter
346 1437 105 27 utsprida;
474 1444 49 13 vare
539 1437 80 20 straffet
635 1437 93 26 fängelse
743 1437 45 20 frän
805 1437 37 20 och
