1011 1709
211 147 28 21 30

421 147 20 20 U.
458 146 20 21 B.
494 158 26 3 —
537 147 57 25 Prop.
610 146 34 22 N:o
659 145 32 22 10.

389 207 138 28 Ofvansagda
544 208 132 27 åligganden
687 207 47 21 med
745 206 101 29 afseende
857 208 13 20 a
876 208 51 27 för-

318 242 98 27 teckning
440 241 58 27 öfver
523 241 244 28 dissenterförsamlings
792 241 136 21 medlemmar

317 277 35 20 mä
375 276 75 26 likväl,
466 276 38 21 der
521 276 92 22 Senaten
625 274 93 30 pröfvar
733 276 48 21 dem
795 276 45 21 icke
854 276 74 22 kunna

318 311 30 27 af
358 310 175 29 församlingens
550 310 157 28 föreståndare
722 310 113 29 behörigen
850 311 79 28 fullgö-

317 352 44 20 ras,
377 345 127 28 uppdragas
520 346 22 21 åt
557 345 115 28 magistrat
687 345 52 21 eller
753 345 153 28 ordningsrätt
921 347 9 19 i

317 379 48 22 stad
380 382 56 19 samt
452 379 134 28 kronofogde
600 379 52 21 eller
667 379 100 22 länsman
779 380 32 26 på
827 379 79 22 landet.

384 407 22 27 Å
431 413 139 22 Guvernören
585 413 122 22 ankommer
722 416 32 19 att
769 413 68 28 hafva
852 414 74 28 tillsyn

318 448 99 26 deröfver
432 451 32 18 att
476 448 156 27 föreståndare
638 447 41 28 för
690 447 238 28 dissenterförsamling

318 483 49 20 sina
382 483 133 26 åligganden
536 482 112 27 behörigen
660 482 94 27 fullgör,
769 482 38 21 och
823 483 34 20 må
872 482 56 21 Eck-

317 516 98 21 lesiastik
430 516 155 27 Expeditionen
601 516 9 20 i
624 516 91 22 Senaten
726 516 71 27 äfven,
808 516 28 21 då
846 516 82 21 sådant

315 552 92 26 pröjvas
423 550 81 28 nödigt,
521 551 45 20 låta
582 557 75 21 genom
667 551 73 20 dertill
743 549 128 29 förordnad
876 557 50 21 per-

315 592 38 14 son
375 585 121 28 inspektion
511 584 29 29 af
551 585 62 21 dessa
626 584 160 29 församlingar
801 585 124 22 verkställa.

594 637 15 28 $
624 638 20 20 4.

384 677 179 28 Kyrkosamfund
578 678 30 26 af
620 685 73 14 annan
700 677 158 27 protestantisk
870 680 56 19 tros-

316 712 48 21 lära
383 714 29 19 än
437 712 40 21 den
493 711 240 29 evangelisk-lutherska
749 713 36 20 må
799 712 20 27 ej
828 711 41 28 för
884 713 40 26 sig,

314 747 49 20 sina
387 747 150 27 inrättningar
553 747 51 20 eller
618 746 105 26 stiftelser
738 748 53 18 utan
807 745 118 28 Kejsarens

314 780 36 21 och
376 780 147 27 Storfurstens
540 780 102 21 tillstånd
652 779 122 28 förvärfva
797 780 38 21 och
850 780 75 21 besitta

314 821 74 14 annan
399 815 50 26 fast
464 815 101 27 egendom
580 815 8 20 i
604 815 75 20 landet
694 817 29 19 än
739 817 52 18 tomt
805 814 37 26 för
856 814 69 29 kyrka

316 848 36 22 och
374 849 61 21 skola
458 851 56 19 samt
537 849 201 28 begrafningsplats
757 850 68 27 jemte
849 849 13 21 å
877 849 47 22 dem

315 883 111 28 uppförda
442 884 79 27 nödiga
537 883 137 28 byggnader;
689 884 36 21 och
742 891 51 14 vare
808 884 116 21 dissenters

314 917 44 22 icke
370 917 129 27 förmenadt
519 921 41 20 att,
573 925 33 14 om
622 918 24 21 de
661 919 24 20 så
701 918 74 26 önska,
787 919 32 26 på
834 925 90 21 evange-

315 952 149 21 lisk-luthersk
484 952 144 28 församlings
651 953 200 28 begrafningsplats
869 955 53 18 emot

313 987 106 27 stadgade
434 986 94 28 afgifter
538 986 84 21 erhålla
633 987 111 27 lägerstad
750 987 40 27 för
799 987 50 21 sina
858 987 67 21 döda.

594 1038 16 29 $
625 1039 19 20 5.

382 1077 73 22 Innan
472 1079 65 27 något
553 1078 45 29 hus
608 1079 52 20 eller
675 1086 49 14 rum
739 1079 23 24 af
773 1078 152 27 dissenterför-

313 1112 93 27 samling
429 1112 35 21 till
487 1112 97 28 offentlig
598 1113 121 27 gudstjenst
735 1113 115 28 begagnas,
865 1113 58 21 skall

308 1146 173 27 föreståndaren
497 1147 71 21 derom
582 1148 55 26 göra
652 1147 103 22 anmälan
771 1148 14 19 å
800 1147 73 22 landet
884 1147 38 22 hos

312 1180 150 28 kronofogden
486 1181 37 20 och
545 1181 10 20 i
574 1182 51 20 stad
644 1181 37 22 hos
693 1181 175 28 poliskammare,
885 1181 39 22 der

311 1215 70 20 sådan
393 1215 81 27 finnes,
490 1221 47 16 men
553 1215 59 25 eljest
627 1215 37 22 hos
679 1217 116 26 magistrat
811 1216 51 21 eller
872 1216 50 21 ord-

315 1250 115 25 ningsrätt.

386 1281 40 20 Vid
448 1282 167 28 församlingens
636 1284 121 26 gudstjenst
773 1284 33 20 må
823 1284 97 20 tillträde

315 1315 20 28 ej
346 1314 121 29 förvägras
483 1316 96 27 offentlig
594 1317 131 28 myndighet.

592 1369 16 28 $
622 1370 20 20 6.

379 1407 129 22 Bekännare
527 1409 30 27 af
567 1415 74 15 annan
653 1410 158 28 protestantisk
827 1410 94 22 troslära

311 1444 28 19 än
362 1442 41 22 den
426 1443 240 28 evangelisk-lutherska
689 1451 48 15 vare
758 1445 21 27 ej
793 1444 79 22 tillåtet
888 1447 32 19 att

242 1481 132 23 Lagutskottets
386 1481 107 19 betänkande
504 1482 37 18 N:o
554 1482 16 19 9.
