1009 1703
229 147 26 20 14
535 146 34 21 N:o
585 145 32 22 10.

404 446 51 33 3:0)
485 446 143 32 Förordning
657 452 34 20 om
721 452 88 20 ansvar
835 446 39 26 för
901 446 53 32 den,

337 492 50 20 som
415 486 108 33 olofligen
550 485 89 27 förmår
667 485 74 33 någon
769 486 33 26 till
823 486 129 34 öfvergång

336 525 53 27 från
408 533 28 19 en
455 526 106 26 troslära
579 526 34 26 till
632 533 84 19 annan.

553 595 11 27 8
582 595 17 20 1.

267 635 54 27 Den,
337 640 46 16 som
397 640 77 21 genom
490 636 71 25 tvång,
571 634 58 27 svek,
640 635 63 26 gåfva
714 635 52 21 eller
778 634 52 22 löfte
839 640 35 16 om
884 635 70 27 timlig

198 670 69 20 fördel
290 669 81 21 förmår
393 669 91 21 medlem
509 669 23 21 af
545 668 66 27 något
627 668 7 21 i
649 669 93 20 Finland
759 669 99 26 erkändt,
874 670 80 21 tillåtet

199 703 52 22 eller
273 703 57 21 tåldt
345 702 205 27 religionssamfund
565 705 32 18 att
613 702 87 27 öfvergå
716 703 34 21 till
766 709 71 15 annan
853 703 99 26 troslära,

199 738 51 21 eller
273 743 76 21 genom
372 738 41 26 dop
433 738 52 20 eller
504 743 72 15 annan
592 737 78 26 åtgärd
686 737 113 22 befordrar
814 739 78 26 någon,
908 744 46 15 som

198 772 19 27 ej
232 772 49 27 fyllt
299 773 95 26 tjuguett
411 773 32 26 år,
459 772 34 21 till
509 771 133 27 upptagning
657 772 7 20 i
680 778 71 14 annan
767 771 54 28 lära,
839 773 26 20 än
882 772 48 24 den,
946 772 7 21 i

197 807 87 21 hvilken
306 807 43 20 han
371 807 40 20 bör
433 806 132 27 uppfostras,
589 806 83 21 straffes
693 807 48 20 med
757 806 96 27 fängelse
868 807 8 21 i
891 807 63 27 högst

198 843 37 19 två
257 842 24 19 år
305 841 52 20 eller
375 841 63 20 böter
453 841 49 20 från
519 841 39 20 och
573 841 49 20 med
637 840 74 22 femtio
727 841 35 20 till
778 841 40 21 och
833 841 49 21 med
898 840 56 29 fyra-

198 877 63 20 tusen
276 875 71 21 mark.

266 910 121 21 Enahanda
402 910 68 25 straff,
487 910 55 21 dock
558 910 6 21 i
580 910 86 26 ringare
681 911 61 26 mått,
759 917 50 14 vare
825 911 40 21 den
876 911 79 22 under-

198 945 84 27 kastad,
298 950 45 15 som
358 944 101 21 beträdes
477 945 51 20 med
543 944 73 21 försök
633 945 33 20 till
683 945 77 21 sådant
776 945 65 22 brott.

266 974 31 26 Är
319 979 41 21 den
383 979 98 26 skyldige
506 979 18 26 ej
548 979 57 21 finsk
627 979 148 28 medborgare,
798 980 67 21 varde
884 980 73 22 tillika

199 1013 63 21 dömd
285 1014 38 26 att,
347 1013 55 21 efter
425 1014 114 20 utståndet
561 1013 68 26 straff,
653 1013 89 21 förvisas
757 1014 49 20 från
822 1015 80 27 landet,
920 1021 34 15 om

197 1047 82 21 brottet
294 1048 36 20 det
345 1047 110 27 förtjenar.

554 1087 11 27 8
580 1088 19 20 2.

266 1128 94 27 Tvingar
374 1128 71 27 nägon
461 1128 47 26 den,
525 1134 45 15 som
586 1128 67 20 under
667 1127 55 21 hans
739 1128 81 26 lydnad
836 1127 52 27 stär,
901 1128 53 22 eller

197 1162 132 27 minderärig
344 1164 32 20 att
391 1162 86 26 deltaga
492 1162 7 21 i
515 1162 121 26 gudstjenst
651 1162 52 22 eller
717 1162 171 28 andaktsöfning
899 1162 55 22 efter

198 1203 72 15 annan
292 1197 53 26 lära,
368 1198 27 20 än
419 1197 47 27 den,
485 1196 88 22 hvilken
591 1196 41 22 den
648 1197 69 21 andra
733 1196 119 28 bekänner,
868 1197 85 22 straffes

197 1232 49 20 med
261 1232 60 20 böter
337 1231 18 26 ej
371 1230 60 22 öfver
445 1230 129 22 femhundra
589 1230 68 21 mark.

552 1303 47 27 83.

265 1344 46 21 Har
326 1344 47 27 den,
393 1349 46 15 som
456 1343 34 21 för
504 1342 67 27 nägot
585 1343 24 21 af
622 1342 158 23 ofvannämnda
796 1344 61 21 brott
872 1343 83 22 under-

196 1379 47 27 gått
266 1378 67 28 straff,
358 1379 54 26 ånyo
432 1377 95 22 föröfvat
541 1377 68 22 sådan
625 1377 135 28 förbrytelse,
777 1378 55 21 skall
849 1378 41 21 den
907 1384 45 15 om-

197 1413 149 27 ständigheten
369 1413 36 21 vid
427 1412 96 22 straffets
545 1412 161 22 bestämmande
721 1413 71 21 säsom
809 1413 144 22 försvärande

197 1455 70 15 anses.
