1006 1700
409 138 35 21 N:o
462 138 32 22 10.
784 140 12 19 3

72 206 74 26 lagens
170 206 150 27 utsträckning
343 206 32 21 för
399 206 71 27 öfrigt,
493 207 40 21 har
556 207 65 26 sagda
645 207 82 26 förslag
743 207 83 21 kunnat

71 240 87 21 affattas
181 240 6 20 i
211 240 224 22 öfverensstämmelse
459 242 48 20 med
523 242 151 20 motsvarande
690 241 134 26 stadganden

71 275 32 20 uti
126 274 37 21 det
185 274 23 20 af
231 275 53 20 1876
308 274 35 21 ärs
364 274 128 27 kyrkomöte
508 274 128 26 handlagda,
653 274 122 22 sedermera
791 274 33 21 till

72 308 121 20 Ständerna
207 308 36 21 vid
260 309 54 19 1877
331 308 35 20 ärs
382 308 104 26 landtdag
502 308 117 21 aflemnade
635 308 82 27 förslag
733 308 32 21 till
781 308 44 20 dis-

71 342 115 26 senterlag,
210 342 73 20 hvilka
305 342 133 26 stadganden
461 342 60 21 säväl
544 342 120 21 Ständerna
685 348 44 15 som
746 342 79 26 kyrko-

72 377 68 19 mötet
162 378 72 19 ansett
256 376 52 20 böra
332 382 25 15 ur
380 376 170 27 dissenterlagen
567 377 106 20 uteslutas
690 376 46 26 och,
752 376 72 21 säsom

71 410 120 21 berörande
206 410 114 27 grundlag,
336 410 105 21 särskildt
457 410 122 21 behandlas.

139 443 63 22 Hvad
225 444 101 27 slutligen
343 444 66 27 angår
425 444 105 27 förslaget
546 445 33 20 till
595 444 127 27 förordning
737 451 34 14 om
788 451 37 14 an-

70 484 50 15 svar
135 478 33 21 för
184 479 48 27 den,
248 485 45 14 som
310 477 99 28 olofligen
427 479 80 20 förmår
523 478 70 27 någon
604 479 32 20 till
648 479 117 26 öfvergång
776 479 49 20 från

71 519 26 14 en
113 513 93 21 troslära
227 513 34 20 till
280 508 76 31 annan,
376 515 37 19 äro
429 513 192 22 bestämmelserna
636 513 46 21 deri
698 513 101 21 affattade
817 513 7 20 i

71 547 95 27 enlighet
182 547 48 21 med
246 547 151 21 motsvarande
415 548 132 26 stadganden
564 548 7 20 i
587 547 60 22 detta
663 549 61 19 ämne
739 547 33 21 uti
788 547 37 22 det

70 582 33 21 till
120 582 69 20 denna
205 581 103 28 landtdag
324 581 79 22 aflåtna
419 582 104 26 förslaget
538 582 33 21 till
587 582 78 21 allmän
682 582 97 26 strafflag
790 582 34 21 för

70 616 98 22 Finland.
198 616 61 21 Dock
275 616 55 21 skall
346 616 139 22 utfärdandet
501 616 21 22 af
537 622 29 15 nu
581 617 7 20 i
599 616 62 27 fråga
672 617 93 21 varande
777 618 46 19 sär-

71 650 71 22 skilda
157 651 127 25 förordning
299 651 86 21 förfalla
400 651 7 20 i
418 651 103 21 händelse
533 650 40 22 den
584 650 122 27 föreslagna
715 650 109 22 allmänna

72 684 125 27 strafflagen
212 684 96 22 kommer
324 685 33 21 till
373 685 70 21 stånd.

139 718 40 22 Till
197 718 131 22 Ständernas
339 719 190 27 grundlagsenliga
539 719 130 26 behandling
680 719 143 21 öfverlemnas

71 753 65 21 alltså
151 753 95 27 följande
261 754 34 20 tre
310 753 229 28 författningsförslag,
555 754 116 26 nemligen:
