995 1703
216 141 12 20 2
520 139 35 22 N:o
570 141 21 20 5.

187 201 60 21 Hans
269 201 120 26 Kejserliga
410 201 100 27 Majestät
531 202 49 20 ville
601 201 34 21 till
658 202 118 21 Ständerna
792 201 64 22 aflåta
870 202 67 27 nådig

186 236 133 26 proposition
335 241 33 15 om
384 235 66 21 sådan
465 235 92 27 ändring
572 234 24 22 af
609 235 11 27 &
636 236 27 20 44
678 236 7 20 i
701 236 99 26 gällande
815 235 73 27 sjölag,
905 237 32 20 att

187 269 149 27 sjöförklaring
350 269 56 27 finge
421 268 90 28 afgifvas
523 269 81 27 jemväl
620 269 33 21 till
669 270 155 26 ordningsrätt.

255 304 59 21 Hans
336 304 119 26 Kejserliga
477 304 99 27 Majestät
597 304 39 20 har
659 304 72 21 funnit
751 304 78 27 skäligt
844 305 93 21 nämnda

188 338 100 21 anhållan
303 338 84 25 bifalla;
403 338 40 20 och
457 340 51 18 enär
523 338 41 21 den
579 337 22 21 af
615 337 119 22 Ständerna
744 338 95 27 begärda
850 339 86 20 ändrin-

187 378 41 21 gen
244 372 22 21 af
279 372 11 27 $
306 373 27 20 44
348 372 7 21 i
369 372 94 27 sjölagen
479 372 97 26 päkallar
591 378 26 15 en
632 372 117 21 förändrad
764 373 82 26 lydelse
858 373 79 26 jemväl

188 406 23 22 af
231 407 37 21 det
286 407 32 21 uti
333 407 11 27 $
360 407 26 21 45
402 407 7 20 i
424 413 79 14 samma
518 407 35 26 lag
568 406 175 22 förekommande
759 407 128 27 stadgandet
903 413 34 16 om

187 441 132 27 besättnings
333 443 91 19 närvaro
440 441 35 21 vid
491 441 118 21 domstolen
624 440 33 22 för
666 441 135 22 vittnesmåls
813 441 123 27 afläggande

188 475 110 28 angående
321 475 26 21 de
369 475 7 22 i
399 475 150 28 sjöförklaring
571 475 91 22 anförda
684 476 190 27 omständigheter,
898 477 39 20 har

187 511 60 21 Hans
269 510 119 27 Kejserliga
410 510 99 27 Majestät
531 511 49 20 låtit
597 512 97 25 uppgöra
709 511 80 26 förslag
804 511 34 20 till
854 511 84 21 förord-

188 546 52 26 ning
262 545 109 27 angående
394 545 67 21 sådan
482 544 115 22 förändrad
612 545 80 26 lydelse
708 545 23 21 af
744 544 141 22 omförmälda
900 545 38 21 två

188 580 131 27 paragrafer,
335 581 32 19 att
382 580 7 20 i
404 579 11 28 &
430 581 33 24 44,
479 585 62 16 mom.
553 581 19 24 2,
584 579 55 21 efter
650 579 61 21 ordet
721 579 122 27 ,,domstol'*
853 579 85 21 komme

189 617 32 19 att
243 614 50 27 följa
312 615 74 20 orden:
408 631 4 10 ,
415 614 58 26 eller
488 613 166 27 ordningsrätt'*,
670 616 55 19 samt
740 614 7 20 i
762 614 11 27 &
789 615 34 24 45,
838 619 64 16 mom.
919 615 19 26 1,

189 649 53 21 efter
258 649 61 21 ordet
334 648 148 26 ,,domstolen"
498 648 67 21 orden
580 647 67 28 ,eller
663 647 195 27 ordningsrätten''.

260 682 70 27 Sagde
351 682 85 26 förslag,
459 682 80 22 hvilket
557 682 60 21 Hans
632 681 119 27 Kejserliga
766 682 100 26 Majestät
881 682 57 20 häri-

188 723 77 21 genom
286 718 8 20 i
316 717 67 21 nåder
398 717 57 21 velat
469 716 33 21 till
518 716 132 22 Ständernas
665 716 121 26 antagande
801 716 137 27 öfverlemna,

190 754 24 18 är
229 752 24 20 så
267 751 105 27 lydande:

394 841 129 33 Förslag
538 842 42 26 till
592 841 144 33 förordning
748 841 128 33 angående
890 841 50 27 för-

327 882 94 26 ändrad
438 882 94 33 lydelse
552 882 27 26 af
595 883 27 31 $$
640 882 34 26 44
694 881 44 27 och
756 880 33 28 45
803 881 10 26 i
826 881 115 34 sjölagen

327 922 28 26 af
372 922 46 27 den
436 922 13 26 9
469 921 59 28 Juni
547 922 73 26 1873.

258 997 130 26 Härigenom
407 996 76 21 varder
497 995 136 22 förordnadt:
650 997 31 19 att
696 996 23 27 $$
734 996 28 20 44
779 995 39 21 och
835 996 27 20 45
877 996 8 20 i
900 995 41 27 sjö-

189 1031 62 27 lagen
266 1031 33 20 för
315 1030 204 22 Storfurstendömet
534 1030 98 25 Finland,
648 1029 71 28 gifven
735 1030 41 21 den
792 1031 12 20 9
816 1030 52 21 Juni
879 1030 61 26 1873,

189 1065 61 22 skola
264 1065 83 22 erhålla
361 1065 94 23 följande
470 1065 128 21 förändrade
613 1065 92 26 lydelse:

537 1133 12 28 $
564 1134 34 20 44.

258 1173 35 22 Då
315 1173 136 27 skeppsbrott
473 1173 51 21 eller
546 1180 71 14 annan
640 1173 100 27 sjöskada
762 1173 104 27 inträffat,
890 1173 52 21 eller

190 1207 146 22 befälhafvare
351 1207 23 21 af
387 1208 71 26 någon
474 1208 75 26 olycka
563 1207 70 21 blifvit
648 1208 92 26 tvungen
757 1209 32 19 att
800 1208 78 26 anlöpa
888 1207 54 22 nöd-

190 1242 70 26 hamn,
284 1242 70 26 åligge
376 1242 79 20 honom
478 1244 32 18 att
529 1242 32 20 uti
576 1242 40 20 den
632 1242 71 24 hamn,
720 1242 38 20 der
774 1242 90 26 olyckan
879 1242 63 20 timat

190 1276 52 20 eller
258 1276 31 20 dit
302 1276 43 20 han
361 1276 93 20 derefter
469 1275 55 21 först
541 1276 109 25 anländer,
668 1276 58 20 inom
736 1275 110 27 tjugufyra
856 1275 86 21 timmar

191 1310 54 21 efter
266 1309 132 27 olycksfallet
420 1309 52 21 eller
495 1310 125 21 ankomsten
636 1309 33 21 till
684 1309 92 22 hamnen
793 1310 85 21 anmäla
893 1315 49 21 pro-

189 1346 51 26 test,
255 1344 147 21 innefattande
417 1350 26 15 en
458 1344 50 21 kort
523 1344 159 27 framställning
698 1350 34 15 om
748 1344 95 21 skadans
858 1344 84 21 beskaf-

189 1379 80 26 fenhet,
284 1379 56 21 huru
355 1379 41 20 den
412 1378 123 22 tillkommit
551 1379 39 21 och
604 1378 73 22 hvilka
693 1378 100 27 åtgärder
808 1378 70 22 blifvit
894 1379 48 21 der-

191 1415 57 20 emot
262 1413 107 27 vidtagna,
386 1413 109 22 äfvensom
511 1415 31 20 att
557 1413 54 22 efter
626 1413 67 22 sådan
708 1413 101 22 anmälan
825 1413 57 22 inom
896 1414 51 21 åtta.

191 1449 66 26 dagar
271 1448 78 27 afgitva
363 1447 125 27 fullständig
503 1447 155 28 sjöförklaring.
