1009 1709
352 149 19 20 U.
389 149 20 21 B.
425 161 26 3 —
468 150 58 26 Prop.
544 149 33 21 N:o
593 148 32 22 10.
809 148 26 22 21

113 210 100 22 samfund
221 213 52 19 utan
282 214 32 19 att
322 212 47 21 åter
378 212 86 22 inträda
471 212 8 21 i
487 214 76 23 annat;
572 212 118 27 hvarjemte
699 212 109 21 Utskottet
816 212 49 20 med

113 244 100 22 afseende
237 245 57 26 derä,
317 248 32 19 att
364 246 7 20 i
386 246 36 21 det
438 246 80 28 nådiga
532 246 105 27 förslaget
652 246 56 21 talas
723 252 37 14 om
776 246 88 26 styrelse

112 279 34 21 för
161 279 211 26 dissentersamfund,
387 280 56 22 velat
460 280 71 22 erinra
544 282 34 20 att
588 280 154 27 förordningen
753 279 47 21 icke
810 280 54 20 kän-

111 319 39 15 ner
165 314 70 26 nägon
251 314 121 27 skyldighet
381 314 34 22 för
427 314 209 27 dissentersamfund
648 316 32 19 att
691 314 65 21 hatva
767 313 96 27 styrelse,

111 349 53 19 utan
180 348 76 21 endast
271 348 56 21 talar
343 356 33 14 om
391 348 150 22 föreständare
557 344 32 26 för
603 348 162 28 församlingar.

179 393 97 23 Emellan
285 396 10 26 $
305 395 12 21 8
326 395 39 21 och
374 396 10 26 $
393 396 12 21 9
413 395 40 21 har
462 395 117 25 Utskottet,
588 396 28 26 pä
627 396 42 20 sätt
679 394 64 23 ofvan
750 394 111 24 nämndes,

110 428 100 28 inskjutit
219 436 25 14 en
253 437 29 20 ny
290 430 107 27 paragraf,
406 430 65 21 hvars
479 430 96 22 innehäll
583 433 120 19 motsvarar
714 430 149 27 stadgandena

110 463 6 21 i
132 470 75 15 senare
222 471 63 14 mom.
302 464 24 22 af
339 466 10 26 $
365 466 20 25 7,
401 464 32 22 till
448 466 80 26 nödiga
543 464 60 22 delar
619 465 177 27 kompletterade.

178 509 29 22 Af
219 510 59 22 förut
294 512 67 20 redan
377 510 133 22 framhällna
525 511 47 21 skäl
586 511 39 21 har
636 510 109 22 Utskottet
761 510 62 22 äfven
840 510 22 21 ät

110 546 10 24 $
132 544 35 28 9($
180 545 35 28 10)
230 544 62 28 gifvit
304 552 25 14 en
341 546 86 28 lydelse,
439 552 46 15 som
496 547 97 20 närmast
603 545 201 22 öfverensstämmer
814 546 49 20 med

108 578 95 28 lydelsen
221 579 25 21 af
258 580 151 21 motsvarande
425 580 104 27 paragraf
542 582 5 18 i
565 581 26 19 de
605 580 91 26 tidigare
712 579 152 27 dissenterlag-

108 612 115 28 förslagen.
241 626 26 3 —
283 615 37 20 Att
335 614 7 20 i
357 614 130 28 paragrafen
503 616 98 26 upptaga
616 614 150 21 bestämmelse
782 614 79 26 derom,

109 649 32 19 att
162 648 35 21 vid
212 648 84 28 lysning
313 649 57 21 bevis
385 656 34 14 om
435 650 43 26 dop
494 649 40 21 och
549 649 171 27 nattvardsgäng
734 649 48 20 icke
798 648 64 20 erfor-

110 682 78 21 drades
200 682 33 21 för
244 683 122 24 dissenters,
374 683 41 21 har
424 683 111 21 Utskottet
545 685 70 19 ansett
625 690 50 14 vara
685 683 23 21 sä
716 682 84 28 mycket
809 682 52 21 min-

110 717 37 20 dre
155 716 116 28 päkalladt
282 724 45 14 som
338 717 63 21 äfven
412 718 69 20 andra
489 718 172 26 protestantiska
672 717 103 21 trosläror
784 718 27 20 än
820 718 41 20 den

108 750 248 28 evangelisk-lutherska
378 751 74 21 fordra
477 752 42 27 dop
536 752 39 20 och
590 752 172 26 nattvardsgäng
777 751 24 21 af
814 751 48 21 sina

108 785 146 21 medlemmar.

178 825 80 21 Senare
265 828 116 19 momentet
388 826 7 20 i
405 829 6 21 $
422 827 25 20 10
458 826 21 27 ($
490 827 34 26 11)
533 826 39 21 har
581 826 109 21 Utskottet
699 826 157 27 omredigerat
846 821 13 37 i

107 859 56 29 syfte
187 863 31 19 att
241 860 106 28 tydligare
369 860 107 26 utmärka,
499 861 56 21 hvad
579 861 59 21 detta
661 863 94 19 moment
771 860 87 28 äsyftar.

106 894 110 28 Härjemte
228 894 39 22 har
275 895 110 22 Utskottet
393 896 7 20 i
409 902 25 14 en
445 902 28 21 ny
481 895 104 27 paragraf
591 895 74 27 efter
653 890 14 37 $
676 896 25 21 10
713 897 18 25 ($
742 896 35 27 11)
792 894 68 22 infört

105 928 134 23 föreskrifter
261 929 134 22 beträffande
419 930 84 21 skilnad
521 930 7 21 i
543 930 120 27 äktenskap
681 930 40 21 och
736 930 118 26 trolofning

106 964 91 21 emellan
220 964 161 26 kontrahenter,
404 964 23 22 af
451 964 72 22 hvilka
539 966 80 20 endera
635 964 51 22 eller
701 965 73 21 hvilka
790 966 66 26 begge

105 999 37 21 äro
152 998 123 22 dissenters.
291 999 40 21 Vid
341 999 129 21 aflattandet
478 999 24 21 af
509 1000 62 21 dessa
581 998 134 22 föreskrifter
722 999 40 21 har
771 999 86 21 Utskot-

104 1034 31 20 tet
146 1032 8 21 i
165 1032 120 28 möjligaste
296 1040 50 15 mon
355 1034 89 20 anslutit
455 1034 32 27 sig
496 1034 34 20 till
539 1034 40 21 den
588 1035 66 20 redan
670 1033 130 27 förefintliga
815 1034 43 27 lag-

105 1066 126 28 stiftningen
254 1068 7 20 i
284 1069 78 23 ämnet,
385 1068 67 21 sådan
476 1069 41 20 den
536 1068 126 26 innehälles,
679 1068 65 21 bland
760 1071 74 23 annat,
850 1068 8 20 i

104 1101 79 28 Kongl.
200 1102 81 22 brefvet
297 1103 41 21 den
355 1104 25 20 13
396 1102 120 22 November
533 1103 62 21 1795.

173 1148 61 22 Inom
250 1148 109 22 Utskottet
372 1149 40 21 har
430 1150 151 21 anmärktsatt
591 1150 12 22 9
613 1150 40 21 och
663 1151 26 21 10
699 1151 28 25 88
736 1151 38 25 ($$
785 1150 25 21 10
818 1150 39 20 och

105 1183 42 26 11),
157 1183 81 21 sådana
251 1184 26 20 de
287 1190 28 14 nu
323 1184 63 21 äfven
395 1184 22 21 af
425 1184 110 22 Utskottet
543 1184 114 27 godkänts,
666 1191 49 14 vore
723 1184 8 21 i
747 1184 109 26 betänklig

102 1217 55 27 grad
179 1216 129 28 bristfälliga
323 1218 52 24 deri,
391 1220 32 19 att
439 1218 162 22 bestämmelser
617 1218 106 22 saknades
739 1226 34 14 om
790 1220 65 19 sättet

103 1250 33 22 för
153 1251 131 28 äktenskaps
299 1252 106 28 ingående
420 1252 7 21 i
443 1254 27 20 de
489 1252 43 28 fall,
549 1254 28 20 då
591 1253 76 21 hinder
690 1254 96 20 deremot
801 1260 54 20 upp-

102 1286 81 21 stäldes
198 1286 48 20 från
262 1287 70 27 någon
348 1286 79 28 kyrkas
443 1287 53 25 sida,
513 1288 52 20 eller
579 1287 66 27 vigsel
660 1287 48 21 icke
718 1287 72 21 kunde
801 1289 54 19 utan

102 1319 69 22 vilkor
197 1320 100 25 erhållas,
327 1320 50 22 eller
400 1321 140 22 samvetsskäl
563 1322 105 20 hindrade
692 1321 110 21 anlitande
833 1321 24 21 af

101 1355 67 24 prest,
184 1360 45 14 som
244 1353 100 21 tillhörde
360 1360 26 14 en
402 1354 33 20 för
445 1354 68 26 begge
526 1354 182 21 kontrahenterna
719 1354 134 21 främmande

101 1386 98 22 troslära.
229 1387 164 21 Bestämmelser
417 1394 34 14 om
467 1388 121 27 äktenskap
604 1388 56 21 inför
675 1388 104 26 borgerlig
794 1394 60 21 myn-

101 1420 74 28 dighet
190 1421 55 21 hade
261 1422 40 20 ock
316 1422 111 27 upptagits
437 1422 8 21 i
454 1422 102 28 förslaget
568 1422 34 22 till
617 1425 84 19 senaste
716 1422 137 28 Kyrkomöte,

168 1460 133 24 Lagutskottets
313 1462 108 18 betänkande
434 1462 36 18 N:o
484 1463 16 17 9.

902 393 20 23 (8
934 394 26 22 9)

876 508 11 24 $
900 509 12 18 9
925 509 20 23 (&
957 509 24 18 10

872 824 11 23 $
896 824 23 18 10
927 824 55 24 ($11)

891 928 21 22 (8
924 928 36 23 12.)
