1014 1703
227 151 27 21 76
428 149 64 24 Ständ.
507 149 30 24 Sv.
552 162 27 4 —
595 150 55 28 Prop.
666 149 31 23 N:o
712 150 16 22 1.

197 216 82 26 möjligt
293 218 30 24 är,
339 215 95 27 afpassas
449 216 54 21 efter
516 215 89 27 fängens
619 215 103 21 fallenhet
736 215 39 21 och
790 214 112 22 sannolika
911 216 37 19 nä-

197 249 109 28 ringsfäng
324 250 54 21 efter
393 249 141 27 frigifningen.

268 285 13 21 3
296 285 19 26 &.
345 284 33 22 Då
401 284 118 21 Ständerna
533 284 76 26 ansett,
624 285 32 19 att
672 289 26 16 en
713 283 93 27 antydan
822 283 79 27 derom,
916 284 33 20 att

198 318 128 27 straffängar
346 318 71 22 kunde
433 317 27 28 pä
474 318 72 26 längre
561 317 86 23 afständ
661 317 47 22 frän
723 317 167 23 straffanstalten
905 324 43 20 sys-

199 353 105 26 selsättas,
323 353 46 21 icke
385 352 66 21 borde
466 353 7 20 i
487 352 61 27 lagen
563 351 80 28 inflyta,
657 351 56 22 helst
727 352 77 21 sädant
818 351 66 28 enligt
897 358 52 15 vun-

198 393 43 16 nen
263 387 122 22 erfarenhet.
406 387 98 26 vanligen
525 388 24 19 är
570 386 99 21 förenadt
683 386 49 21 med
746 386 94 27 betydlig
854 385 48 22 fara
915 385 34 22 för

197 421 98 27 rymning
317 421 110 22 äfvensom
442 421 67 21 andra
523 421 143 26 olägenheter,
681 420 39 22 har
735 420 137 28 paragrafens
887 421 62 21 orda-

197 455 80 28 lydelse
292 456 7 21 i
314 456 61 21 detta
389 455 55 28 syfte
459 455 150 22 underkastats
625 461 27 16 en
666 455 81 22 mindre
762 455 128 27 förändring.

266 490 13 22 6
294 491 20 26 &.
344 489 70 22 Sedan
428 490 77 27 nådiga
520 491 157 26 propositionen
692 490 136 27 föreskrifvit,
843 491 32 20 att
889 489 59 28 fäng-

196 525 112 21 klasserna
329 525 8 20 i
356 525 116 21 tukthusen
487 525 61 21 skola
562 531 51 15 vara
627 525 65 21 minst
706 526 82 25 trenne,
803 525 106 26 nemligen
922 531 26 14 en

196 559 140 27 tvängsklass,
352 565 25 15 en
392 558 104 22 läroklass
511 559 39 21 och
561 565 25 15 en
597 558 138 28 pröfvoklass,
746 558 106 23 meddelas
862 559 8 21 i
880 559 69 21 denna

198 593 39 21 och
258 592 120 28 påföljande
405 593 27 27 $$
455 593 157 27 bestämningar
634 593 78 26 derom,
738 594 33 20 att
792 592 156 28 tvångsarbete,

197 628 86 22 hvartill
297 628 62 26 fånge
374 629 59 20 utom
449 628 39 20 cell
502 628 39 21 bör
555 628 74 26 hållas,
645 627 33 21 får
692 627 101 22 förrättas
808 628 75 22 endast
896 628 7 21 i
913 634 35 20 ge-

197 662 132 22 mensamhet
347 662 50 21 med
411 662 66 21 andra
491 662 75 27 fångar
581 662 23 21 af
617 668 80 15 samma
712 662 64 21 klass.
793 674 25 4 —
834 662 33 21 En
882 662 66 22 sådan

198 696 124 27 anordning,
337 695 86 22 hvilken
438 695 81 22 afviker
533 696 47 22 från
596 696 42 27 det,
654 703 46 15 som
714 696 33 22 för
761 697 133 21 närvarande
904 697 44 26 gäl-

197 731 32 21 ler
244 731 7 21 i
266 732 76 25 ämnet,
358 730 61 21 torde
435 730 53 21 dock
502 731 35 21 vid
549 731 48 21 dess
606 730 165 27 genomförande
782 733 56 20 stöta
847 731 28 27 på
885 731 63 27 prak-

196 765 58 22 tiska
274 765 129 26 svårigheter
421 767 54 19 utan
495 767 31 20 att
540 765 96 22 medföra
651 765 95 22 deremot
760 766 104 21 svarande
878 765 70 22 förde-

197 800 39 21 lar.
266 799 72 27 Enligt
356 799 55 21 hvad
431 799 85 27 upplyst
534 800 69 21 blifvit
617 799 85 22 komme
716 800 105 27 nemligen
836 801 31 21 ett
881 799 68 22 klass-

196 834 32 21 vis
238 833 134 28 genomfördt
383 834 124 27 afskiljande
515 834 23 21 af
544 835 270 26 gemensamhetsfångarne
821 835 36 21 vid
864 834 84 27 tvångs-

197 868 83 21 arbetet
305 869 32 20 att
362 867 96 22 erfordra
479 869 131 21 kostsamma
630 868 156 27 tillbyggnader
806 869 36 21 vid
864 869 83 21 landets

196 902 99 27 samtliga
315 901 170 28 straffanstalter,
504 903 83 21 hvilkas
607 903 129 22 arbetssalar
754 903 46 21 icke
820 905 36 20 äro
871 903 76 21 beräk-

196 936 55 21 nade
265 936 33 21 för
314 937 30 20 ett
359 936 68 27 dylikt
442 937 107 26 syftemåls
564 937 112 22 ernående.
696 937 34 22 Då
744 943 26 16 en
784 937 94 28 betydlig
892 939 55 25 steg-

196 971 46 26 ring
256 971 8 20 i
278 971 145 21 kostnaderna
437 971 33 21 för
483 971 130 27 fångvården
627 971 47 22 icke
690 978 61 21 synes
762 972 88 27 önsklig,
862 972 39 21 och
911 972 37 21 nå-

197 1004 48 27 diga
265 1005 170 26 propositionens
454 1005 159 27 bestämningar
631 1006 7 21 i
653 1007 71 20 ämnet
739 1006 46 21 icke
799 1006 61 21 torde
875 1006 72 21 kunna

195 1038 113 27 jakttagas,
323 1038 64 22 hafva
402 1039 124 27 Ständerna,
534 1040 49 21 med
592 1040 149 21 bibehållande
751 1040 24 21 af
782 1040 166 27 grundsatserna

195 1073 8 20 i
222 1073 39 21 den
276 1073 33 21 för
324 1073 116 22 tukthusen
455 1081 30 14 nu
497 1074 98 27 gällande
610 1074 169 27 arbetsordning,
794 1074 66 27 enligt
874 1074 73 21 hvilka

195 1107 282 27 gemensamhetsfängarnes
495 1107 120 27 fördelning
636 1109 7 20 i
665 1108 168 22 arbetsrummen
852 1109 95 20 närmast

195 1141 63 21 beror
272 1141 28 27 pä
314 1141 175 22 beskaffenheten
504 1142 23 21 af
540 1142 36 21 det
586 1142 74 21 arbete
670 1143 79 21 enhvar
758 1143 108 27 förrättar,
876 1143 69 22 vidta-

194 1175 32 26 git
240 1175 63 21 häraf
315 1175 114 27 betingade
443 1175 148 28 förändringar
605 1176 7 20 i
627 1176 13 25 &
655 1176 13 21 6
683 1175 109 22 äfvensom
806 1177 28 26 88
849 1176 13 21 8
878 1177 39 21 och
932 1177 13 20 9

194 1209 24 21 af
230 1209 78 27 nädiga
324 1209 166 27 propositionen.

264 1243 12 20 7
292 1242 17 27 8.
332 1243 140 21 Alldenstund
487 1244 95 21 hvarken
596 1243 148 22 föreständare
758 1245 34 20 för
804 1245 141 21 straffanstalt

195 1276 52 21 eller
264 1275 73 22 läkare
356 1277 8 20 i
380 1276 86 27 vanliga
484 1277 38 21 fall
537 1283 51 21 eger
602 1277 113 28 tillräcklig
729 1277 123 26 kännedom,
863 1285 35 15 om
913 1279 32 21 till

194 1310 79 22 anstalt
294 1310 107 27 nyanländ
423 1310 73 28 fänges
514 1311 144 28 personlighet
677 1312 33 21 för
728 1313 32 21 att
775 1314 51 21 utan
840 1312 105 28 godtycke

193 1345 73 21 kunna
280 1345 8 21 i
303 1345 130 22 strafftidens
447 1346 75 27 början
537 1347 96 27 företaga
649 1347 41 21 den
700 1348 7 20 i
717 1348 127 26 paragrafen
852 1348 93 22 nämnda

193 1379 106 28 pröfning,
314 1380 62 22 torde
391 1380 126 27 stadgandet
532 1381 69 23 såsom
616 1381 49 28 föga
679 1382 107 27 praktiskt
800 1382 73 23 kunna
887 1383 57 27 utgå.

262 1415 13 21 9
290 1414 18 28 8.
338 1415 66 22 Utom
426 1416 33 21 att
481 1416 68 22 denna
571 1416 12 27 $
605 1417 114 27 undergätt
738 1417 123 29 förändring
875 1419 28 27 pä
918 1418 27 22 de

193 1449 35 24 vid
248 1450 13 22 6
280 1450 11 27 &
309 1451 89 21 anförda
415 1450 98 28 grunder,
531 1451 40 22 har
588 1453 70 20 rätten
673 1453 33 21 att
720 1452 124 27 bestämma,
859 1453 86 22 hvarest
