<?xml version="1.0" encoding="UTF-8"?>
<alto xmlns="http://www.loc.gov/standards/alto/ns-v3#" xmlns:xlink="http://www.w3.org/1999/xlink" xmlns:xsi="http://www.w3.org/2001/XMLSchema-instance" xsi:schemaLocation="http://www.loc.gov/standards/alto/ns-v3# http://www.loc.gov/alto/v3/alto-3-0.xsd">
	<Description>
		<MeasurementUnit>pixel</MeasurementUnit>
		<sourceImageInformation>
			<fileName>/tmp/tess_g1q0d4tg_input.PNG</fileName>
		</sourceImageInformation>
		<OCRProcessing ID="OCR_0">
			<ocrProcessingStep>
				<processingSoftware>
					<softwareName>tesseract 5.3.4</softwareName>
				</processingSoftware>
			</ocrProcessingStep>
		</OCRProcessing>
	</Description>
	<Layout>
		<Page WIDTH="1017" HEIGHT="1700" PHYSICAL_IMG_NR="0" ID="page_0">
			<PrintSpace HPOS="0" VPOS="0" WIDTH="1017" HEIGHT="1700">
				<ComposedBlock ID="cblock_0" HPOS="302" VPOS="139" WIDTH="498" HEIGHT="29">
					<TextBlock ID="block_0" HPOS="302" VPOS="139" WIDTH="498" HEIGHT="29">
						<TextLine ID="line_0" HPOS="302" VPOS="139" WIDTH="498" HEIGHT="29">
							<String ID="string_0" HPOS="302" VPOS="140" WIDTH="65" HEIGHT="24" WC="0.91" CONTENT="Ständ."/><SP WIDTH="15" VPOS="140" HPOS="367"/>
							<String ID="string_1" HPOS="382" VPOS="140" WIDTH="31" HEIGHT="24" WC="0.91" CONTENT="$v."/><SP WIDTH="16" VPOS="140" HPOS="413"/>
							<String ID="string_2" HPOS="429" VPOS="152" WIDTH="25" HEIGHT="4" WC="0.92" CONTENT="—"/><SP WIDTH="16" VPOS="152" HPOS="454"/>
							<String ID="string_3" HPOS="470" VPOS="140" WIDTH="54" HEIGHT="28" WC="0.96" CONTENT="Prop."/><SP WIDTH="16" VPOS="140" HPOS="524"/>
							<String ID="string_4" HPOS="540" VPOS="139" WIDTH="31" HEIGHT="24" WC="0.87" CONTENT="N:o"/><SP WIDTH="15" VPOS="139" HPOS="571"/>
							<String ID="string_5" HPOS="586" VPOS="140" WIDTH="15" HEIGHT="22" WC="0.94" CONTENT="1."/><SP WIDTH="171" VPOS="140" HPOS="601"/>
							<String ID="string_6" HPOS="772" VPOS="139" WIDTH="28" HEIGHT="22" WC="0.95" CONTENT="85"/>
						</TextLine>
					</TextBlock>
				</ComposedBlock>
				<ComposedBlock ID="cblock_1" HPOS="72" VPOS="204" WIDTH="758" HEIGHT="1262">
					<TextBlock ID="block_1" HPOS="74" VPOS="204" WIDTH="756" HEIGHT="164">
						<TextLine ID="line_1" HPOS="76" VPOS="204" WIDTH="752" HEIGHT="29">
							<String ID="string_7" HPOS="76" VPOS="207" WIDTH="95" HEIGHT="21" WC="0.91" CONTENT="deremot"/><SP WIDTH="14" VPOS="207" HPOS="171"/>
							<String ID="string_8" HPOS="185" VPOS="206" WIDTH="123" HEIGHT="22" WC="0.91" CONTENT="förvandlas"/><SP WIDTH="16" VPOS="206" HPOS="308"/>
							<String ID="string_9" HPOS="324" VPOS="206" WIDTH="33" HEIGHT="22" WC="0.93" CONTENT="till"/><SP WIDTH="16" VPOS="206" HPOS="357"/>
							<String ID="string_10" HPOS="373" VPOS="206" WIDTH="94" HEIGHT="27" WC="0.93" CONTENT="fängelse"/><SP WIDTH="16" VPOS="206" HPOS="467"/>
							<String ID="string_11" HPOS="483" VPOS="206" WIDTH="65" HEIGHT="26" WC="0.96" CONTENT="enligt"/><SP WIDTH="13" VPOS="206" HPOS="548"/>
							<String ID="string_12" HPOS="561" VPOS="206" WIDTH="14" HEIGHT="20" WC="0.93" CONTENT="5"/><SP WIDTH="15" VPOS="206" HPOS="575"/>
							<String ID="string_13" HPOS="590" VPOS="204" WIDTH="11" HEIGHT="28" WC="0.91" CONTENT="$"/><SP WIDTH="15" VPOS="204" HPOS="601"/>
							<String ID="string_14" HPOS="616" VPOS="206" WIDTH="13" HEIGHT="20" WC="0.97" CONTENT="2"/><SP WIDTH="10" VPOS="206" HPOS="629"/>
							<String ID="string_15" HPOS="639" VPOS="205" WIDTH="48" HEIGHT="27" WC="0.95" CONTENT="kap."/><SP WIDTH="9" VPOS="205" HPOS="687"/>
							<String ID="string_16" HPOS="696" VPOS="204" WIDTH="132" HEIGHT="28" WC="0.95" CONTENT="strafflagen,"/>
						</TextLine>
						<TextLine ID="line_2" HPOS="74" VPOS="239" WIDTH="755" HEIGHT="28">
							<String ID="string_17" HPOS="74" VPOS="240" WIDTH="46" HEIGHT="22" WC="0.93" CONTENT="ifall"/><SP WIDTH="14" VPOS="240" HPOS="120"/>
							<String ID="string_18" HPOS="134" VPOS="241" WIDTH="81" HEIGHT="21" WC="0.93" CONTENT="brottet"/><SP WIDTH="15" VPOS="241" HPOS="215"/>
							<String ID="string_19" HPOS="230" VPOS="240" WIDTH="105" HEIGHT="22" WC="0.91" CONTENT="föröfvats"/><SP WIDTH="16" VPOS="240" HPOS="335"/>
							<String ID="string_20" HPOS="351" VPOS="239" WIDTH="52" HEIGHT="28" WC="0.96" CONTENT="efter"/><SP WIDTH="15" VPOS="239" HPOS="403"/>
							<String ID="string_21" HPOS="418" VPOS="240" WIDTH="92" HEIGHT="21" WC="0.93" CONTENT="berörda"/><SP WIDTH="14" VPOS="240" HPOS="510"/>
							<String ID="string_22" HPOS="524" VPOS="240" WIDTH="107" HEIGHT="26" WC="0.90" CONTENT="tidpunkt."/><SP WIDTH="30" VPOS="240" HPOS="631"/>
							<String ID="string_23" HPOS="661" VPOS="239" WIDTH="116" HEIGHT="27" WC="0.90" CONTENT="Medgifves"/><SP WIDTH="15" VPOS="239" HPOS="777"/>
							<String ID="string_24" HPOS="792" VPOS="245" WIDTH="37" HEIGHT="15" WC="0.91" CONTENT="en-"/>
						</TextLine>
						<TextLine ID="line_3" HPOS="74" VPOS="272" WIDTH="756" HEIGHT="28">
							<String ID="string_25" HPOS="74" VPOS="274" WIDTH="56" HEIGHT="26" WC="0.93" CONTENT="gång"/><SP WIDTH="23" VPOS="274" HPOS="130"/>
							<String ID="string_26" HPOS="153" VPOS="274" WIDTH="142" HEIGHT="22" WC="0.29" CONTENT="nästnämnda"/><SP WIDTH="23" VPOS="274" HPOS="295"/>
							<String ID="string_27" HPOS="318" VPOS="274" WIDTH="115" HEIGHT="26" WC="0.93" CONTENT="lindrigare"/><SP WIDTH="23" VPOS="274" HPOS="433"/>
							<String ID="string_28" HPOS="456" VPOS="272" WIDTH="206" HEIGHT="27" WC="0.92" CONTENT="förvandlingsstraff"/><SP WIDTH="19" VPOS="272" HPOS="662"/>
							<String ID="string_29" HPOS="681" VPOS="274" WIDTH="8" HEIGHT="20" WC="0.96" CONTENT="i"/><SP WIDTH="14" VPOS="274" HPOS="689"/>
							<String ID="string_30" HPOS="703" VPOS="274" WIDTH="36" HEIGHT="20" WC="0.96" CONTENT="det"/><SP WIDTH="15" VPOS="274" HPOS="739"/>
							<String ID="string_31" HPOS="754" VPOS="279" WIDTH="76" HEIGHT="15" WC="0.97" CONTENT="senare"/>
						</TextLine>
						<TextLine ID="line_4" HPOS="74" VPOS="307" WIDTH="754" HEIGHT="27">
							<String ID="string_32" HPOS="74" VPOS="307" WIDTH="66" HEIGHT="27" WC="0.96" CONTENT="fallet,"/><SP WIDTH="22" VPOS="307" HPOS="140"/>
							<String ID="string_33" HPOS="162" VPOS="307" WIDTH="24" HEIGHT="22" WC="0.93" CONTENT="sä"/><SP WIDTH="22" VPOS="307" HPOS="186"/>
							<String ID="string_34" HPOS="208" VPOS="308" WIDTH="67" HEIGHT="21" WC="0.96" CONTENT="finnes"/><SP WIDTH="16" VPOS="308" HPOS="275"/>
							<String ID="string_35" HPOS="291" VPOS="308" WIDTH="62" HEIGHT="26" WC="0.93" CONTENT="ingen"/><SP WIDTH="16" VPOS="308" HPOS="353"/>
							<String ID="string_36" HPOS="369" VPOS="308" WIDTH="113" HEIGHT="26" WC="0.96" CONTENT="anledning"/><SP WIDTH="15" VPOS="308" HPOS="482"/>
							<String ID="string_37" HPOS="497" VPOS="309" WIDTH="30" HEIGHT="19" WC="0.93" CONTENT="att"/><SP WIDTH="14" VPOS="309" HPOS="527"/>
							<String ID="string_38" HPOS="541" VPOS="307" WIDTH="139" HEIGHT="27" WC="0.92" CONTENT="undandraga"/><SP WIDTH="15" VPOS="307" HPOS="680"/>
							<String ID="string_39" HPOS="695" VPOS="307" WIDTH="41" HEIGHT="21" WC="0.93" CONTENT="den"/><SP WIDTH="14" VPOS="307" HPOS="736"/>
							<String ID="string_40" HPOS="750" VPOS="307" WIDTH="78" HEIGHT="21" WC="0.91" CONTENT="brotts-"/>
						</TextLine>
						<TextLine ID="line_5" HPOS="74" VPOS="340" WIDTH="675" HEIGHT="28">
							<String ID="string_41" HPOS="74" VPOS="342" WIDTH="42" HEIGHT="26" WC="0.92" CONTENT="lige"/><SP WIDTH="15" VPOS="342" HPOS="116"/>
							<String ID="string_42" HPOS="131" VPOS="348" WIDTH="83" HEIGHT="15" WC="0.93" CONTENT="samma"/><SP WIDTH="14" VPOS="348" HPOS="214"/>
							<String ID="string_43" HPOS="228" VPOS="341" WIDTH="91" HEIGHT="22" WC="0.92" CONTENT="mildare"/><SP WIDTH="14" VPOS="341" HPOS="319"/>
							<String ID="string_44" HPOS="333" VPOS="341" WIDTH="133" HEIGHT="21" WC="0.91" CONTENT="bedömande"/><SP WIDTH="16" VPOS="341" HPOS="466"/>
							<String ID="string_45" HPOS="482" VPOS="341" WIDTH="6" HEIGHT="21" WC="0.96" CONTENT="i"/><SP WIDTH="14" VPOS="341" HPOS="488"/>
							<String ID="string_46" HPOS="502" VPOS="342" WIDTH="41" HEIGHT="20" WC="0.93" CONTENT="den"/><SP WIDTH="14" VPOS="342" HPOS="543"/>
							<String ID="string_47" HPOS="557" VPOS="341" WIDTH="58" HEIGHT="21" WC="0.92" CONTENT="förra"/><SP WIDTH="13" VPOS="341" HPOS="615"/>
							<String ID="string_48" HPOS="628" VPOS="340" WIDTH="121" HEIGHT="22" WC="0.93" CONTENT="händelsen."/>
						</TextLine>
					</TextBlock>
					<TextBlock ID="block_2" HPOS="72" VPOS="374" WIDTH="756" HEIGHT="819">
						<TextLine ID="line_6" HPOS="143" VPOS="374" WIDTH="685" HEIGHT="28">
							<String ID="string_49" HPOS="143" VPOS="376" WIDTH="62" HEIGHT="21" WC="0.96" CONTENT="Hvad"/><SP WIDTH="21" VPOS="376" HPOS="205"/>
							<String ID="string_50" HPOS="226" VPOS="376" WIDTH="47" HEIGHT="21" WC="0.96" CONTENT="åter"/><SP WIDTH="14" VPOS="376" HPOS="273"/>
							<String ID="string_51" HPOS="287" VPOS="375" WIDTH="102" HEIGHT="22" WC="0.91" CONTENT="beträffar"/><SP WIDTH="15" VPOS="375" HPOS="389"/>
							<String ID="string_52" HPOS="404" VPOS="375" WIDTH="121" HEIGHT="22" WC="0.92" CONTENT="straffarten"/><SP WIDTH="14" VPOS="375" HPOS="525"/>
							<String ID="string_53" HPOS="539" VPOS="375" WIDTH="95" HEIGHT="27" WC="0.96" CONTENT="fängelse"/><SP WIDTH="14" VPOS="375" HPOS="634"/>
							<String ID="string_54" HPOS="648" VPOS="374" WIDTH="37" HEIGHT="22" WC="0.93" CONTENT="vid"/><SP WIDTH="14" VPOS="374" HPOS="685"/>
							<String ID="string_55" HPOS="699" VPOS="376" WIDTH="73" HEIGHT="20" WC="0.96" CONTENT="vatten"/><SP WIDTH="16" VPOS="376" HPOS="772"/>
							<String ID="string_56" HPOS="788" VPOS="375" WIDTH="40" HEIGHT="21" WC="0.96" CONTENT="och"/>
						</TextLine>
						<TextLine ID="line_7" HPOS="74" VPOS="408" WIDTH="754" HEIGHT="29">
							<String ID="string_57" HPOS="74" VPOS="410" WIDTH="60" HEIGHT="26" WC="0.93" CONTENT="bröd,"/><SP WIDTH="21" VPOS="410" HPOS="134"/>
							<String ID="string_58" HPOS="155" VPOS="410" WIDTH="85" HEIGHT="21" WC="0.96" CONTENT="hvilken"/><SP WIDTH="17" VPOS="410" HPOS="240"/>
							<String ID="string_59" HPOS="257" VPOS="410" WIDTH="77" HEIGHT="27" WC="0.95" CONTENT="nådiga"/><SP WIDTH="18" VPOS="410" HPOS="334"/>
							<String ID="string_60" HPOS="352" VPOS="410" WIDTH="159" HEIGHT="26" WC="0.90" CONTENT="propositionen"/><SP WIDTH="22" VPOS="410" HPOS="511"/>
							<String ID="string_61" HPOS="533" VPOS="410" WIDTH="111" HEIGHT="21" WC="0.95" CONTENT="bibehållit"/><SP WIDTH="20" VPOS="410" HPOS="644"/>
							<String ID="string_62" HPOS="664" VPOS="409" WIDTH="33" HEIGHT="21" WC="0.96" CONTENT="för"/><SP WIDTH="21" VPOS="409" HPOS="697"/>
							<String ID="string_63" HPOS="718" VPOS="410" WIDTH="43" HEIGHT="21" WC="0.96" CONTENT="alla"/><SP WIDTH="21" VPOS="410" HPOS="761"/>
							<String ID="string_64" HPOS="782" VPOS="408" WIDTH="46" HEIGHT="22" WC="0.96" CONTENT="före"/>
						</TextLine>
						<TextLine ID="line_8" HPOS="74" VPOS="443" WIDTH="754" HEIGHT="29">
							<String ID="string_65" HPOS="74" VPOS="444" WIDTH="136" HEIGHT="28" WC="0.89" CONTENT="strafflagens"/><SP WIDTH="21" VPOS="444" HPOS="210"/>
							<String ID="string_66" HPOS="231" VPOS="444" WIDTH="110" HEIGHT="22" WC="0.92" CONTENT="införande"/><SP WIDTH="22" VPOS="444" HPOS="341"/>
							<String ID="string_67" HPOS="363" VPOS="444" WIDTH="109" HEIGHT="21" WC="0.92" CONTENT="föröfvade"/><SP WIDTH="22" VPOS="444" HPOS="472"/>
							<String ID="string_68" HPOS="494" VPOS="444" WIDTH="65" HEIGHT="25" WC="0.72" CONTENT="brott,"/><SP WIDTH="22" VPOS="444" HPOS="559"/>
							<String ID="string_69" HPOS="581" VPOS="443" WIDTH="33" HEIGHT="22" WC="0.93" CONTENT="för"/><SP WIDTH="19" VPOS="443" HPOS="614"/>
							<String ID="string_70" HPOS="633" VPOS="443" WIDTH="72" HEIGHT="22" WC="0.96" CONTENT="hvilka"/><SP WIDTH="18" VPOS="443" HPOS="705"/>
							<String ID="string_71" HPOS="723" VPOS="444" WIDTH="36" HEIGHT="21" WC="0.96" CONTENT="det"/><SP WIDTH="14" VPOS="444" HPOS="759"/>
							<String ID="string_72" HPOS="773" VPOS="443" WIDTH="55" HEIGHT="22" WC="0.96" CONTENT="varit"/>
						</TextLine>
						<TextLine ID="line_9" HPOS="74" VPOS="477" WIDTH="754" HEIGHT="29">
							<String ID="string_73" HPOS="74" VPOS="479" WIDTH="100" HEIGHT="27" WC="0.92" CONTENT="antingen"/><SP WIDTH="26" VPOS="479" HPOS="174"/>
							<String ID="string_74" HPOS="200" VPOS="479" WIDTH="139" HEIGHT="26" WC="0.89" CONTENT="ovilkorligen"/><SP WIDTH="27" VPOS="479" HPOS="339"/>
							<String ID="string_75" HPOS="366" VPOS="479" WIDTH="51" HEIGHT="20" WC="0.91" CONTENT="eller"/><SP WIDTH="26" VPOS="479" HPOS="417"/>
							<String ID="string_76" HPOS="443" VPOS="479" WIDTH="69" HEIGHT="20" WC="0.93" CONTENT="såsom"/><SP WIDTH="26" VPOS="479" HPOS="512"/>
							<String ID="string_77" HPOS="538" VPOS="479" WIDTH="97" HEIGHT="26" WC="0.90" CONTENT="surrogat"/><SP WIDTH="21" VPOS="479" HPOS="635"/>
							<String ID="string_78" HPOS="656" VPOS="477" WIDTH="33" HEIGHT="22" WC="0.93" CONTENT="för"/><SP WIDTH="22" VPOS="477" HPOS="689"/>
							<String ID="string_79" HPOS="711" VPOS="478" WIDTH="62" HEIGHT="21" WC="0.93" CONTENT="böter"/><SP WIDTH="21" VPOS="478" HPOS="773"/>
							<String ID="string_80" HPOS="794" VPOS="480" WIDTH="34" HEIGHT="19" WC="0.92" CONTENT="ut-"/>
						</TextLine>
						<TextLine ID="line_10" HPOS="74" VPOS="513" WIDTH="753" HEIGHT="27">
							<String ID="string_81" HPOS="74" VPOS="515" WIDTH="43" HEIGHT="20" WC="0.96" CONTENT="satt"/><SP WIDTH="22" VPOS="515" HPOS="117"/>
							<String ID="string_82" HPOS="139" VPOS="514" WIDTH="52" HEIGHT="21" WC="0.96" CONTENT="eller"/><SP WIDTH="21" VPOS="514" HPOS="191"/>
							<String ID="string_83" HPOS="212" VPOS="513" WIDTH="33" HEIGHT="22" WC="0.93" CONTENT="för"/><SP WIDTH="23" VPOS="513" HPOS="245"/>
							<String ID="string_84" HPOS="268" VPOS="513" WIDTH="72" HEIGHT="22" WC="0.96" CONTENT="hvilka"/><SP WIDTH="17" VPOS="513" HPOS="340"/>
							<String ID="string_85" HPOS="357" VPOS="515" WIDTH="38" HEIGHT="25" WC="0.96" CONTENT="spö"/><SP WIDTH="23" VPOS="515" HPOS="395"/>
							<String ID="string_86" HPOS="418" VPOS="513" WIDTH="51" HEIGHT="21" WC="0.84" CONTENT="eller"/><SP WIDTH="15" VPOS="513" HPOS="469"/>
							<String ID="string_87" HPOS="484" VPOS="514" WIDTH="28" HEIGHT="21" WC="0.96" CONTENT="ris"/><SP WIDTH="23" VPOS="514" HPOS="512"/>
							<String ID="string_88" HPOS="535" VPOS="513" WIDTH="61" HEIGHT="26" WC="0.96" CONTENT="eljest"/><SP WIDTH="20" VPOS="513" HPOS="596"/>
							<String ID="string_89" HPOS="616" VPOS="513" WIDTH="48" HEIGHT="21" WC="0.93" CONTENT="bort"/><SP WIDTH="13" VPOS="513" HPOS="664"/>
							<String ID="string_90" HPOS="677" VPOS="513" WIDTH="58" HEIGHT="26" WC="0.96" CONTENT="följa,"/><SP WIDTH="16" VPOS="513" HPOS="735"/>
							<String ID="string_91" HPOS="751" VPOS="513" WIDTH="24" HEIGHT="21" WC="0.93" CONTENT="sä"/><SP WIDTH="15" VPOS="513" HPOS="775"/>
							<String ID="string_92" HPOS="790" VPOS="515" WIDTH="37" HEIGHT="19" WC="0.96" CONTENT="äro"/>
						</TextLine>
						<TextLine ID="line_11" HPOS="74" VPOS="547" WIDTH="754" HEIGHT="28">
							<String ID="string_93" HPOS="74" VPOS="547" WIDTH="125" HEIGHT="27" WC="0.90" CONTENT="Ständerna,"/><SP WIDTH="20" VPOS="547" HPOS="199"/>
							<String ID="string_94" HPOS="219" VPOS="550" WIDTH="52" HEIGHT="20" WC="0.96" CONTENT="enär"/><SP WIDTH="18" VPOS="550" HPOS="271"/>
							<String ID="string_95" HPOS="289" VPOS="547" WIDTH="86" HEIGHT="28" WC="0.96" CONTENT="upplyst"/><SP WIDTH="20" VPOS="547" HPOS="375"/>
							<String ID="string_96" HPOS="395" VPOS="547" WIDTH="76" HEIGHT="27" WC="0.96" CONTENT="blifvit,"/><SP WIDTH="18" VPOS="547" HPOS="471"/>
							<String ID="string_97" HPOS="489" VPOS="549" WIDTH="32" HEIGHT="20" WC="0.93" CONTENT="att"/><SP WIDTH="18" VPOS="549" HPOS="521"/>
							<String ID="string_98" HPOS="539" VPOS="547" WIDTH="206" HEIGHT="27" WC="0.92" CONTENT="fängelseväsendets"/><SP WIDTH="23" VPOS="547" HPOS="745"/>
							<String ID="string_99" HPOS="768" VPOS="547" WIDTH="60" HEIGHT="22" WC="0.96" CONTENT="skick"/>
						</TextLine>
						<TextLine ID="line_12" HPOS="73" VPOS="582" WIDTH="754" HEIGHT="27">
							<String ID="string_100" HPOS="73" VPOS="582" WIDTH="47" HEIGHT="22" WC="0.96" CONTENT="icke"/><SP WIDTH="22" VPOS="582" HPOS="120"/>
							<String ID="string_101" HPOS="142" VPOS="589" WIDTH="88" HEIGHT="15" WC="0.93" CONTENT="numera"/><SP WIDTH="23" VPOS="589" HPOS="230"/>
							<String ID="string_102" HPOS="253" VPOS="582" WIDTH="73" HEIGHT="21" WC="0.93" CONTENT="dervid"/><SP WIDTH="22" VPOS="582" HPOS="326"/>
							<String ID="string_103" HPOS="348" VPOS="582" WIDTH="73" HEIGHT="22" WC="0.96" CONTENT="ställer"/><SP WIDTH="22" VPOS="582" HPOS="421"/>
							<String ID="string_104" HPOS="443" VPOS="582" WIDTH="66" HEIGHT="27" WC="0.96" CONTENT="några"/><SP WIDTH="20" VPOS="582" HPOS="509"/>
							<String ID="string_105" HPOS="529" VPOS="582" WIDTH="76" HEIGHT="21" WC="0.95" CONTENT="hinder"/><SP WIDTH="22" VPOS="582" HPOS="605"/>
							<String ID="string_106" HPOS="627" VPOS="582" WIDTH="7" HEIGHT="20" WC="0.96" CONTENT="i"/><SP WIDTH="21" VPOS="582" HPOS="634"/>
							<String ID="string_107" HPOS="655" VPOS="584" WIDTH="74" HEIGHT="24" WC="0.96" CONTENT="vägen,"/><SP WIDTH="20" VPOS="584" HPOS="729"/>
							<String ID="string_108" HPOS="749" VPOS="582" WIDTH="24" HEIGHT="21" WC="0.96" CONTENT="af"/><SP WIDTH="13" VPOS="582" HPOS="773"/>
							<String ID="string_109" HPOS="786" VPOS="582" WIDTH="41" HEIGHT="21" WC="0.96" CONTENT="den"/>
						</TextLine>
						<TextLine ID="line_13" HPOS="74" VPOS="615" WIDTH="753" HEIGHT="29">
							<String ID="string_110" HPOS="74" VPOS="617" WIDTH="61" HEIGHT="27" WC="0.92" CONTENT="åsigt,"/><SP WIDTH="15" VPOS="617" HPOS="135"/>
							<String ID="string_111" HPOS="150" VPOS="618" WIDTH="32" HEIGHT="20" WC="0.92" CONTENT="att"/><SP WIDTH="14" VPOS="618" HPOS="182"/>
							<String ID="string_112" HPOS="196" VPOS="616" WIDTH="139" HEIGHT="22" WC="0.91" CONTENT="omförmälda"/><SP WIDTH="15" VPOS="616" HPOS="335"/>
							<String ID="string_113" HPOS="350" VPOS="616" WIDTH="23" HEIGHT="22" WC="0.96" CONTENT="af"/><SP WIDTH="14" VPOS="616" HPOS="373"/>
							<String ID="string_114" HPOS="387" VPOS="616" WIDTH="123" HEIGHT="28" WC="0.96" CONTENT="strafflagen"/><SP WIDTH="16" VPOS="616" HPOS="510"/>
							<String ID="string_115" HPOS="526" VPOS="616" WIDTH="61" HEIGHT="27" WC="0.93" CONTENT="eljest"/><SP WIDTH="14" VPOS="616" HPOS="587"/>
							<String ID="string_116" HPOS="601" VPOS="616" WIDTH="145" HEIGHT="21" WC="0.92" CONTENT="utmönstrade"/><SP WIDTH="10" VPOS="616" HPOS="746"/>
							<String ID="string_117" HPOS="756" VPOS="615" WIDTH="71" HEIGHT="22" WC="0.90" CONTENT="straff-"/>
						</TextLine>
						<TextLine ID="line_14" HPOS="73" VPOS="650" WIDTH="754" HEIGHT="28">
							<String ID="string_118" HPOS="73" VPOS="651" WIDTH="76" HEIGHT="27" WC="0.95" CONTENT="medel,"/><SP WIDTH="23" VPOS="651" HPOS="149"/>
							<String ID="string_119" HPOS="172" VPOS="651" WIDTH="24" HEIGHT="22" WC="0.96" CONTENT="så"/><SP WIDTH="22" VPOS="651" HPOS="196"/>
							<String ID="string_120" HPOS="218" VPOS="652" WIDTH="59" HEIGHT="20" WC="0.96" CONTENT="snart"/><SP WIDTH="22" VPOS="652" HPOS="277"/>
							<String ID="string_121" HPOS="299" VPOS="651" WIDTH="41" HEIGHT="21" WC="0.96" CONTENT="den"/><SP WIDTH="21" VPOS="651" HPOS="340"/>
							<String ID="string_122" HPOS="361" VPOS="657" WIDTH="42" HEIGHT="20" WC="0.94" CONTENT="nya"/><SP WIDTH="22" VPOS="657" HPOS="403"/>
							<String ID="string_123" HPOS="425" VPOS="650" WIDTH="62" HEIGHT="27" WC="0.96" CONTENT="lagen"/><SP WIDTH="18" VPOS="650" HPOS="487"/>
							<String ID="string_124" HPOS="505" VPOS="651" WIDTH="74" HEIGHT="21" WC="0.96" CONTENT="träder"/><SP WIDTH="14" VPOS="651" HPOS="579"/>
							<String ID="string_125" HPOS="593" VPOS="650" WIDTH="7" HEIGHT="22" WC="0.96" CONTENT="i"/><SP WIDTH="15" VPOS="650" HPOS="600"/>
							<String ID="string_126" HPOS="615" VPOS="650" WIDTH="64" HEIGHT="26" WC="0.96" CONTENT="kraft,"/><SP WIDTH="14" VPOS="650" HPOS="679"/>
							<String ID="string_127" HPOS="693" VPOS="650" WIDTH="47" HEIGHT="22" WC="0.96" CONTENT="icke"/><SP WIDTH="14" VPOS="650" HPOS="740"/>
							<String ID="string_128" HPOS="754" VPOS="650" WIDTH="73" HEIGHT="21" WC="0.96" CONTENT="vidare"/>
						</TextLine>
						<TextLine ID="line_15" HPOS="75" VPOS="684" WIDTH="752" HEIGHT="28">
							<String ID="string_129" HPOS="75" VPOS="686" WIDTH="40" HEIGHT="20" WC="0.93" CONTENT="bör"/><SP WIDTH="22" VPOS="686" HPOS="115"/>
							<String ID="string_130" HPOS="137" VPOS="686" WIDTH="86" HEIGHT="21" WC="0.91" CONTENT="ådömas"/><SP WIDTH="15" VPOS="686" HPOS="223"/>
							<String ID="string_131" HPOS="238" VPOS="687" WIDTH="52" HEIGHT="19" WC="0.93" CONTENT="utan"/><SP WIDTH="16" VPOS="687" HPOS="290"/>
							<String ID="string_132" HPOS="306" VPOS="685" WIDTH="85" HEIGHT="27" WC="0.91" CONTENT="utbytas"/><SP WIDTH="14" VPOS="685" HPOS="391"/>
							<String ID="string_133" HPOS="405" VPOS="686" WIDTH="46" HEIGHT="20" WC="0.96" CONTENT="mot"/><SP WIDTH="14" VPOS="686" HPOS="451"/>
							<String ID="string_134" HPOS="465" VPOS="685" WIDTH="71" HEIGHT="27" WC="0.96" CONTENT="enkelt"/><SP WIDTH="14" VPOS="685" HPOS="536"/>
							<String ID="string_135" HPOS="550" VPOS="685" WIDTH="101" HEIGHT="27" WC="0.93" CONTENT="fängelse."/><SP WIDTH="30" VPOS="685" HPOS="651"/>
							<String ID="string_136" HPOS="681" VPOS="684" WIDTH="146" HEIGHT="22" WC="0.90" CONTENT="Grundsatsen"/>
						</TextLine>
						<TextLine ID="line_16" HPOS="76" VPOS="719" WIDTH="751" HEIGHT="27">
							<String ID="string_137" HPOS="76" VPOS="721" WIDTH="31" HEIGHT="20" WC="0.96" CONTENT="att"/><SP WIDTH="18" VPOS="721" HPOS="107"/>
							<String ID="string_138" HPOS="125" VPOS="726" WIDTH="27" HEIGHT="20" WC="0.96" CONTENT="ny"/><SP WIDTH="15" VPOS="726" HPOS="152"/>
							<String ID="string_139" HPOS="167" VPOS="720" WIDTH="35" HEIGHT="26" WC="0.96" CONTENT="lag"/><SP WIDTH="14" VPOS="720" HPOS="202"/>
							<String ID="string_140" HPOS="216" VPOS="720" WIDTH="47" HEIGHT="21" WC="0.96" CONTENT="icke"/><SP WIDTH="16" VPOS="720" HPOS="263"/>
							<String ID="string_141" HPOS="279" VPOS="720" WIDTH="32" HEIGHT="21" WC="0.96" CONTENT="får"/><SP WIDTH="15" VPOS="720" HPOS="311"/>
							<String ID="string_142" HPOS="326" VPOS="719" WIDTH="63" HEIGHT="21" WC="0.96" CONTENT="hafva"/><SP WIDTH="15" VPOS="719" HPOS="389"/>
							<String ID="string_143" HPOS="404" VPOS="719" WIDTH="116" HEIGHT="21" WC="0.96" CONTENT="retroaktiv"/><SP WIDTH="15" VPOS="719" HPOS="520"/>
							<String ID="string_144" HPOS="535" VPOS="719" WIDTH="80" HEIGHT="21" WC="0.91" CONTENT="verkan"/><SP WIDTH="14" VPOS="719" HPOS="615"/>
							<String ID="string_145" HPOS="629" VPOS="731" WIDTH="27" HEIGHT="3" WC="0.91" CONTENT="—"/><SP WIDTH="17" VPOS="731" HPOS="656"/>
							<String ID="string_146" HPOS="673" VPOS="726" WIDTH="25" HEIGHT="14" WC="0.96" CONTENT="en"/><SP WIDTH="15" VPOS="726" HPOS="698"/>
							<String ID="string_147" HPOS="713" VPOS="719" WIDTH="114" HEIGHT="26" WC="0.96" CONTENT="grundsats"/>
						</TextLine>
						<TextLine ID="line_17" HPOS="75" VPOS="753" WIDTH="751" HEIGHT="28">
							<String ID="string_148" HPOS="75" VPOS="760" WIDTH="46" HEIGHT="16" WC="0.96" CONTENT="som"/><SP WIDTH="22" VPOS="760" HPOS="121"/>
							<String ID="string_149" HPOS="143" VPOS="754" WIDTH="33" HEIGHT="21" WC="0.96" CONTENT="för"/><SP WIDTH="23" VPOS="754" HPOS="176"/>
							<String ID="string_150" HPOS="199" VPOS="754" WIDTH="63" HEIGHT="27" WC="0.95" CONTENT="öfrigt"/><SP WIDTH="15" VPOS="754" HPOS="262"/>
							<String ID="string_151" HPOS="277" VPOS="755" WIDTH="7" HEIGHT="20" WC="0.96" CONTENT="i"/><SP WIDTH="15" VPOS="755" HPOS="284"/>
							<String ID="string_152" HPOS="299" VPOS="754" WIDTH="68" HEIGHT="21" WC="0.96" CONTENT="teorin"/><SP WIDTH="16" VPOS="754" HPOS="367"/>
							<String ID="string_153" HPOS="383" VPOS="753" WIDTH="70" HEIGHT="22" WC="0.96" CONTENT="blifvit"/><SP WIDTH="14" VPOS="753" HPOS="453"/>
							<String ID="string_154" HPOS="467" VPOS="754" WIDTH="54" HEIGHT="21" WC="0.96" CONTENT="både"/><SP WIDTH="16" VPOS="754" HPOS="521"/>
							<String ID="string_155" HPOS="537" VPOS="753" WIDTH="80" HEIGHT="22" WC="0.96" CONTENT="erkänd"/><SP WIDTH="16" VPOS="753" HPOS="617"/>
							<String ID="string_156" HPOS="633" VPOS="753" WIDTH="39" HEIGHT="21" WC="0.92" CONTENT="och"/><SP WIDTH="15" VPOS="753" HPOS="672"/>
							<String ID="string_157" HPOS="687" VPOS="753" WIDTH="97" HEIGHT="22" WC="0.90" CONTENT="bestridd"/><SP WIDTH="14" VPOS="753" HPOS="784"/>
							<String ID="string_158" HPOS="798" VPOS="765" WIDTH="28" HEIGHT="3" WC="0.92" CONTENT="—"/>
						</TextLine>
						<TextLine ID="line_18" HPOS="75" VPOS="788" WIDTH="752" HEIGHT="27">
							<String ID="string_159" HPOS="75" VPOS="788" WIDTH="42" HEIGHT="22" WC="0.96" CONTENT="kan"/><SP WIDTH="15" VPOS="788" HPOS="117"/>
							<String ID="string_160" HPOS="132" VPOS="788" WIDTH="74" HEIGHT="22" WC="0.96" CONTENT="härvid"/><SP WIDTH="15" VPOS="788" HPOS="206"/>
							<String ID="string_161" HPOS="221" VPOS="788" WIDTH="47" HEIGHT="22" WC="0.96" CONTENT="icke"/><SP WIDTH="15" VPOS="788" HPOS="268"/>
							<String ID="string_162" HPOS="283" VPOS="788" WIDTH="78" HEIGHT="22" WC="0.96" CONTENT="bereda"/><SP WIDTH="14" VPOS="788" HPOS="361"/>
							<String ID="string_163" HPOS="375" VPOS="788" WIDTH="66" HEIGHT="27" WC="0.96" CONTENT="några"/><SP WIDTH="11" VPOS="788" HPOS="441"/>
							<String ID="string_164" HPOS="452" VPOS="788" WIDTH="135" HEIGHT="26" WC="0.95" CONTENT="svårigheter,"/><SP WIDTH="12" VPOS="788" HPOS="587"/>
							<String ID="string_165" HPOS="599" VPOS="793" WIDTH="33" HEIGHT="15" WC="0.96" CONTENT="om"/><SP WIDTH="11" VPOS="793" HPOS="632"/>
							<String ID="string_166" HPOS="643" VPOS="794" WIDTH="26" HEIGHT="14" WC="0.96" CONTENT="en"/><SP WIDTH="11" VPOS="794" HPOS="669"/>
							<String ID="string_167" HPOS="680" VPOS="788" WIDTH="68" HEIGHT="26" WC="0.96" CONTENT="skälig"/><SP WIDTH="9" VPOS="788" HPOS="748"/>
							<String ID="string_168" HPOS="757" VPOS="788" WIDTH="70" HEIGHT="26" WC="0.96" CONTENT="grund"/>
						</TextLine>
						<TextLine ID="line_19" HPOS="75" VPOS="822" WIDTH="752" HEIGHT="28">
							<String ID="string_169" HPOS="75" VPOS="823" WIDTH="34" HEIGHT="21" WC="0.93" CONTENT="för"/><SP WIDTH="22" VPOS="823" HPOS="109"/>
							<String ID="string_170" HPOS="131" VPOS="823" WIDTH="93" HEIGHT="27" WC="0.92" CONTENT="antydda"/><SP WIDTH="20" VPOS="823" HPOS="224"/>
							<String ID="string_171" HPOS="244" VPOS="822" WIDTH="134" HEIGHT="27" WC="0.93" CONTENT="förvandling"/><SP WIDTH="22" VPOS="822" HPOS="378"/>
							<String ID="string_172" HPOS="400" VPOS="822" WIDTH="75" HEIGHT="22" WC="0.92" CONTENT="varder"/><SP WIDTH="23" VPOS="822" HPOS="475"/>
							<String ID="string_173" HPOS="498" VPOS="823" WIDTH="6" HEIGHT="21" WC="0.96" CONTENT="i"/><SP WIDTH="15" VPOS="823" HPOS="504"/>
							<String ID="string_174" HPOS="519" VPOS="822" WIDTH="61" HEIGHT="27" WC="0.95" CONTENT="lagen"/><SP WIDTH="15" VPOS="822" HPOS="580"/>
							<String ID="string_175" HPOS="595" VPOS="822" WIDTH="104" HEIGHT="21" WC="0.96" CONTENT="bestämd."/><SP WIDTH="30" VPOS="822" HPOS="699"/>
							<String ID="string_176" HPOS="729" VPOS="822" WIDTH="47" HEIGHT="21" WC="0.89" CONTENT="Den"/><SP WIDTH="14" VPOS="822" HPOS="776"/>
							<String ID="string_177" HPOS="790" VPOS="822" WIDTH="8" HEIGHT="21" WC="0.26" CONTENT="i"/><SP WIDTH="14" VPOS="822" HPOS="798"/>
							<String ID="string_178" HPOS="812" VPOS="822" WIDTH="15" HEIGHT="21" WC="0.26" CONTENT="4"/>
						</TextLine>
						<TextLine ID="line_20" HPOS="75" VPOS="856" WIDTH="751" HEIGHT="28">
							<String ID="string_179" HPOS="75" VPOS="857" WIDTH="94" HEIGHT="27" WC="0.96" CONTENT="punkten"/><SP WIDTH="19" VPOS="857" HPOS="169"/>
							<String ID="string_180" HPOS="188" VPOS="857" WIDTH="22" HEIGHT="21" WC="0.95" CONTENT="af"/><SP WIDTH="12" VPOS="857" HPOS="210"/>
							<String ID="string_181" HPOS="222" VPOS="857" WIDTH="15" HEIGHT="21" WC="0.96" CONTENT="4"/><SP WIDTH="15" VPOS="857" HPOS="237"/>
							<String ID="string_182" HPOS="252" VPOS="858" WIDTH="13" HEIGHT="25" WC="0.43" CONTENT="S"/><SP WIDTH="14" VPOS="858" HPOS="265"/>
							<String ID="string_183" HPOS="279" VPOS="857" WIDTH="34" HEIGHT="21" WC="0.96" CONTENT="för"/><SP WIDTH="15" VPOS="857" HPOS="313"/>
							<String ID="string_184" HPOS="328" VPOS="857" WIDTH="37" HEIGHT="21" WC="0.93" CONTENT="der"/><SP WIDTH="14" VPOS="857" HPOS="365"/>
							<String ID="string_185" HPOS="379" VPOS="857" WIDTH="89" HEIGHT="21" WC="0.91" CONTENT="nämndt"/><SP WIDTH="14" VPOS="857" HPOS="468"/>
							<String ID="string_186" HPOS="482" VPOS="857" WIDTH="37" HEIGHT="21" WC="0.95" CONTENT="fall"/><SP WIDTH="15" VPOS="857" HPOS="519"/>
							<String ID="string_187" HPOS="534" VPOS="858" WIDTH="81" HEIGHT="20" WC="0.95" CONTENT="utsatta"/><SP WIDTH="15" VPOS="858" HPOS="615"/>
							<String ID="string_188" HPOS="630" VPOS="856" WIDTH="67" HEIGHT="26" WC="0.96" CONTENT="grund"/><SP WIDTH="16" VPOS="856" HPOS="697"/>
							<String ID="string_189" HPOS="713" VPOS="856" WIDTH="52" HEIGHT="21" WC="0.93" CONTENT="eller"/><SP WIDTH="15" VPOS="856" HPOS="765"/>
							<String ID="string_190" HPOS="780" VPOS="856" WIDTH="46" HEIGHT="21" WC="0.92" CONTENT="fän-"/>
						</TextLine>
						<TextLine ID="line_21" HPOS="74" VPOS="890" WIDTH="752" HEIGHT="28">
							<String ID="string_191" HPOS="74" VPOS="891" WIDTH="58" HEIGHT="27" WC="0.91" CONTENT="gelse"/><SP WIDTH="22" VPOS="891" HPOS="132"/>
							<String ID="string_192" HPOS="154" VPOS="892" WIDTH="7" HEIGHT="20" WC="0.96" CONTENT="i"/><SP WIDTH="21" VPOS="892" HPOS="161"/>
							<String ID="string_193" HPOS="182" VPOS="891" WIDTH="48" HEIGHT="27" WC="0.96" CONTENT="fyra"/><SP WIDTH="18" VPOS="891" HPOS="230"/>
							<String ID="string_194" HPOS="248" VPOS="891" WIDTH="79" HEIGHT="27" WC="0.96" CONTENT="gånger"/><SP WIDTH="20" VPOS="891" HPOS="327"/>
							<String ID="string_195" HPOS="347" VPOS="891" WIDTH="23" HEIGHT="21" WC="0.96" CONTENT="så"/><SP WIDTH="14" VPOS="891" HPOS="370"/>
							<String ID="string_196" HPOS="384" VPOS="890" WIDTH="50" HEIGHT="27" WC="0.96" CONTENT="lång"/><SP WIDTH="14" VPOS="890" HPOS="434"/>
							<String ID="string_197" HPOS="448" VPOS="891" WIDTH="31" HEIGHT="21" WC="0.96" CONTENT="tid"/><SP WIDTH="14" VPOS="891" HPOS="479"/>
							<String ID="string_198" HPOS="493" VPOS="898" WIDTH="46" HEIGHT="14" WC="0.96" CONTENT="som"/><SP WIDTH="14" VPOS="898" HPOS="539"/>
							<String ID="string_199" HPOS="553" VPOS="891" WIDTH="59" HEIGHT="21" WC="0.96" CONTENT="tiden"/><SP WIDTH="14" VPOS="891" HPOS="612"/>
							<String ID="string_200" HPOS="626" VPOS="890" WIDTH="33" HEIGHT="22" WC="0.96" CONTENT="för"/><SP WIDTH="14" VPOS="890" HPOS="659"/>
							<String ID="string_201" HPOS="673" VPOS="890" WIDTH="104" HEIGHT="27" WC="0.96" CONTENT="fängelset"/><SP WIDTH="14" VPOS="890" HPOS="777"/>
							<String ID="string_202" HPOS="791" VPOS="890" WIDTH="35" HEIGHT="21" WC="0.96" CONTENT="vid"/>
						</TextLine>
						<TextLine ID="line_22" HPOS="74" VPOS="924" WIDTH="752" HEIGHT="28">
							<String ID="string_203" HPOS="74" VPOS="927" WIDTH="72" HEIGHT="20" WC="0.96" CONTENT="vatten"/><SP WIDTH="23" VPOS="927" HPOS="146"/>
							<String ID="string_204" HPOS="169" VPOS="926" WIDTH="39" HEIGHT="20" WC="0.96" CONTENT="och"/><SP WIDTH="21" VPOS="926" HPOS="208"/>
							<String ID="string_205" HPOS="229" VPOS="925" WIDTH="62" HEIGHT="27" WC="0.96" CONTENT="bröd,"/><SP WIDTH="16" VPOS="925" HPOS="291"/>
							<String ID="string_206" HPOS="307" VPOS="931" WIDTH="60" HEIGHT="21" WC="0.96" CONTENT="synes"/><SP WIDTH="16" VPOS="931" HPOS="367"/>
							<String ID="string_207" HPOS="383" VPOS="925" WIDTH="65" HEIGHT="21" WC="0.96" CONTENT="likväl"/><SP WIDTH="15" VPOS="925" HPOS="448"/>
							<String ID="string_208" HPOS="463" VPOS="932" WIDTH="50" HEIGHT="14" WC="0.96" CONTENT="vara"/><SP WIDTH="15" VPOS="932" HPOS="513"/>
							<String ID="string_209" HPOS="528" VPOS="925" WIDTH="33" HEIGHT="21" WC="0.96" CONTENT="för"/><SP WIDTH="14" VPOS="925" HPOS="561"/>
							<String ID="string_210" HPOS="575" VPOS="926" WIDTH="79" HEIGHT="25" WC="0.96" CONTENT="sträng,"/><SP WIDTH="15" VPOS="926" HPOS="654"/>
							<String ID="string_211" HPOS="669" VPOS="924" WIDTH="80" HEIGHT="22" WC="0.96" CONTENT="hvilket"/><SP WIDTH="15" VPOS="924" HPOS="749"/>
							<String ID="string_212" HPOS="764" VPOS="924" WIDTH="62" HEIGHT="22" WC="0.96" CONTENT="äfven"/>
						</TextLine>
						<TextLine ID="line_23" HPOS="74" VPOS="959" WIDTH="753" HEIGHT="28">
							<String ID="string_213" HPOS="74" VPOS="960" WIDTH="92" HEIGHT="27" WC="0.96" CONTENT="framgår"/><SP WIDTH="15" VPOS="960" HPOS="166"/>
							<String ID="string_214" HPOS="181" VPOS="960" WIDTH="66" HEIGHT="26" WC="0.96" CONTENT="deraf,"/><SP WIDTH="16" VPOS="960" HPOS="247"/>
							<String ID="string_215" HPOS="263" VPOS="961" WIDTH="32" HEIGHT="20" WC="0.96" CONTENT="att"/><SP WIDTH="14" VPOS="961" HPOS="295"/>
							<String ID="string_216" HPOS="309" VPOS="960" WIDTH="82" HEIGHT="26" WC="0.96" CONTENT="längsta"/><SP WIDTH="15" VPOS="960" HPOS="391"/>
							<String ID="string_217" HPOS="406" VPOS="960" WIDTH="31" HEIGHT="21" WC="0.96" CONTENT="tid"/><SP WIDTH="15" VPOS="960" HPOS="437"/>
							<String ID="string_218" HPOS="452" VPOS="960" WIDTH="33" HEIGHT="21" WC="0.96" CONTENT="för"/><SP WIDTH="10" VPOS="960" HPOS="485"/>
							<String ID="string_219" HPOS="495" VPOS="960" WIDTH="93" HEIGHT="26" WC="0.96" CONTENT="fängelse"/><SP WIDTH="7" VPOS="960" HPOS="588"/>
							<String ID="string_220" HPOS="595" VPOS="960" WIDTH="35" HEIGHT="21" WC="0.96" CONTENT="vid"/><SP WIDTH="11" VPOS="960" HPOS="630"/>
							<String ID="string_221" HPOS="641" VPOS="961" WIDTH="71" HEIGHT="19" WC="0.96" CONTENT="vatten"/><SP WIDTH="11" VPOS="961" HPOS="712"/>
							<String ID="string_222" HPOS="723" VPOS="959" WIDTH="39" HEIGHT="21" WC="0.96" CONTENT="och"/><SP WIDTH="10" VPOS="959" HPOS="762"/>
							<String ID="string_223" HPOS="772" VPOS="959" WIDTH="55" HEIGHT="21" WC="0.95" CONTENT="bröd"/>
						</TextLine>
						<TextLine ID="line_24" HPOS="74" VPOS="993" WIDTH="752" HEIGHT="28">
							<String ID="string_224" HPOS="74" VPOS="994" WIDTH="41" HEIGHT="22" WC="0.96" CONTENT="enl."/><SP WIDTH="22" VPOS="994" HPOS="115"/>
							<String ID="string_225" HPOS="137" VPOS="995" WIDTH="15" HEIGHT="21" WC="0.93" CONTENT="4"/><SP WIDTH="22" VPOS="995" HPOS="152"/>
							<String ID="string_226" HPOS="174" VPOS="994" WIDTH="13" HEIGHT="26" WC="0.87" CONTENT="&amp;"/><SP WIDTH="21" VPOS="994" HPOS="187"/>
							<String ID="string_227" HPOS="208" VPOS="994" WIDTH="14" HEIGHT="22" WC="0.96" CONTENT="5"/><SP WIDTH="14" VPOS="994" HPOS="222"/>
							<String ID="string_228" HPOS="236" VPOS="994" WIDTH="49" HEIGHT="27" WC="0.96" CONTENT="kap."/><SP WIDTH="22" VPOS="994" HPOS="285"/>
							<String ID="string_229" HPOS="307" VPOS="994" WIDTH="21" HEIGHT="21" WC="0.85" CONTENT="S."/><SP WIDTH="14" VPOS="994" HPOS="328"/>
							<String ID="string_230" HPOS="342" VPOS="994" WIDTH="24" HEIGHT="21" WC="0.92" CONTENT="B."/><SP WIDTH="16" VPOS="994" HPOS="366"/>
							<String ID="string_231" HPOS="382" VPOS="996" WIDTH="23" HEIGHT="19" WC="0.93" CONTENT="är"/><SP WIDTH="15" VPOS="996" HPOS="405"/>
							<String ID="string_232" HPOS="420" VPOS="994" WIDTH="107" HEIGHT="27" WC="0.92" CONTENT="tjuguåtta"/><SP WIDTH="15" VPOS="994" HPOS="527"/>
							<String ID="string_233" HPOS="542" VPOS="994" WIDTH="71" HEIGHT="26" WC="0.96" CONTENT="dagar,"/><SP WIDTH="17" VPOS="994" HPOS="613"/>
							<String ID="string_234" HPOS="630" VPOS="994" WIDTH="38" HEIGHT="21" WC="0.97" CONTENT="och"/><SP WIDTH="16" VPOS="994" HPOS="668"/>
							<String ID="string_235" HPOS="684" VPOS="993" WIDTH="33" HEIGHT="21" WC="0.96" CONTENT="för"/><SP WIDTH="14" VPOS="993" HPOS="717"/>
							<String ID="string_236" HPOS="731" VPOS="993" WIDTH="95" HEIGHT="27" WC="0.95" CONTENT="fängelse"/>
						</TextLine>
						<TextLine ID="line_25" HPOS="74" VPOS="1028" WIDTH="752" HEIGHT="28">
							<String ID="string_237" HPOS="74" VPOS="1028" WIDTH="65" HEIGHT="28" WC="0.95" CONTENT="enligt"/><SP WIDTH="21" VPOS="1028" HPOS="139"/>
							<String ID="string_238" HPOS="160" VPOS="1029" WIDTH="14" HEIGHT="21" WC="0.93" CONTENT="5"/><SP WIDTH="18" VPOS="1029" HPOS="174"/>
							<String ID="string_239" HPOS="192" VPOS="1030" WIDTH="13" HEIGHT="25" WC="0.68" CONTENT="&amp;"/><SP WIDTH="21" VPOS="1030" HPOS="205"/>
							<String ID="string_240" HPOS="226" VPOS="1029" WIDTH="14" HEIGHT="21" WC="0.96" CONTENT="2"/><SP WIDTH="15" VPOS="1029" HPOS="240"/>
							<String ID="string_241" HPOS="255" VPOS="1029" WIDTH="50" HEIGHT="27" WC="0.96" CONTENT="kap."/><SP WIDTH="15" VPOS="1029" HPOS="305"/>
							<String ID="string_242" HPOS="320" VPOS="1028" WIDTH="123" HEIGHT="27" WC="0.95" CONTENT="strafflagen"/><SP WIDTH="16" VPOS="1028" HPOS="443"/>
							<String ID="string_243" HPOS="459" VPOS="1028" WIDTH="61" HEIGHT="21" WC="0.96" CONTENT="nittio"/><SP WIDTH="16" VPOS="1028" HPOS="520"/>
							<String ID="string_244" HPOS="536" VPOS="1028" WIDTH="71" HEIGHT="27" WC="0.96" CONTENT="dagar,"/><SP WIDTH="15" VPOS="1028" HPOS="607"/>
							<String ID="string_245" HPOS="622" VPOS="1028" WIDTH="52" HEIGHT="21" WC="0.96" CONTENT="eller"/><SP WIDTH="15" VPOS="1028" HPOS="674"/>
							<String ID="string_246" HPOS="689" VPOS="1028" WIDTH="89" HEIGHT="26" WC="0.97" CONTENT="ungefär"/><SP WIDTH="14" VPOS="1028" HPOS="778"/>
							<String ID="string_247" HPOS="792" VPOS="1029" WIDTH="34" HEIGHT="19" WC="0.96" CONTENT="tre"/>
						</TextLine>
						<TextLine ID="line_26" HPOS="73" VPOS="1062" WIDTH="751" HEIGHT="28">
							<String ID="string_248" HPOS="73" VPOS="1062" WIDTH="80" HEIGHT="28" WC="0.96" CONTENT="gånger"/><SP WIDTH="18" VPOS="1062" HPOS="153"/>
							<String ID="string_249" HPOS="171" VPOS="1070" WIDTH="65" HEIGHT="14" WC="0.93" CONTENT="mera."/><SP WIDTH="31" VPOS="1070" HPOS="236"/>
							<String ID="string_250" HPOS="267" VPOS="1063" WIDTH="119" HEIGHT="21" WC="0.92" CONTENT="Ständerna"/><SP WIDTH="14" VPOS="1063" HPOS="386"/>
							<String ID="string_251" HPOS="400" VPOS="1069" WIDTH="57" HEIGHT="20" WC="0.96" CONTENT="anse,"/><SP WIDTH="16" VPOS="1069" HPOS="457"/>
							<String ID="string_252" HPOS="473" VPOS="1064" WIDTH="32" HEIGHT="20" WC="0.96" CONTENT="att"/><SP WIDTH="15" VPOS="1064" HPOS="505"/>
							<String ID="string_253" HPOS="520" VPOS="1069" WIDTH="34" HEIGHT="15" WC="0.96" CONTENT="om"/><SP WIDTH="15" VPOS="1069" HPOS="554"/>
							<String ID="string_254" HPOS="569" VPOS="1062" WIDTH="42" HEIGHT="22" WC="0.96" CONTENT="den"/><SP WIDTH="15" VPOS="1062" HPOS="611"/>
							<String ID="string_255" HPOS="626" VPOS="1068" WIDTH="60" HEIGHT="16" WC="0.96" CONTENT="norm"/><SP WIDTH="15" VPOS="1068" HPOS="686"/>
							<String ID="string_256" HPOS="701" VPOS="1062" WIDTH="123" HEIGHT="26" WC="0.96" CONTENT="fastställes,"/>
						</TextLine>
						<TextLine ID="line_27" HPOS="74" VPOS="1096" WIDTH="752" HEIGHT="28">
							<String ID="string_257" HPOS="74" VPOS="1098" WIDTH="32" HEIGHT="20" WC="0.96" CONTENT="att"/><SP WIDTH="14" VPOS="1098" HPOS="106"/>
							<String ID="string_258" HPOS="120" VPOS="1104" WIDTH="26" HEIGHT="14" WC="0.96" CONTENT="en"/><SP WIDTH="16" VPOS="1104" HPOS="146"/>
							<String ID="string_259" HPOS="162" VPOS="1098" WIDTH="51" HEIGHT="26" WC="0.96" CONTENT="dags"/><SP WIDTH="15" VPOS="1098" HPOS="213"/>
							<String ID="string_260" HPOS="228" VPOS="1097" WIDTH="95" HEIGHT="27" WC="0.96" CONTENT="fängelse"/><SP WIDTH="15" VPOS="1097" HPOS="323"/>
							<String ID="string_261" HPOS="338" VPOS="1097" WIDTH="35" HEIGHT="21" WC="0.96" CONTENT="vid"/><SP WIDTH="12" VPOS="1097" HPOS="373"/>
							<String ID="string_262" HPOS="385" VPOS="1099" WIDTH="72" HEIGHT="19" WC="0.96" CONTENT="vatten"/><SP WIDTH="10" VPOS="1099" HPOS="457"/>
							<String ID="string_263" HPOS="467" VPOS="1098" WIDTH="39" HEIGHT="20" WC="0.96" CONTENT="och"/><SP WIDTH="11" VPOS="1098" HPOS="506"/>
							<String ID="string_264" HPOS="517" VPOS="1097" WIDTH="53" HEIGHT="21" WC="0.96" CONTENT="bröd"/><SP WIDTH="10" VPOS="1097" HPOS="570"/>
							<String ID="string_265" HPOS="580" VPOS="1098" WIDTH="117" HEIGHT="20" WC="0.96" CONTENT="motsvarar"/><SP WIDTH="10" VPOS="1098" HPOS="697"/>
							<String ID="string_266" HPOS="707" VPOS="1098" WIDTH="32" HEIGHT="20" WC="0.96" CONTENT="tre"/><SP WIDTH="11" VPOS="1098" HPOS="739"/>
							<String ID="string_267" HPOS="750" VPOS="1096" WIDTH="76" HEIGHT="27" WC="0.96" CONTENT="dagars"/>
						</TextLine>
						<TextLine ID="line_28" HPOS="74" VPOS="1130" WIDTH="752" HEIGHT="29">
							<String ID="string_268" HPOS="74" VPOS="1131" WIDTH="72" HEIGHT="22" WC="0.95" CONTENT="enkelt"/><SP WIDTH="14" VPOS="1131" HPOS="146"/>
							<String ID="string_269" HPOS="160" VPOS="1131" WIDTH="101" HEIGHT="28" WC="0.96" CONTENT="fängelse,"/><SP WIDTH="16" VPOS="1131" HPOS="261"/>
							<String ID="string_270" HPOS="277" VPOS="1138" WIDTH="26" HEIGHT="15" WC="0.96" CONTENT="en"/><SP WIDTH="14" VPOS="1138" HPOS="303"/>
							<String ID="string_271" HPOS="317" VPOS="1131" WIDTH="34" HEIGHT="22" WC="0.96" CONTENT="för"/><SP WIDTH="16" VPOS="1131" HPOS="351"/>
							<String ID="string_272" HPOS="367" VPOS="1132" WIDTH="40" HEIGHT="21" WC="0.93" CONTENT="den"/><SP WIDTH="15" VPOS="1132" HPOS="407"/>
							<String ID="string_273" HPOS="422" VPOS="1131" WIDTH="109" HEIGHT="27" WC="0.89" CONTENT="brottslige"/><SP WIDTH="11" VPOS="1131" HPOS="531"/>
							<String ID="string_274" HPOS="542" VPOS="1131" WIDTH="47" HEIGHT="22" WC="0.96" CONTENT="icke"/><SP WIDTH="10" VPOS="1131" HPOS="589"/>
							<String ID="string_275" HPOS="599" VPOS="1131" WIDTH="82" HEIGHT="27" WC="0.93" CONTENT="oskälig"/><SP WIDTH="7" VPOS="1131" HPOS="681"/>
							<String ID="string_276" HPOS="688" VPOS="1130" WIDTH="138" HEIGHT="27" WC="0.92" CONTENT="beräknings-"/>
						</TextLine>
						<TextLine ID="line_29" HPOS="72" VPOS="1166" WIDTH="335" HEIGHT="27">
							<String ID="string_277" HPOS="72" VPOS="1167" WIDTH="69" HEIGHT="26" WC="0.96" CONTENT="grund"/><SP WIDTH="15" VPOS="1167" HPOS="141"/>
							<String ID="string_278" HPOS="156" VPOS="1166" WIDTH="87" HEIGHT="21" WC="0.95" CONTENT="dermed"/><SP WIDTH="15" VPOS="1166" HPOS="243"/>
							<String ID="string_279" HPOS="258" VPOS="1172" WIDTH="51" HEIGHT="15" WC="0.96" CONTENT="vore"/><SP WIDTH="13" VPOS="1172" HPOS="309"/>
							<String ID="string_280" HPOS="322" VPOS="1166" WIDTH="85" HEIGHT="21" WC="0.96" CONTENT="funnen."/>
						</TextLine>
					</TextBlock>
					<TextBlock ID="block_3" HPOS="72" VPOS="1199" WIDTH="754" HEIGHT="267">
						<TextLine ID="line_30" HPOS="142" VPOS="1199" WIDTH="684" HEIGHT="28">
							<String ID="string_281" HPOS="142" VPOS="1200" WIDTH="102" HEIGHT="27" WC="0.96" CONTENT="Slutligen"/><SP WIDTH="23" VPOS="1200" HPOS="244"/>
							<String ID="string_282" HPOS="267" VPOS="1206" WIDTH="61" HEIGHT="21" WC="0.96" CONTENT="synes"/><SP WIDTH="22" VPOS="1206" HPOS="328"/>
							<String ID="string_283" HPOS="350" VPOS="1200" WIDTH="72" HEIGHT="21" WC="0.93" CONTENT="kunna"/><SP WIDTH="22" VPOS="1200" HPOS="422"/>
							<String ID="string_284" HPOS="444" VPOS="1200" WIDTH="118" HEIGHT="25" WC="0.90" CONTENT="anmärkas,"/><SP WIDTH="16" VPOS="1200" HPOS="562"/>
							<String ID="string_285" HPOS="578" VPOS="1201" WIDTH="32" HEIGHT="20" WC="0.96" CONTENT="att"/><SP WIDTH="15" VPOS="1201" HPOS="610"/>
							<String ID="string_286" HPOS="625" VPOS="1199" WIDTH="35" HEIGHT="22" WC="0.96" CONTENT="det"/><SP WIDTH="14" VPOS="1199" HPOS="660"/>
							<String ID="string_287" HPOS="674" VPOS="1200" WIDTH="7" HEIGHT="20" WC="0.96" CONTENT="i"/><SP WIDTH="16" VPOS="1200" HPOS="681"/>
							<String ID="string_288" HPOS="697" VPOS="1199" WIDTH="64" HEIGHT="21" WC="0.96" CONTENT="slutet"/><SP WIDTH="14" VPOS="1199" HPOS="761"/>
							<String ID="string_289" HPOS="775" VPOS="1199" WIDTH="23" HEIGHT="21" WC="0.95" CONTENT="af"/><SP WIDTH="12" VPOS="1199" HPOS="798"/>
							<String ID="string_290" HPOS="810" VPOS="1199" WIDTH="16" HEIGHT="21" WC="0.96" CONTENT="4"/>
						</TextLine>
						<TextLine ID="line_31" HPOS="74" VPOS="1233" WIDTH="751" HEIGHT="28">
							<String ID="string_291" HPOS="74" VPOS="1235" WIDTH="45" HEIGHT="25" WC="0.90" CONTENT="&amp;:ns"/><SP WIDTH="22" VPOS="1235" HPOS="119"/>
							<String ID="string_292" HPOS="141" VPOS="1234" WIDTH="15" HEIGHT="21" WC="0.96" CONTENT="4"/><SP WIDTH="21" VPOS="1234" HPOS="156"/>
							<String ID="string_293" HPOS="177" VPOS="1233" WIDTH="68" HEIGHT="28" WC="0.96" CONTENT="punkt"/><SP WIDTH="14" VPOS="1233" HPOS="245"/>
							<String ID="string_294" HPOS="259" VPOS="1233" WIDTH="174" HEIGHT="22" WC="0.96" CONTENT="förekommande"/><SP WIDTH="15" VPOS="1233" HPOS="433"/>
							<String ID="string_295" HPOS="448" VPOS="1234" WIDTH="122" HEIGHT="26" WC="0.96" CONTENT="stadgande,"/><SP WIDTH="20" VPOS="1234" HPOS="570"/>
							<String ID="string_296" HPOS="590" VPOS="1233" WIDTH="136" HEIGHT="26" WC="0.96" CONTENT="hvarigenom"/><SP WIDTH="15" VPOS="1233" HPOS="726"/>
							<String ID="string_297" HPOS="741" VPOS="1233" WIDTH="41" HEIGHT="21" WC="0.96" CONTENT="den"/><SP WIDTH="14" VPOS="1233" HPOS="782"/>
							<String ID="string_298" HPOS="796" VPOS="1239" WIDTH="29" HEIGHT="14" WC="0.96" CONTENT="nu"/>
						</TextLine>
						<TextLine ID="line_32" HPOS="73" VPOS="1267" WIDTH="752" HEIGHT="27">
							<String ID="string_299" HPOS="73" VPOS="1268" WIDTH="98" HEIGHT="26" WC="0.96" CONTENT="gällande"/><SP WIDTH="15" VPOS="1268" HPOS="171"/>
							<String ID="string_300" HPOS="186" VPOS="1268" WIDTH="138" HEIGHT="22" WC="0.96" CONTENT="föreskriften"/><SP WIDTH="15" VPOS="1268" HPOS="324"/>
							<String ID="string_301" HPOS="339" VPOS="1270" WIDTH="32" HEIGHT="19" WC="0.96" CONTENT="att"/><SP WIDTH="14" VPOS="1270" HPOS="371"/>
							<String ID="string_302" HPOS="385" VPOS="1268" WIDTH="36" HEIGHT="21" WC="0.96" CONTENT="vid"/><SP WIDTH="15" VPOS="1268" HPOS="421"/>
							<String ID="string_303" HPOS="436" VPOS="1268" WIDTH="194" HEIGHT="26" WC="0.95" CONTENT="sammanläggning"/><SP WIDTH="15" VPOS="1268" HPOS="630"/>
							<String ID="string_304" HPOS="645" VPOS="1267" WIDTH="22" HEIGHT="21" WC="0.96" CONTENT="af"/><SP WIDTH="14" VPOS="1267" HPOS="667"/>
							<String ID="string_305" HPOS="681" VPOS="1267" WIDTH="62" HEIGHT="21" WC="0.86" CONTENT="straff"/><SP WIDTH="8" VPOS="1267" HPOS="743"/>
							<String ID="string_306" HPOS="751" VPOS="1268" WIDTH="7" HEIGHT="20" WC="0.86" CONTENT="i"/><SP WIDTH="10" VPOS="1268" HPOS="758"/>
							<String ID="string_307" HPOS="768" VPOS="1268" WIDTH="57" HEIGHT="20" WC="0.96" CONTENT="vissa"/>
						</TextLine>
						<TextLine ID="line_33" HPOS="72" VPOS="1301" WIDTH="753" HEIGHT="27">
							<String ID="string_308" HPOS="72" VPOS="1301" WIDTH="39" HEIGHT="22" WC="0.93" CONTENT="fall"/><SP WIDTH="14" VPOS="1301" HPOS="111"/>
							<String ID="string_309" HPOS="125" VPOS="1303" WIDTH="87" HEIGHT="21" WC="0.92" CONTENT="ensaks-"/><SP WIDTH="14" VPOS="1303" HPOS="212"/>
							<String ID="string_310" HPOS="226" VPOS="1302" WIDTH="41" HEIGHT="22" WC="0.93" CONTENT="och"/><SP WIDTH="14" VPOS="1302" HPOS="267"/>
							<String ID="string_311" HPOS="281" VPOS="1302" WIDTH="117" HEIGHT="22" WC="0.92" CONTENT="vitesböter"/><SP WIDTH="15" VPOS="1302" HPOS="398"/>
							<String ID="string_312" HPOS="413" VPOS="1302" WIDTH="60" HEIGHT="22" WC="0.96" CONTENT="skola"/><SP WIDTH="14" VPOS="1302" HPOS="473"/>
							<String ID="string_313" HPOS="487" VPOS="1302" WIDTH="85" HEIGHT="21" WC="0.93" CONTENT="förfalla"/><SP WIDTH="15" VPOS="1302" HPOS="572"/>
							<String ID="string_314" HPOS="587" VPOS="1301" WIDTH="122" HEIGHT="27" WC="0.92" CONTENT="upphäfves,"/><SP WIDTH="15" VPOS="1301" HPOS="709"/>
							<String ID="string_315" HPOS="724" VPOS="1301" WIDTH="47" HEIGHT="21" WC="0.96" CONTENT="icke"/><SP WIDTH="14" VPOS="1301" HPOS="771"/>
							<String ID="string_316" HPOS="785" VPOS="1301" WIDTH="40" HEIGHT="21" WC="0.96" CONTENT="bör"/>
						</TextLine>
						<TextLine ID="line_34" HPOS="73" VPOS="1334" WIDTH="752" HEIGHT="28">
							<String ID="string_317" HPOS="73" VPOS="1334" WIDTH="57" HEIGHT="28" WC="0.96" CONTENT="gälla"/><SP WIDTH="14" VPOS="1334" HPOS="130"/>
							<String ID="string_318" HPOS="144" VPOS="1335" WIDTH="65" HEIGHT="26" WC="0.95" CONTENT="brott,"/><SP WIDTH="16" VPOS="1335" HPOS="209"/>
							<String ID="string_319" HPOS="225" VPOS="1342" WIDTH="46" HEIGHT="14" WC="0.93" CONTENT="som"/><SP WIDTH="15" VPOS="1342" HPOS="271"/>
							<String ID="string_320" HPOS="286" VPOS="1335" WIDTH="103" HEIGHT="21" WC="0.92" CONTENT="föröfvats"/><SP WIDTH="15" VPOS="1335" HPOS="389"/>
							<String ID="string_321" HPOS="404" VPOS="1335" WIDTH="45" HEIGHT="21" WC="0.96" CONTENT="före"/><SP WIDTH="16" VPOS="1335" HPOS="449"/>
							<String ID="string_322" HPOS="465" VPOS="1336" WIDTH="40" HEIGHT="20" WC="0.96" CONTENT="den"/><SP WIDTH="16" VPOS="1336" HPOS="505"/>
							<String ID="string_323" HPOS="521" VPOS="1336" WIDTH="46" HEIGHT="25" WC="0.96" CONTENT="dag,"/><SP WIDTH="16" VPOS="1336" HPOS="567"/>
							<String ID="string_324" HPOS="583" VPOS="1335" WIDTH="27" HEIGHT="21" WC="0.96" CONTENT="då"/><SP WIDTH="9" VPOS="1335" HPOS="610"/>
							<String ID="string_325" HPOS="619" VPOS="1334" WIDTH="124" HEIGHT="27" WC="0.95" CONTENT="strafflagen"/><SP WIDTH="10" VPOS="1334" HPOS="743"/>
							<String ID="string_326" HPOS="753" VPOS="1335" WIDTH="72" HEIGHT="20" WC="0.96" CONTENT="träder"/>
						</TextLine>
						<TextLine ID="line_35" HPOS="72" VPOS="1368" WIDTH="753" HEIGHT="28">
							<String ID="string_327" HPOS="72" VPOS="1370" WIDTH="8" HEIGHT="20" WC="0.96" CONTENT="i"/><SP WIDTH="14" VPOS="1370" HPOS="80"/>
							<String ID="string_328" HPOS="94" VPOS="1369" WIDTH="64" HEIGHT="27" WC="0.96" CONTENT="kraft,"/><SP WIDTH="16" VPOS="1369" HPOS="158"/>
							<String ID="string_329" HPOS="174" VPOS="1371" WIDTH="54" HEIGHT="19" WC="0.96" CONTENT="samt"/><SP WIDTH="15" VPOS="1371" HPOS="228"/>
							<String ID="string_330" HPOS="243" VPOS="1371" WIDTH="33" HEIGHT="19" WC="0.96" CONTENT="att"/><SP WIDTH="14" VPOS="1371" HPOS="276"/>
							<String ID="string_331" HPOS="290" VPOS="1369" WIDTH="160" HEIGHT="27" WC="0.96" CONTENT="bestämningen"/><SP WIDTH="15" VPOS="1369" HPOS="450"/>
							<String ID="string_332" HPOS="465" VPOS="1370" WIDTH="7" HEIGHT="20" WC="0.96" CONTENT="i"/><SP WIDTH="15" VPOS="1370" HPOS="472"/>
							<String ID="string_333" HPOS="487" VPOS="1370" WIDTH="14" HEIGHT="20" WC="0.96" CONTENT="4"/><SP WIDTH="15" VPOS="1370" HPOS="501"/>
							<String ID="string_334" HPOS="516" VPOS="1369" WIDTH="95" HEIGHT="27" WC="0.96" CONTENT="punkten"/><SP WIDTH="16" VPOS="1369" HPOS="611"/>
							<String ID="string_335" HPOS="627" VPOS="1368" WIDTH="22" HEIGHT="22" WC="0.96" CONTENT="af"/><SP WIDTH="13" VPOS="1368" HPOS="649"/>
							<String ID="string_336" HPOS="662" VPOS="1369" WIDTH="13" HEIGHT="21" WC="0.93" CONTENT="5"/><SP WIDTH="11" VPOS="1369" HPOS="675"/>
							<String ID="string_337" HPOS="686" VPOS="1369" WIDTH="13" HEIGHT="25" WC="0.88" CONTENT="&amp;"/><SP WIDTH="11" VPOS="1369" HPOS="699"/>
							<String ID="string_338" HPOS="710" VPOS="1368" WIDTH="73" HEIGHT="21" WC="0.96" CONTENT="derom"/><SP WIDTH="9" VPOS="1368" HPOS="783"/>
							<String ID="string_339" HPOS="792" VPOS="1369" WIDTH="33" HEIGHT="20" WC="0.96" CONTENT="att"/>
						</TextLine>
						<TextLine ID="line_36" HPOS="72" VPOS="1402" WIDTH="753" HEIGHT="29">
							<String ID="string_340" HPOS="72" VPOS="1404" WIDTH="57" HEIGHT="22" WC="0.96" CONTENT="vissa"/><SP WIDTH="13" VPOS="1404" HPOS="129"/>
							<String ID="string_341" HPOS="142" VPOS="1404" WIDTH="81" HEIGHT="27" WC="0.96" CONTENT="kapitel"/><SP WIDTH="15" VPOS="1404" HPOS="223"/>
							<String ID="string_342" HPOS="238" VPOS="1404" WIDTH="23" HEIGHT="21" WC="0.93" CONTENT="af"/><SP WIDTH="14" VPOS="1404" HPOS="261"/>
							<String ID="string_343" HPOS="275" VPOS="1404" WIDTH="134" HEIGHT="27" WC="0.93" CONTENT="strafflagens"/><SP WIDTH="14" VPOS="1404" HPOS="409"/>
							<String ID="string_344" HPOS="423" VPOS="1404" WIDTH="106" HEIGHT="21" WC="0.96" CONTENT="allmänna"/><SP WIDTH="15" VPOS="1404" HPOS="529"/>
							<String ID="string_345" HPOS="544" VPOS="1403" WIDTH="34" HEIGHT="21" WC="0.96" CONTENT="del"/><SP WIDTH="15" VPOS="1403" HPOS="578"/>
							<String ID="string_346" HPOS="593" VPOS="1404" WIDTH="60" HEIGHT="21" WC="0.93" CONTENT="skola"/><SP WIDTH="12" VPOS="1404" HPOS="653"/>
							<String ID="string_347" HPOS="665" VPOS="1420" WIDTH="7" HEIGHT="9" WC="0.52" CONTENT=","/><SP WIDTH="5" VPOS="1420" HPOS="672"/>
							<String ID="string_348" HPOS="677" VPOS="1403" WIDTH="60" HEIGHT="21" WC="0.52" CONTENT="alltid"/><SP WIDTH="10" VPOS="1403" HPOS="737"/>
							<String ID="string_349" HPOS="747" VPOS="1402" WIDTH="78" HEIGHT="22" WC="0.91" CONTENT="tilläm-"/>
						</TextLine>
						<TextLine ID="line_37" HPOS="72" VPOS="1437" WIDTH="752" HEIGHT="29">
							<String ID="string_350" HPOS="72" VPOS="1444" WIDTH="39" HEIGHT="22" WC="0.95" CONTENT="pas"/><SP WIDTH="21" VPOS="1444" HPOS="111"/>
							<String ID="string_351" HPOS="132" VPOS="1440" WIDTH="40" HEIGHT="20" WC="0.96" CONTENT="när"/><SP WIDTH="19" VPOS="1440" HPOS="172"/>
							<String ID="string_352" HPOS="191" VPOS="1439" WIDTH="41" HEIGHT="21" WC="0.96" CONTENT="den"/><SP WIDTH="15" VPOS="1439" HPOS="232"/>
							<String ID="string_353" HPOS="247" VPOS="1438" WIDTH="60" HEIGHT="22" WC="0.95" CONTENT="äldre"/><SP WIDTH="14" VPOS="1438" HPOS="307"/>
							<String ID="string_354" HPOS="321" VPOS="1439" WIDTH="62" HEIGHT="27" WC="0.96" CONTENT="lagen"/><SP WIDTH="15" VPOS="1439" HPOS="383"/>
							<String ID="string_355" HPOS="398" VPOS="1438" WIDTH="46" HEIGHT="22" WC="0.96" CONTENT="icke"/><SP WIDTH="15" VPOS="1438" HPOS="444"/>
							<String ID="string_356" HPOS="459" VPOS="1441" WIDTH="24" HEIGHT="19" WC="0.96" CONTENT="är"/><SP WIDTH="14" VPOS="1441" HPOS="483"/>
							<String ID="string_357" HPOS="497" VPOS="1438" WIDTH="102" HEIGHT="22" WC="0.92" CONTENT="mildare&quot;"/><SP WIDTH="15" VPOS="1438" HPOS="599"/>
							<String ID="string_358" HPOS="614" VPOS="1438" WIDTH="80" HEIGHT="22" WC="0.90" CONTENT="tarfvar"/><SP WIDTH="15" VPOS="1438" HPOS="694"/>
							<String ID="string_359" HPOS="709" VPOS="1438" WIDTH="31" HEIGHT="21" WC="0.93" CONTENT="ett"/><SP WIDTH="14" VPOS="1438" HPOS="740"/>
							<String ID="string_360" HPOS="754" VPOS="1437" WIDTH="70" HEIGHT="22" WC="0.92" CONTENT="utvid-"/>
						</TextLine>
					</TextBlock>
				</ComposedBlock>
			</PrintSpace>
		</Page>
	</Layout>
</alto>
