1006 1709
247 143 26 32 20
454 147 22 19 U.
490 147 23 19 B.
527 158 20 2 —
560 147 63 23 Prop.
634 146 37 19 N:o
683 147 16 17 1.

88 206 46 17 Stf.
146 206 11 16 3
169 206 43 21 Kap.
225 207 59 17 sättes
303 206 31 19 för
352 206 23 19 de
393 206 36 18 fall
445 206 32 25 S:n
493 206 57 19 afser.
580 205 85 20 Sålunda
679 205 73 19 förfara
767 204 36 20 ock
819 203 104 21 ntländska
938 204 27 19 la-

224 246 44 18 gar:
288 240 60 24 tyska
366 240 112 24 strafflagen
495 240 35 19 och
545 239 126 20 österrikiska
686 239 95 25 förslaget
795 239 106 19 bestämma
915 238 50 20 hälf-

224 276 30 17 ten
278 274 21 19 af
320 274 176 25 maximibeloppet,
518 274 115 19 holländska
655 274 56 24 lagen
734 276 29 16 att
785 273 69 25 högsta
875 273 92 25 beloppet

223 307 85 20 minskas
330 308 43 19 med
395 314 22 13 en
441 308 94 25 tredjedel
557 315 17 12 o.
597 315 15 12 s.
634 314 19 13 v.
684 307 58 20 Hvad
761 308 41 19 åter
820 307 146 25 bestämningen

224 349 30 12 om
270 342 84 19 straffets
368 342 98 19 minimum
481 342 98 25 beträffar,
594 342 21 19 så
630 348 46 13 vore
691 342 32 19 det
734 341 116 26 visserligen
860 341 44 20 icke
914 342 52 25 prin-

224 376 66 25 cipielt
312 376 81 25 oriktigt
413 379 34 22 att,
468 383 28 13 om
516 376 35 20 ock
570 376 114 25 stadgandet
703 376 98 25 angående
820 376 104 19 maximum
942 377 25 24 på

224 411 138 19 ofvanberördt
380 413 39 16 sätt
437 411 75 24 ändras,
528 411 39 20 låta
583 411 58 25 sagde
656 411 122 24 bestämning
793 410 86 25 qvarstå.
910 409 56 20 Stad-

223 445 71 24 gandet
313 445 64 19 skulle
396 446 24 18 då
439 445 76 20 erhålla
533 452 22 13 en
575 445 102 25 affattning
695 445 91 19 liknande
801 445 43 19 nåd.
860 451 59 19 props
934 445 31 19 be-

224 479 120 20 stämmelser
360 486 29 13 om
404 479 66 20 försök
485 479 32 20 till
532 480 35 19 och
583 479 121 25 delaktighet
719 479 6 19 i
740 479 53 20 brott
815 479 28 26 (4:
862 479 17 24 1;
895 479 18 19 5:
931 479 35 26 3).

223 514 75 25 Dylika
317 514 118 25 stadganden
454 514 86 20 medföra
558 514 63 19 likväl
639 513 36 20 den
694 513 103 26 olägenhet
817 515 29 17 att
861 513 22 20 de
899 513 68 26 tvinga

223 549 90 20 domaren
333 549 31 18 till
385 549 108 25 vidlyftiga
511 549 120 20 aritmetiska
652 548 138 25 beräkningar,
809 549 61 18 under
889 548 78 20 hvilkas

223 583 94 20 inverkan
336 583 32 19 det
386 583 127 26 totalintryek
533 583 21 20 af
571 583 66 25 saken,
656 589 40 13 som
715 582 74 20 ändock
805 585 21 18 är
841 583 36 19 den
893 583 72 26 pälitli-

223 619 55 24 gaste
298 618 102 25 ledningen
419 617 33 20 vid
467 617 171 26 straffmätningen,
654 617 100 26 lätteligen
770 617 80 20 hindras
865 619 29 18 att
908 617 58 20 behö-

222 653 56 25 rigen
297 656 48 21 göra
362 652 30 25 sig
411 652 96 25 gällande.
538 653 55 18 Huru
610 652 105 25 vidlyftiga
730 651 155 26 beräkningarne
901 652 65 19 blefve

223 687 51 19 inses
293 693 29 13 om
341 693 43 13 man
403 687 69 19 tänker
490 687 30 25 sig
539 686 119 25 exempelvis
676 688 29 17 att
721 692 22 14 en
759 686 110 25 förbrytare
885 687 80 19 emellan

226 721 23 20 15
269 721 36 20 och
325 721 25 20 18
368 722 21 19 är
408 722 67 25 begätt
489 721 68 20 försök
571 721 31 20 till
617 721 59 19 brott.
706 721 57 19 Efter
778 721 36 20 den
829 721 83 26 ändring
926 729 40 12 som

223 755 102 20 Utskottet
344 758 63 17 ansett
425 756 58 25 nödig
500 756 118 19 beträffande
633 755 224 26 maximibestämningen
873 756 29 18 uti
916 756 50 19 före-

222 789 85 20 varande
322 790 19 25 8,
357 790 63 19 skulle
435 790 34 19 två
483 790 125 20 reduktioner
627 788 33 29 (34
675 789 26 26 X
717 788 35 28 3/4)
767 789 63 20 blifva
848 789 71 26 nödiga
935 790 31 19 till

221 824 115 19 erhällande
355 825 21 18 af
392 824 160 22 maximistraffet,
571 824 36 19 och
626 825 62 24 enligt
705 824 44 20 näd.
765 831 54 18 prop.
836 824 66 19 blefve
916 825 50 18 lika-

222 859 53 19 ledes
290 859 34 19 två
342 859 124 19 reduktioner
481 858 32 27 (14
529 859 26 25 X
572 858 33 27 3/4)
621 859 96 26 behöfliga
731 859 30 19 för
776 859 106 19 utrönande
897 859 22 19 af
931 859 34 19 mi-

221 893 131 24 nimistraffet,
367 893 81 20 hvartill
463 893 34 20 vid
511 893 56 26 fräga
582 900 30 12 om
627 893 82 20 tukthus
725 893 90 26 vanligen
830 897 50 16 ännu
892 893 74 20 komme

221 928 45 19 dess
282 928 123 24 förvandling
424 927 32 20 till
471 927 86 26 fängelse
572 928 26 25 pä
613 928 62 25 grund
691 928 21 19 af
725 927 146 26 bestämningen
885 927 7 20 i
907 928 60 19 slutet

222 962 22 19 af
286 963 12 25 28
319 962 9 19 1
348 969 55 12 mom.
433 962 82 19 Bestode
534 962 148 25 brottsligheten
701 963 7 18 i
727 962 96 25 medhjelp
843 962 31 19 till
893 962 73 23 försök,

222 997 23 19 sä
262 997 108 18 tillkomme
389 997 62 24 enligt
469 996 12 19 3
500 996 13 26 &
535 997 12 18 5
570 997 45 25 kap.
639 1000 23 16 än
685 997 115 25 ytterligare
823 1003 22 13 en
864 997 102 19 reduktion

223 1031 7 18 i
248 1031 90 19 afseende
356 1031 12 19 &
385 1031 56 19 såväl
462 1031 103 20 maximum
588 1037 41 13 som
647 1032 103 18 minimum.
781 1031 28 20 På
828 1031 23 20 de
870 1031 44 20 skäl
929 1031 36 20 Ut-

222 1065 75 19 skottet
311 1071 25 12 nu
352 1065 63 19 anfört
430 1071 57 19 synes
503 1065 32 19 det
550 1067 49 18 mest
614 1065 165 26 ändamälsenliga
789 1065 120 20 förfarandet
919 1072 47 13 vara

222 1101 29 17 att
266 1111 26 2 —
308 1099 56 19 äfven
379 1099 116 19 härutinnan
510 1100 43 19 med
568 1100 95 19 föredöme
679 1100 21 19 af
713 1100 60 19 andra
783 1100 146 25 lagstiftningar
940 1111 24 4 —

221 1133 42 20 läta
278 1133 75 20 straffet
367 1133 51 19 inom
434 1133 37 19 den
485 1133 94 25 straffart,
595 1140 39 13 som
651 1134 30 19 för
690 1135 73 18 brottet
773 1137 22 16 är
805 1135 88 24 stadgad,
904 1135 62 25 nedgä

222 1167 32 19 till
269 1167 33 19 det
319 1168 70 18 minsta
403 1167 78 25 belopp,
496 1167 81 20 hvartill
593 1167 62 20 denna
670 1168 86 19 straffart
771 1169 62 25 enligt
848 1169 12 18 2
871 1169 46 25 kap.
929 1169 37 19 kan

222 1203 88 18 utsättas.
340 1201 38 19 För
393 1201 22 19 de
431 1201 42 25 fall,
492 1201 24 19 då
532 1202 67 19 endast
614 1202 81 19 tukthus
711 1203 25 24 pä
750 1203 41 18 viss
806 1203 28 18 tid
849 1203 30 18 för
894 1203 73 19 brottet

222 1239 22 15 är
259 1237 67 23 utsatt,
342 1235 96 19 erfordras
453 1235 62 19 likväl
531 1238 28 17 ett
577 1236 194 25 tilläggsstadgande,
787 1243 41 13 som
844 1237 74 19 tillåter
933 1237 33 19 do-

221 1274 65 13 maren
309 1270 29 17 att
360 1268 81 25 öfvergä
463 1268 30 19 till
516 1268 94 25 fängelse,
633 1269 78 19 emedan
734 1269 74 20 straffet
827 1269 57 25 eljest
902 1270 64 19 kunde

221 1301 63 20 blifva
302 1302 30 19 för
348 1304 85 23 strängt;
449 1301 35 20 och
499 1301 34 20 bör
548 1302 58 19 äfven
621 1302 6 19 i
643 1302 53 19 detta
711 1303 35 19 fall
761 1303 32 19 det
808 1303 65 24 lägsta
889 1303 76 26 belopp,

221 1336 81 20 hvartill
326 1336 164 25 fängelsestraffet
511 1335 39 20 kan
572 1336 69 25 nedgä,
659 1339 70 23 utgöra
747 1337 159 20 straffminimum.
935 1337 30 20 De

221 1371 85 25 minima,
325 1377 40 14 som
383 1371 82 20 sålunda
483 1370 21 19 af
517 1370 102 21 Utskottet
637 1371 112 26 föreslagits
769 1372 30 20 för
818 1372 55 19 desse
889 1372 76 26 förbry-

220 1407 50 23 tare,
286 1405 64 19 kunna
365 1405 43 19 icke
423 1405 7 19 i
445 1405 107 19 allmänhet
567 1411 55 13 anses
637 1412 49 12 vara
701 1406 30 19 för
745 1407 51 24 låga,
812 1407 25 18 dä
851 1406 44 20 nåd.
910 1413 55 19 prop.

221 1440 119 19 beträffande
358 1439 93 20 dodstraff
467 1438 36 20 och
521 1438 82 20 tukthus
621 1439 26 25 pä
664 1440 62 20 lifstid
741 1440 108 28 medgifver
864 1447 23 13 en
903 1441 62 20 straff-

288 1472 177 24 Straflagsutskottets
476 1472 104 17 betänkande
591 1473 35 16 N:o
639 1474 15 16 1.
