1017 1703
216 150 26 21 38
412 148 65 24 Ständ.
495 149 30 23 Sv.
540 161 28 3 —
586 149 56 28 Prop.
658 148 31 23 W:o
704 148 14 23 1.

187 215 23 22 af
230 214 138 22 förevarande
390 213 12 27 $
424 213 62 22 straff
503 214 34 21 för
552 213 124 30 skörlefnad
688 213 84 22 inträda
788 213 76 21 endast
878 214 8 20 i
900 213 38 22 fall

187 250 40 21 den
242 249 61 21 idkas
318 249 8 20 i
340 247 76 22 sådant
431 248 45 26 hus,
491 253 45 16 som
551 248 69 26 någon
635 247 68 22 håller
718 247 33 21 för
766 247 137 22 bedrifvande
918 247 23 21 af

188 283 68 22 otukt.
286 283 72 26 Enligt
380 281 128 22 Ständernas
530 282 64 21 tanke
617 283 25 20 är
664 282 68 21 denna
751 281 152 28 inskränkning
918 281 23 22 af

186 317 215 22 skörlefnadsbrottet
420 317 95 21 hvarken
534 316 97 28 grundad
646 316 12 21 &
673 315 65 28 några
753 316 124 27 principiela
892 316 47 21 skäl

187 352 52 22 eller
254 351 229 22 öfverensstämmande
498 351 49 21 med
562 350 216 22 rättsmedvetandet
770 346 10 36 i
788 350 79 28 landet,
878 351 62 21 hvar-

186 386 46 22 före
255 386 119 21 Ständerna
396 392 50 14 anse
468 386 116 21 momentet
606 385 53 22 böra
676 392 77 20 genom
768 385 136 27 inskjutande
918 385 24 22 af

188 421 65 21 orden
270 420 62 27 ,,eller
347 419 59 28 eljest
420 420 182 28 allmänneligen"
618 419 54 22 efter
688 420 60 21 ordet
764 420 66 26 ,,hus'
841 420 98 27 utvidgas

187 455 86 26 derhän,
294 456 32 20 att
341 454 38 22 allt
394 454 112 26 lägersmål
521 460 45 16 som
581 454 61 21 idkas
657 454 157 27 yrkesmässigt,
830 454 110 22 hemfaller

187 489 67 21 under
268 489 36 21 det
318 489 7 21 i
340 490 116 20 momentet
470 490 80 20 utsatta
565 488 65 22 straff.

256 524 26 20 11
299 522 18 28 8.
346 518 67 26 Äfven
437 523 26 21 de
485 524 8 20 i
516 523 68 21 denna
604 522 12 28 $
631 523 92 21 nämnda
737 523 59 21 brott
810 530 62 20 synas
888 524 52 21 böra

187 558 95 21 medföra
299 557 77 21 förlust
396 557 22 21 af
438 558 165 26 medborgerligt
621 558 123 20 förtroende
759 558 7 21 i
781 558 96 27 förening
891 558 49 21 med

187 592 179 26 tukthusstraffet,
388 592 117 27 hvarjemte
528 592 120 21 Ständerna
669 592 58 21 hålla
748 592 52 27 före,
824 594 32 20 att
878 592 62 22 äfven

187 627 73 21 försök
275 627 33 21 till
324 627 62 21 dessa
401 627 59 21 brott
474 627 40 21 bör
528 633 51 15 vara
594 626 119 22 straffbart.

257 661 27 21 12
298 661 19 27 8.
347 661 119 21 Ständerna
486 661 62 21 hafva
563 662 69 21 ansett
655 662 4 20 1
676 667 62 15 mom.
754 662 7 21 i
778 662 68 21 denna
861 661 11 27 $
887 662 53 22 böra

187 696 98 26 utvidgas
300 696 96 25 sålunda,
412 696 32 20 att
458 696 131 26 naturvidrig
604 696 63 21 otukt
682 696 61 21 äfven
759 696 27 21 då
801 696 40 22 den
856 696 83 22 utöfvas

188 729 22 21 af
230 735 77 21 person
330 729 46 21 utaf
398 730 92 26 gvinkön
511 730 49 21 med
583 736 71 15 annan
675 736 77 20 person
767 730 23 21 af
802 736 80 16 samma
897 731 43 21 kön

187 764 75 20 varder
277 763 107 21 straffbar.

257 798 25 21 13
297 797 17 27 8.
345 798 11 20 I
377 798 142 21 betraktande
541 798 23 21 af
585 798 25 21 de
632 798 122 28 förderfliga
768 798 110 28 påföljder,
894 805 46 16 som

187 832 97 21 venerisk
303 832 97 27 sjukdom
420 832 42 21 kan
480 832 117 26 förorsaka,
618 834 36 19 äro
671 832 119 22 Ständerna
804 832 23 22 af
841 833 40 21 den
896 840 44 15 me-

187 866 56 27 ning,
264 868 31 20 att
315 866 82 22 straffet
412 866 33 21 för
460 866 131 22 densammas
608 866 147 22 öfverförande
770 873 76 21 genom
860 868 80 26 lägers-

187 901 42 21 mål
245 901 13 21 &
273 907 69 15 annan
356 900 40 22 bör
410 902 76 26 utgöra
501 901 88 21 tukthus
606 901 50 21 eller
671 901 94 27 fängelse
776 902 7 21 i
793 902 62 26 högst
865 902 36 22 två
908 902 30 22 år.

257 936 27 21 14
299 935 18 27 8.
346 931 68 26 Äfven
430 935 82 22 straffet
527 935 33 22 för
576 936 25 21 de
616 936 65 26 brott,
692 942 46 16 som
748 936 38 22 här
797 936 141 27 omförmälas,

187 970 63 21 hafva
272 970 118 22 Ständerna
411 972 53 19 trott
486 971 53 21 böra
560 970 60 27 höjas
642 970 31 21 till
694 970 94 27 fängelse
803 971 7 21 i
825 971 62 27 högst
902 978 37 14 sex

187 1004 107 21 månader.

255 1039 94 20 Emedan
364 1039 104 21 särskilda
484 1039 216 26 otuktsförbrytelser,
716 1039 71 22 hvilka
802 1039 69 22 tillika
880 1039 59 22 inne-

186 1072 53 21 bära
258 1073 59 20 brott
336 1074 58 23 emot
412 1079 80 15 annans
507 1073 71 26 frihet,
593 1073 132 21 förekomma
740 1074 7 20 i
762 1073 28 22 25
804 1074 56 27 kap.,
876 1074 62 21 hafva

188 1106 118 21 Ständerna
320 1108 54 19 trott
389 1107 36 20 det
445 1113 50 15 vara
510 1107 85 26 tjenligt
610 1108 32 20 att
656 1113 76 20 genom
748 1114 26 15 en
790 1107 10 27 $
816 1108 7 21 i
838 1108 65 21 slutet
918 1109 23 21 af

186 1140 140 22 förevarande
341 1141 79 26 kapitel
435 1143 52 24 göra
502 1147 26 15 en
543 1141 125 26 hänvisning
682 1141 81 22 härom.

477 1231 28 19 21
518 1230 126 24 Kapitlet.

254 1277 14 20 4
283 1276 18 27 8.
331 1277 10 20 I
357 1277 67 21 likhet
439 1277 49 21 med
498 1283 28 15 nu
536 1277 97 27 gällande
644 1277 34 27 lag
686 1280 103 25 upptager
799 1278 139 22 förevarande

186 1310 11 27 $
213 1311 108 22 äfvensom
336 1311 14 21 5
366 1311 39 21 och
422 1311 26 21 12
463 1311 30 27 $$,
509 1311 73 22 hvilka
596 1312 42 21 alla
648 1311 108 22 innehålla
766 1312 62 22 straff
836 1312 34 22 för
880 1313 58 22 olika

185 1346 76 26 grader
276 1346 23 21 af
312 1346 134 27 misshandel,
463 1346 68 21 skilda
546 1346 129 22 straffsatser
690 1346 33 22 för
738 1347 26 21 de
779 1347 37 21 fall
832 1349 32 19 att
878 1348 60 21 miss-

185 1380 92 21 handeln
292 1381 62 21 skedt
369 1381 48 21 med
433 1381 89 26 ,,berädt
536 1381 63 21 mod*
616 1381 51 21 eller
682 1381 36 27 ,af
727 1381 80 27 hastigt
817 1382 69 21 mod".
910 1381 28 23 Sä

185 1415 74 27 riktigt
274 1415 36 22 det
325 1415 65 22 också
405 1417 30 25 är,
451 1417 31 20 att
496 1416 124 27 gerningens
640 1416 107 27 hbegäende
762 1416 67 21 under
844 1418 94 26 upprörd

186 1450 176 26 sinnesstämning
384 1450 7 21 i
413 1450 103 27 väsentlig
538 1451 49 21 män
612 1451 99 22 inverkar
735 1451 152 22 förmildrande
910 1453 26 26 pä
