1020 1706
416 132 39 23 N:o
471 133 18 21 1.
770 133 27 22 85

150 195 25 20 18
191 197 16 23 &.
238 195 99 21 Förleder
359 196 79 21 förman
460 196 130 27 uppsåtligen
608 195 146 21 underordnad
772 196 52 26 tjen-

80 231 81 18 steman
177 230 33 18 till
226 229 56 20 brott
296 230 6 19 i
319 230 100 26 tjensten;
434 231 90 24 straffes,
541 230 36 20 der
592 230 78 20 brottet
685 230 56 24 sker,
756 230 69 21 såsom

81 262 109 21 anstiftare
206 263 67 21 deraf.

148 296 42 20 Vet
212 297 41 20 han
278 297 54 20 brott
355 298 5 18 i
383 298 88 26 tjensten
491 298 24 20 af
533 298 145 20 underordnad
698 298 127 26 förehafvas,

82 337 46 13 men
152 331 62 20 söker
236 332 18 26 ej
279 331 74 21 hindra
376 332 120 20 utförandet
512 332 69 26 deraf;
604 332 83 20 straffes
704 333 46 19 med
766 332 61 20 böter

80 365 53 21 eller
154 365 106 26 skiljande
274 365 46 20 från
336 366 100 26 tjenstens
451 366 104 26 utöfning,
570 366 60 26 eller,
646 367 36 20 der
697 367 128 26 omständig-

79 400 88 20 heterna
182 402 36 18 äro
234 400 134 27 synnerligen
383 400 143 25 försvårande,
542 401 46 19 med
604 400 121 27 afsättning.

150 435 24 19 19
190 435 16 23 $.
236 434 67 20 Lånar
319 435 79 20 förman
415 435 23 20 af
451 435 146 20 underordnad
615 435 122 25 tjensteman
750 435 76 26 medel,

80 475 44 14 som
141 468 76 20 honom
233 469 115 26 veterligen
365 469 69 20 blifvit
449 469 39 20 den
505 469 160 20 underordnade
681 469 31 20 för
724 470 103 26 tjenstens

80 503 56 20 skull
158 502 148 27 anförtrodda;
334 503 83 20 straffes
440 504 46 19 med
509 503 114 27 afsättning
645 503 53 21 eller
720 503 106 27 skiljande

81 537 45 20 frän
144 537 101 26 tjenstens
262 537 102 27 utöfning.

147 571 69 20 Lånar
231 571 81 21 förman
328 572 21 19 af
365 571 146 21 underordnad
529 572 152 26 uppbördsman
698 572 53 20 eller
766 572 61 21 redo-

79 608 75 25 görare
177 605 79 21 sädana
278 606 76 24 medel,
374 612 43 14 som
434 607 40 20 den
490 606 158 20 underordnade
664 606 47 20 icke
727 606 31 20 för
774 607 52 26 tjen-

80 642 57 19 stens
151 640 56 20 skull
222 640 100 26 innehar;
338 640 82 21 straffes
435 641 47 20 med
498 640 65 21 böter.

148 675 27 20 20
190 677 16 22 $.
236 674 114 27 Förbryter
371 675 31 26 sig
418 675 124 26 tjensteman
559 675 131 26 uppsåtligen
707 675 6 20 i
730 675 96 26 utöfning

80 709 23 20 af
124 709 88 27 tjensten
236 709 27 26 pä
282 712 64 17 annat
364 711 48 22 sätt,
428 712 25 17 än
470 710 5 19 i
492 709 68 20 denna
576 709 34 26 lag
626 712 92 24 nämnes,
734 709 38 20 och
789 713 38 23 gör

80 743 42 20 han
146 743 35 20 det
203 744 32 25 sig
257 743 51 20 eller
331 750 67 13 annan
423 744 31 19 till
471 746 61 23 nytta
547 743 52 21 eller
614 750 68 13 annan
699 744 31 20 till
747 744 79 25 skada;

81 777 64 20 varde
168 778 64 19 afsatt
247 777 46 26 och,
309 777 37 20 der
362 778 205 27 omständigheterna
582 781 36 17 äro
634 778 134 27 synnerligen
785 777 41 21 för-

81 811 111 26 svärande,
214 812 105 20 dessutom
342 812 107 20 förklarad
473 812 87 27 ovärdig
582 814 30 18 att
628 812 78 26 nyttjas
721 813 6 19 i
745 812 82 20 landets

81 847 70 25 tjenst.

148 879 44 21 Gör
208 880 40 20 han
265 880 35 20 det
315 883 49 17 utan
380 880 65 21 sådan
462 881 71 26 afsigt;
549 880 82 21 straffes
645 880 47 20 med
704 880 59 20 böter
775 880 51 19 eller

81 913 104 27 skiljande
200 914 47 20 frän
264 914 101 26 tjenstens
381 913 102 28 utöfning,
499 914 58 24 eller,
572 915 36 19 der
619 914 208 26 omständigheterna

80 950 37 18 äro
133 948 133 26 synnerligen
283 948 142 24 försvårande,
441 949 46 19 med
504 948 132 26 afsättning.*

149 983 24 19 21
191 984 18 22 $.
239 982 67 27 Begär
329 983 124 26 tjensteman
477 983 27 20 fel
520 983 6 19 i
542 984 88 25 tjensten
651 982 24 20 af
688 982 138 26 vårdslöshet,

81 1016 149 26 försummelse,
246 1016 52 20 eller
313 1016 138 26 oaktsamhet,
467 1017 40 20 och
523 1020 22 17 är
560 1018 19 25 ej
595 1016 100 21 särskildt
705 1016 63 21 straff
781 1016 45 20 der-

81 1051 32 19 för
135 1050 109 27 stadgadt;
268 1051 78 25 dömes,
370 1051 36 20 der
429 1051 50 20 felet
498 1052 18 26 ej
533 1054 22 17 är
571 1052 22 19 så
608 1051 66 26 ringa,
690 1053 30 17 att
735 1051 40 19 han
793 1050 33 20 må

81 1085 76 21 endast
180 1085 46 20 med
250 1086 88 26 varning
361 1088 82 24 näpsas,
468 1086 30 20 till
518 1085 60 21 böter
593 1085 51 21 eller
659 1085 105 26 skiljande
779 1084 46 20 från

82 1120 99 26 tjenstens
197 1119 102 26 utöfning,
315 1120 59 25 eller,
390 1120 6 19 i
412 1120 37 19 fall
466 1119 206 27 omständigheterna
686 1121 36 18 äro
738 1125 87 20 synner-

80 1154 57 26 ligen
153 1153 143 25 försvårande,
313 1154 30 19 till
360 1154 120 25 afsättning.

148 1187 44 27 Lag
215 1194 78 13 samma
315 1194 57 19 vare,
395 1194 33 13 om
453 1188 122 26 tjensteman
599 1187 63 26 begår
686 1186 103 27 tjenstefel
805 1186 24 20 af

80 1221 106 21 oförstånd
203 1220 52 21 eller
270 1221 148 27 oskicklighet.

148 1255 43 20 Har
214 1256 131 26 tjensteman,
364 1258 49 18 utan
429 1256 32 20 lof
474 1256 52 20 eller
541 1256 93 20 anmäldt
649 1254 78 26 förfall,
742 1254 85 21 afhällit

80 1290 31 26 sig
134 1290 45 20 från
203 1290 138 26 tjenstgöring
367 1290 81 20 utöfver
471 1290 36 20 två
529 1290 109 24 månader;
663 1296 49 13 vare
735 1290 89 25 tjensten

80 1324 103 26 förlustig.

148 1357 27 20 22
190 1360 16 22 $.
238 1357 66 27 Begår
320 1358 126 25 tjensteman
462 1358 65 19 under
543 1357 99 26 tjenstens
654 1357 95 26 utöfning
761 1359 65 17 annat

79 1392 56 19 brott
150 1393 56 17 emot
222 1390 76 21 allmän
315 1391 42 26 lag,
373 1394 26 17 än
414 1391 6 19 i
437 1392 58 19 detta
510 1390 80 26 kapitel
605 1394 92 22 nämnes,
713 1390 39 20 och
766 1391 58 19 inne-

79 1426 64 20 fattar
158 1425 80 21 brottet
260 1426 18 25 ej
298 1425 117 26 tjenstefel;
437 1425 55 20 skall
508 1425 39 20 den
564 1424 162 27 omständighet,
742 1427 31 17 att
788 1425 37 20 det

79 1456 56 24 skett
149 1459 6 20 i
172 1460 96 25 tjensten,
285 1459 64 20 likväl
365 1459 56 27 gälla
436 1459 68 20 såsom
520 1459 142 20 försvårande.
