1025 1706
303 142 65 25 Sänd.
384 144 74 24 Sv.:—
472 144 55 30 Prop;
541 144 63 24 Ibo:1.
758 145 41 22 207

75 216 45 16 som
135 211 43 21 kan
193 210 78 22 hindr&:
288 211 140 27 utredningen
451 211 23 22 af
487 212 40 21 den
542 211 45 26 sak,
603 211 86 22 hvarför
704 212 42 21 han
761 212 68 22 hålles

74 244 86 27 häktad,
177 245 52 21 eller
244 244 168 28 ransakningens
426 245 61 27 gäng,
502 246 54 21 eller
571 247 58 20 störa
640 246 116 26 ordningen
770 246 58 21 inom

74 279 80 26 häktet,
170 279 52 21 eller
240 279 110 26 äfventyra
372 279 125 22 säkerheten
511 280 8 21 i
534 280 41 21 den
589 279 105 22 häktades
709 280 59 21 värd.
797 275 32 26 Är

73 312 83 22 brefvet
178 313 65 21 stäldt
265 312 34 22 till
319 312 103 27 Kejsaren
442 313 39 21 och
497 313 142 22 Storfurstens
655 313 172 27 befallningshaf-

72 347 75 27 vande,
163 347 53 21 eller
230 347 84 26 annan,
322 352 45 16 som
383 347 38 21 har
436 347 71 27 tillsyn
523 347 58 22 öfver
595 347 84 27 häktet;
694 347 41 22 bör
749 348 37 22 det
794 348 32 22 af-

73 382 76 22 sändas
164 382 62 22 oläst.

140 416 29 22 40
183 416 18 27 $.
231 416 211 28 Ransakningsfänge
457 422 50 16 vare
522 416 19 28 ej
556 416 119 22 förmenadt
690 418 32 20 att
736 417 91 27 rådgöra

72 451 49 21 med
143 452 38 20 sitt
199 451 213 27 rättegängsbiträde,
433 451 18 27 ej
472 451 67 21 heller
554 452 32 20 att
600 452 95 26 mottaga
710 453 66 20 annat
790 452 37 21 be-

72 485 45 27 sök,
132 487 52 20 utan
199 485 56 27 gifve
277 485 85 22 häktets
381 484 146 23 föreständare
543 485 32 22 lof
587 485 79 27 dertill,
683 492 34 15 om
732 485 46 22 icke
793 486 33 22 sä-

72 520 41 22 dan
135 520 118 21 hindrande
275 520 157 26 omständighet
451 519 148 27 förekommer,
615 526 46 15 som
675 520 8 21 i
698 520 27 21 39
740 519 12 28 $
766 522 60 20 näm-

71 560 49 20 nes;
142 554 63 24 dock;
220 560 38 21 ege
279 554 161 21 föreståndaren
460 554 7 21 i
486 554 114 22 hvartdera
615 554 58 21 fallet
688 555 80 21 utsätta
782 555 43 21 viss

70 589 38 25 tid,
124 588 13 22 &
151 588 86 22 hvilken
252 588 89 22 besöket
356 588 54 22 skall
428 588 44 27 ske,
492 591 56 19 samt
563 588 54 22 efter
632 588 99 28 pröfning
745 588 23 22 af
782 595 44 16 om-

71 623 174 27 ständigheterna
260 623 45 21 läta
319 623 70 27 nägon
405 623 73 21 dervid
493 626 95 23 närvara,
605 629 34 15 om
653 623 43 21 han
711 623 19 27 ej
746 622 79 28 sjelfär

70 658 111 21 tillstädes.

138 692 26 21 41
181 691 18 27 8.
229 691 81 27 Förgär
325 691 32 27 sig
366 692 201 26 ransakningsfänge
578 693 45 20 mot
633 692 116 27 ordningen
757 692 7 21 i
772 692 52 21 häk-

70 728 32 20 tet
123 732 76 21 genom
221 726 143 26 ohörsamhet,
387 726 53 21 eller
454 726 171 27 uppstudsighet,
644 726 54 22 eller
717 726 28 27 pä
760 728 65 20 annat

70 762 48 25 sätt,
134 761 53 21 eller
207 760 62 22 söker
283 760 42 22 han
348 760 72 22 dertill
441 760 83 22 förleda
539 767 81 20 annan;
643 760 55 22 skall
712 760 73 27 saken,
800 760 25 22 sä

69 794 43 22 fort
127 796 38 20 ske
181 794 48 27 kan,
250 795 7 21 i
276 797 90 19 närvaro
387 794 23 22 af
427 794 69 28 nägon
511 795 94 21 ledamot
619 794 24 22 af
656 794 84 22 häktets
756 795 69 21 direk-

68 830 52 26 tion,
136 830 38 21 der
189 829 66 22 sädan
273 829 74 27 finnes,
363 829 51 21 eller
429 829 39 21 ock
483 829 106 22 tilikallad
602 829 43 27 god
659 836 49 15 man
723 830 101 21 undersö-

68 864 45 27 kas,
128 864 8 22 i
152 864 112 22 länshäkte
281 863 22 22 af
316 863 166 27 föreståndaren,
498 870 47 15 men
560 863 8 21 i
582 864 67 21 annat
663 864 65 21 häkte
743 864 23 22 af
776 864 47 27 den,

69 905 45 15 som
137 898 98 22 deröfver
249 898 40 22 har
309 898 106 21 inseende.
452 898 123 21 Emellertid
591 898 34 22 mä
639 898 84 27 fången,
739 904 34 16 om
788 899 36 21 det

68 933 67 22 finnes
150 933 74 27 nödigt
239 933 39 21 och
296 933 42 21 han
354 932 17 28 ej
394 932 59 22 förut
468 934 24 20 är
506 934 65 20 insatt
586 933 7 21 i
607 938 81 22 enrum,
704 933 22 21 af
738 933 85 22 häktets

68 968 147 22 föreståndare
238 968 106 26 inspärras
366 968 7 20 i
392 967 40 27 ljus
449 968 47 26 cell;
519 967 40 22 och
574 974 49 14 vare
640 967 47 27 den,
703 974 45 15 som
762 968 61 22 verk-

68 1002 52 22 stält
134 1002 192 27 undersökningen,
341 1002 55 21 efter
412 1002 84 22 samräd
509 1002 49 22 med
573 1002 64 26 sagde
646 1002 176 22 direktionsleda-

67 1039 45 19 mot
127 1037 52 21 eller
201 1037 54 26 gode
278 1044 49 14 man
343 1036 39 22 och
404 1036 98 27 pröfning
517 1037 24 21 af
554 1036 215 27 omständigheterna,
784 1038 38 21 be-

67 1071 93 27 rättigad
175 1072 33 20 att
221 1073 67 24 näpsa
311 1071 41 21 den
371 1071 95 27 skyldige
486 1071 49 21 med
549 1071 64 21 härdt
627 1070 117 28 hviloläger
758 1071 64 27 högst

66 1105 47 28 fyra
128 1105 62 28 dygn,
206 1105 51 21 eller
271 1105 49 22 kost
335 1105 23 22 af
370 1107 73 20 vatten
459 1105 39 22 och
512 1105 55 22 bröd
582 1105 63 27 högst
658 1105 47 27 fyra
713 1106 62 27 dygn,
791 1106 30 21 el-

66 1140 32 21 ler
112 1140 135 27 inspärrning
261 1140 7 21 i
283 1140 62 21 mörk
361 1140 39 21 cell
416 1140 62 27 högst
493 1140 36 21 två
544 1139 62 28 dygn.

135 1174 25 27 Ej
176 1173 35 23 mä
224 1176 70 25 näpst,
310 1181 46 15 som
370 1174 64 22 ofvan
451 1176 54 25 sägs,
525 1174 49 22 leda
588 1174 34 21 till
636 1174 101 27 uppehäll
751 1175 7 20 i
773 1181 48 15 ran-

66 1209 90 27 sakning
179 1215 34 15 om
230 1209 65 26 brott,
315 1208 35 22 för
364 1209 81 21 hvilket
460 1208 202 27 ransakningsfänge
677 1211 25 18 är
716 1209 104 27 angifven,

66 1243 51 22 eller
139 1243 34 22 till
194 1243 53 22 hans
270 1243 151 27 gvarhällande
442 1243 8 21 i
465 1243 80 26 häktet,
562 1249 34 14 om
611 1242 42 21 han
668 1242 40 21 bör
722 1243 99 27 lösgifvas

65 1278 53 21 eller
131 1277 110 22 befordras
257 1277 33 22 till
305 1277 148 27 undergäende
469 1277 23 22 af
505 1277 87 22 ädömdt
607 1276 66 22 straff.

133 1311 77 28 Bryter
228 1312 204 27 ransakningsfänge
454 1314 44 19 mot
512 1311 79 22 allmän
606 1311 44 27 lag;
672 1311 55 22 skall
742 1312 42 21 han
799 1313 23 21 af

66 1346 91 21 domstol
173 1345 80 22 dömas.

132 1379 28 20 42
176 1378 18 27 8.
224 1379 50 21 Med
297 1379 89 26 ändring
408 1379 24 20 af
449 1379 13 20 6
484 1378 12 27 8
516 1379 11 20 1
544 1378 48 26 kap.
608 1377 211 27 Utsökningsbalken

65 1413 39 22 och
120 1412 149 28 upphäfvande
284 1412 23 22 af
324 1413 143 27 kungörelsen
485 1413 40 20 den
542 1412 11 21 7
569 1411 103 22 Februari
689 1412 61 27 1791,
765 1412 55 22 skall

64 1447 62 27 gälla,
141 1448 39 26 att,
203 1454 34 15 om
255 1447 69 28 nägon
344 1447 56 22 inför
414 1447 104 27 Kejsaren
533 1447 39 21 och
588 1446 141 23 Storfurstens
744 1446 75 23 befall-
