1003 1700
208 145 13 21 2
416 143 24 23 U.
456 144 22 22 B.
494 155 29 7 —
540 144 62 28 Prop.
618 144 39 24 N:o
673 144 21 23 8.

247 207 34 21 Då
295 206 159 28 ifrågavarande
469 207 82 22 skatter
565 214 29 14 nu
608 207 85 21 komma
711 207 105 22 allmänna
830 207 102 22 statsfon-

180 241 40 22 den
241 240 33 22 till
295 241 56 27 godo
373 242 63 25 samt,
451 242 69 21 såsom
536 241 60 22 ofvan
619 241 91 29 antydts,
733 242 44 22 helt
801 241 39 22 och
864 241 66 23 hållet

179 275 89 22 förlorat
282 275 38 22 sin-
329 275 89 28 tidigare
440 276 105 28 egenskap
565 276 23 21 af
600 276 82 22 skatter
703 275 33 23 för
751 276 99 22 särskildt
865 276 67 22 ända-

179 310 49 26 mål,
249 310 39 22 har
305 309 111 22 Utskottet
430 309 69 22 funnit
514 310 47 22 dem
579 310 90 28 obilliga,
692 310 140 28 synnerligast
854 310 27 22 då
905 310 27 23 de

178 344 106 28 uppbäras
306 344 56 22 blott
383 344 31 22 uti
436 350 25 15 en
480 344 33 22 del
528 344 23 22 af
563 344 79 28 landet,
665 347 51 20 utan
731 347 32 19 att
777 345 33 21 för
824 351 26 15 en
865 344 66 23 sådan

179 378 130 28 exceptionel
331 378 135 27 beskattning
487 385 88 16 numera
590 380 65 26 några
673 379 47 22 skäl
734 379 72 22 kunna
820 378 111 28 åberopas.

177 412 111 23 Utskottet
303 412 39 23 har
357 413 71 22 derför
442 413 46 22 icke
503 414 73 21 tvekat
590 415 32 20 att
643 413 106 29 tillstyrka
771 413 160 28 ifrågavarande

178 447 92 22 skatters
285 446 117 29 aflyftande,
420 447 38 22 och
474 448 59 21 detta
548 449 23 20 så
586 448 83 27 mycket
686 447 67 23 hellre
768 454 51 19 som,
842 448 28 27 på
888 449 43 20 sätt

177 481 8 21 i
199 481 77 28 nådiga
290 481 157 28 propositionen
460 481 78 27 jemväl
552 482 127 27 framhålles,
695 482 123 28 uppbörden
827 481 39 23 och
876 481 55 22 bok-

177 515 95 28 föringen
294 515 23 23 af
337 516 107 21 desamma
466 518 24 19 är
505 516 87 22 förenad
607 516 48 21 med
677 518 68 20 större
761 517 113 26 omgångar
890 515 39 22 och

178 549 141 28 olägenheter,
343 552 26 20 än
392 550 54 22 hvad
469 550 93 28 skäligen
585 552 117 20 motsvarar
720 550 35 22 det
771 550 59 28 ringa
845 549 84 29 belopp,

178 590 45 16 som
238 591 75 20 genom
328 585 92 21 nämnda
434 584 70 28 afgäld
519 584 88 28 inflyter.

246 618 31 22 På
301 619 69 27 grund
395 618 21 22 af
445 619 35 21 det
509 619 89 21 anförda
626 618 32 22 får
681 619 112 22 Utskottet
820 619 110 21 vördsamt

177 652 77 22 föreslå

384 701 31 19 att
438 700 84 20 landets
546 699 116 28 höglofliga
686 699 94 21 Ständer
801 698 57 26 ville,
881 697 49 22 med

313 732 161 28 godkännande
489 734 29 26 af
524 734 41 20 den
573 734 82 27 nådiga
663 733 169 28 propositionen,
849 732 80 26 bifalla

314 767 84 21 dertill:

382 804 32 18 att
436 802 41 20 den
500 802 66 27 enligt
588 800 147 29 härförinnan
755 801 102 23 utkomna
874 801 55 27 för-

309 836 129 27 fattningar
460 837 58 20 inom
539 836 63 21 Wasa
618 835 38 22 och
675 835 116 29 Uleåborgs
806 836 39 21 län
859 836 70 21 under

313 877 67 15 namn
402 870 30 28 af
449 870 115 28 hospitals-
580 871 38 20 och
643 870 154 29 lasarettsfyrk
811 870 117 28 uppburna

313 904 58 22 skatt
386 905 35 21 till
435 904 86 22 kronan
535 904 58 22 skall
602 904 42 28 för
653 904 126 28 framtiden
793 905 106 27 upphöra.

243 968 38 22 Uti
296 968 154 27 behandlingen
466 968 22 22 af
502 969 58 21 detta
576 968 77 22 ärende
666 968 63 22 hafva
747 968 88 28 deltagit
853 968 76 22 Ordfö-

176 1002 80 22 randen
270 1002 99 22 Friherre
383 1003 59 27 Boije
451 1005 55 19 samt
520 1003 143 21 ledamöterne
677 1002 100 22 Friherre
791 1003 26 21 K.
833 1002 95 28 Langen-

175 1035 74 27 skiöld,
264 1036 26 22 K.
299 1036 79 28 Antell,
386 1037 117 27 Hackman,
511 1037 106 27 Kihlman,
625 1037 93 27 Donner,
728 1031 127 38 Danielson,
867 1036 60 23 Nord-

175 1072 72 25 ström,
270 1070 82 28 Elving,
375 1071 83 25 Heikel,
480 1072 118 26 Lindblom,
622 1066 89 32 Öhman,
727 1071 116 25 Meurman,
858 1069 69 29 Värri,

174 1104 71 22 Klami
260 1106 39 21 och
314 1105 90 27 Kiipula.

243 1145 131 28 Helsingfors
390 1146 40 22 den
446 1147 24 20 31
488 1146 87 23 Januari
590 1147 62 21 1888.

292 1516 128 24 Helsingfors,
429 1517 210 18 Hufvudstadsbladets
651 1517 90 23 tryckeri,
754 1518 49 18 1888.
