<?xml version="1.0" encoding="UTF-8"?>
<alto xmlns="http://www.loc.gov/standards/alto/ns-v3#" xmlns:xlink="http://www.w3.org/1999/xlink" xmlns:xsi="http://www.w3.org/2001/XMLSchema-instance" xsi:schemaLocation="http://www.loc.gov/standards/alto/ns-v3# http://www.loc.gov/alto/v3/alto-3-0.xsd">
	<Description>
		<MeasurementUnit>pixel</MeasurementUnit>
		<sourceImageInformation>
			<fileName>/tmp/tess_feh2_qty_input.PNG</fileName>
		</sourceImageInformation>
		<OCRProcessing ID="OCR_0">
			<ocrProcessingStep>
				<processingSoftware>
					<softwareName>tesseract 5.3.4</softwareName>
				</processingSoftware>
			</ocrProcessingStep>
		</OCRProcessing>
	</Description>
	<Layout>
		<Page WIDTH="1017" HEIGHT="1700" PHYSICAL_IMG_NR="0" ID="page_0">
			<PrintSpace HPOS="0" VPOS="0" WIDTH="1017" HEIGHT="1700">
				<ComposedBlock ID="cblock_0" HPOS="298" VPOS="145" WIDTH="500" HEIGHT="100">
					<TextBlock ID="block_0" HPOS="298" VPOS="145" WIDTH="500" HEIGHT="100">
						<TextLine ID="line_0" HPOS="298" VPOS="145" WIDTH="500" HEIGHT="30">
							<String ID="string_0" HPOS="298" VPOS="145" WIDTH="65" HEIGHT="24" WC="0.75" CONTENT="Ständ."/><SP WIDTH="16" VPOS="145" HPOS="363"/>
							<String ID="string_1" HPOS="379" VPOS="145" WIDTH="30" HEIGHT="24" WC="0.76" CONTENT="$v."/><SP WIDTH="18" VPOS="145" HPOS="409"/>
							<String ID="string_2" HPOS="427" VPOS="159" WIDTH="23" HEIGHT="3" WC="0.92" CONTENT="—"/><SP WIDTH="18" VPOS="159" HPOS="450"/>
							<String ID="string_3" HPOS="468" VPOS="146" WIDTH="52" HEIGHT="29" WC="0.96" CONTENT="Prop."/><SP WIDTH="17" VPOS="146" HPOS="520"/>
							<String ID="string_4" HPOS="537" VPOS="146" WIDTH="31" HEIGHT="24" WC="0.96" CONTENT="N:o"/><SP WIDTH="15" VPOS="146" HPOS="568"/>
							<String ID="string_5" HPOS="583" VPOS="147" WIDTH="15" HEIGHT="23" WC="0.95" CONTENT="1."/><SP WIDTH="174" VPOS="147" HPOS="598"/>
							<String ID="string_6" HPOS="772" VPOS="149" WIDTH="26" HEIGHT="21" WC="0.88" CONTENT="37"/>
						</TextLine>
						<TextLine ID="line_1" HPOS="364" VPOS="221" WIDTH="178" HEIGHT="24">
							<String ID="string_7" HPOS="364" VPOS="221" WIDTH="38" HEIGHT="19" WC="0.96" CONTENT="20"/><SP WIDTH="13" VPOS="221" HPOS="402"/>
							<String ID="string_8" HPOS="415" VPOS="222" WIDTH="127" HEIGHT="23" WC="0.96" CONTENT="Kapitlet."/>
						</TextLine>
					</TextBlock>
				</ComposedBlock>
				<ComposedBlock ID="cblock_1" HPOS="75" VPOS="285" WIDTH="761" HEIGHT="1157">
					<TextBlock ID="block_1" HPOS="75" VPOS="285" WIDTH="753" HEIGHT="63">
						<TextLine ID="line_2" HPOS="143" VPOS="285" WIDTH="685" HEIGHT="29">
							<String ID="string_9" HPOS="143" VPOS="286" WIDTH="14" HEIGHT="21" WC="0.94" CONTENT="4"/><SP WIDTH="22" VPOS="286" HPOS="157"/>
							<String ID="string_10" HPOS="179" VPOS="285" WIDTH="18" HEIGHT="27" WC="0.78" CONTENT="8."/><SP WIDTH="30" VPOS="285" HPOS="197"/>
							<String ID="string_11" HPOS="227" VPOS="285" WIDTH="87" HEIGHT="22" WC="0.93" CONTENT="Straffet"/><SP WIDTH="24" VPOS="285" HPOS="314"/>
							<String ID="string_12" HPOS="338" VPOS="285" WIDTH="34" HEIGHT="21" WC="0.96" CONTENT="för"/><SP WIDTH="24" VPOS="285" HPOS="372"/>
							<String ID="string_13" HPOS="396" VPOS="286" WIDTH="36" HEIGHT="21" WC="0.95" CONTENT="det"/><SP WIDTH="22" VPOS="286" HPOS="432"/>
							<String ID="string_14" HPOS="454" VPOS="286" WIDTH="39" HEIGHT="21" WC="0.96" CONTENT="här"/><SP WIDTH="21" VPOS="286" HPOS="493"/>
							<String ID="string_15" HPOS="514" VPOS="288" WIDTH="92" HEIGHT="20" WC="0.92" CONTENT="nämnda"/><SP WIDTH="23" VPOS="288" HPOS="606"/>
							<String ID="string_16" HPOS="629" VPOS="287" WIDTH="112" HEIGHT="27" WC="0.92" CONTENT="lägersmäl"/><SP WIDTH="25" VPOS="287" HPOS="741"/>
							<String ID="string_17" HPOS="766" VPOS="288" WIDTH="62" HEIGHT="21" WC="0.96" CONTENT="hafva"/>
						</TextLine>
						<TextLine ID="line_3" HPOS="75" VPOS="319" WIDTH="753" HEIGHT="29">
							<String ID="string_18" HPOS="75" VPOS="320" WIDTH="119" HEIGHT="22" WC="0.91" CONTENT="Ständerna"/><SP WIDTH="16" VPOS="320" HPOS="194"/>
							<String ID="string_19" HPOS="210" VPOS="321" WIDTH="71" HEIGHT="20" WC="0.93" CONTENT="ansett"/><SP WIDTH="15" VPOS="321" HPOS="281"/>
							<String ID="string_20" HPOS="296" VPOS="319" WIDTH="96" HEIGHT="22" WC="0.92" CONTENT="erfordra"/><SP WIDTH="15" VPOS="319" HPOS="392"/>
							<String ID="string_21" HPOS="407" VPOS="320" WIDTH="86" HEIGHT="27" WC="0.96" CONTENT="höjning"/><SP WIDTH="15" VPOS="320" HPOS="493"/>
							<String ID="string_22" HPOS="508" VPOS="320" WIDTH="32" HEIGHT="22" WC="0.96" CONTENT="till"/><SP WIDTH="15" VPOS="320" HPOS="540"/>
							<String ID="string_23" HPOS="555" VPOS="320" WIDTH="94" HEIGHT="28" WC="0.96" CONTENT="fängelse"/><SP WIDTH="11" VPOS="320" HPOS="649"/>
							<String ID="string_24" HPOS="660" VPOS="321" WIDTH="18" HEIGHT="27" WC="0.96" CONTENT="ej"/><SP WIDTH="12" VPOS="321" HPOS="678"/>
							<String ID="string_25" HPOS="690" VPOS="321" WIDTH="59" HEIGHT="21" WC="0.96" CONTENT="öfver"/><SP WIDTH="10" VPOS="321" HPOS="749"/>
							<String ID="string_26" HPOS="759" VPOS="322" WIDTH="31" HEIGHT="21" WC="0.93" CONTENT="ett"/><SP WIDTH="8" VPOS="322" HPOS="790"/>
							<String ID="string_27" HPOS="798" VPOS="322" WIDTH="30" HEIGHT="21" WC="0.93" CONTENT="år."/>
						</TextLine>
					</TextBlock>
					<TextBlock ID="block_2" HPOS="75" VPOS="353" WIDTH="754" HEIGHT="133">
						<TextLine ID="line_4" HPOS="146" VPOS="353" WIDTH="682" HEIGHT="29">
							<String ID="string_28" HPOS="146" VPOS="354" WIDTH="14" HEIGHT="21" WC="0.76" CONTENT="5"/><SP WIDTH="15" VPOS="354" HPOS="160"/>
							<String ID="string_29" HPOS="175" VPOS="353" WIDTH="17" HEIGHT="27" WC="0.76" CONTENT="8."/><SP WIDTH="31" VPOS="353" HPOS="192"/>
							<String ID="string_30" HPOS="223" VPOS="353" WIDTH="71" HEIGHT="22" WC="0.96" CONTENT="Orden"/><SP WIDTH="25" VPOS="353" HPOS="294"/>
							<String ID="string_31" HPOS="319" VPOS="356" WIDTH="36" HEIGHT="24" WC="0.91" CONTENT=",är"/><SP WIDTH="20" VPOS="356" HPOS="355"/>
							<String ID="string_32" HPOS="375" VPOS="353" WIDTH="61" HEIGHT="22" WC="0.75" CONTENT="eller&quot;"/><SP WIDTH="22" VPOS="353" HPOS="436"/>
							<String ID="string_33" HPOS="458" VPOS="360" WIDTH="60" HEIGHT="21" WC="0.95" CONTENT="synes"/><SP WIDTH="16" VPOS="360" HPOS="518"/>
							<String ID="string_34" HPOS="534" VPOS="354" WIDTH="62" HEIGHT="22" WC="0.96" CONTENT="hafva"/><SP WIDTH="15" VPOS="354" HPOS="596"/>
							<String ID="string_35" HPOS="611" VPOS="355" WIDTH="23" HEIGHT="21" WC="0.96" CONTENT="af"/><SP WIDTH="13" VPOS="355" HPOS="634"/>
							<String ID="string_36" HPOS="647" VPOS="356" WIDTH="88" HEIGHT="26" WC="0.93" CONTENT="misstag"/><SP WIDTH="14" VPOS="356" HPOS="735"/>
							<String ID="string_37" HPOS="749" VPOS="355" WIDTH="79" HEIGHT="23" WC="0.92" CONTENT="influtit"/>
						</TextLine>
						<TextLine ID="line_5" HPOS="75" VPOS="388" WIDTH="754" HEIGHT="29">
							<String ID="string_38" HPOS="75" VPOS="390" WIDTH="7" HEIGHT="20" WC="0.96" CONTENT="i"/><SP WIDTH="14" VPOS="390" HPOS="82"/>
							<String ID="string_39" HPOS="96" VPOS="388" WIDTH="78" HEIGHT="28" WC="0.96" CONTENT="nådiga"/><SP WIDTH="14" VPOS="388" HPOS="174"/>
							<String ID="string_40" HPOS="188" VPOS="388" WIDTH="166" HEIGHT="26" WC="0.96" CONTENT="propositionen,"/><SP WIDTH="15" VPOS="388" HPOS="354"/>
							<String ID="string_41" HPOS="369" VPOS="388" WIDTH="89" HEIGHT="21" WC="0.96" CONTENT="emedan"/><SP WIDTH="15" VPOS="388" HPOS="458"/>
							<String ID="string_42" HPOS="473" VPOS="395" WIDTH="33" HEIGHT="15" WC="0.96" CONTENT="om"/><SP WIDTH="12" VPOS="395" HPOS="506"/>
							<String ID="string_43" HPOS="518" VPOS="388" WIDTH="35" HEIGHT="22" WC="0.96" CONTENT="det"/><SP WIDTH="11" VPOS="388" HPOS="553"/>
							<String ID="string_44" HPOS="564" VPOS="389" WIDTH="123" HEIGHT="27" WC="0.96" CONTENT="äktenskap,"/><SP WIDTH="11" VPOS="389" HPOS="687"/>
							<String ID="string_45" HPOS="698" VPOS="396" WIDTH="44" HEIGHT="15" WC="0.93" CONTENT="som"/><SP WIDTH="9" VPOS="396" HPOS="742"/>
							<String ID="string_46" HPOS="751" VPOS="390" WIDTH="78" HEIGHT="27" WC="0.91" CONTENT="grund-"/>
						</TextLine>
						<TextLine ID="line_6" HPOS="76" VPOS="423" WIDTH="751" HEIGHT="29">
							<String ID="string_47" HPOS="76" VPOS="424" WIDTH="45" HEIGHT="27" WC="0.92" CONTENT="lagt"/><SP WIDTH="20" VPOS="424" HPOS="121"/>
							<String ID="string_48" HPOS="141" VPOS="423" WIDTH="137" HEIGHT="28" WC="0.92" CONTENT="svågerlaget,"/><SP WIDTH="16" VPOS="423" HPOS="278"/>
							<String ID="string_49" HPOS="294" VPOS="425" WIDTH="56" HEIGHT="20" WC="0.92" CONTENT="ännu"/><SP WIDTH="15" VPOS="425" HPOS="350"/>
							<String ID="string_50" HPOS="365" VPOS="423" WIDTH="123" HEIGHT="28" WC="0.92" CONTENT="fortbestår,"/><SP WIDTH="16" VPOS="423" HPOS="488"/>
							<String ID="string_51" HPOS="504" VPOS="423" WIDTH="61" HEIGHT="23" WC="0.93" CONTENT="straff"/><SP WIDTH="13" VPOS="423" HPOS="565"/>
							<String ID="string_52" HPOS="578" VPOS="424" WIDTH="34" HEIGHT="22" WC="0.96" CONTENT="för"/><SP WIDTH="14" VPOS="424" HPOS="612"/>
							<String ID="string_53" HPOS="626" VPOS="424" WIDTH="40" HEIGHT="22" WC="0.96" CONTENT="hor"/><SP WIDTH="15" VPOS="424" HPOS="666"/>
							<String ID="string_54" HPOS="681" VPOS="426" WIDTH="39" HEIGHT="21" WC="0.93" CONTENT="bör"/><SP WIDTH="15" VPOS="426" HPOS="720"/>
							<String ID="string_55" HPOS="735" VPOS="425" WIDTH="92" HEIGHT="27" WC="0.89" CONTENT="ådömas,"/>
						</TextLine>
						<TextLine ID="line_7" HPOS="75" VPOS="458" WIDTH="595" HEIGHT="28">
							<String ID="string_56" HPOS="75" VPOS="458" WIDTH="99" HEIGHT="22" WC="0.91" CONTENT="hvarföre"/><SP WIDTH="16" VPOS="458" HPOS="174"/>
							<String ID="string_57" HPOS="190" VPOS="458" WIDTH="118" HEIGHT="21" WC="0.91" CONTENT="Ständerna"/><SP WIDTH="14" VPOS="458" HPOS="308"/>
							<String ID="string_58" HPOS="322" VPOS="458" WIDTH="48" HEIGHT="21" WC="0.96" CONTENT="låtit"/><SP WIDTH="15" VPOS="458" HPOS="370"/>
							<String ID="string_59" HPOS="385" VPOS="458" WIDTH="159" HEIGHT="27" WC="0.96" CONTENT="ifrågavarande"/><SP WIDTH="16" VPOS="458" HPOS="544"/>
							<String ID="string_60" HPOS="560" VPOS="459" WIDTH="38" HEIGHT="21" WC="0.96" CONTENT="ord"/><SP WIDTH="15" VPOS="459" HPOS="598"/>
							<String ID="string_61" HPOS="613" VPOS="459" WIDTH="57" HEIGHT="27" WC="0.96" CONTENT="utgå."/>
						</TextLine>
					</TextBlock>
					<TextBlock ID="block_3" HPOS="76" VPOS="492" WIDTH="753" HEIGHT="166">
						<TextLine ID="line_8" HPOS="148" VPOS="492" WIDTH="681" HEIGHT="29">
							<String ID="string_62" HPOS="148" VPOS="493" WIDTH="58" HEIGHT="21" WC="0.91" CONTENT="Enär"/><SP WIDTH="20" VPOS="493" HPOS="206"/>
							<String ID="string_63" HPOS="226" VPOS="492" WIDTH="62" HEIGHT="23" WC="0.96" CONTENT="straff"/><SP WIDTH="13" VPOS="492" HPOS="288"/>
							<String ID="string_64" HPOS="301" VPOS="493" WIDTH="33" HEIGHT="21" WC="0.97" CONTENT="för"/><SP WIDTH="16" VPOS="493" HPOS="334"/>
							<String ID="string_65" HPOS="350" VPOS="493" WIDTH="35" HEIGHT="21" WC="0.96" CONTENT="det"/><SP WIDTH="15" VPOS="493" HPOS="385"/>
							<String ID="string_66" HPOS="400" VPOS="493" WIDTH="6" HEIGHT="21" WC="0.96" CONTENT="i"/><SP WIDTH="16" VPOS="493" HPOS="406"/>
							<String ID="string_67" HPOS="422" VPOS="493" WIDTH="138" HEIGHT="22" WC="0.93" CONTENT="förevarande"/><SP WIDTH="15" VPOS="493" HPOS="560"/>
							<String ID="string_68" HPOS="575" VPOS="493" WIDTH="11" HEIGHT="27" WC="0.78" CONTENT="$"/><SP WIDTH="15" VPOS="493" HPOS="586"/>
							<String ID="string_69" HPOS="601" VPOS="494" WIDTH="133" HEIGHT="22" WC="0.83" CONTENT="behandlade"/><SP WIDTH="15" VPOS="494" HPOS="734"/>
							<String ID="string_70" HPOS="749" VPOS="495" WIDTH="80" HEIGHT="26" WC="0.91" CONTENT="lägers-"/>
						</TextLine>
						<TextLine ID="line_9" HPOS="77" VPOS="527" WIDTH="752" HEIGHT="27">
							<String ID="string_71" HPOS="77" VPOS="527" WIDTH="113" HEIGHT="22" WC="0.90" CONTENT="målsbrott"/><SP WIDTH="23" VPOS="527" HPOS="190"/>
							<String ID="string_72" HPOS="213" VPOS="527" WIDTH="94" HEIGHT="27" WC="0.96" CONTENT="skäligen"/><SP WIDTH="23" VPOS="527" HPOS="307"/>
							<String ID="string_73" HPOS="330" VPOS="527" WIDTH="46" HEIGHT="21" WC="0.96" CONTENT="icke"/><SP WIDTH="22" VPOS="527" HPOS="376"/>
							<String ID="string_74" HPOS="398" VPOS="527" WIDTH="40" HEIGHT="21" WC="0.92" CONTENT="bör"/><SP WIDTH="22" VPOS="527" HPOS="438"/>
							<String ID="string_75" HPOS="460" VPOS="533" WIDTH="39" HEIGHT="21" WC="0.91" CONTENT="ega"/><SP WIDTH="22" VPOS="533" HPOS="499"/>
							<String ID="string_76" HPOS="521" VPOS="534" WIDTH="46" HEIGHT="15" WC="0.96" CONTENT="rum"/><SP WIDTH="16" VPOS="534" HPOS="567"/>
							<String ID="string_77" HPOS="583" VPOS="535" WIDTH="34" HEIGHT="14" WC="0.93" CONTENT="om"/><SP WIDTH="15" VPOS="535" HPOS="617"/>
							<String ID="string_78" HPOS="632" VPOS="529" WIDTH="197" HEIGHT="21" WC="0.91" CONTENT="konkumbenterna"/>
						</TextLine>
						<TextLine ID="line_10" HPOS="76" VPOS="561" WIDTH="753" HEIGHT="29">
							<String ID="string_79" HPOS="76" VPOS="562" WIDTH="54" HEIGHT="27" WC="0.96" CONTENT="tagit"/><SP WIDTH="19" VPOS="562" HPOS="130"/>
							<String ID="string_80" HPOS="149" VPOS="561" WIDTH="120" HEIGHT="22" WC="0.96" CONTENT="hvarandra"/><SP WIDTH="19" VPOS="561" HPOS="269"/>
							<String ID="string_81" HPOS="288" VPOS="561" WIDTH="33" HEIGHT="21" WC="0.96" CONTENT="till"/><SP WIDTH="20" VPOS="561" HPOS="321"/>
							<String ID="string_82" HPOS="341" VPOS="561" WIDTH="56" HEIGHT="27" WC="0.96" CONTENT="äkta,"/><SP WIDTH="21" VPOS="561" HPOS="397"/>
							<String ID="string_83" HPOS="418" VPOS="561" WIDTH="55" HEIGHT="22" WC="0.96" CONTENT="helst"/><SP WIDTH="19" VPOS="561" HPOS="473"/>
							<String ID="string_84" HPOS="492" VPOS="561" WIDTH="60" HEIGHT="23" WC="0.96" CONTENT="äfven"/><SP WIDTH="16" VPOS="561" HPOS="552"/>
							<String ID="string_85" HPOS="568" VPOS="562" WIDTH="36" HEIGHT="21" WC="0.96" CONTENT="det"/><SP WIDTH="16" VPOS="562" HPOS="604"/>
							<String ID="string_86" HPOS="620" VPOS="563" WIDTH="58" HEIGHT="26" WC="0.96" CONTENT="barn,"/><SP WIDTH="16" VPOS="563" HPOS="678"/>
							<String ID="string_87" HPOS="694" VPOS="568" WIDTH="46" HEIGHT="16" WC="0.96" CONTENT="som"/><SP WIDTH="14" VPOS="568" HPOS="740"/>
							<String ID="string_88" HPOS="754" VPOS="569" WIDTH="75" HEIGHT="21" WC="0.95" CONTENT="genom"/>
						</TextLine>
						<TextLine ID="line_11" HPOS="77" VPOS="596" WIDTH="752" HEIGHT="27">
							<String ID="string_89" HPOS="77" VPOS="597" WIDTH="77" HEIGHT="22" WC="0.95" CONTENT="sådant"/><SP WIDTH="19" VPOS="597" HPOS="154"/>
							<String ID="string_90" HPOS="173" VPOS="596" WIDTH="117" HEIGHT="27" WC="0.93" CONTENT="äktenskap"/><SP WIDTH="16" VPOS="596" HPOS="290"/>
							<String ID="string_91" HPOS="306" VPOS="596" WIDTH="58" HEIGHT="26" WC="0.91" CONTENT="aflas,"/><SP WIDTH="16" VPOS="596" HPOS="364"/>
							<String ID="string_92" HPOS="380" VPOS="602" WIDTH="77" HEIGHT="20" WC="0.95" CONTENT="genom"/><SP WIDTH="15" VPOS="602" HPOS="457"/>
							<String ID="string_93" HPOS="472" VPOS="596" WIDTH="127" HEIGHT="26" WC="0.93" CONTENT="giftermålet"/><SP WIDTH="15" VPOS="596" HPOS="599"/>
							<String ID="string_94" HPOS="614" VPOS="597" WIDTH="76" HEIGHT="21" WC="0.91" CONTENT="varder"/><SP WIDTH="14" VPOS="597" HPOS="690"/>
							<String ID="string_95" HPOS="704" VPOS="597" WIDTH="51" HEIGHT="21" WC="0.96" CONTENT="äkta"/><SP WIDTH="15" VPOS="597" HPOS="755"/>
							<String ID="string_96" HPOS="770" VPOS="598" WIDTH="59" HEIGHT="25" WC="0.96" CONTENT="barn,"/>
						</TextLine>
						<TextLine ID="line_12" HPOS="77" VPOS="630" WIDTH="499" HEIGHT="28">
							<String ID="string_97" HPOS="77" VPOS="632" WIDTH="39" HEIGHT="20" WC="0.96" CONTENT="har"/><SP WIDTH="15" VPOS="632" HPOS="116"/>
							<String ID="string_98" HPOS="131" VPOS="631" WIDTH="132" HEIGHT="27" WC="0.96" CONTENT="bestämning"/><SP WIDTH="15" VPOS="631" HPOS="263"/>
							<String ID="string_99" HPOS="278" VPOS="631" WIDTH="74" HEIGHT="21" WC="0.95" CONTENT="härom"/><SP WIDTH="16" VPOS="631" HPOS="352"/>
							<String ID="string_100" HPOS="368" VPOS="631" WIDTH="30" HEIGHT="20" WC="0.93" CONTENT="uti"/><SP WIDTH="16" VPOS="631" HPOS="398"/>
							<String ID="string_101" HPOS="414" VPOS="630" WIDTH="32" HEIGHT="27" WC="0.92" CONTENT="$:n"/><SP WIDTH="16" VPOS="630" HPOS="446"/>
							<String ID="string_102" HPOS="462" VPOS="632" WIDTH="114" HEIGHT="26" WC="0.96" CONTENT="upptagits."/>
						</TextLine>
					</TextBlock>
					<TextBlock ID="block_4" HPOS="78" VPOS="665" WIDTH="755" HEIGHT="406">
						<TextLine ID="line_13" HPOS="150" VPOS="665" WIDTH="679" HEIGHT="28">
							<String ID="string_103" HPOS="150" VPOS="665" WIDTH="12" HEIGHT="21" WC="0.89" CONTENT="7"/><SP WIDTH="23" VPOS="665" HPOS="162"/>
							<String ID="string_104" HPOS="185" VPOS="675" WIDTH="18" HEIGHT="17" WC="0.81" CONTENT="8."/><SP WIDTH="30" VPOS="675" HPOS="203"/>
							<String ID="string_105" HPOS="233" VPOS="665" WIDTH="96" HEIGHT="21" WC="0.93" CONTENT="Emedan"/><SP WIDTH="23" VPOS="665" HPOS="329"/>
							<String ID="string_106" HPOS="352" VPOS="665" WIDTH="118" HEIGHT="21" WC="0.88" CONTENT="Ständerna"/><SP WIDTH="22" VPOS="665" HPOS="470"/>
							<String ID="string_107" HPOS="492" VPOS="666" WIDTH="70" HEIGHT="21" WC="0.93" CONTENT="ansett"/><SP WIDTH="21" VPOS="666" HPOS="562"/>
							<String ID="string_108" HPOS="583" VPOS="665" WIDTH="113" HEIGHT="28" WC="0.92" CONTENT="lägersmäl"/><SP WIDTH="22" VPOS="665" HPOS="696"/>
							<String ID="string_109" HPOS="718" VPOS="666" WIDTH="47" HEIGHT="21" WC="0.96" CONTENT="med"/><SP WIDTH="16" VPOS="666" HPOS="765"/>
							<String ID="string_110" HPOS="781" VPOS="672" WIDTH="48" HEIGHT="20" WC="0.96" CONTENT="ung,"/>
						</TextLine>
						<TextLine ID="line_14" HPOS="78" VPOS="700" WIDTH="752" HEIGHT="28">
							<String ID="string_111" HPOS="78" VPOS="700" WIDTH="58" HEIGHT="22" WC="0.96" CONTENT="förut"/><SP WIDTH="15" VPOS="700" HPOS="136"/>
							<String ID="string_112" HPOS="151" VPOS="700" WIDTH="18" HEIGHT="27" WC="0.93" CONTENT="ej"/><SP WIDTH="16" VPOS="700" HPOS="169"/>
							<String ID="string_113" HPOS="185" VPOS="700" WIDTH="74" HEIGHT="27" WC="0.92" CONTENT="lägrad"/><SP WIDTH="15" VPOS="700" HPOS="259"/>
							<String ID="string_114" HPOS="274" VPOS="700" WIDTH="78" HEIGHT="27" WC="0.92" CONTENT="qvinna"/><SP WIDTH="14" VPOS="700" HPOS="352"/>
							<String ID="string_115" HPOS="366" VPOS="700" WIDTH="54" HEIGHT="21" WC="0.96" CONTENT="böra"/><SP WIDTH="13" VPOS="700" HPOS="420"/>
							<String ID="string_116" HPOS="433" VPOS="706" WIDTH="52" HEIGHT="15" WC="0.91" CONTENT="vara"/><SP WIDTH="15" VPOS="706" HPOS="485"/>
							<String ID="string_117" HPOS="500" VPOS="700" WIDTH="149" HEIGHT="28" WC="0.91" CONTENT="qvalificeradt,"/><SP WIDTH="9" VPOS="700" HPOS="649"/>
							<String ID="string_118" HPOS="658" VPOS="701" WIDTH="71" HEIGHT="21" WC="0.91" CONTENT="derest"/><SP WIDTH="10" VPOS="701" HPOS="729"/>
							<String ID="string_119" HPOS="739" VPOS="702" WIDTH="91" HEIGHT="25" WC="0.90" CONTENT="qvinnan"/>
						</TextLine>
						<TextLine ID="line_15" HPOS="78" VPOS="734" WIDTH="753" HEIGHT="28">
							<String ID="string_120" HPOS="78" VPOS="735" WIDTH="48" HEIGHT="21" WC="0.93" CONTENT="icke"/><SP WIDTH="14" VPOS="735" HPOS="126"/>
							<String ID="string_121" HPOS="140" VPOS="735" WIDTH="95" HEIGHT="26" WC="0.83" CONTENT="-uppnått"/><SP WIDTH="20" VPOS="735" HPOS="235"/>
							<String ID="string_122" HPOS="255" VPOS="734" WIDTH="81" HEIGHT="27" WC="0.96" CONTENT="sjutton"/><SP WIDTH="20" VPOS="734" HPOS="336"/>
							<String ID="string_123" HPOS="356" VPOS="734" WIDTH="33" HEIGHT="22" WC="0.96" CONTENT="års"/><SP WIDTH="16" VPOS="734" HPOS="389"/>
							<String ID="string_124" HPOS="405" VPOS="734" WIDTH="65" HEIGHT="27" WC="0.96" CONTENT="ålder,"/><SP WIDTH="16" VPOS="734" HPOS="470"/>
							<String ID="string_125" HPOS="486" VPOS="734" WIDTH="27" HEIGHT="26" WC="0.96" CONTENT="pä"/><SP WIDTH="15" VPOS="734" HPOS="513"/>
							<String ID="string_126" HPOS="528" VPOS="736" WIDTH="42" HEIGHT="20" WC="0.96" CONTENT="sätt"/><SP WIDTH="16" VPOS="736" HPOS="570"/>
							<String ID="string_127" HPOS="586" VPOS="735" WIDTH="39" HEIGHT="21" WC="0.96" CONTENT="ock"/><SP WIDTH="15" VPOS="735" HPOS="625"/>
							<String ID="string_128" HPOS="640" VPOS="741" WIDTH="28" HEIGHT="15" WC="0.96" CONTENT="nu"/><SP WIDTH="14" VPOS="741" HPOS="668"/>
							<String ID="string_129" HPOS="682" VPOS="735" WIDTH="99" HEIGHT="27" WC="0.96" CONTENT="gällande"/><SP WIDTH="15" VPOS="735" HPOS="781"/>
							<String ID="string_130" HPOS="796" VPOS="735" WIDTH="35" HEIGHT="27" WC="0.96" CONTENT="lag"/>
						</TextLine>
						<TextLine ID="line_16" HPOS="79" VPOS="768" WIDTH="752" HEIGHT="28">
							<String ID="string_131" HPOS="79" VPOS="770" WIDTH="92" HEIGHT="26" WC="0.96" CONTENT="stadgar,"/><SP WIDTH="23" VPOS="770" HPOS="171"/>
							<String ID="string_132" HPOS="194" VPOS="768" WIDTH="39" HEIGHT="22" WC="0.91" CONTENT="har"/><SP WIDTH="22" VPOS="768" HPOS="233"/>
							<String ID="string_133" HPOS="255" VPOS="768" WIDTH="139" HEIGHT="22" WC="0.93" CONTENT="förevarande"/><SP WIDTH="22" VPOS="768" HPOS="394"/>
							<String ID="string_134" HPOS="416" VPOS="768" WIDTH="17" HEIGHT="27" WC="0.83" CONTENT="S,"/><SP WIDTH="16" VPOS="768" HPOS="433"/>
							<String ID="string_135" HPOS="449" VPOS="775" WIDTH="45" HEIGHT="15" WC="0.96" CONTENT="som"/><SP WIDTH="15" VPOS="775" HPOS="494"/>
							<String ID="string_136" HPOS="509" VPOS="770" WIDTH="6" HEIGHT="20" WC="0.93" CONTENT="i"/><SP WIDTH="16" VPOS="770" HPOS="515"/>
							<String ID="string_137" HPOS="531" VPOS="769" WIDTH="87" HEIGHT="21" WC="0.93" CONTENT="berördt"/><SP WIDTH="16" VPOS="769" HPOS="618"/>
							<String ID="string_138" HPOS="634" VPOS="768" WIDTH="54" HEIGHT="28" WC="0.96" CONTENT="syfte"/><SP WIDTH="15" VPOS="768" HPOS="688"/>
							<String ID="string_139" HPOS="703" VPOS="770" WIDTH="128" HEIGHT="21" WC="0.96" CONTENT="bestämmer"/>
						</TextLine>
						<TextLine ID="line_17" HPOS="79" VPOS="802" WIDTH="751" HEIGHT="28">
							<String ID="string_140" HPOS="79" VPOS="803" WIDTH="162" HEIGHT="26" WC="0.93" CONTENT="åldersgränsen"/><SP WIDTH="21" VPOS="803" HPOS="241"/>
							<String ID="string_141" HPOS="262" VPOS="803" WIDTH="32" HEIGHT="21" WC="0.96" CONTENT="till"/><SP WIDTH="21" VPOS="803" HPOS="294"/>
							<String ID="string_142" HPOS="315" VPOS="803" WIDTH="75" HEIGHT="21" WC="0.96" CONTENT="endast"/><SP WIDTH="14" VPOS="803" HPOS="390"/>
							<String ID="string_143" HPOS="404" VPOS="802" WIDTH="80" HEIGHT="22" WC="0.96" CONTENT="femton"/><SP WIDTH="16" VPOS="802" HPOS="484"/>
							<String ID="string_144" HPOS="500" VPOS="803" WIDTH="29" HEIGHT="26" WC="0.96" CONTENT="år,"/><SP WIDTH="16" VPOS="803" HPOS="529"/>
							<String ID="string_145" HPOS="545" VPOS="803" WIDTH="84" HEIGHT="21" WC="0.83" CONTENT="erhållit"/><SP WIDTH="15" VPOS="803" HPOS="629"/>
							<String ID="string_146" HPOS="644" VPOS="804" WIDTH="31" HEIGHT="20" WC="0.97" CONTENT="ett"/><SP WIDTH="15" VPOS="804" HPOS="675"/>
							<String ID="string_147" HPOS="690" VPOS="804" WIDTH="78" HEIGHT="26" WC="0.93" CONTENT="tillägg,"/><SP WIDTH="17" VPOS="804" HPOS="768"/>
							<String ID="string_148" HPOS="785" VPOS="804" WIDTH="45" HEIGHT="20" WC="0.93" CONTENT="deri"/>
						</TextLine>
						<TextLine ID="line_18" HPOS="79" VPOS="836" WIDTH="752" HEIGHT="28">
							<String ID="string_149" HPOS="79" VPOS="837" WIDTH="111" HEIGHT="27" WC="0.91" CONTENT="lägersmål"/><SP WIDTH="22" VPOS="837" HPOS="190"/>
							<String ID="string_150" HPOS="212" VPOS="836" WIDTH="48" HEIGHT="22" WC="0.93" CONTENT="med"/><SP WIDTH="23" VPOS="836" HPOS="260"/>
							<String ID="string_151" HPOS="283" VPOS="837" WIDTH="82" HEIGHT="26" WC="0.91" CONTENT="qvinna,"/><SP WIDTH="23" VPOS="837" HPOS="365"/>
							<String ID="string_152" HPOS="388" VPOS="842" WIDTH="46" HEIGHT="16" WC="0.96" CONTENT="som"/><SP WIDTH="20" VPOS="842" HPOS="434"/>
							<String ID="string_153" HPOS="454" VPOS="837" WIDTH="90" HEIGHT="26" WC="0.96" CONTENT="uppnått"/><SP WIDTH="14" VPOS="837" HPOS="544"/>
							<String ID="string_154" HPOS="558" VPOS="836" WIDTH="80" HEIGHT="22" WC="0.96" CONTENT="femton"/><SP WIDTH="15" VPOS="836" HPOS="638"/>
							<String ID="string_155" HPOS="653" VPOS="843" WIDTH="48" HEIGHT="15" WC="0.96" CONTENT="men"/><SP WIDTH="16" VPOS="843" HPOS="701"/>
							<String ID="string_156" HPOS="717" VPOS="838" WIDTH="18" HEIGHT="26" WC="0.96" CONTENT="ej"/><SP WIDTH="17" VPOS="838" HPOS="735"/>
							<String ID="string_157" HPOS="752" VPOS="838" WIDTH="79" HEIGHT="26" WC="0.96" CONTENT="sjutton"/>
						</TextLine>
						<TextLine ID="line_19" HPOS="79" VPOS="870" WIDTH="752" HEIGHT="28">
							<String ID="string_158" HPOS="79" VPOS="872" WIDTH="34" HEIGHT="21" WC="0.94" CONTENT="års"/><SP WIDTH="16" VPOS="872" HPOS="113"/>
							<String ID="string_159" HPOS="129" VPOS="871" WIDTH="64" HEIGHT="26" WC="0.93" CONTENT="ålder,"/><SP WIDTH="16" VPOS="871" HPOS="193"/>
							<String ID="string_160" HPOS="209" VPOS="871" WIDTH="99" HEIGHT="27" WC="0.92" CONTENT="belägges"/><SP WIDTH="16" VPOS="871" HPOS="308"/>
							<String ID="string_161" HPOS="324" VPOS="871" WIDTH="47" HEIGHT="21" WC="0.95" CONTENT="med"/><SP WIDTH="15" VPOS="871" HPOS="371"/>
							<String ID="string_162" HPOS="386" VPOS="871" WIDTH="102" HEIGHT="21" WC="0.57" CONTENT="särskildt"/><SP WIDTH="14" VPOS="871" HPOS="488"/>
							<String ID="string_163" HPOS="502" VPOS="870" WIDTH="66" HEIGHT="22" WC="0.94" CONTENT="straff."/><SP WIDTH="25" VPOS="870" HPOS="568"/>
							<String ID="string_164" HPOS="593" VPOS="871" WIDTH="42" HEIGHT="21" WC="0.95" CONTENT="För"/><SP WIDTH="16" VPOS="871" HPOS="635"/>
							<String ID="string_165" HPOS="651" VPOS="871" WIDTH="63" HEIGHT="27" WC="0.95" CONTENT="öfrigt"/><SP WIDTH="10" VPOS="871" HPOS="714"/>
							<String ID="string_166" HPOS="724" VPOS="877" WIDTH="61" HEIGHT="21" WC="0.96" CONTENT="synes"/><SP WIDTH="11" VPOS="877" HPOS="785"/>
							<String ID="string_167" HPOS="796" VPOS="872" WIDTH="35" HEIGHT="20" WC="0.96" CONTENT="det"/>
						</TextLine>
						<TextLine ID="line_20" HPOS="79" VPOS="905" WIDTH="753" HEIGHT="27">
							<String ID="string_168" HPOS="79" VPOS="906" WIDTH="53" HEIGHT="21" WC="0.96" CONTENT="böra"/><SP WIDTH="22" VPOS="906" HPOS="132"/>
							<String ID="string_169" HPOS="154" VPOS="905" WIDTH="22" HEIGHT="22" WC="0.95" CONTENT="få"/><SP WIDTH="20" VPOS="905" HPOS="176"/>
							<String ID="string_170" HPOS="196" VPOS="906" WIDTH="52" HEIGHT="21" WC="0.96" CONTENT="bero"/><SP WIDTH="22" VPOS="906" HPOS="248"/>
							<String ID="string_171" HPOS="270" VPOS="906" WIDTH="24" HEIGHT="20" WC="0.96" CONTENT="af"/><SP WIDTH="20" VPOS="906" HPOS="294"/>
							<String ID="string_172" HPOS="314" VPOS="905" WIDTH="156" HEIGHT="21" WC="0.96" CONTENT="vederbörande"/><SP WIDTH="17" VPOS="905" HPOS="470"/>
							<String ID="string_173" HPOS="487" VPOS="906" WIDTH="112" HEIGHT="21" WC="0.92" CONTENT="målsmans"/><SP WIDTH="15" VPOS="906" HPOS="599"/>
							<String ID="string_174" HPOS="614" VPOS="906" WIDTH="98" HEIGHT="26" WC="0.89" CONTENT="pröfning"/><SP WIDTH="15" VPOS="906" HPOS="712"/>
							<String ID="string_175" HPOS="727" VPOS="906" WIDTH="105" HEIGHT="21" WC="0.96" CONTENT="huruvida"/>
						</TextLine>
						<TextLine ID="line_21" HPOS="80" VPOS="939" WIDTH="751" HEIGHT="29">
							<String ID="string_176" HPOS="80" VPOS="940" WIDTH="43" HEIGHT="21" WC="0.95" CONTENT="åtal"/><SP WIDTH="15" VPOS="940" HPOS="123"/>
							<String ID="string_177" HPOS="138" VPOS="940" WIDTH="32" HEIGHT="21" WC="0.93" CONTENT="för"/><SP WIDTH="15" VPOS="940" HPOS="170"/>
							<String ID="string_178" HPOS="185" VPOS="940" WIDTH="101" HEIGHT="26" WC="0.91" CONTENT="lägrande"/><SP WIDTH="15" VPOS="940" HPOS="286"/>
							<String ID="string_179" HPOS="301" VPOS="940" WIDTH="23" HEIGHT="21" WC="0.93" CONTENT="af"/><SP WIDTH="14" VPOS="940" HPOS="324"/>
							<String ID="string_180" HPOS="338" VPOS="940" WIDTH="82" HEIGHT="26" WC="0.91" CONTENT="qvinna,"/><SP WIDTH="22" VPOS="940" HPOS="420"/>
							<String ID="string_181" HPOS="442" VPOS="946" WIDTH="45" HEIGHT="15" WC="0.91" CONTENT="som"/><SP WIDTH="14" VPOS="946" HPOS="487"/>
							<String ID="string_182" HPOS="501" VPOS="939" WIDTH="40" HEIGHT="27" WC="0.91" CONTENT="fylt"/><SP WIDTH="14" VPOS="939" HPOS="541"/>
							<String ID="string_183" HPOS="555" VPOS="939" WIDTH="41" HEIGHT="22" WC="0.89" CONTENT="tolf"/><SP WIDTH="14" VPOS="939" HPOS="596"/>
							<String ID="string_184" HPOS="610" VPOS="946" WIDTH="47" HEIGHT="16" WC="0.96" CONTENT="men"/><SP WIDTH="15" VPOS="946" HPOS="657"/>
							<String ID="string_185" HPOS="672" VPOS="940" WIDTH="18" HEIGHT="27" WC="0.95" CONTENT="ej"/><SP WIDTH="17" VPOS="940" HPOS="690"/>
							<String ID="string_186" HPOS="707" VPOS="940" WIDTH="79" HEIGHT="28" WC="0.96" CONTENT="sjutton"/><SP WIDTH="16" VPOS="940" HPOS="786"/>
							<String ID="string_187" HPOS="802" VPOS="940" WIDTH="29" HEIGHT="26" WC="0.96" CONTENT="år,"/>
						</TextLine>
						<TextLine ID="line_22" HPOS="79" VPOS="974" WIDTH="753" HEIGHT="27">
							<String ID="string_188" HPOS="79" VPOS="974" WIDTH="35" HEIGHT="22" WC="0.93" CONTENT="må"/><SP WIDTH="15" VPOS="974" HPOS="114"/>
							<String ID="string_189" HPOS="129" VPOS="981" WIDTH="39" HEIGHT="20" WC="0.91" CONTENT="ega"/><SP WIDTH="16" VPOS="981" HPOS="168"/>
							<String ID="string_190" HPOS="184" VPOS="980" WIDTH="46" HEIGHT="15" WC="0.96" CONTENT="rum"/><SP WIDTH="16" VPOS="980" HPOS="230"/>
							<String ID="string_191" HPOS="246" VPOS="974" WIDTH="52" HEIGHT="21" WC="0.95" CONTENT="eller"/><SP WIDTH="15" VPOS="974" HPOS="298"/>
							<String ID="string_192" HPOS="313" VPOS="974" WIDTH="25" HEIGHT="27" WC="0.96" CONTENT="ej,"/><SP WIDTH="16" VPOS="974" HPOS="338"/>
							<String ID="string_193" HPOS="354" VPOS="974" WIDTH="88" HEIGHT="21" WC="0.96" CONTENT="emedan"/><SP WIDTH="15" VPOS="974" HPOS="442"/>
							<String ID="string_194" HPOS="457" VPOS="974" WIDTH="76" HEIGHT="22" WC="0.96" CONTENT="sådant"/><SP WIDTH="13" VPOS="974" HPOS="533"/>
							<String ID="string_195" HPOS="546" VPOS="974" WIDTH="44" HEIGHT="22" WC="0.96" CONTENT="åtal"/><SP WIDTH="14" VPOS="974" HPOS="590"/>
							<String ID="string_196" HPOS="604" VPOS="975" WIDTH="98" HEIGHT="21" WC="0.96" CONTENT="stundom"/><SP WIDTH="15" VPOS="975" HPOS="702"/>
							<String ID="string_197" HPOS="717" VPOS="975" WIDTH="43" HEIGHT="21" WC="0.93" CONTENT="kan"/><SP WIDTH="15" VPOS="975" HPOS="760"/>
							<String ID="string_198" HPOS="775" VPOS="975" WIDTH="57" HEIGHT="21" WC="0.92" CONTENT="med-"/>
						</TextLine>
						<TextLine ID="line_23" HPOS="80" VPOS="1008" WIDTH="753" HEIGHT="28">
							<String ID="string_199" HPOS="80" VPOS="1008" WIDTH="46" HEIGHT="22" WC="0.96" CONTENT="föra"/><SP WIDTH="20" VPOS="1008" HPOS="126"/>
							<String ID="string_200" HPOS="146" VPOS="1009" WIDTH="32" HEIGHT="21" WC="0.96" CONTENT="för"/><SP WIDTH="20" VPOS="1009" HPOS="178"/>
							<String ID="string_201" HPOS="198" VPOS="1008" WIDTH="42" HEIGHT="22" WC="0.92" CONTENT="den"/><SP WIDTH="15" VPOS="1008" HPOS="240"/>
							<String ID="string_202" HPOS="255" VPOS="1008" WIDTH="97" HEIGHT="27" WC="0.92" CONTENT="lägrades"/><SP WIDTH="20" VPOS="1008" HPOS="352"/>
							<String ID="string_203" HPOS="372" VPOS="1008" WIDTH="87" HEIGHT="22" WC="0.96" CONTENT="framtid"/><SP WIDTH="16" VPOS="1008" HPOS="459"/>
							<String ID="string_204" HPOS="475" VPOS="1008" WIDTH="25" HEIGHT="22" WC="0.96" CONTENT="de"/><SP WIDTH="15" VPOS="1008" HPOS="500"/>
							<String ID="string_205" HPOS="515" VPOS="1010" WIDTH="55" HEIGHT="20" WC="0.93" CONTENT="mest"/><SP WIDTH="14" VPOS="1010" HPOS="570"/>
							<String ID="string_206" HPOS="584" VPOS="1009" WIDTH="92" HEIGHT="27" WC="0.92" CONTENT="menliga"/><SP WIDTH="15" VPOS="1009" HPOS="676"/>
							<String ID="string_207" HPOS="691" VPOS="1009" WIDTH="87" HEIGHT="27" WC="0.96" CONTENT="följder;"/><SP WIDTH="16" VPOS="1009" HPOS="778"/>
							<String ID="string_208" HPOS="794" VPOS="1009" WIDTH="39" HEIGHT="21" WC="0.96" CONTENT="och"/>
						</TextLine>
						<TextLine ID="line_24" HPOS="80" VPOS="1042" WIDTH="691" HEIGHT="29">
							<String ID="string_209" HPOS="80" VPOS="1044" WIDTH="40" HEIGHT="21" WC="0.93" CONTENT="har"/><SP WIDTH="15" VPOS="1044" HPOS="120"/>
							<String ID="string_210" HPOS="135" VPOS="1043" WIDTH="55" HEIGHT="26" WC="0.91" CONTENT="förty"/><SP WIDTH="16" VPOS="1043" HPOS="190"/>
							<String ID="string_211" HPOS="206" VPOS="1043" WIDTH="117" HEIGHT="26" WC="0.96" CONTENT="stadgande"/><SP WIDTH="15" VPOS="1043" HPOS="323"/>
							<String ID="string_212" HPOS="338" VPOS="1043" WIDTH="75" HEIGHT="21" WC="0.96" CONTENT="härom"/><SP WIDTH="15" VPOS="1043" HPOS="413"/>
							<String ID="string_213" HPOS="428" VPOS="1042" WIDTH="23" HEIGHT="22" WC="0.91" CONTENT="af"/><SP WIDTH="14" VPOS="1042" HPOS="451"/>
							<String ID="string_214" HPOS="465" VPOS="1042" WIDTH="118" HEIGHT="22" WC="0.91" CONTENT="Ständerna"/><SP WIDTH="15" VPOS="1042" HPOS="583"/>
							<String ID="string_215" HPOS="598" VPOS="1042" WIDTH="68" HEIGHT="22" WC="0.93" CONTENT="blifvit"/><SP WIDTH="15" VPOS="1042" HPOS="666"/>
							<String ID="string_216" HPOS="681" VPOS="1043" WIDTH="90" HEIGHT="28" WC="0.91" CONTENT="tillagdt."/>
						</TextLine>
					</TextBlock>
					<TextBlock ID="block_5" HPOS="81" VPOS="1076" WIDTH="753" HEIGHT="98">
						<TextLine ID="line_25" HPOS="153" VPOS="1076" WIDTH="680" HEIGHT="28">
							<String ID="string_217" HPOS="153" VPOS="1078" WIDTH="12" HEIGHT="20" WC="0.87" CONTENT="8"/><SP WIDTH="16" VPOS="1078" HPOS="165"/>
							<String ID="string_218" HPOS="181" VPOS="1076" WIDTH="17" HEIGHT="27" WC="0.82" CONTENT="8."/><SP WIDTH="32" VPOS="1076" HPOS="198"/>
							<String ID="string_219" HPOS="230" VPOS="1077" WIDTH="87" HEIGHT="21" WC="0.91" CONTENT="Straffet"/><SP WIDTH="21" VPOS="1077" HPOS="317"/>
							<String ID="string_220" HPOS="338" VPOS="1077" WIDTH="34" HEIGHT="21" WC="0.93" CONTENT="för"/><SP WIDTH="21" VPOS="1077" HPOS="372"/>
							<String ID="string_221" HPOS="393" VPOS="1077" WIDTH="112" HEIGHT="27" WC="0.92" CONTENT="lägersmäl"/><SP WIDTH="22" VPOS="1077" HPOS="505"/>
							<String ID="string_222" HPOS="527" VPOS="1077" WIDTH="48" HEIGHT="21" WC="0.93" CONTENT="med"/><SP WIDTH="25" VPOS="1077" HPOS="575"/>
							<String ID="string_223" HPOS="600" VPOS="1077" WIDTH="66" HEIGHT="21" WC="0.92" CONTENT="afvita"/><SP WIDTH="22" VPOS="1077" HPOS="666"/>
							<String ID="string_224" HPOS="688" VPOS="1078" WIDTH="77" HEIGHT="26" WC="0.91" CONTENT="qvinna"/><SP WIDTH="18" VPOS="1078" HPOS="765"/>
							<String ID="string_225" HPOS="783" VPOS="1084" WIDTH="50" HEIGHT="14" WC="0.94" CONTENT="anse"/>
						</TextLine>
						<TextLine ID="line_26" HPOS="83" VPOS="1110" WIDTH="751" HEIGHT="29">
							<String ID="string_226" HPOS="83" VPOS="1112" WIDTH="118" HEIGHT="22" WC="0.92" CONTENT="Ständerna"/><SP WIDTH="20" VPOS="1112" HPOS="201"/>
							<String ID="string_227" HPOS="221" VPOS="1112" WIDTH="52" HEIGHT="21" WC="0.96" CONTENT="böra"/><SP WIDTH="19" VPOS="1112" HPOS="273"/>
							<String ID="string_228" HPOS="292" VPOS="1111" WIDTH="59" HEIGHT="28" WC="0.96" CONTENT="höjas"/><SP WIDTH="21" VPOS="1111" HPOS="351"/>
							<String ID="string_229" HPOS="372" VPOS="1111" WIDTH="32" HEIGHT="21" WC="0.93" CONTENT="till"/><SP WIDTH="16" VPOS="1111" HPOS="404"/>
							<String ID="string_230" HPOS="420" VPOS="1110" WIDTH="89" HEIGHT="23" WC="0.92" CONTENT="tukthus"/><SP WIDTH="15" VPOS="1110" HPOS="509"/>
							<String ID="string_231" HPOS="524" VPOS="1112" WIDTH="7" HEIGHT="20" WC="0.96" CONTENT="i"/><SP WIDTH="15" VPOS="1112" HPOS="531"/>
							<String ID="string_232" HPOS="546" VPOS="1110" WIDTH="62" HEIGHT="28" WC="0.96" CONTENT="högst"/><SP WIDTH="15" VPOS="1110" HPOS="608"/>
							<String ID="string_233" HPOS="623" VPOS="1111" WIDTH="46" HEIGHT="27" WC="0.96" CONTENT="fyra"/><SP WIDTH="15" VPOS="1111" HPOS="669"/>
							<String ID="string_234" HPOS="684" VPOS="1112" WIDTH="24" HEIGHT="20" WC="0.96" CONTENT="år"/><SP WIDTH="15" VPOS="1112" HPOS="708"/>
							<String ID="string_235" HPOS="723" VPOS="1112" WIDTH="51" HEIGHT="20" WC="0.93" CONTENT="eller"/><SP WIDTH="15" VPOS="1112" HPOS="774"/>
							<String ID="string_236" HPOS="789" VPOS="1111" WIDTH="45" HEIGHT="21" WC="0.90" CONTENT="fän-"/>
						</TextLine>
						<TextLine ID="line_27" HPOS="81" VPOS="1147" WIDTH="64" HEIGHT="27">
							<String ID="string_237" HPOS="81" VPOS="1147" WIDTH="64" HEIGHT="27" WC="0.90" CONTENT="gelse."/>
						</TextLine>
					</TextBlock>
					<TextBlock ID="block_6" HPOS="82" VPOS="1179" WIDTH="753" HEIGHT="97">
						<TextLine ID="line_28" HPOS="154" VPOS="1179" WIDTH="681" HEIGHT="28">
							<String ID="string_238" HPOS="154" VPOS="1180" WIDTH="46" HEIGHT="27" WC="0.80" CONTENT="98."/><SP WIDTH="30" VPOS="1180" HPOS="200"/>
							<String ID="string_239" HPOS="230" VPOS="1180" WIDTH="30" HEIGHT="21" WC="0.96" CONTENT="På"/><SP WIDTH="15" VPOS="1180" HPOS="260"/>
							<String ID="string_240" HPOS="275" VPOS="1182" WIDTH="43" HEIGHT="19" WC="0.96" CONTENT="sätt"/><SP WIDTH="14" VPOS="1182" HPOS="318"/>
							<String ID="string_241" HPOS="332" VPOS="1179" WIDTH="35" HEIGHT="22" WC="0.96" CONTENT="vid"/><SP WIDTH="15" VPOS="1179" HPOS="367"/>
							<String ID="string_242" HPOS="382" VPOS="1180" WIDTH="14" HEIGHT="21" WC="0.93" CONTENT="5"/><SP WIDTH="15" VPOS="1180" HPOS="396"/>
							<String ID="string_243" HPOS="411" VPOS="1179" WIDTH="11" HEIGHT="28" WC="0.92" CONTENT="$"/><SP WIDTH="15" VPOS="1179" HPOS="422"/>
							<String ID="string_244" HPOS="437" VPOS="1179" WIDTH="100" HEIGHT="28" WC="0.93" CONTENT="förfarits,"/><SP WIDTH="16" VPOS="1179" HPOS="537"/>
							<String ID="string_245" HPOS="553" VPOS="1180" WIDTH="39" HEIGHT="21" WC="0.93" CONTENT="har"/><SP WIDTH="14" VPOS="1180" HPOS="592"/>
							<String ID="string_246" HPOS="606" VPOS="1181" WIDTH="77" HEIGHT="26" WC="0.90" CONTENT="jemväl"/><SP WIDTH="13" VPOS="1181" HPOS="683"/>
							<String ID="string_247" HPOS="696" VPOS="1180" WIDTH="139" HEIGHT="21" WC="0.95" CONTENT="förevarande"/>
						</TextLine>
						<TextLine ID="line_29" HPOS="82" VPOS="1213" WIDTH="752" HEIGHT="29">
							<String ID="string_248" HPOS="82" VPOS="1215" WIDTH="11" HEIGHT="27" WC="0.79" CONTENT="8"/><SP WIDTH="16" VPOS="1215" HPOS="93"/>
							<String ID="string_249" HPOS="109" VPOS="1215" WIDTH="84" HEIGHT="21" WC="0.94" CONTENT="erhållit"/><SP WIDTH="15" VPOS="1215" HPOS="193"/>
							<String ID="string_250" HPOS="208" VPOS="1216" WIDTH="32" HEIGHT="19" WC="0.96" CONTENT="ett"/><SP WIDTH="14" VPOS="1216" HPOS="240"/>
							<String ID="string_251" HPOS="254" VPOS="1214" WIDTH="74" HEIGHT="27" WC="0.96" CONTENT="tillägg"/><SP WIDTH="16" VPOS="1214" HPOS="328"/>
							<String ID="string_252" HPOS="344" VPOS="1214" WIDTH="22" HEIGHT="21" WC="0.96" CONTENT="af"/><SP WIDTH="14" VPOS="1214" HPOS="366"/>
							<String ID="string_253" HPOS="380" VPOS="1214" WIDTH="101" HEIGHT="27" WC="0.96" CONTENT="innehåll,"/><SP WIDTH="16" VPOS="1214" HPOS="481"/>
							<String ID="string_254" HPOS="497" VPOS="1216" WIDTH="31" HEIGHT="19" WC="0.93" CONTENT="att"/><SP WIDTH="15" VPOS="1216" HPOS="528"/>
							<String ID="string_255" HPOS="543" VPOS="1214" WIDTH="204" HEIGHT="26" WC="0.92" CONTENT="konkumbenterna,"/><SP WIDTH="17" VPOS="1214" HPOS="747"/>
							<String ID="string_256" HPOS="764" VPOS="1220" WIDTH="33" HEIGHT="15" WC="0.96" CONTENT="om"/><SP WIDTH="11" VPOS="1220" HPOS="797"/>
							<String ID="string_257" HPOS="808" VPOS="1213" WIDTH="26" HEIGHT="22" WC="0.97" CONTENT="de"/>
						</TextLine>
						<TextLine ID="line_30" HPOS="82" VPOS="1247" WIDTH="649" HEIGHT="29">
							<String ID="string_258" HPOS="82" VPOS="1249" WIDTH="54" HEIGHT="27" WC="0.95" CONTENT="tagit"/><SP WIDTH="14" VPOS="1249" HPOS="136"/>
							<String ID="string_259" HPOS="150" VPOS="1248" WIDTH="120" HEIGHT="22" WC="0.95" CONTENT="hvarandra"/><SP WIDTH="16" VPOS="1248" HPOS="270"/>
							<String ID="string_260" HPOS="286" VPOS="1248" WIDTH="32" HEIGHT="21" WC="0.96" CONTENT="till"/><SP WIDTH="15" VPOS="1248" HPOS="318"/>
							<String ID="string_261" HPOS="333" VPOS="1248" WIDTH="57" HEIGHT="26" WC="0.95" CONTENT="äkta,"/><SP WIDTH="16" VPOS="1248" HPOS="390"/>
							<String ID="string_262" HPOS="406" VPOS="1248" WIDTH="61" HEIGHT="21" WC="0.96" CONTENT="skola"/><SP WIDTH="15" VPOS="1248" HPOS="467"/>
							<String ID="string_263" HPOS="482" VPOS="1254" WIDTH="50" HEIGHT="16" WC="0.95" CONTENT="vara"/><SP WIDTH="15" VPOS="1254" HPOS="532"/>
							<String ID="string_264" HPOS="547" VPOS="1247" WIDTH="41" HEIGHT="22" WC="0.96" CONTENT="fria"/><SP WIDTH="14" VPOS="1247" HPOS="588"/>
							<String ID="string_265" HPOS="602" VPOS="1247" WIDTH="47" HEIGHT="22" WC="0.96" CONTENT="från"/><SP WIDTH="16" VPOS="1247" HPOS="649"/>
							<String ID="string_266" HPOS="665" VPOS="1247" WIDTH="66" HEIGHT="22" WC="0.90" CONTENT="straff."/>
						</TextLine>
					</TextBlock>
					<TextBlock ID="block_7" HPOS="83" VPOS="1282" WIDTH="753" HEIGHT="160">
						<TextLine ID="line_31" HPOS="156" VPOS="1282" WIDTH="679" HEIGHT="28">
							<String ID="string_267" HPOS="156" VPOS="1284" WIDTH="26" HEIGHT="20" WC="0.96" CONTENT="10"/><SP WIDTH="22" VPOS="1284" HPOS="182"/>
							<String ID="string_268" HPOS="204" VPOS="1282" WIDTH="18" HEIGHT="27" WC="0.74" CONTENT="8."/><SP WIDTH="30" VPOS="1282" HPOS="222"/>
							<String ID="string_269" HPOS="252" VPOS="1282" WIDTH="49" HEIGHT="22" WC="0.96" CONTENT="Med"/><SP WIDTH="28" VPOS="1282" HPOS="301"/>
							<String ID="string_270" HPOS="329" VPOS="1282" WIDTH="98" HEIGHT="22" WC="0.93" CONTENT="afseende"/><SP WIDTH="27" VPOS="1282" HPOS="427"/>
							<String ID="string_271" HPOS="454" VPOS="1283" WIDTH="13" HEIGHT="21" WC="0.79" CONTENT="å"/><SP WIDTH="22" VPOS="1283" HPOS="467"/>
							<String ID="string_272" HPOS="489" VPOS="1283" WIDTH="90" HEIGHT="21" WC="0.96" CONTENT="brottets"/><SP WIDTH="22" VPOS="1283" HPOS="579"/>
							<String ID="string_273" HPOS="601" VPOS="1282" WIDTH="148" HEIGHT="22" WC="0.95" CONTENT="beskaffenhet"/><SP WIDTH="25" VPOS="1282" HPOS="749"/>
							<String ID="string_274" HPOS="774" VPOS="1289" WIDTH="61" HEIGHT="21" WC="0.95" CONTENT="synes"/>
						</TextLine>
						<TextLine ID="line_32" HPOS="83" VPOS="1316" WIDTH="753" HEIGHT="29">
							<String ID="string_275" HPOS="83" VPOS="1318" WIDTH="98" HEIGHT="27" WC="0.95" CONTENT="koppleri"/><SP WIDTH="18" VPOS="1318" HPOS="181"/>
							<String ID="string_276" HPOS="199" VPOS="1318" WIDTH="60" HEIGHT="20" WC="0.92" CONTENT="utom"/><SP WIDTH="20" VPOS="1318" HPOS="259"/>
							<String ID="string_277" HPOS="279" VPOS="1316" WIDTH="173" HEIGHT="22" WC="0.91" CONTENT="tukthusstraffet"/><SP WIDTH="18" VPOS="1316" HPOS="452"/>
							<String ID="string_278" HPOS="470" VPOS="1316" WIDTH="53" HEIGHT="22" WC="0.96" CONTENT="böra"/><SP WIDTH="15" VPOS="1316" HPOS="523"/>
							<String ID="string_279" HPOS="538" VPOS="1316" WIDTH="95" HEIGHT="23" WC="0.96" CONTENT="medföra"/><SP WIDTH="15" VPOS="1316" HPOS="633"/>
							<String ID="string_280" HPOS="648" VPOS="1316" WIDTH="79" HEIGHT="22" WC="0.96" CONTENT="förlust"/><SP WIDTH="15" VPOS="1316" HPOS="727"/>
							<String ID="string_281" HPOS="742" VPOS="1316" WIDTH="23" HEIGHT="22" WC="0.92" CONTENT="af"/><SP WIDTH="13" VPOS="1316" HPOS="765"/>
							<String ID="string_282" HPOS="778" VPOS="1317" WIDTH="58" HEIGHT="21" WC="0.91" CONTENT="med-"/>
						</TextLine>
						<TextLine ID="line_33" HPOS="84" VPOS="1350" WIDTH="752" HEIGHT="28">
							<String ID="string_283" HPOS="84" VPOS="1352" WIDTH="116" HEIGHT="26" WC="0.96" CONTENT="borgerligt"/><SP WIDTH="22" VPOS="1352" HPOS="200"/>
							<String ID="string_284" HPOS="222" VPOS="1350" WIDTH="128" HEIGHT="27" WC="0.93" CONTENT="förtroende,"/><SP WIDTH="23" VPOS="1350" HPOS="350"/>
							<String ID="string_285" HPOS="373" VPOS="1350" WIDTH="116" HEIGHT="27" WC="0.92" CONTENT="hvarjemte"/><SP WIDTH="22" VPOS="1350" HPOS="489"/>
							<String ID="string_286" HPOS="511" VPOS="1350" WIDTH="123" HEIGHT="22" WC="0.92" CONTENT="förledande"/><SP WIDTH="23" VPOS="1350" HPOS="634"/>
							<String ID="string_287" HPOS="657" VPOS="1351" WIDTH="22" HEIGHT="20" WC="0.93" CONTENT="af"/><SP WIDTH="24" VPOS="1351" HPOS="679"/>
							<String ID="string_288" HPOS="703" VPOS="1351" WIDTH="76" HEIGHT="26" WC="0.87" CONTENT="qvinna"/><SP WIDTH="25" VPOS="1351" HPOS="779"/>
							<String ID="string_289" HPOS="804" VPOS="1350" WIDTH="32" HEIGHT="21" WC="0.89" CONTENT="till"/>
						</TextLine>
						<TextLine ID="line_34" HPOS="84" VPOS="1384" WIDTH="752" HEIGHT="28">
							<String ID="string_290" HPOS="84" VPOS="1385" WIDTH="122" HEIGHT="22" WC="0.91" CONTENT="skörlefnad"/><SP WIDTH="15" VPOS="1385" HPOS="206"/>
							<String ID="string_291" HPOS="221" VPOS="1386" WIDTH="65" HEIGHT="26" WC="0.93" CONTENT="enligt"/><SP WIDTH="16" VPOS="1386" HPOS="286"/>
							<String ID="string_292" HPOS="302" VPOS="1385" WIDTH="129" HEIGHT="21" WC="0.92" CONTENT="Ständernas"/><SP WIDTH="16" VPOS="1385" HPOS="431"/>
							<String ID="string_293" HPOS="447" VPOS="1385" WIDTH="64" HEIGHT="21" WC="0.96" CONTENT="tanke"/><SP WIDTH="15" VPOS="1385" HPOS="511"/>
							<String ID="string_294" HPOS="526" VPOS="1386" WIDTH="40" HEIGHT="20" WC="0.96" CONTENT="bör"/><SP WIDTH="14" VPOS="1386" HPOS="566"/>
							<String ID="string_295" HPOS="580" VPOS="1391" WIDTH="51" HEIGHT="15" WC="0.96" CONTENT="vara"/><SP WIDTH="16" VPOS="1391" HPOS="631"/>
							<String ID="string_296" HPOS="647" VPOS="1384" WIDTH="112" HEIGHT="22" WC="0.95" CONTENT="straffbart"/><SP WIDTH="15" VPOS="1384" HPOS="759"/>
							<String ID="string_297" HPOS="774" VPOS="1384" WIDTH="62" HEIGHT="22" WC="0.96" CONTENT="äfven"/>
						</TextLine>
						<TextLine ID="line_35" HPOS="85" VPOS="1419" WIDTH="367" HEIGHT="23">
							<String ID="string_298" HPOS="85" VPOS="1420" WIDTH="27" HEIGHT="22" WC="0.96" CONTENT="då"/><SP WIDTH="14" VPOS="1420" HPOS="112"/>
							<String ID="string_299" HPOS="126" VPOS="1421" WIDTH="81" HEIGHT="21" WC="0.96" CONTENT="brottet"/><SP WIDTH="15" VPOS="1421" HPOS="207"/>
							<String ID="string_300" HPOS="222" VPOS="1422" WIDTH="87" HEIGHT="20" WC="0.94" CONTENT="stannar"/><SP WIDTH="15" VPOS="1422" HPOS="309"/>
							<String ID="string_301" HPOS="324" VPOS="1420" WIDTH="34" HEIGHT="20" WC="0.96" CONTENT="vid"/><SP WIDTH="15" VPOS="1420" HPOS="358"/>
							<String ID="string_302" HPOS="373" VPOS="1419" WIDTH="79" HEIGHT="21" WC="0.96" CONTENT="försök."/>
						</TextLine>
					</TextBlock>
				</ComposedBlock>
				<ComposedBlock ID="cblock_2" HPOS="157" VPOS="1454" WIDTH="679" HEIGHT="27">
					<TextBlock ID="block_8" HPOS="157" VPOS="1454" WIDTH="679" HEIGHT="27">
						<TextLine ID="line_36" HPOS="157" VPOS="1454" WIDTH="679" HEIGHT="27">
							<String ID="string_303" HPOS="157" VPOS="1454" WIDTH="11" HEIGHT="22" WC="0.92" CONTENT="I"/><SP WIDTH="16" VPOS="1454" HPOS="168"/>
							<String ID="string_304" HPOS="184" VPOS="1454" WIDTH="216" HEIGHT="22" WC="0.92" CONTENT="öfverensstämmelse"/><SP WIDTH="14" VPOS="1454" HPOS="400"/>
							<String ID="string_305" HPOS="414" VPOS="1454" WIDTH="48" HEIGHT="21" WC="0.96" CONTENT="med"/><SP WIDTH="15" VPOS="1454" HPOS="462"/>
							<String ID="string_306" HPOS="477" VPOS="1460" WIDTH="29" HEIGHT="16" WC="0.96" CONTENT="nu"/><SP WIDTH="15" VPOS="1460" HPOS="506"/>
							<String ID="string_307" HPOS="521" VPOS="1454" WIDTH="98" HEIGHT="27" WC="0.95" CONTENT="gällande"/><SP WIDTH="15" VPOS="1454" HPOS="619"/>
							<String ID="string_308" HPOS="634" VPOS="1454" WIDTH="34" HEIGHT="26" WC="0.96" CONTENT="lag"/><SP WIDTH="16" VPOS="1454" HPOS="668"/>
							<String ID="string_309" HPOS="684" VPOS="1454" WIDTH="53" HEIGHT="21" WC="0.96" CONTENT="låter"/><SP WIDTH="14" VPOS="1454" HPOS="737"/>
							<String ID="string_310" HPOS="751" VPOS="1454" WIDTH="13" HEIGHT="20" WC="0.96" CONTENT="2"/><SP WIDTH="11" VPOS="1454" HPOS="764"/>
							<String ID="string_311" HPOS="775" VPOS="1459" WIDTH="61" HEIGHT="16" WC="0.95" CONTENT="mom."/>
						</TextLine>
					</TextBlock>
				</ComposedBlock>
			</PrintSpace>
		</Page>
	</Layout>
</alto>
