1017 1700
289 136 69 25 Ständ.:
370 137 73 24 Sr>-3-
459 132 65 41 Prop:
531 132 73 41 las:
759 138 39 21 107

144 202 43 21 För
201 202 56 22 hvad
271 200 120 30 förbrytare
405 204 8 20 i
429 203 62 22 dessa
505 203 38 23 fall
553 204 96 26 nödgats
658 202 84 23 utöfver
751 203 33 22 sin
794 210 36 14 an-

76 236 34 21 del
120 236 92 27 utgifva,
226 237 95 32 ege:han
335 238 45 20 rätt
394 239 33 19 att
440 237 58 22 hålla
513 237 32 27 sig
565 237 33 23 till
613 237 27 21 de
653 236 74 27 öfrige.

143 270 15 21 5
172 271 20 24 8.
222 266 30 27 Är
265 271 68 22 skada
346 271 63 26 gjord
424 271 23 21 af
460 271 53 22 barn
528 271 68 22 under
610 270 82 23 femton
707 271 29 26 år,
747 270 53 22 eller
809 271 23 21 af

75 303 67 22 afvita
156 304 52 21 eller
223 304 228 27 annan”otillräknelig
465 310 84 21 person,
565 305 40 21 och
618 305 43 22 kan
671 304 130 22 skadestånd
810 304 20 27 ej

75 337 74 28 gäldas
165 338 23 21 af
198 338 47 27 den,
253 338 86 23 hvilken
353 338 34 21 för
394 338 127 22 underläten
536 338 71 27 tillsyn
622 345 35 16 om
671 338 68 22 sädan
746 344 83 21 person,

75 372 52 21 eller
141 372 34 22 för
191 374 66 20 annat
267 373 78 22 sädant
359 373 104 26 vällande,
474 372 115 23 förklarats
604 373 83 26 skyldig
702 374 33 20 att
749 374 81 20 ersätta

75 406 91 27 skadan;
179 407 68 27 gänge
261 407 153 22 skadeständet
428 408 25 20 ut
467 407 24 22 af
503 407 200 27 gerningsmannens
719 407 59 27 gods.

143 441 49 26 6:8.
221 441 45 22 Har
281 441 63 23 straff
356 442 51 22 eller
422 443 43 20 rätt
480 442 33 22 till
527 442 44 22 åtal
585 441 34 22 för
628 441 58 23 brott
695 441 95 27 förfallit,
800 441 30 22 el-

75 475 31 22 ler
120 475 134 28 förbrytaren
269 476 70 21 blifvit
353 475 94 26 straffad,
464 475 52 22 eller
531 475 81 22 brottet
627 476 46 21 icke
688 475 89 31 kommit
791 482 39 15 un-

75 509 39 22 der
128 510 56 26 åtal;
199 516 51 17 vare
265 511 122 26 derigenom
401 510 136 27 mälsegande
550 510 19 27 ej
580 510 86 27 betaget
678 512 33 19 att
720 510 53 22 söka
782 511 48 21 ska-

75 544 90 22 deständ
179 545 57 21 inom
256 545 38 27 tid,
313 551 46 15 som
373 547 25 19 är
415 544 140 22 föreskrifven
573 544 33 22 för
616 544 59 22 talan
690 545 7 21 i
714 544 116 27 fordrings-

74 579 50 21 mål.
153 578 50 22 Står
218 580 43 20 rätt
276 579 33 22 till
324 579 44 21 åtal
382 578 23 22 af
418 579 81 21 brottet
514 580 69 25 öppen
598 579 8 21 i
620 578 73 28 längre
707 578 42 27 tid;
774 579 56 27 gälle

75 614 41 20 ock
130 614 41 20 den
186 614 32 21 tid
232 614 34 21 för
281 613 119 22 utsökande
414 613 24 21 af
454 612 135 22 skadeständ.

144 648 12 21 7
172 648 20 26 8.
221 647 53 22 Rätt
292 647 33 22 till
344 647 59 22 talan
422 653 33 16 om
476 647 140 21 skadeständs
632 647 100 22 utfäende
746 653 26 15 ur
786 646 43 22 för-

74 681 74 22 brutet
161 681 53 28 gods
233 689 50 14 vare
303 681 105 27 förfallen,
429 681 38 22 der
481 681 59 21 talan
555 681 19 26 ej
589 680 77 22 väckes
681 681 57 22 inom
753 682 31 20 ett
798 681 30 26 är,

74 717 93 21 räknadt
188 717 54 26 frän,
260 723 49 15 men
328 717 19 26 ej
365 717 49 21 med
435 716 40 21 den
491 716 47 26 dag,
554 716 27 21 dä
596 715 82 27 domen,
693 716 136 26 hvarigenom

74 751 76 26 godset
164 751 115 22 förklarats
293 751 112 26 förbrutet,
421 751 74 21 vunnit
508 750 49 27 laga
571 749 64 22 kraft.

144 785 13 22 8
173 786 20 25 8.
222 785 45 21 Dör
281 785 145 26 mälsegande;
441 791 50 15 vare
499 784 52 21 hans
559 783 192 22 rättsinnehafvare
766 783 19 28 ej
793 784 36 21 be-

75 820 105 27 rättigade
196 821 32 20 att
243 819 51 22 söka
310 819 35 21 det
359 819 135 26 skadestånd,
509 824 46 16 som
570 818 28 21 i2
609 818 12 25 $
634 818 11 21 3
653 817 74 28 punkt.
735 819 93 21 nämnes.

396 891 32 20 10
440 891 67 24 Kap.

325 933 2 3 *
351 933 31 22 Om
398 932 148 29 religionshrott.

146 987 10 20 1
173 987 20 26 8.
223 986 65 27 Hvar,
311 992 46 18 som
379 984 123 29 offentligen
523 984 68 22 hädar
613 983 55 27 Gud,
684 983 84 23 straffes
782 983 49 22 med

75 1021 89 22 tukthus
179 1021 7 21 i
202 1021 61 26 högst
277 1021 47 26 fyra
338 1019 24 22 är
377 1019 52 22 eller
443 1019 100 27 fängelse.
573 1018 53 23 Sker
641 1019 36 20 det
692 1018 23 21 af
728 1018 103 21 obetänk-

76 1055 84 22 samhet
181 1055 52 21 eller
246 1055 7 21 i
268 1055 118 26 hastighet;
407 1060 49 15 vare
471 1053 83 23 straffet
569 1053 61 21 böter
648 1053 53 21 eller
715 1052 94 26 fängelse
824 1052 7 20 i

75 1090 64 27 högst
153 1096 38 15 sex
205 1089 107 22 mänader.

144 1124 14 21 2
174 1124 18 26 8.
223 1123 44 22 Gör
289 1124 70 27 någon
377 1122 122 28 offentligen
517 1122 86 28 gäckeri
620 1121 49 22 med
688 1120 60 22 Guds
762 1120 69 27 heliga

77 1159 45 26 ord,
137 1159 53 21 eller
204 1158 48 21 med
267 1157 65 28 något
346 1159 8 20 i
367 1157 90 22 Finland
473 1157 96 26 erkändt,
584 1156 78 21 tillåtet
673 1155 52 22 eller
735 1155 55 21 tåldt
800 1160 33 16 re-

75 1192 187 28 ligionssamfunds
277 1192 52 26 lära,
345 1192 122 21 sakrament
481 1191 53 21 eller
549 1190 97 27 kyrkliga
661 1189 66 26 bruk;
750 1188 82 22 straffes

76 1227 49 22 med
145 1227 94 26 fängelse
257 1227 7 20 i
282 1227 64 26 högst
363 1232 37 15 sex
420 1225 101 23 månader
535 1225 53 21 eller
602 1224 62 21 böter
679 1223 19 27 ej
714 1223 59 21 öfver
788 1222 44 22 tvä-

77 1262 84 21 hundra
175 1261 68 22 mark.
517 1283 28 7 sn

145 1296 13 21 3
174 1297 19 25 8.
222 1295 65 27 Hvar,
305 1301 46 16 som
368 1294 48 22 med
434 1294 48 21 våld
499 1293 50 22 eller
564 1293 38 22 hot
617 1299 35 15 om
667 1291 49 22 våld
731 1291 101 28 uppsätli-

76 1337 41 20 gen
131 1331 88 20 hindrar
233 1329 132 22 förrättande
385 1328 23 21 af
425 1329 65 26 något
507 1329 8 20 i
536 1327 92 21 Finland
643 1326 97 25 erkändät,
755 1326 79 20 tillåtet

77 1364 52 21 eller
144 1364 56 21 täldt
214 1362 209 28 religionssamfunds
434 1359 126 29 gudstjenst,
571 1361 52 20 eller
637 1366 70 15 annan
714 1359 48 21 dess
771 1359 63 26 kyrk-

77 1398 43 27 liga
134 1397 101 28 handling
251 1397 51 22 eller
309 1396 179 28 religionsöfning,
498 1394 83 23 straffes
591 1394 49 22 med
649 1393 96 27 fängelse
755 1393 7 22 i
773 1392 63 27 högst

77 1433 37 22 tvä
128 1433 30 22 är.
