1006 1709
206 144 13 20 8
512 142 35 20 N:o
562 141 33 21 10.

177 211 32 21 sin
234 211 83 21 önskan
340 210 105 21 tillkänna
469 212 56 18 samt
547 208 150 27 kyrkoherden
722 208 72 20 derom
811 207 39 21 hos
866 207 66 21 Dom-

176 245 92 26 kapitlet
291 245 86 23 anmält,
401 244 55 21 skall
472 244 149 25 Domkapitlet
637 249 33 14 om
688 244 52 19 hans
757 242 81 20 önskan
855 242 77 20 under-

177 281 58 19 rätta
258 279 163 20 föreståndaren
442 278 33 21 för
492 279 40 19 den
548 277 134 25 församling,
699 277 88 20 hvarest
802 276 41 20 han
861 278 24 18 är
901 276 31 20 in-

178 313 102 25 skrifven,
298 315 56 18 samt
368 312 103 21 förordna
487 311 232 27 evangelisk-luthersk
735 312 60 24 prest
811 311 7 19 i
834 310 40 20 den
890 309 42 21 för-

178 347 98 26 samling,
293 347 47 19 från
357 346 63 21 hvars
440 346 135 26 kyrkoherde
591 346 99 20 anmälan
707 345 6 20 i
730 344 66 21 saken
812 344 119 26 inkommit,

178 382 53 20 eller
248 381 40 21 ock
304 386 69 15 annan
389 382 60 25 prest
465 380 55 21 efter
536 380 39 20 den
587 380 33 20 till
633 379 116 26 öfvergång
762 378 110 21 anmäldes
885 379 48 25 eget

179 416 40 27 val,
237 417 32 19 att
284 415 98 21 meddela
398 415 77 20 honom
493 414 111 26 sorgfällig
620 414 155 25 undervisning
790 414 6 19 i
813 413 40 21 den
870 418 63 15 evan-

178 450 192 26 gelisk-lutherska
387 450 66 25 läran,
470 449 109 21 hvarefter
594 448 91 21 förfares
699 448 71 21 såsom
781 448 7 20 i
799 447 132 27 kyrkolagen

178 485 63 25 sagdt
257 486 29 19 är.

249 515 105 30 Öfvergår
376 519 90 20 medlem
483 518 22 21 af
520 518 132 21 främmande
668 517 169 27 protestantiskt
854 516 77 27 kyrko-

179 553 99 21 samfund
295 554 5 19 i
317 553 72 20 landet
405 553 33 20 till
455 555 64 18 annat
535 552 75 27 dylikt,
627 552 82 26 åligger
726 551 105 27 styrelsen
848 551 33 21 för
897 551 36 20 det

179 594 75 14 senare
271 589 33 19 att
320 588 71 20 derom
412 587 127 21 underrätta
554 586 165 21 föreståndaren
736 586 33 20 för
785 586 40 20 den
841 582 91 24 försam-

178 622 51 26 ling,
246 622 46 20 från
309 621 83 21 hvilken
410 621 143 27 öfvergången
571 621 63 20 skett.

532 684 11 27 $
560 686 19 19 9.

247 726 68 20 Innan
339 725 118 27 äktenskap
482 725 22 21 af
525 725 134 21 främmande
676 724 157 27 protestantisk
850 724 83 21 trosbe-

180 760 94 21 kännare
297 760 67 26 ingås,
389 760 55 20 skall
467 760 72 20 derom
563 759 58 21 förut
645 759 184 26 tillkännagifvas,
845 759 28 26 på
889 760 44 20 sätt

180 797 39 25 28
243 797 11 19 7
278 796 48 26 kap.
350 794 24 22 G.
398 794 24 21 B.
446 801 33 14 om
502 795 85 26 lysning
604 794 94 26 stadgar,
718 794 3 20 i
738 794 39 20 den
793 794 139 26 församlings

180 830 73 27 kyrka,
270 830 86 20 hvarest
372 830 92 26 qvinnan
481 832 23 18 är
520 830 6 20 i
543 829 111 27 kyrkobok
671 828 124 21 inskrifven.

249 864 225 26 Tillkännagifvandet
490 864 97 21 utfärdas
603 864 22 20 af
640 864 164 26 församlingens
820 866 67 24 prest,
899 870 33 15 om

180 899 85 27 lysning
289 899 54 20 skall
364 899 37 20 ske
417 899 6 20 i
441 898 231 26 evangelisk-luthersk
689 898 74 26 kyrka,
782 904 45 14 men
844 898 7 20 i
867 901 66 18 annat

180 934 36 20 fall
240 933 23 20 af
284 933 163 20 föreståndaren
470 933 33 20 för
526 933 40 20 den
588 932 131 27 församling,
737 932 31 21 uti
784 932 64 21 hvars
864 932 69 27 kyrka

180 968 112 26 lysningen
316 974 49 19 eger
388 973 56 19 rum;
469 967 38 20 och
532 966 109 22 erfordras
661 967 74 21 dervid
751 967 34 20 för
800 967 132 21 främmande

180 1002 157 27 protestantisk
360 1002 169 20 trosbekännare
552 1002 46 20 icke
623 1002 58 20 bevis
705 1008 33 14 om
763 1002 40 26 dop
821 1001 39 21 och
876 1004 57 18 natt-

180 1036 128 26 vardsgång.

249 1071 41 20 Vill
315 1070 68 26 någon
404 1072 53 24 göra
469 1071 34 26 jäf
517 1072 57 19 emot
590 1070 149 27 äktenskapet,
756 1070 83 21 anmäle
855 1070 78 22 sådant

180 1106 39 20 hos
242 1106 47 24 den,
313 1111 45 14 som
382 1104 96 21 utfärdat
501 1106 111 25 lysningen
637 1105 52 21 eller
705 1105 226 26 tillkännagifvandet;

180 1140 40 20 och
235 1140 56 25 gälle
308 1140 5 19 i
334 1139 65 25 öfrigt
418 1139 55 20 hvad
495 1140 10 20 3
523 1139 10 27 $
550 1140 11 20 7
578 1139 48 26 kap.
643 1139 24 21 G.
684 1139 31 25 B.,
732 1139 67 21 sådan
815 1139 40 21 den
872 1140 61 26 lyder

179 1174 31 20 uti
235 1174 78 25 nådiga
336 1173 152 26 förordningen
511 1174 23 20 af
553 1174 41 20 den
617 1175 22 19 11
657 1173 105 21 Februari
780 1174 61 25 1878,
858 1174 74 20 derom

181 1208 95 26 stadgar.

524 1236 11 26 8
553 1236 32 20 10.

249 1274 43 20 Vill
308 1274 89 20 medlem
414 1274 23 20 af
446 1274 247 25 evangelisk-lutherska
703 1274 83 26 kyrkan
797 1274 50 26 ingä
858 1274 74 20 äkten-

180 1308 52 26 skap
257 1308 48 20 med
326 1307 121 21 bekännare
464 1307 22 21 af
500 1314 70 14 annan
587 1308 156 26 protestantisk
759 1308 100 26 troslära,
877 1308 55 20 skall

179 1342 143 27 äktenskapet
344 1348 75 20 genom
443 1342 67 26 vigsel
532 1342 67 26 enligt
614 1342 133 27 kyrkolagen
763 1342 97 21 afslutas.
892 1342 40 21 Om

178 1376 69 27 begge
263 1376 181 21 kontrahenterne
460 1376 88 21 tillhöra
563 1376 132 22 främmande
708 1376 158 28 protestantisk
877 1378 55 20 tros-

178 1411 53 26 lära,
247 1411 35 21 mä
298 1411 26 20 de
340 1411 32 25 sig
388 1411 90 21 emellan
495 1411 192 26 öfverenskomma,
703 1412 68 26 enligt
786 1412 86 20 hvilken
888 1412 43 21 för-

177 1446 103 26 samlings
300 1446 55 21 bruk
378 1447 66 26 vigsel
468 1446 54 21 skall
543 1447 44 27 ske,
605 1448 38 20 och
661 1454 50 20 eger
726 1447 150 22 föreständare
893 1454 36 14 an-
