1039 1706
373 132 23 20 U.
410 132 23 20 B.
447 144 28 3 —
489 134 59 26 Prop.
562 135 37 20 N:o
614 136 15 20 1.
811 136 37 20 119

135 191 58 25 land,
209 191 65 21 under
289 192 85 22 hvilken
390 196 125 26 tjensteman
531 198 36 20 vid
583 198 80 20 landets
679 199 88 26 styrelse
783 199 52 20 eller
843 199 37 20 det

135 225 140 27 embetsverk,
291 234 43 13 som
351 229 40 19 den
407 231 86 25 angifne
510 232 76 25 tillhör,
606 233 1 19 i
623 233 110 19 enahanda
749 233 41 19 mål
807 233 70 25 lyder;

204 261 20 19 3.
248 261 63 24 begår
334 262 68 28 någon
423 264 61 27 eljest
504 269 55 16 utom
579 266 72 20 landet
666 266 61 24 brott,
750 266 32 20 för
798 266 81 20 hvilket

134 294 42 20 han
192 295 54 19 skall
262 296 83 20 straffas
361 298 52 20 efter
428 298 53 20 finsk
499 299 44 27 lag;
559 300 64 20 varde
639 300 62 20 dömd
717 301 23 19 af
754 300 54 20 finsk
818 301 57 20 dom-

136 329 39 19 stol
195 329 6 19 i
222 330 39 19 den
285 333 38 24 ort,
347 332 37 19 der
403 333 40 19 han
460 334 68 26 gripes
544 334 51 20 eller
610 334 73 27 finnes,
706 335 51 19 eller
772 335 47 26 ock,
842 341 33 14 om

134 363 78 21 brottet
228 364 56 20 skett
300 365 12 20 å
327 366 86 26 sjöresa,
431 368 36 19 der
484 369 91 25 fartyget
590 371 23 17 är
627 369 90 21 hemma.

203 405 27 19 46
246 405 13 26 $
275 408 54 22 (43).
353 406 58 21 Hvad
429 408 106 21 underrätt
551 410 98 19 ransakat
659 410 38 19 och
709 410 58 20 dömt
777 410 55 19 skall
842 416 36 13 un-

135 439 111 20 derställas
269 440 88 21 hofrätts
380 442 103 28 pröfning,
506 443 37 20 der
566 444 67 27 någon
653 444 68 20 blifvit
736 444 91 20 tilltalad
844 443 32 20 för

136 474 62 26 brott,
214 474 65 21 hvarå
295 476 119 27 dödsstraff,
425 477 51 21 eller
487 478 84 21 tukthus
587 479 26 26 på
624 479 72 26 lifstid,
707 479 41 20 kan
760 479 57 26 följa,
828 478 52 20 eller

136 509 63 20 dömd
217 509 31 20 till
265 511 61 20 straff
340 511 31 20 för
388 512 61 25 brott,
465 513 65 20 hvarå
545 513 85 20 tukthus
645 514 7 19 i
667 513 62 26 högst
743 519 37 14 sex
795 515 22 18 år
828 513 52 20 eller

135 544 96 20 deröfver
247 545 41 19 kan
304 545 57 27 följa,
378 547 51 19 eller
443 547 31 20 för
490 547 129 26 delaktighet
635 548 5 19 i
655 547 65 26 något
731 547 74 20 sådant
814 547 66 25 brott;

134 578 53 21 dock
209 581 32 18 att
260 579 59 21 detta
341 581 122 26 stadgande
485 582 22 26 ej
525 581 71 27 gäller
617 581 62 26 brott,
698 587 44 15 som
759 583 91 19 nämnes
871 581 9 20 i

133 615 14 19 1
167 619 62 15 mom.
252 616 27 22 af
299 615 14 20 5
335 616 17 24 $
374 616 30 20 28
425 615 46 27 kap.
493 615 78 21 eller
567 611 15 36 i
593 617 16 20 2
631 615 16 28 $
668 617 29 20 32
714 615 49 27 kap.
779 615 101 27 strafla-

133 654 47 20 gen.
201 648 10 19 I
233 649 66 19 andra
320 649 97 20 brottmål
441 657 38 19 ege
503 650 74 19 sådant
599 650 171 20 underställande
792 651 17 25 ej
827 657 51 16 rum,

134 685 49 17 utan
199 683 34 19 må
248 684 47 26 den,
310 690 44 13 som
369 687 23 17 är
405 685 99 26 missnöjd
516 685 45 20 med
575 685 118 20 underrätts
705 685 74 25 utslag,
790 685 90 19 besvära

134 718 31 25 sig
181 717 98 21 deröfver
295 719 5 18 i
317 719 112 26 hofrätten,
446 720 67 20 såsom
529 720 6 20 i
552 720 34 26 lag
601 723 23 16 är
639 719 105 26 stadgadt.

203 759 24 19 47
245 758 12 29 &
273 761 54 24 (44).
355 759 69 26 Böter,
441 761 72 19 hvilka
528 761 65 26 enligt
608 759 122 27 strafflagen
747 761 86 19 ädömas
844 760 36 19 nä-

133 800 49 20 gon,
198 794 67 24 skola,
281 793 76 21 liksom
375 795 25 19 de
415 795 6 19 i
438 797 11 18 5
465 795 13 26 $
494 796 125 20 omnämnda
634 795 60 20 böter
710 795 39 20 och
765 795 63 25 viten,
839 795 41 19 till-

133 828 52 20 falla
201 828 88 21 kronan.

202 857 19 25 Å
237 863 100 26 Kejsaren
354 864 39 19 och
410 863 127 21 Storfursten
553 865 122 20 ankommer
690 867 30 17 att
735 865 99 19 förordna
846 870 34 13 om

132 897 123 26 fördelning
271 898 22 19 af
308 898 66 25 böter,
391 899 55 19 viten
463 899 39 20 och
513 899 75 20 sådant
599 899 102 20 förbrutet
711 899 59 25 gods,
781 905 44 13 som
837 898 43 20 till-

133 931 62 19 faller
212 932 88 26 kronan,
315 935 54 17 samt
384 932 116 20 bestämma
516 933 39 19 den
571 934 121 25 ersättning,
707 939 44 13 som
767 932 72 20 tillhör
848 933 32 19 in-

133 966 99 25 rättning,
249 966 106 26 menighet
371 966 52 20 eller
439 966 123 27 tjensteman
579 967 32 20 för
626 967 40 19 den
677 967 63 20 andel
752 967 60 20 desse
823 966 57 27 förut

133 1000 86 26 åtnjutit
236 1000 6 20 i
259 1000 67 25 böter,
342 1001 56 19 viten
415 1001 38 20 och
470 1002 69 26 dylikt
554 1002 59 26 gods.

202 1041 25 19 48
244 1042 13 26 &
274 1043 53 24 (45).
353 1042 77 26 Kongl.
447 1042 84 20 brefven
549 1042 39 20 den
605 1042 26 20 22
646 1042 55 19 Mars
719 1042 53 20 1803
788 1041 40 20 och
840 1041 40 33 den

133 1074 12 20 4
164 1076 61 26 April
248 1076 51 20 1807
324 1076 47 20 med
387 1076 51 20 flera
454 1077 153 26 författningar,
629 1083 74 20 genom
719 1069 85 27 hvilka
830 1085 2 2 85

132 1112 65 18 rätter
218 1110 39 20 och
275 1110 105 21 Senatens
395 1110 232 27 Justitiedepartement
643 1111 120 26 medgifvits
779 1092 102 44 rättighet

133 1146 30 17 att
179 1144 75 20 mildra
270 1144 60 20 straff
344 1145 39 20 och
400 1145 112 20 hemställa
527 1152 33 13 om
575 1145 114 26 skärpning
704 1145 23 19 af
741 1144 65 26 straff,
829 1150 51 20 upp-

132 1178 84 26 häfvas;
239 1179 38 20 och
299 1179 54 19 skall
369 1179 65 19 sådan
451 1179 158 26 straffmildring
624 1179 50 19 bero
690 1179 89 19 allenast
795 1178 23 21 af
830 1178 50 26 nåd,

132 1212 53 20 efter
200 1219 43 14 som
259 1213 7 19 i
281 1213 104 26 grundlag
401 1216 53 23 sägs.

201 1400 102 26 Slutligen
319 1401 38 19 har
373 1400 112 25 Utskottet,
502 1403 49 18 enär
573 1400 35 20 det
619 1402 23 18 är
653 1400 110 26 högeligen
780 1400 100 26 önskligt,

131 1437 32 18 att
181 1435 40 20 den
247 1441 41 20 nya
312 1434 133 27 strafflagens
466 1435 133 26 tillämpning
614 1434 55 27 finge
685 1435 86 26 vidtaga
786 1434 23 21 sä
823 1436 57 18 snart
