1031 1714
383 139 23 23 U.
421 142 22 20 B.
457 153 28 4 —
499 142 58 26 Prop.
572 143 37 20 N:o
624 143 16 20 1.
828 141 27 22 37

138 204 23 20 af
174 211 68 14 annan
259 206 6 18 i
280 205 101 27 hjelplöst
396 205 54 27 läge,
473 205 188 21 ästadkommande
676 205 24 19 af
713 205 171 27 öfversvämning

137 239 52 20 eller
204 235 141 42 skeppsbrott,
368 239 127 20 mordbrand
511 239 51 20 eller
577 246 71 13 anvan
664 240 59 25 dylik
739 240 145 26 miesgerning,

135 273 128 25 tillskyndat
279 280 67 13 annan
364 273 41 20 död
421 273 52 20 eller
488 274 47 19 svår
550 273 156 26 kroppsskada;
728 273 52 20 eller
796 273 36 20 har
848 274 36 19 vid

136 312 83 20 uppror,
235 307 102 26 upplopp,
351 307 102 26 våldtägt,
477 308 36 19 rån
530 307 51 20 eller
597 310 64 17 annat
676 307 70 25 dylikt
762 308 46 19 med
825 308 57 19 miss-

135 340 78 21 handel
229 341 97 20 förenadt
342 342 113 26 uppsåtligt
471 342 56 20 brott
541 342 22 19 af
577 341 142 20 misshandeln
736 341 46 27 följt
800 342 42 19 död
855 342 29 20 el-

135 375 31 20 ler
190 375 47 20 svår
259 376 156 26 kroppsskada;
437 376 83 20 straffes
541 376 40 20 den
597 376 99 27 skyldige
712 376 7 19 i
735 382 40 14 ena
790 376 44 26 bot,
850 382 33 14 om

136 410 69 20 döden
228 410 72 26 följde,
326 410 47 20 med
394 410 85 20 tukthus
498 410 44 20 från
559 411 39 19 och
615 410 46 20 med
676 417 38 13 sex
730 410 32 21 till
779 411 39 20 och
834 411 47 20 med

136 444 41 20 tolf
194 444 23 20 år
236 444 51 21 eller
306 445 28 25 på
353 445 72 26 lifstid,
443 445 40 20 och
503 452 32 12 om
554 446 47 19 svår
621 445 145 26 kroppsskada
784 445 99 26 uppkom,

135 479 48 20 med
200 479 85 20 tukthus
301 480 43 19 från
361 480 38 20 och
416 480 46 20 med
479 480 45 26 fyra
540 480 31 20 till
587 480 40 20 och
642 480 47 20 med
706 480 41 20 tolf
761 480 28 20 år.

203 514 11 19 7
231 514 19 26 &.
281 514 64 26 Hvar,
365 521 51 19 som,
440 517 48 18 utan
509 516 75 25 uppsåt
599 517 30 18 att
645 514 61 26 döda,
722 515 33 20 för
770 517 31 18 att
816 515 68 20 skada

135 555 69 13 annan
221 549 108 27 bibringar
345 550 76 19 honom
437 550 39 26 gift
492 549 51 21 eller
558 552 65 17 annat
638 550 74 19 sådant
729 549 71 27 farligt
816 552 68 24 ämne,

136 584 80 25 dömes,
231 590 32 14 om
280 584 68 20 döden
365 584 61 20 deraf
440 584 69 27 följer,
525 584 30 20 till
573 584 84 20 tukthus
672 584 45 20 från
728 584 39 20 och
780 584 45 20 med
838 584 44 20 åtta

135 618 32 20 till
188 618 39 20 och
250 618 46 20 med
318 619 41 19 tolf
373 620 21 18 år
413 619 53 20 eller
486 619 27 26 på
533 619 73 25 lifstid,
623 625 33 13 om
672 619 48 19 svår
735 619 148 26 kroppsskada

135 653 61 20 deraf
217 653 93 27 uppstår,
333 654 31 19 till
385 654 85 20 tukthus
486 654 44 20 från
552 654 39 20 och
614 653 47 20 med
680 660 36 13 sex
732 653 31 20 till
780 653 39 21 och
836 653 47 20 med

135 688 42 20 tolf
190 688 30 26 år,
238 691 59 23 samt,
321 695 32 13 om
370 689 83 26 ringare
469 689 54 19 eller
538 689 48 19 icke
603 688 68 26 någon
688 688 66 20 skada
771 688 61 20 deraf
845 688 39 20 föl-

132 724 40 25 jer,
189 723 32 20 till
238 723 85 20 tukthus
339 723 44 20 från
400 723 40 21 och
457 724 45 19 med
520 724 35 19 två
570 724 32 18 till
619 723 39 19 och
674 723 46 19 med
738 723 43 19 åtta
797 724 29 23 år,
843 722 40 21 och

134 757 66 20 varde
216 758 6 19 i
238 758 43 19 alla
297 758 60 20 dessa
373 758 35 20 fall
425 758 107 20 förklarad
549 758 96 26 förlustig
662 757 164 27 medborgerligt
841 758 41 20 för-

134 792 94 21 troende.

202 828 80 20 Försök
299 830 22 17 är
337 827 116 21 straffbart.

203 862 43 20 Har
262 862 77 27 någon,
355 863 6 19 i
377 862 63 26 afsigt
455 864 31 18 att
501 862 66 20 skada
583 868 75 20 annan,
678 862 80 20 tillredt
774 862 52 20 eller
842 862 40 20 för-

134 896 76 21 skaffat
225 897 32 26 sig
273 897 39 26 gift
327 897 52 20 eller
395 899 64 18 annat
475 897 74 20 sådant
565 897 70 27 farligt
651 900 68 23 ämne,
735 904 45 12 men
798 898 18 25 ej
828 898 56 25 gjort

134 932 70 20 försök
222 932 30 19 till
273 932 101 26 afsigtens
402 932 122 26 utförande;
547 932 71 20 dömes
640 932 29 18 till
689 931 93 27 fängelse
798 932 8 19 i
821 930 63 28 högst

134 968 30 19 ett
180 966 29 20 år.

203 1002 12 18 8
231 1002 17 25 8.
279 1001 68 20 Hafva
363 1001 34 20 två
413 1001 52 20 eller
480 1001 56 24 flere,
553 1001 35 19 vid
604 1000 95 21 öfverfall
711 1000 51 21 eller
774 1000 107 26 slagsmål,

134 1035 132 27 uppsåtligen
290 1035 139 20 misshandlat
451 1042 77 20 annan,
551 1036 38 20 och
609 1036 38 19 har
668 1036 68 19 denne
752 1036 61 19 deraf
826 1035 57 26 ljutit

134 1070 79 25 döden;
229 1070 81 20 straffes
326 1076 25 14 en
368 1070 57 25 hvar,
442 1076 43 13 som
503 1070 90 26 tillfogat
604 1070 75 19 honom
693 1069 73 26 dödlig
776 1069 106 26 åkomma,

134 1105 67 20 såsom
218 1104 110 21 baneman,
360 1104 67 20 Hafva
443 1104 39 20 den
495 1104 155 21 misshandlade
662 1103 135 27 tillskyndats
809 1104 72 19 äkom-

133 1145 51 19 mor,
205 1138 72 20 hvilka
293 1140 7 18 i
316 1138 103 26 förening,
441 1145 47 13 men
505 1139 46 19 icke
567 1139 52 19 hvar
635 1138 31 20 för
681 1138 37 26 sig,
739 1138 90 20 medfört
845 1138 36 20 dö-

134 1174 50 25 den;
208 1180 49 13 vare
277 1172 40 21 ock
338 1180 25 13 en
384 1174 58 24 hvar,
465 1179 44 13 som
525 1173 150 19 åstadkommit
698 1172 67 26 någon
782 1172 24 20 af
819 1173 61 19 dessa

133 1208 115 25 åkommor,
265 1208 68 20 såsom
350 1208 101 20 baneman
469 1208 90 25 ansedd;
575 1207 55 20 dock
646 1208 33 19 må
695 1207 6 19 i
718 1207 58 20 detta
791 1207 43 26 fall,
844 1207 36 20 vid

132 1242 137 27 synnerligen
285 1242 118 20 mildrande
419 1242 184 27 omständigheter,
620 1242 47 25 den,
678 1248 43 13 som
734 1242 18 26 ej
765 1242 54 19 hade
831 1248 50 19 upp-

132 1277 33 19 sät
180 1279 32 17 att
227 1276 61 26 döda,
303 1276 73 21 dömas
391 1276 33 21 till
440 1276 85 20 tukthus
541 1276 7 21 %
563 1275 61 28 högst
641 1283 37 13 sex
693 1277 21 19 år
726 1276 51 20 eller
788 1275 95 27 fängelse

133 1312 19 25 ej
168 1311 67 20 under
249 1317 37 14 sex
301 1310 112 21 månader.

201 1344 68 19 Hafva
290 1345 26 18 de
337 1345 92 24 tillfogat
448 1345 39 18 den
505 1345 156 18 misshandlade
677 1345 115 24 åkommor,
808 1343 74 20 hvilka

132 1377 99 27 antingen
248 1378 52 19 hvar
315 1377 32 20 för
363 1378 31 26 sig
409 1377 53 20 eller
476 1378 8 19 i
500 1377 96 26 förening
613 1377 123 26 tillskyndat
746 1378 76 19 honom
834 1377 48 19 svår

132 1411 157 28 kroppsskada;
312 1411 81 20 straffes
412 1418 24 14 en
454 1411 58 26 hvar,
529 1418 43 13 som
590 1411 91 26 bidragit
697 1404 33 27 till
746 1411 86 24 skadan,
850 1411 29 20 så-

132 1452 44 14 som
197 1446 56 20 hade
273 1446 40 20 han
335 1446 49 26 sjelf
402 1446 55 27 gjort
475 1446 48 26 den,
546 1446 57 26 eller,
619 1446 5 19 i
642 1446 128 20 sistnämnda
786 1445 44 24 fall,
846 1443 34 22 vid
