1023 1711
201 140 50 27 104.
450 141 22 20 B.
487 151 28 4 —
529 141 58 25 Prop.
601 139 38 20 N:o
654 139 15 20 1.

168 202 49 26 gäld
238 205 22 17 är
276 203 104 25 stadgadt.
410 202 24 26 Ej
452 203 33 18 mä
500 202 65 20 likväl
581 202 32 19 för
629 202 60 19 böter
704 203 59 22 tagas
778 200 6 19 i
801 202 41 17 mät
858 199 56 20 hvad

167 237 40 19 den
223 236 95 20 sakfälde
334 235 100 21 behöfver
450 236 31 20 till
497 236 112 27 uppehälle
625 235 31 20 för
671 235 31 26 sig
718 234 39 20 och
774 234 26 20 de
815 233 46 20 sina
876 240 40 13 un-

168 271 37 19 der
227 277 25 13 en
274 270 82 25 mänad,
378 270 52 20 eller
452 270 33 20 till
500 270 75 21 kläder
591 270 67 26 ät'sig
672 269 53 20 eller
741 269 54 24 dem,
810 268 19 26 ej
846 267 68 20 heller

167 305 52 19 hans
234 304 55 20 enda
303 304 167 26 förvärfsmedel,
486 304 52 21 eller
553 304 78 26 nödiga
647 303 80 26 bostad,
743 302 52 20 eller
806 302 108 26 fastighet,

168 339 74 20 hvaraf
254 339 41 20 han
311 339 68 26 njuter
395 339 36 20 sitt
446 339 79 27 nödiga
539 338 120 28 uppehälle,
669 338 52 20 eller
731 337 54 20 hvad
797 336 32 20 till
839 336 74 28 fastig-

166 374 74 20 hetens
263 373 132 27 bebrukning
418 374 110 20 erfordras.
566 373 81 27 Mägtar
666 372 42 20 han
723 372 48 20 icke
786 371 48 20 fullt
849 371 65 27 gälda

166 408 97 24 böterna;
286 408 65 20 varde
366 407 70 21 hällen
454 408 6 19 i
476 408 94 26 fängelse
587 408 31 19 för
633 406 47 21 helä
696 406 166 26 bötesbeloppet,
878 406 32 20 sä-

167 448 44 14 som
226 442 7 20 i
248 442 121 26 strafflagen
386 445 54 23 sägs.

233 476 53 26 Den,
305 483 43 13 som
365 477 65 19 utstär
446 476 156 28 fängelsestraff
615 477 32 19 för
663 477 64 25 böter,
744 474 63 22 hafve
822 478 42 17 rätt
879 477 31 18 att

165 511 66 20 under
246 510 151 26 fängelsetiden
415 511 63 26 gälda
493 511 47 20 dem
556 511 31 19 till
603 511 57 19 fullo.
683 510 44 20 Gör
737 511 42 19 han
790 510 45 26 det;
848 510 65 20 varde

165 547 74 23 genast
255 545 104 26 frigifven:

232 579 12 19 4
259 579 19 26 8.
309 579 41 20 Vill
367 579 39 20 den
424 579 93 20 bötfälde
533 581 18 24 ej
568 579 71 20 afbida
655 579 127 24 utmätning;
797 578 62 19 hafve
870 580 42 17 rätt

164 616 36 23 att,
223 613 65 20 sedan
311 614 74 19 domen
405 614 73 19 vunnit
494 613 47 26 laga
560 613 63 25 kraft,
639 613 90 20 aflemna
745 613 88 20 böterna
845 612 66 25 jemte

164 648 74 19 domen
255 648 52 19 eller
323 648 57 20 bevis
395 655 33 13 om
440 647 98 21 böternas
555 647 74 27 belopp
641 647 31 20 till
684 647 227 27 utmätningsmannen.

234 683 11 20 5
261 681 20 30 &.
312 682 41 20 Har
370 683 78 20 bötfäld
464 689 74 20 person
555 682 88 27 begifvit
657 682 32 27 sig
705 684 56 18 utom
778 681 88 20 häradet
881 681 28 21 el-

165 716 30 20 ler
210 718 81 25 staden,
307 717 39 20 och
362 718 20 26 ej
398 717 79 20 lemnat
492 717 53 20 efter
561 717 30 26 sig
608 717 96 26 tillgång,
720 723 43 14 som
780 723 72 14 svarar
867 718 43 18 mot

165 751 98 26 böterna;
287 751 75 27 begäre
384 752 219 25 utmätningsmannen
627 751 37 21 hos
683 751 100 27 Kejsaren
800 751 40 20 och
855 751 58 20 Stor-

164 786 88 19 furstens
276 785 230 28 befallningshafvande
529 786 160 27 handräckning
710 785 32 21 till
766 786 98 19 böternas
879 785 33 20 in-

163 819 75 21 fäende
261 820 52 21 eller
336 821 39 19 den
398 820 105 21 bötfäldes
523 820 120 21 insättande
659 821 6 18 i
680 820 101 27 fängelse,
809 815 31 24 Är
855 820 55 19 hans

162 854 120 21 vistelseort
296 855 18 26 ej
325 855 63 23 känd;
398 855 42 20 läte
455 855 106 26 Kejsaren
573 855 39 20 och
624 854 137 20 Storfurstens
774 854 135 26 befallnings-

163 888 103 20 hafvande
282 889 87 20 allmänt
385 889 55 27 lysa,
458 891 31 18 att
503 889 89 20 böterna
608 889 40 26 mä,
664 890 36 18 der
716 889 39 19 den
767 888 96 20 sakfälde
874 895 36 13 an-

162 923 77 27 träffas,
262 924 6 19 i
285 924 48 26 laga
353 924 90 27 ordning
460 926 91 24 uttagas,
567 924 51 20 eller
634 924 39 20 den
689 923 97 21 sakfälde
803 923 108 20 befordras

163 958 30 19 till
209 958 160 26 fängelsestraff.
568 961 6 7 N

229 992 13 21 6
257 993 17 26 &.
304 992 41 21 För
366 993 64 27 böter,
451 993 83 20 hvilkas
554 992 133 21 indrifvande
703 992 116 20 ankommit
833 992 27 27 pä
876 995 31 17 ut-

161 1028 161 26 mätningsman,
337 1027 53 20 skall
407 1028 39 19 han
463 1029 69 18 säsom
551 1028 32 20 för
599 1034 68 13 annan
680 1028 95 26 uppbörd
786 1027 80 26 afgifva
876 1033 32 14 re-

164 1062 122 26 dovisning;
308 1062 104 20 anteckne
434 1062 39 20 ock
498 1062 44 20 deri
558 1063 75 25 dagen,
649 1062 26 20 dä
691 1062 87 20 böterna
793 1061 69 22 blifvit
877 1068 32 14 er-

160 1097 72 25 lagda.

229 1131 10 18 7
256 1133 17 22 $.
303 1130 43 20 Har
366 1131 89 19 domstol
472 1130 103 20 förklarat
590 1131 41 19 viss
646 1131 101 25 egendom
763 1137 51 13 vara
830 1130 79 20 förbru-

162 1167 46 21 ten;
230 1164 63 24 skall,
316 1165 64 19 sedan
400 1165 74 19 domen
491 1166 76 18 vunnit
581 1165 48 26 laga
645 1165 62 25 kraft,
722 1166 75 25 godset
811 1164 97 27 försäljas

164 1204 74 20 genom
259 1198 105 27 offentligt
378 1201 60 23 utrop
454 1200 53 18 samt
523 1198 31 20 för
569 1198 168 27 köpeskillingen
753 1199 109 21 redovisas
876 1199 34 19 sä-

163 1239 43 13 som
222 1232 32 20 för
271 1233 64 23 böter,
352 1232 36 20 der
403 1234 19 24 ej
439 1234 23 18 sä
477 1236 30 22 är,
523 1235 30 17 att
565 1233 80 26 godset,
654 1232 66 26 enligt
728 1233 129 20 domstolens
867 1233 41 20 för-

162 1266 116 25 ordnande,
294 1266 36 19 bör
346 1265 99 20 förstöras
461 1266 52 19 eller
527 1266 58 19 föras
600 1268 56 16 utom
674 1266 77 20 landet.
781 1265 43 21 Har
833 1266 75 25 godset

163 1299 69 19 blifvit
252 1299 106 19 tilldömdt
373 1299 82 20 enskild
472 1306 87 19 person;
576 1302 110 17 ankomme
702 1300 27 25 pä
744 1300 68 19 denne
828 1302 31 17 att
874 1300 35 20 be-

159 1336 51 23 gära
225 1333 117 27 utmätning
357 1333 65 21 deraf.
