<?xml version="1.0" encoding="UTF-8"?>
<alto xmlns="http://www.loc.gov/standards/alto/ns-v3#" xmlns:xlink="http://www.w3.org/1999/xlink" xmlns:xsi="http://www.w3.org/2001/XMLSchema-instance" xsi:schemaLocation="http://www.loc.gov/standards/alto/ns-v3# http://www.loc.gov/alto/v3/alto-3-0.xsd">
	<Description>
		<MeasurementUnit>pixel</MeasurementUnit>
		<sourceImageInformation>
			<fileName>/tmp/tess_o3jkqndx_input.PNG</fileName>
		</sourceImageInformation>
		<OCRProcessing ID="OCR_0">
			<ocrProcessingStep>
				<processingSoftware>
					<softwareName>tesseract 5.3.4</softwareName>
				</processingSoftware>
			</ocrProcessingStep>
		</OCRProcessing>
	</Description>
	<Layout>
		<Page WIDTH="1025" HEIGHT="1711" PHYSICAL_IMG_NR="0" ID="page_0">
			<PrintSpace HPOS="0" VPOS="0" WIDTH="1025" HEIGHT="1711">
				<ComposedBlock ID="cblock_0" HPOS="175" VPOS="147" WIDTH="473" HEIGHT="26">
					<TextBlock ID="block_0" HPOS="175" VPOS="147" WIDTH="473" HEIGHT="26">
						<TextLine ID="line_0" HPOS="175" VPOS="147" WIDTH="473" HEIGHT="26">
							<String ID="string_0" HPOS="175" VPOS="147" WIDTH="27" HEIGHT="22" WC="0.96" CONTENT="38"/><SP WIDTH="186" VPOS="147" HPOS="202"/>
							<String ID="string_1" HPOS="388" VPOS="148" WIDTH="23" HEIGHT="19" WC="0.93" CONTENT="U."/><SP WIDTH="15" VPOS="148" HPOS="411"/>
							<String ID="string_2" HPOS="426" VPOS="148" WIDTH="21" HEIGHT="20" WC="0.92" CONTENT="B."/><SP WIDTH="16" VPOS="148" HPOS="447"/>
							<String ID="string_3" HPOS="463" VPOS="159" WIDTH="29" HEIGHT="3" WC="0.92" CONTENT="—"/><SP WIDTH="13" VPOS="159" HPOS="492"/>
							<String ID="string_4" HPOS="505" VPOS="148" WIDTH="61" HEIGHT="25" WC="0.95" CONTENT="Prop."/><SP WIDTH="14" VPOS="148" HPOS="566"/>
							<String ID="string_5" HPOS="580" VPOS="149" WIDTH="37" HEIGHT="19" WC="0.96" CONTENT="N:o"/><SP WIDTH="15" VPOS="149" HPOS="617"/>
							<String ID="string_6" HPOS="632" VPOS="149" WIDTH="16" HEIGHT="19" WC="0.96" CONTENT="1."/>
						</TextLine>
					</TextBlock>
				</ComposedBlock>
				<ComposedBlock ID="cblock_1" HPOS="148" VPOS="209" WIDTH="753" HEIGHT="1047">
					<TextBlock ID="block_1" HPOS="148" VPOS="209" WIDTH="749" HEIGHT="55">
						<TextLine ID="line_1" HPOS="150" VPOS="209" WIDTH="747" HEIGHT="27">
							<String ID="string_7" HPOS="150" VPOS="209" WIDTH="134" HEIGHT="26" WC="0.92" CONTENT="synnerligen"/><SP WIDTH="17" VPOS="209" HPOS="284"/>
							<String ID="string_8" HPOS="301" VPOS="209" WIDTH="117" HEIGHT="20" WC="0.92" CONTENT="mildrande"/><SP WIDTH="16" VPOS="209" HPOS="418"/>
							<String ID="string_9" HPOS="434" VPOS="210" WIDTH="186" HEIGHT="26" WC="0.96" CONTENT="omständigheter,"/><SP WIDTH="16" VPOS="210" HPOS="620"/>
							<String ID="string_10" HPOS="636" VPOS="210" WIDTH="46" HEIGHT="19" WC="0.93" CONTENT="med"/><SP WIDTH="12" VPOS="210" HPOS="682"/>
							<String ID="string_11" HPOS="694" VPOS="210" WIDTH="95" HEIGHT="26" WC="0.91" CONTENT="fängelse"/><SP WIDTH="11" VPOS="210" HPOS="789"/>
							<String ID="string_12" HPOS="800" VPOS="210" WIDTH="45" HEIGHT="20" WC="0.91" CONTENT="frän"/><SP WIDTH="12" VPOS="210" HPOS="845"/>
							<String ID="string_13" HPOS="857" VPOS="211" WIDTH="40" HEIGHT="20" WC="0.96" CONTENT="och"/>
						</TextLine>
						<TextLine ID="line_2" HPOS="148" VPOS="243" WIDTH="470" HEIGHT="21">
							<String ID="string_14" HPOS="148" VPOS="244" WIDTH="48" HEIGHT="20" WC="0.96" CONTENT="med"/><SP WIDTH="17" VPOS="244" HPOS="196"/>
							<String ID="string_15" HPOS="213" VPOS="246" WIDTH="30" HEIGHT="17" WC="0.93" CONTENT="tre"/><SP WIDTH="17" VPOS="246" HPOS="243"/>
							<String ID="string_16" HPOS="260" VPOS="243" WIDTH="100" HEIGHT="20" WC="0.96" CONTENT="månader"/><SP WIDTH="16" VPOS="243" HPOS="360"/>
							<String ID="string_17" HPOS="376" VPOS="243" WIDTH="32" HEIGHT="20" WC="0.95" CONTENT="till"/><SP WIDTH="17" VPOS="243" HPOS="408"/>
							<String ID="string_18" HPOS="425" VPOS="243" WIDTH="39" HEIGHT="20" WC="0.96" CONTENT="och"/><SP WIDTH="16" VPOS="243" HPOS="464"/>
							<String ID="string_19" HPOS="480" VPOS="244" WIDTH="46" HEIGHT="19" WC="0.96" CONTENT="med"/><SP WIDTH="17" VPOS="244" HPOS="526"/>
							<String ID="string_20" HPOS="543" VPOS="247" WIDTH="31" HEIGHT="17" WC="0.96" CONTENT="tre"/><SP WIDTH="15" VPOS="247" HPOS="574"/>
							<String ID="string_21" HPOS="589" VPOS="244" WIDTH="29" HEIGHT="20" WC="0.96" CONTENT="år."/>
						</TextLine>
					</TextBlock>
					<TextBlock ID="block_2" HPOS="148" VPOS="278" WIDTH="751" HEIGHT="203">
						<TextLine ID="line_3" HPOS="217" VPOS="278" WIDTH="680" HEIGHT="32">
							<String ID="string_22" HPOS="217" VPOS="283" WIDTH="53" HEIGHT="25" WC="0.95" CONTENT="Den,"/><SP WIDTH="23" VPOS="283" HPOS="270"/>
							<String ID="string_23" HPOS="293" VPOS="290" WIDTH="44" HEIGHT="13" WC="0.95" CONTENT="som"/><SP WIDTH="17" VPOS="290" HPOS="337"/>
							<String ID="string_24" HPOS="354" VPOS="284" WIDTH="35" HEIGHT="19" WC="0.93" CONTENT="vid"/><SP WIDTH="20" VPOS="284" HPOS="389"/>
							<String ID="string_25" HPOS="409" VPOS="283" WIDTH="74" HEIGHT="21" WC="0.92" CONTENT="sådant"/><SP WIDTH="23" VPOS="283" HPOS="483"/>
							<String ID="string_26" HPOS="506" VPOS="284" WIDTH="96" HEIGHT="20" WC="0.92" CONTENT="öfverfall"/><SP WIDTH="17" VPOS="284" HPOS="602"/>
							<String ID="string_27" HPOS="619" VPOS="284" WIDTH="51" HEIGHT="20" WC="0.82" CONTENT="eller"/><SP WIDTH="14" VPOS="284" HPOS="670"/>
							<String ID="string_28" HPOS="684" VPOS="278" WIDTH="100" HEIGHT="32" WC="0.93" CONTENT="slagsmål"/><SP WIDTH="17" VPOS="278" HPOS="784"/>
							<String ID="string_29" HPOS="801" VPOS="285" WIDTH="96" HEIGHT="19" WC="0.90" CONTENT="annorle-"/>
						</TextLine>
						<TextLine ID="line_4" HPOS="150" VPOS="318" WIDTH="748" HEIGHT="26">
							<String ID="string_30" HPOS="150" VPOS="318" WIDTH="42" HEIGHT="23" WC="0.96" CONTENT="des,"/><SP WIDTH="16" VPOS="318" HPOS="192"/>
							<String ID="string_31" HPOS="208" VPOS="320" WIDTH="26" HEIGHT="17" WC="0.96" CONTENT="än"/><SP WIDTH="16" VPOS="320" HPOS="234"/>
							<String ID="string_32" HPOS="250" VPOS="324" WIDTH="27" HEIGHT="13" WC="0.95" CONTENT="nu"/><SP WIDTH="17" VPOS="324" HPOS="277"/>
							<String ID="string_33" HPOS="294" VPOS="321" WIDTH="22" HEIGHT="17" WC="0.93" CONTENT="är"/><SP WIDTH="16" VPOS="321" HPOS="316"/>
							<String ID="string_34" HPOS="332" VPOS="318" WIDTH="66" HEIGHT="26" WC="0.92" CONTENT="sagdt,"/><SP WIDTH="23" VPOS="318" HPOS="398"/>
							<String ID="string_35" HPOS="421" VPOS="318" WIDTH="54" HEIGHT="20" WC="0.92" CONTENT="burit"/><SP WIDTH="15" VPOS="318" HPOS="475"/>
							<String ID="string_36" HPOS="490" VPOS="318" WIDTH="55" HEIGHT="20" WC="0.92" CONTENT="hand"/><SP WIDTH="18" VPOS="318" HPOS="545"/>
							<String ID="string_37" HPOS="563" VPOS="318" WIDTH="13" HEIGHT="20" WC="0.92" CONTENT="&amp;"/><SP WIDTH="15" VPOS="318" HPOS="576"/>
							<String ID="string_38" HPOS="591" VPOS="318" WIDTH="40" HEIGHT="20" WC="0.93" CONTENT="den"/><SP WIDTH="16" VPOS="318" HPOS="631"/>
							<String ID="string_39" HPOS="647" VPOS="318" WIDTH="167" HEIGHT="26" WC="0.92" CONTENT="misshandlade;"/><SP WIDTH="23" VPOS="318" HPOS="814"/>
							<String ID="string_40" HPOS="837" VPOS="318" WIDTH="61" HEIGHT="20" WC="0.92" CONTENT="straf-"/>
						</TextLine>
						<TextLine ID="line_5" HPOS="148" VPOS="351" WIDTH="751" HEIGHT="29">
							<String ID="string_41" HPOS="148" VPOS="351" WIDTH="38" HEIGHT="28" WC="0.92" CONTENT="fes,"/><SP WIDTH="24" VPOS="351" HPOS="186"/>
							<String ID="string_42" HPOS="210" VPOS="358" WIDTH="33" HEIGHT="14" WC="0.95" CONTENT="om"/><SP WIDTH="20" VPOS="358" HPOS="243"/>
							<String ID="string_43" HPOS="263" VPOS="352" WIDTH="68" HEIGHT="20" WC="0.93" CONTENT="döden"/><SP WIDTH="22" VPOS="352" HPOS="331"/>
							<String ID="string_44" HPOS="353" VPOS="352" WIDTH="71" HEIGHT="26" WC="0.92" CONTENT="följde,"/><SP WIDTH="22" VPOS="352" HPOS="424"/>
							<String ID="string_45" HPOS="446" VPOS="352" WIDTH="48" HEIGHT="21" WC="0.93" CONTENT="med"/><SP WIDTH="20" VPOS="352" HPOS="494"/>
							<String ID="string_46" HPOS="514" VPOS="353" WIDTH="84" HEIGHT="19" WC="0.92" CONTENT="tukthus"/><SP WIDTH="20" VPOS="353" HPOS="598"/>
							<String ID="string_47" HPOS="618" VPOS="352" WIDTH="51" HEIGHT="20" WC="0.93" CONTENT="eller"/><SP WIDTH="23" VPOS="352" HPOS="669"/>
							<String ID="string_48" HPOS="692" VPOS="353" WIDTH="95" HEIGHT="26" WC="0.92" CONTENT="fängelse"/><SP WIDTH="16" VPOS="353" HPOS="787"/>
							<String ID="string_49" HPOS="803" VPOS="354" WIDTH="19" HEIGHT="26" WC="0.93" CONTENT="ej"/><SP WIDTH="16" VPOS="354" HPOS="822"/>
							<String ID="string_50" HPOS="838" VPOS="353" WIDTH="61" HEIGHT="20" WC="0.96" CONTENT="öfver"/>
						</TextLine>
						<TextLine ID="line_6" HPOS="151" VPOS="386" WIDTH="747" HEIGHT="28">
							<String ID="string_51" HPOS="151" VPOS="388" WIDTH="30" HEIGHT="18" WC="0.96" CONTENT="tre"/><SP WIDTH="16" VPOS="388" HPOS="181"/>
							<String ID="string_52" HPOS="197" VPOS="386" WIDTH="23" HEIGHT="20" WC="0.95" CONTENT="är"/><SP WIDTH="15" VPOS="386" HPOS="220"/>
							<String ID="string_53" HPOS="235" VPOS="386" WIDTH="52" HEIGHT="20" WC="0.93" CONTENT="eller"/><SP WIDTH="18" VPOS="386" HPOS="287"/>
							<String ID="string_54" HPOS="305" VPOS="386" WIDTH="60" HEIGHT="20" WC="0.92" CONTENT="böter"/><SP WIDTH="19" VPOS="386" HPOS="365"/>
							<String ID="string_55" HPOS="384" VPOS="387" WIDTH="61" HEIGHT="19" WC="0.93" CONTENT="minst"/><SP WIDTH="10" VPOS="387" HPOS="445"/>
							<String ID="string_56" HPOS="455" VPOS="386" WIDTH="78" HEIGHT="28" WC="0.92" CONTENT="femtio"/><SP WIDTH="16" VPOS="386" HPOS="533"/>
							<String ID="string_57" HPOS="549" VPOS="386" WIDTH="68" HEIGHT="25" WC="0.96" CONTENT="mark,"/><SP WIDTH="16" VPOS="386" HPOS="617"/>
							<String ID="string_58" HPOS="633" VPOS="387" WIDTH="46" HEIGHT="25" WC="0.95" CONTENT="och,"/><SP WIDTH="18" VPOS="387" HPOS="679"/>
							<String ID="string_59" HPOS="697" VPOS="394" WIDTH="33" HEIGHT="13" WC="0.93" CONTENT="om"/><SP WIDTH="17" VPOS="394" HPOS="730"/>
							<String ID="string_60" HPOS="747" VPOS="388" WIDTH="47" HEIGHT="19" WC="0.90" CONTENT="svär"/><SP WIDTH="15" VPOS="388" HPOS="794"/>
							<String ID="string_61" HPOS="809" VPOS="387" WIDTH="89" HEIGHT="27" WC="0.91" CONTENT="kropps-"/>
						</TextLine>
						<TextLine ID="line_7" HPOS="149" VPOS="420" WIDTH="750" HEIGHT="28">
							<String ID="string_62" HPOS="149" VPOS="420" WIDTH="67" HEIGHT="21" WC="0.92" CONTENT="skada"/><SP WIDTH="20" VPOS="420" HPOS="216"/>
							<String ID="string_63" HPOS="236" VPOS="421" WIDTH="120" HEIGHT="26" WC="0.92" CONTENT="inträffade,"/><SP WIDTH="23" VPOS="421" HPOS="356"/>
							<String ID="string_64" HPOS="379" VPOS="422" WIDTH="46" HEIGHT="19" WC="0.93" CONTENT="med"/><SP WIDTH="21" VPOS="422" HPOS="425"/>
							<String ID="string_65" HPOS="446" VPOS="421" WIDTH="84" HEIGHT="21" WC="0.92" CONTENT="tukthus"/><SP WIDTH="17" VPOS="421" HPOS="530"/>
							<String ID="string_66" HPOS="547" VPOS="422" WIDTH="52" HEIGHT="20" WC="0.93" CONTENT="eller"/><SP WIDTH="15" VPOS="422" HPOS="599"/>
							<String ID="string_67" HPOS="614" VPOS="421" WIDTH="95" HEIGHT="27" WC="0.92" CONTENT="fängelse"/><SP WIDTH="15" VPOS="421" HPOS="709"/>
							<String ID="string_68" HPOS="724" VPOS="422" WIDTH="7" HEIGHT="19" WC="0.93" CONTENT="i"/><SP WIDTH="16" VPOS="422" HPOS="731"/>
							<String ID="string_69" HPOS="747" VPOS="422" WIDTH="62" HEIGHT="26" WC="0.91" CONTENT="högst"/><SP WIDTH="15" VPOS="422" HPOS="809"/>
							<String ID="string_70" HPOS="824" VPOS="421" WIDTH="36" HEIGHT="20" WC="0.92" CONTENT="tvä"/><SP WIDTH="15" VPOS="421" HPOS="860"/>
							<String ID="string_71" HPOS="875" VPOS="421" WIDTH="24" HEIGHT="20" WC="0.96" CONTENT="är"/>
						</TextLine>
						<TextLine ID="line_8" HPOS="148" VPOS="455" WIDTH="460" HEIGHT="26">
							<String ID="string_72" HPOS="148" VPOS="455" WIDTH="52" HEIGHT="20" WC="0.93" CONTENT="eller"/><SP WIDTH="17" VPOS="455" HPOS="200"/>
							<String ID="string_73" HPOS="217" VPOS="455" WIDTH="59" HEIGHT="21" WC="0.93" CONTENT="böter"/><SP WIDTH="16" VPOS="455" HPOS="276"/>
							<String ID="string_74" HPOS="292" VPOS="456" WIDTH="18" HEIGHT="25" WC="0.92" CONTENT="ej"/><SP WIDTH="17" VPOS="456" HPOS="310"/>
							<String ID="string_75" HPOS="327" VPOS="456" WIDTH="60" HEIGHT="19" WC="0.93" CONTENT="öfver"/><SP WIDTH="15" VPOS="456" HPOS="387"/>
							<String ID="string_76" HPOS="402" VPOS="456" WIDTH="124" HEIGHT="20" WC="0.92" CONTENT="femhundra"/><SP WIDTH="16" VPOS="456" HPOS="526"/>
							<String ID="string_77" HPOS="542" VPOS="456" WIDTH="66" HEIGHT="21" WC="0.96" CONTENT="mark."/>
						</TextLine>
					</TextBlock>
					<TextBlock ID="block_3" HPOS="149" VPOS="496" WIDTH="750" HEIGHT="158">
						<TextLine ID="line_9" HPOS="216" VPOS="496" WIDTH="683" HEIGHT="27">
							<String ID="string_78" HPOS="216" VPOS="496" WIDTH="32" HEIGHT="19" WC="0.93" CONTENT="De"/><SP WIDTH="22" VPOS="496" HPOS="248"/>
							<String ID="string_79" HPOS="270" VPOS="496" WIDTH="75" HEIGHT="27" WC="0.91" CONTENT="öfrige,"/><SP WIDTH="22" VPOS="496" HPOS="345"/>
							<String ID="string_80" HPOS="367" VPOS="496" WIDTH="73" HEIGHT="20" WC="0.91" CONTENT="hvilka"/><SP WIDTH="18" VPOS="496" HPOS="440"/>
							<String ID="string_81" HPOS="458" VPOS="497" WIDTH="6" HEIGHT="19" WC="0.93" CONTENT="i"/><SP WIDTH="15" VPOS="497" HPOS="464"/>
							<String ID="string_82" HPOS="479" VPOS="496" WIDTH="121" HEIGHT="26" WC="0.92" CONTENT="slagsmälet"/><SP WIDTH="24" VPOS="496" HPOS="600"/>
							<String ID="string_83" HPOS="624" VPOS="496" WIDTH="53" HEIGHT="26" WC="0.96" CONTENT="tagit"/><SP WIDTH="20" VPOS="496" HPOS="677"/>
							<String ID="string_84" HPOS="697" VPOS="496" WIDTH="42" HEIGHT="26" WC="0.93" CONTENT="del,"/><SP WIDTH="23" VPOS="496" HPOS="739"/>
							<String ID="string_85" HPOS="762" VPOS="496" WIDTH="79" HEIGHT="25" WC="0.92" CONTENT="dömas,"/><SP WIDTH="24" VPOS="496" HPOS="841"/>
							<String ID="string_86" HPOS="865" VPOS="503" WIDTH="34" HEIGHT="14" WC="0.96" CONTENT="om"/>
						</TextLine>
						<TextLine ID="line_10" HPOS="150" VPOS="529" WIDTH="749" HEIGHT="29">
							<String ID="string_87" HPOS="150" VPOS="530" WIDTH="68" HEIGHT="21" WC="0.93" CONTENT="döden"/><SP WIDTH="16" VPOS="530" HPOS="218"/>
							<String ID="string_88" HPOS="234" VPOS="529" WIDTH="74" HEIGHT="28" WC="0.96" CONTENT="följde,"/><SP WIDTH="17" VPOS="529" HPOS="308"/>
							<String ID="string_89" HPOS="325" VPOS="531" WIDTH="32" HEIGHT="19" WC="0.93" CONTENT="till"/><SP WIDTH="16" VPOS="531" HPOS="357"/>
							<String ID="string_90" HPOS="373" VPOS="530" WIDTH="94" HEIGHT="27" WC="0.95" CONTENT="fängelse"/><SP WIDTH="14" VPOS="530" HPOS="467"/>
							<String ID="string_91" HPOS="481" VPOS="531" WIDTH="8" HEIGHT="19" WC="0.93" CONTENT="i"/><SP WIDTH="16" VPOS="531" HPOS="489"/>
							<String ID="string_92" HPOS="505" VPOS="531" WIDTH="61" HEIGHT="26" WC="0.96" CONTENT="högst"/><SP WIDTH="16" VPOS="531" HPOS="566"/>
							<String ID="string_93" HPOS="582" VPOS="533" WIDTH="30" HEIGHT="18" WC="0.96" CONTENT="ett"/><SP WIDTH="16" VPOS="533" HPOS="612"/>
							<String ID="string_94" HPOS="628" VPOS="531" WIDTH="22" HEIGHT="19" WC="0.92" CONTENT="är"/><SP WIDTH="16" VPOS="531" HPOS="650"/>
							<String ID="string_95" HPOS="666" VPOS="531" WIDTH="52" HEIGHT="20" WC="0.93" CONTENT="eller"/><SP WIDTH="15" VPOS="531" HPOS="718"/>
							<String ID="string_96" HPOS="733" VPOS="531" WIDTH="60" HEIGHT="20" WC="0.96" CONTENT="böter"/><SP WIDTH="15" VPOS="531" HPOS="793"/>
							<String ID="string_97" HPOS="808" VPOS="530" WIDTH="21" HEIGHT="27" WC="0.94" CONTENT="ej"/><SP WIDTH="10" VPOS="530" HPOS="829"/>
							<String ID="string_98" HPOS="839" VPOS="529" WIDTH="60" HEIGHT="29" WC="0.96" CONTENT="öfver"/>
						</TextLine>
						<TextLine ID="line_11" HPOS="149" VPOS="565" WIDTH="750" HEIGHT="27">
							<String ID="string_99" HPOS="149" VPOS="565" WIDTH="123" HEIGHT="20" WC="0.96" CONTENT="femhundra"/><SP WIDTH="24" VPOS="565" HPOS="272"/>
							<String ID="string_100" HPOS="296" VPOS="565" WIDTH="67" HEIGHT="26" WC="0.95" CONTENT="mark,"/><SP WIDTH="23" VPOS="565" HPOS="363"/>
							<String ID="string_101" HPOS="386" VPOS="565" WIDTH="47" HEIGHT="25" WC="0.94" CONTENT="och,"/><SP WIDTH="23" VPOS="565" HPOS="433"/>
							<String ID="string_102" HPOS="456" VPOS="572" WIDTH="33" HEIGHT="13" WC="0.92" CONTENT="om"/><SP WIDTH="22" VPOS="572" HPOS="489"/>
							<String ID="string_103" HPOS="511" VPOS="566" WIDTH="47" HEIGHT="19" WC="0.96" CONTENT="svår"/><SP WIDTH="20" VPOS="566" HPOS="558"/>
							<String ID="string_104" HPOS="578" VPOS="565" WIDTH="148" HEIGHT="26" WC="0.93" CONTENT="kroppsskada"/><SP WIDTH="21" VPOS="565" HPOS="726"/>
							<String ID="string_105" HPOS="747" VPOS="565" WIDTH="98" HEIGHT="27" WC="0.93" CONTENT="uppkom,"/><SP WIDTH="22" VPOS="565" HPOS="845"/>
							<String ID="string_106" HPOS="867" VPOS="565" WIDTH="32" HEIGHT="20" WC="0.93" CONTENT="till"/>
						</TextLine>
						<TextLine ID="line_12" HPOS="149" VPOS="599" WIDTH="750" HEIGHT="27">
							<String ID="string_107" HPOS="149" VPOS="599" WIDTH="94" HEIGHT="26" WC="0.92" CONTENT="fängelse"/><SP WIDTH="15" VPOS="599" HPOS="243"/>
							<String ID="string_108" HPOS="258" VPOS="599" WIDTH="7" HEIGHT="20" WC="0.93" CONTENT="i"/><SP WIDTH="15" VPOS="599" HPOS="265"/>
							<String ID="string_109" HPOS="280" VPOS="600" WIDTH="63" HEIGHT="26" WC="0.92" CONTENT="högst"/><SP WIDTH="15" VPOS="600" HPOS="343"/>
							<String ID="string_110" HPOS="358" VPOS="606" WIDTH="37" HEIGHT="14" WC="0.93" CONTENT="sex"/><SP WIDTH="16" VPOS="606" HPOS="395"/>
							<String ID="string_111" HPOS="411" VPOS="600" WIDTH="100" HEIGHT="20" WC="0.92" CONTENT="mänader"/><SP WIDTH="20" VPOS="600" HPOS="511"/>
							<String ID="string_112" HPOS="531" VPOS="600" WIDTH="52" HEIGHT="20" WC="0.93" CONTENT="eller"/><SP WIDTH="15" VPOS="600" HPOS="583"/>
							<String ID="string_113" HPOS="598" VPOS="599" WIDTH="60" HEIGHT="21" WC="0.91" CONTENT="böter"/><SP WIDTH="15" VPOS="599" HPOS="658"/>
							<String ID="string_114" HPOS="673" VPOS="600" WIDTH="19" HEIGHT="26" WC="0.91" CONTENT="ej"/><SP WIDTH="17" VPOS="600" HPOS="692"/>
							<String ID="string_115" HPOS="709" VPOS="600" WIDTH="59" HEIGHT="20" WC="0.93" CONTENT="öfver"/><SP WIDTH="17" VPOS="600" HPOS="768"/>
							<String ID="string_116" HPOS="785" VPOS="600" WIDTH="114" HEIGHT="20" WC="0.92" CONTENT="trehundra"/>
						</TextLine>
						<TextLine ID="line_13" HPOS="150" VPOS="634" WIDTH="64" HEIGHT="20">
							<String ID="string_117" HPOS="150" VPOS="634" WIDTH="64" HEIGHT="20" WC="0.96" CONTENT="mark."/>
						</TextLine>
					</TextBlock>
					<TextBlock ID="block_4" HPOS="148" VPOS="672" WIDTH="752" HEIGHT="340">
						<TextLine ID="line_14" HPOS="218" VPOS="672" WIDTH="681" HEIGHT="30">
							<String ID="string_118" HPOS="218" VPOS="675" WIDTH="11" HEIGHT="19" WC="0.86" CONTENT="9"/><SP WIDTH="16" VPOS="675" HPOS="229"/>
							<String ID="string_119" HPOS="245" VPOS="672" WIDTH="19" HEIGHT="30" WC="0.81" CONTENT="8."/><SP WIDTH="31" VPOS="672" HPOS="264"/>
							<String ID="string_120" HPOS="295" VPOS="674" WIDTH="43" HEIGHT="20" WC="0.95" CONTENT="Har"/><SP WIDTH="16" VPOS="674" HPOS="338"/>
							<String ID="string_121" HPOS="354" VPOS="674" WIDTH="34" HEIGHT="20" WC="0.93" CONTENT="vid"/><SP WIDTH="25" VPOS="674" HPOS="388"/>
							<String ID="string_122" HPOS="413" VPOS="674" WIDTH="95" HEIGHT="21" WC="0.90" CONTENT="öfverfall"/><SP WIDTH="17" VPOS="674" HPOS="508"/>
							<String ID="string_123" HPOS="525" VPOS="674" WIDTH="51" HEIGHT="21" WC="0.93" CONTENT="eller"/><SP WIDTH="16" VPOS="674" HPOS="576"/>
							<String ID="string_124" HPOS="592" VPOS="674" WIDTH="106" HEIGHT="27" WC="0.93" CONTENT="slagsmål,"/><SP WIDTH="23" VPOS="674" HPOS="698"/>
							<String ID="string_125" HPOS="721" VPOS="674" WIDTH="60" HEIGHT="20" WC="0.92" CONTENT="hvari"/><SP WIDTH="16" VPOS="674" HPOS="781"/>
							<String ID="string_126" HPOS="797" VPOS="674" WIDTH="35" HEIGHT="20" WC="0.96" CONTENT="två"/><SP WIDTH="15" VPOS="674" HPOS="832"/>
							<String ID="string_127" HPOS="847" VPOS="674" WIDTH="52" HEIGHT="20" WC="0.96" CONTENT="eller"/>
						</TextLine>
						<TextLine ID="line_15" HPOS="148" VPOS="709" WIDTH="751" HEIGHT="27">
							<String ID="string_128" HPOS="148" VPOS="709" WIDTH="49" HEIGHT="20" WC="0.96" CONTENT="flere"/><SP WIDTH="16" VPOS="709" HPOS="197"/>
							<String ID="string_129" HPOS="213" VPOS="709" WIDTH="95" HEIGHT="27" WC="0.89" CONTENT="deltagit,"/><SP WIDTH="16" VPOS="709" HPOS="308"/>
							<String ID="string_130" HPOS="324" VPOS="716" WIDTH="69" HEIGHT="13" WC="0.93" CONTENT="annan"/><SP WIDTH="17" VPOS="716" HPOS="393"/>
							<String ID="string_131" HPOS="410" VPOS="709" WIDTH="56" HEIGHT="27" WC="0.65" CONTENT="ljutit"/><SP WIDTH="15" VPOS="709" HPOS="466"/>
							<String ID="string_132" HPOS="481" VPOS="710" WIDTH="68" HEIGHT="20" WC="0.96" CONTENT="döden"/><SP WIDTH="19" VPOS="710" HPOS="549"/>
							<String ID="string_133" HPOS="568" VPOS="709" WIDTH="51" HEIGHT="21" WC="0.82" CONTENT="eller"/><SP WIDTH="11" VPOS="709" HPOS="619"/>
							<String ID="string_134" HPOS="630" VPOS="709" WIDTH="40" HEIGHT="20" WC="0.96" CONTENT="fått"/><SP WIDTH="18" VPOS="709" HPOS="670"/>
							<String ID="string_135" HPOS="688" VPOS="710" WIDTH="48" HEIGHT="19" WC="0.96" CONTENT="svår"/><SP WIDTH="11" VPOS="710" HPOS="736"/>
							<String ID="string_136" HPOS="747" VPOS="709" WIDTH="152" HEIGHT="27" WC="0.96" CONTENT="kroppsskada,"/>
						</TextLine>
						<TextLine ID="line_16" HPOS="148" VPOS="743" WIDTH="751" HEIGHT="27">
							<String ID="string_137" HPOS="148" VPOS="743" WIDTH="40" HEIGHT="21" WC="0.96" CONTENT="och"/><SP WIDTH="22" VPOS="743" HPOS="188"/>
							<String ID="string_138" HPOS="210" VPOS="744" WIDTH="42" HEIGHT="20" WC="0.93" CONTENT="kan"/><SP WIDTH="20" VPOS="744" HPOS="252"/>
							<String ID="string_139" HPOS="272" VPOS="744" WIDTH="18" HEIGHT="26" WC="0.92" CONTENT="ej"/><SP WIDTH="21" VPOS="744" HPOS="290"/>
							<String ID="string_140" HPOS="311" VPOS="744" WIDTH="89" HEIGHT="24" WC="0.87" CONTENT="utredas,"/><SP WIDTH="25" VPOS="744" HPOS="400"/>
							<String ID="string_141" HPOS="425" VPOS="744" WIDTH="85" HEIGHT="20" WC="0.91" CONTENT="hvilken"/><SP WIDTH="17" VPOS="744" HPOS="510"/>
							<String ID="string_142" HPOS="527" VPOS="745" WIDTH="23" HEIGHT="19" WC="0.96" CONTENT="af"/><SP WIDTH="14" VPOS="745" HPOS="550"/>
							<String ID="string_143" HPOS="564" VPOS="744" WIDTH="47" HEIGHT="20" WC="0.92" CONTENT="dem"/><SP WIDTH="16" VPOS="744" HPOS="611"/>
							<String ID="string_144" HPOS="627" VPOS="744" WIDTH="120" HEIGHT="20" WC="0.92" CONTENT="förorsakat"/><SP WIDTH="15" VPOS="744" HPOS="747"/>
							<String ID="string_145" HPOS="762" VPOS="744" WIDTH="69" HEIGHT="20" WC="0.96" CONTENT="döden"/><SP WIDTH="17" VPOS="744" HPOS="831"/>
							<String ID="string_146" HPOS="848" VPOS="744" WIDTH="51" HEIGHT="20" WC="0.96" CONTENT="eller"/>
						</TextLine>
						<TextLine ID="line_17" HPOS="148" VPOS="778" WIDTH="750" HEIGHT="27">
							<String ID="string_147" HPOS="148" VPOS="778" WIDTH="173" HEIGHT="27" WC="0.69" CONTENT="kroppsskadan;"/><SP WIDTH="21" VPOS="778" HPOS="321"/>
							<String ID="string_148" HPOS="342" VPOS="779" WIDTH="71" HEIGHT="20" WC="0.96" CONTENT="dömes"/><SP WIDTH="16" VPOS="779" HPOS="413"/>
							<String ID="string_149" HPOS="429" VPOS="786" WIDTH="25" HEIGHT="13" WC="0.93" CONTENT="en"/><SP WIDTH="16" VPOS="786" HPOS="454"/>
							<String ID="string_150" HPOS="470" VPOS="779" WIDTH="59" HEIGHT="25" WC="0.95" CONTENT="hvar,"/><SP WIDTH="16" VPOS="779" HPOS="529"/>
							<String ID="string_151" HPOS="545" VPOS="786" WIDTH="43" HEIGHT="13" WC="0.93" CONTENT="som"/><SP WIDTH="17" VPOS="786" HPOS="588"/>
							<String ID="string_152" HPOS="605" VPOS="778" WIDTH="13" HEIGHT="20" WC="0.88" CONTENT="&amp;"/><SP WIDTH="16" VPOS="778" HPOS="618"/>
							<String ID="string_153" HPOS="634" VPOS="778" WIDTH="39" HEIGHT="20" WC="0.93" CONTENT="den"/><SP WIDTH="18" VPOS="778" HPOS="673"/>
							<String ID="string_154" HPOS="691" VPOS="778" WIDTH="156" HEIGHT="20" WC="0.93" CONTENT="misshandlade"/><SP WIDTH="16" VPOS="778" HPOS="847"/>
							<String ID="string_155" HPOS="863" VPOS="778" WIDTH="35" HEIGHT="20" WC="0.92" CONTENT="bu-"/>
						</TextLine>
						<TextLine ID="line_18" HPOS="149" VPOS="812" WIDTH="749" HEIGHT="28">
							<String ID="string_156" HPOS="149" VPOS="813" WIDTH="27" HEIGHT="19" WC="0.96" CONTENT="rit"/><SP WIDTH="17" VPOS="813" HPOS="176"/>
							<String ID="string_157" HPOS="193" VPOS="813" WIDTH="62" HEIGHT="25" WC="0.96" CONTENT="hand,"/><SP WIDTH="24" VPOS="813" HPOS="255"/>
							<String ID="string_158" HPOS="279" VPOS="813" WIDTH="31" HEIGHT="19" WC="0.93" CONTENT="för"/><SP WIDTH="18" VPOS="813" HPOS="310"/>
							<String ID="string_159" HPOS="328" VPOS="813" WIDTH="57" HEIGHT="27" WC="0.93" CONTENT="groft"/><SP WIDTH="18" VPOS="813" HPOS="385"/>
							<String ID="string_160" HPOS="403" VPOS="813" WIDTH="106" HEIGHT="27" WC="0.89" CONTENT="slagsmäl,"/><SP WIDTH="24" VPOS="813" HPOS="509"/>
							<String ID="string_161" HPOS="533" VPOS="817" WIDTH="38" HEIGHT="16" WC="0.96" CONTENT="när"/><SP WIDTH="19" VPOS="817" HPOS="571"/>
							<String ID="string_162" HPOS="590" VPOS="813" WIDTH="68" HEIGHT="20" WC="0.93" CONTENT="döden"/><SP WIDTH="17" VPOS="813" HPOS="658"/>
							<String ID="string_163" HPOS="675" VPOS="812" WIDTH="71" HEIGHT="28" WC="0.92" CONTENT="följde,"/><SP WIDTH="17" VPOS="812" HPOS="746"/>
							<String ID="string_164" HPOS="763" VPOS="813" WIDTH="31" HEIGHT="20" WC="0.93" CONTENT="till"/><SP WIDTH="17" VPOS="813" HPOS="794"/>
							<String ID="string_165" HPOS="811" VPOS="812" WIDTH="87" HEIGHT="21" WC="0.92" CONTENT="tukthus"/>
						</TextLine>
						<TextLine ID="line_19" HPOS="150" VPOS="847" WIDTH="748" HEIGHT="27">
							<String ID="string_166" HPOS="150" VPOS="847" WIDTH="6" HEIGHT="19" WC="0.93" CONTENT="i"/><SP WIDTH="17" VPOS="847" HPOS="156"/>
							<String ID="string_167" HPOS="173" VPOS="847" WIDTH="60" HEIGHT="27" WC="0.96" CONTENT="högst"/><SP WIDTH="23" VPOS="847" HPOS="233"/>
							<String ID="string_168" HPOS="256" VPOS="847" WIDTH="47" HEIGHT="26" WC="0.96" CONTENT="fyra"/><SP WIDTH="23" VPOS="847" HPOS="303"/>
							<String ID="string_169" HPOS="326" VPOS="848" WIDTH="23" HEIGHT="19" WC="0.96" CONTENT="år"/><SP WIDTH="22" VPOS="848" HPOS="349"/>
							<String ID="string_170" HPOS="371" VPOS="848" WIDTH="51" HEIGHT="19" WC="0.91" CONTENT="eller"/><SP WIDTH="23" VPOS="848" HPOS="422"/>
							<String ID="string_171" HPOS="445" VPOS="848" WIDTH="94" HEIGHT="26" WC="0.96" CONTENT="fängelse"/><SP WIDTH="16" VPOS="848" HPOS="539"/>
							<String ID="string_172" HPOS="555" VPOS="848" WIDTH="18" HEIGHT="26" WC="0.96" CONTENT="ej"/><SP WIDTH="17" VPOS="848" HPOS="573"/>
							<String ID="string_173" HPOS="590" VPOS="848" WIDTH="66" HEIGHT="19" WC="0.96" CONTENT="under"/><SP WIDTH="16" VPOS="848" HPOS="656"/>
							<String ID="string_174" HPOS="672" VPOS="850" WIDTH="31" HEIGHT="17" WC="0.93" CONTENT="tre"/><SP WIDTH="17" VPOS="850" HPOS="703"/>
							<String ID="string_175" HPOS="720" VPOS="847" WIDTH="111" HEIGHT="26" WC="0.96" CONTENT="månader,"/><SP WIDTH="20" VPOS="847" HPOS="831"/>
							<String ID="string_176" HPOS="851" VPOS="848" WIDTH="47" HEIGHT="25" WC="0.96" CONTENT="och,"/>
						</TextLine>
						<TextLine ID="line_20" HPOS="148" VPOS="880" WIDTH="751" HEIGHT="29">
							<String ID="string_177" HPOS="148" VPOS="883" WIDTH="38" HEIGHT="18" WC="0.95" CONTENT="när"/><SP WIDTH="23" VPOS="883" HPOS="186"/>
							<String ID="string_178" HPOS="209" VPOS="881" WIDTH="47" HEIGHT="20" WC="0.96" CONTENT="svår"/><SP WIDTH="23" VPOS="881" HPOS="256"/>
							<String ID="string_179" HPOS="279" VPOS="881" WIDTH="146" HEIGHT="27" WC="0.95" CONTENT="kroppsskada"/><SP WIDTH="24" VPOS="881" HPOS="425"/>
							<String ID="string_180" HPOS="449" VPOS="882" WIDTH="97" HEIGHT="27" WC="0.95" CONTENT="uppkom,"/><SP WIDTH="24" VPOS="882" HPOS="546"/>
							<String ID="string_181" HPOS="570" VPOS="882" WIDTH="31" HEIGHT="20" WC="0.93" CONTENT="till"/><SP WIDTH="24" VPOS="882" HPOS="601"/>
							<String ID="string_182" HPOS="625" VPOS="880" WIDTH="86" HEIGHT="22" WC="0.92" CONTENT="tukthus"/><SP WIDTH="19" VPOS="880" HPOS="711"/>
							<String ID="string_183" HPOS="730" VPOS="882" WIDTH="6" HEIGHT="19" WC="0.96" CONTENT="i"/><SP WIDTH="16" VPOS="882" HPOS="736"/>
							<String ID="string_184" HPOS="752" VPOS="882" WIDTH="62" HEIGHT="26" WC="0.96" CONTENT="högst"/><SP WIDTH="16" VPOS="882" HPOS="814"/>
							<String ID="string_185" HPOS="830" VPOS="884" WIDTH="31" HEIGHT="19" WC="0.96" CONTENT="tre"/><SP WIDTH="16" VPOS="884" HPOS="861"/>
							<String ID="string_186" HPOS="877" VPOS="882" WIDTH="22" HEIGHT="20" WC="0.96" CONTENT="år"/>
						</TextLine>
						<TextLine ID="line_21" HPOS="150" VPOS="915" WIDTH="748" HEIGHT="27">
							<String ID="string_187" HPOS="150" VPOS="915" WIDTH="53" HEIGHT="21" WC="0.96" CONTENT="eller"/><SP WIDTH="22" VPOS="915" HPOS="203"/>
							<String ID="string_188" HPOS="225" VPOS="916" WIDTH="94" HEIGHT="26" WC="0.95" CONTENT="fängelse"/><SP WIDTH="15" VPOS="916" HPOS="319"/>
							<String ID="string_189" HPOS="334" VPOS="916" WIDTH="45" HEIGHT="20" WC="0.96" CONTENT="från"/><SP WIDTH="22" VPOS="916" HPOS="379"/>
							<String ID="string_190" HPOS="401" VPOS="917" WIDTH="38" HEIGHT="20" WC="0.96" CONTENT="och"/><SP WIDTH="18" VPOS="917" HPOS="439"/>
							<String ID="string_191" HPOS="457" VPOS="917" WIDTH="45" HEIGHT="20" WC="0.96" CONTENT="med"/><SP WIDTH="16" VPOS="917" HPOS="502"/>
							<String ID="string_192" HPOS="518" VPOS="923" WIDTH="26" HEIGHT="14" WC="0.96" CONTENT="en"/><SP WIDTH="18" VPOS="923" HPOS="544"/>
							<String ID="string_193" HPOS="562" VPOS="916" WIDTH="74" HEIGHT="20" WC="0.96" CONTENT="månad"/><SP WIDTH="17" VPOS="916" HPOS="636"/>
							<String ID="string_194" HPOS="653" VPOS="915" WIDTH="31" HEIGHT="21" WC="0.96" CONTENT="till"/><SP WIDTH="17" VPOS="915" HPOS="684"/>
							<String ID="string_195" HPOS="701" VPOS="916" WIDTH="40" HEIGHT="20" WC="0.96" CONTENT="och"/><SP WIDTH="16" VPOS="916" HPOS="741"/>
							<String ID="string_196" HPOS="757" VPOS="917" WIDTH="48" HEIGHT="19" WC="0.96" CONTENT="med"/><SP WIDTH="17" VPOS="917" HPOS="805"/>
							<String ID="string_197" HPOS="822" VPOS="919" WIDTH="31" HEIGHT="18" WC="0.95" CONTENT="tre"/><SP WIDTH="15" VPOS="919" HPOS="853"/>
							<String ID="string_198" HPOS="868" VPOS="917" WIDTH="30" HEIGHT="25" WC="0.96" CONTENT="år,"/>
						</TextLine>
						<TextLine ID="line_22" HPOS="148" VPOS="951" WIDTH="752" HEIGHT="26">
							<String ID="string_199" HPOS="148" VPOS="953" WIDTH="53" HEIGHT="18" WC="0.96" CONTENT="samt"/><SP WIDTH="17" VPOS="953" HPOS="201"/>
							<String ID="string_200" HPOS="218" VPOS="951" WIDTH="26" HEIGHT="20" WC="0.93" CONTENT="de"/><SP WIDTH="15" VPOS="951" HPOS="244"/>
							<String ID="string_201" HPOS="259" VPOS="951" WIDTH="74" HEIGHT="26" WC="0.90" CONTENT="öfrige,"/><SP WIDTH="24" VPOS="951" HPOS="333"/>
							<String ID="string_202" HPOS="357" VPOS="951" WIDTH="72" HEIGHT="20" WC="0.96" CONTENT="hvilka"/><SP WIDTH="16" VPOS="951" HPOS="429"/>
							<String ID="string_203" HPOS="445" VPOS="952" WIDTH="6" HEIGHT="19" WC="0.96" CONTENT="i"/><SP WIDTH="16" VPOS="952" HPOS="451"/>
							<String ID="string_204" HPOS="467" VPOS="951" WIDTH="121" HEIGHT="26" WC="0.96" CONTENT="slagsmålet"/><SP WIDTH="24" VPOS="951" HPOS="588"/>
							<String ID="string_205" HPOS="612" VPOS="951" WIDTH="96" HEIGHT="26" WC="0.96" CONTENT="deltagit,"/><SP WIDTH="21" VPOS="951" HPOS="708"/>
							<String ID="string_206" HPOS="729" VPOS="951" WIDTH="27" HEIGHT="26" WC="0.96" CONTENT="på"/><SP WIDTH="15" VPOS="951" HPOS="756"/>
							<String ID="string_207" HPOS="771" VPOS="953" WIDTH="40" HEIGHT="18" WC="0.96" CONTENT="sätt"/><SP WIDTH="16" VPOS="953" HPOS="811"/>
							<String ID="string_208" HPOS="827" VPOS="952" WIDTH="6" HEIGHT="18" WC="0.96" CONTENT="i"/><SP WIDTH="16" VPOS="952" HPOS="833"/>
							<String ID="string_209" HPOS="849" VPOS="952" WIDTH="51" HEIGHT="19" WC="0.95" CONTENT="sista"/>
						</TextLine>
						<TextLine ID="line_23" HPOS="149" VPOS="985" WIDTH="227" HEIGHT="27">
							<String ID="string_210" HPOS="149" VPOS="991" WIDTH="62" HEIGHT="14" WC="0.96" CONTENT="mom."/><SP WIDTH="16" VPOS="991" HPOS="211"/>
							<String ID="string_211" HPOS="227" VPOS="985" WIDTH="23" HEIGHT="20" WC="0.96" CONTENT="af"/><SP WIDTH="14" VPOS="985" HPOS="250"/>
							<String ID="string_212" HPOS="264" VPOS="985" WIDTH="11" HEIGHT="20" WC="0.95" CONTENT="8"/><SP WIDTH="17" VPOS="985" HPOS="275"/>
							<String ID="string_213" HPOS="292" VPOS="986" WIDTH="13" HEIGHT="25" WC="0.83" CONTENT="&amp;"/><SP WIDTH="16" VPOS="986" HPOS="305"/>
							<String ID="string_214" HPOS="321" VPOS="988" WIDTH="55" HEIGHT="24" WC="0.95" CONTENT="sägs."/>
						</TextLine>
					</TextBlock>
					<TextBlock ID="block_5" HPOS="217" VPOS="1025" WIDTH="268" HEIGHT="28">
						<TextLine ID="line_24" HPOS="217" VPOS="1025" WIDTH="268" HEIGHT="28">
							<String ID="string_215" HPOS="217" VPOS="1025" WIDTH="39" HEIGHT="26" WC="0.92" CONTENT="(10"/><SP WIDTH="14" VPOS="1025" HPOS="256"/>
							<String ID="string_216" HPOS="270" VPOS="1025" WIDTH="16" HEIGHT="28" WC="0.92" CONTENT="$"/><SP WIDTH="15" VPOS="1025" HPOS="286"/>
							<String ID="string_217" HPOS="301" VPOS="1025" WIDTH="44" HEIGHT="21" WC="0.78" CONTENT="in."/><SP WIDTH="13" VPOS="1025" HPOS="345"/>
							<String ID="string_218" HPOS="358" VPOS="1032" WIDTH="23" HEIGHT="21" WC="0.93" CONTENT="p."/><SP WIDTH="16" VPOS="1032" HPOS="381"/>
							<String ID="string_219" HPOS="397" VPOS="1025" WIDTH="88" HEIGHT="28" WC="0.54" CONTENT="utgår)."/>
						</TextLine>
					</TextBlock>
					<TextBlock ID="block_6" HPOS="149" VPOS="1065" WIDTH="752" HEIGHT="191">
						<TextLine ID="line_25" HPOS="219" VPOS="1065" WIDTH="681" HEIGHT="28">
							<String ID="string_220" HPOS="219" VPOS="1066" WIDTH="25" HEIGHT="19" WC="0.94" CONTENT="10"/><SP WIDTH="16" VPOS="1066" HPOS="244"/>
							<String ID="string_221" HPOS="260" VPOS="1065" WIDTH="13" HEIGHT="27" WC="0.86" CONTENT="$"/><SP WIDTH="17" VPOS="1065" HPOS="273"/>
							<String ID="string_222" HPOS="290" VPOS="1065" WIDTH="53" HEIGHT="28" WC="0.96" CONTENT="(11)."/><SP WIDTH="31" VPOS="1065" HPOS="343"/>
							<String ID="string_223" HPOS="374" VPOS="1065" WIDTH="43" HEIGHT="21" WC="0.96" CONTENT="Har"/><SP WIDTH="23" VPOS="1065" HPOS="417"/>
							<String ID="string_224" HPOS="440" VPOS="1067" WIDTH="69" HEIGHT="25" WC="0.96" CONTENT="någon"/><SP WIDTH="23" VPOS="1067" HPOS="509"/>
							<String ID="string_225" HPOS="532" VPOS="1071" WIDTH="75" HEIGHT="21" WC="0.95" CONTENT="genom"/><SP WIDTH="17" VPOS="1071" HPOS="607"/>
							<String ID="string_226" HPOS="624" VPOS="1065" WIDTH="133" HEIGHT="21" WC="0.95" CONTENT="vårdslöshet"/><SP WIDTH="15" VPOS="1065" HPOS="757"/>
							<String ID="string_227" HPOS="772" VPOS="1065" WIDTH="52" HEIGHT="20" WC="0.93" CONTENT="eller"/><SP WIDTH="16" VPOS="1065" HPOS="824"/>
							<String ID="string_228" HPOS="840" VPOS="1065" WIDTH="60" HEIGHT="20" WC="0.92" CONTENT="oakt-"/>
						</TextLine>
						<TextLine ID="line_26" HPOS="149" VPOS="1099" WIDTH="752" HEIGHT="27">
							<String ID="string_229" HPOS="149" VPOS="1100" WIDTH="81" HEIGHT="20" WC="0.96" CONTENT="samhet"/><SP WIDTH="16" VPOS="1100" HPOS="230"/>
							<String ID="string_230" HPOS="246" VPOS="1099" WIDTH="71" HEIGHT="26" WC="0.96" CONTENT="vållat,"/><SP WIDTH="24" VPOS="1099" HPOS="317"/>
							<String ID="string_231" HPOS="341" VPOS="1102" WIDTH="31" HEIGHT="18" WC="0.96" CONTENT="att"/><SP WIDTH="23" VPOS="1102" HPOS="372"/>
							<String ID="string_232" HPOS="395" VPOS="1107" WIDTH="68" HEIGHT="13" WC="0.95" CONTENT="annan"/><SP WIDTH="21" VPOS="1107" HPOS="463"/>
							<String ID="string_233" HPOS="484" VPOS="1100" WIDTH="46" HEIGHT="20" WC="0.96" CONTENT="dött"/><SP WIDTH="22" VPOS="1100" HPOS="530"/>
							<String ID="string_234" HPOS="552" VPOS="1100" WIDTH="50" HEIGHT="19" WC="0.96" CONTENT="eller"/><SP WIDTH="16" VPOS="1100" HPOS="602"/>
							<String ID="string_235" HPOS="618" VPOS="1100" WIDTH="39" HEIGHT="19" WC="0.95" CONTENT="fått"/><SP WIDTH="15" VPOS="1100" HPOS="657"/>
							<String ID="string_236" HPOS="672" VPOS="1099" WIDTH="48" HEIGHT="20" WC="0.95" CONTENT="svår"/><SP WIDTH="24" VPOS="1099" HPOS="720"/>
							<String ID="string_237" HPOS="744" VPOS="1099" WIDTH="157" HEIGHT="27" WC="0.96" CONTENT="kroppsskada;"/>
						</TextLine>
						<TextLine ID="line_27" HPOS="150" VPOS="1134" WIDTH="751" HEIGHT="26">
							<String ID="string_238" HPOS="150" VPOS="1134" WIDTH="90" HEIGHT="26" WC="0.91" CONTENT="straffes,"/><SP WIDTH="24" VPOS="1134" HPOS="240"/>
							<String ID="string_239" HPOS="264" VPOS="1141" WIDTH="32" HEIGHT="13" WC="0.96" CONTENT="om"/><SP WIDTH="18" VPOS="1141" HPOS="296"/>
							<String ID="string_240" HPOS="314" VPOS="1135" WIDTH="67" HEIGHT="19" WC="0.96" CONTENT="döden"/><SP WIDTH="18" VPOS="1135" HPOS="381"/>
							<String ID="string_241" HPOS="399" VPOS="1135" WIDTH="70" HEIGHT="25" WC="0.96" CONTENT="följde,"/><SP WIDTH="21" VPOS="1135" HPOS="469"/>
							<String ID="string_242" HPOS="490" VPOS="1135" WIDTH="47" HEIGHT="19" WC="0.96" CONTENT="med"/><SP WIDTH="16" VPOS="1135" HPOS="537"/>
							<String ID="string_243" HPOS="553" VPOS="1134" WIDTH="95" HEIGHT="25" WC="0.96" CONTENT="fängelse"/><SP WIDTH="14" VPOS="1134" HPOS="648"/>
							<String ID="string_244" HPOS="662" VPOS="1134" WIDTH="7" HEIGHT="19" WC="0.96" CONTENT="i"/><SP WIDTH="16" VPOS="1134" HPOS="669"/>
							<String ID="string_245" HPOS="685" VPOS="1134" WIDTH="63" HEIGHT="25" WC="0.96" CONTENT="högst"/><SP WIDTH="16" VPOS="1134" HPOS="748"/>
							<String ID="string_246" HPOS="764" VPOS="1137" WIDTH="31" HEIGHT="17" WC="0.96" CONTENT="tre"/><SP WIDTH="16" VPOS="1137" HPOS="795"/>
							<String ID="string_247" HPOS="811" VPOS="1134" WIDTH="22" HEIGHT="20" WC="0.96" CONTENT="år"/><SP WIDTH="16" VPOS="1134" HPOS="833"/>
							<String ID="string_248" HPOS="849" VPOS="1134" WIDTH="52" HEIGHT="20" WC="0.95" CONTENT="eller"/>
						</TextLine>
						<TextLine ID="line_28" HPOS="150" VPOS="1167" WIDTH="751" HEIGHT="28">
							<String ID="string_249" HPOS="150" VPOS="1168" WIDTH="60" HEIGHT="20" WC="0.96" CONTENT="böter"/><SP WIDTH="16" VPOS="1168" HPOS="210"/>
							<String ID="string_250" HPOS="226" VPOS="1169" WIDTH="18" HEIGHT="25" WC="0.96" CONTENT="ej"/><SP WIDTH="16" VPOS="1169" HPOS="244"/>
							<String ID="string_251" HPOS="260" VPOS="1169" WIDTH="66" HEIGHT="19" WC="0.96" CONTENT="under"/><SP WIDTH="17" VPOS="1169" HPOS="326"/>
							<String ID="string_252" HPOS="343" VPOS="1168" WIDTH="71" HEIGHT="20" WC="0.96" CONTENT="femtio"/><SP WIDTH="17" VPOS="1168" HPOS="414"/>
							<String ID="string_253" HPOS="431" VPOS="1169" WIDTH="65" HEIGHT="25" WC="0.96" CONTENT="mark,"/><SP WIDTH="16" VPOS="1169" HPOS="496"/>
							<String ID="string_254" HPOS="512" VPOS="1168" WIDTH="47" HEIGHT="26" WC="0.96" CONTENT="och,"/><SP WIDTH="16" VPOS="1168" HPOS="559"/>
							<String ID="string_255" HPOS="575" VPOS="1175" WIDTH="33" HEIGHT="13" WC="0.97" CONTENT="om"/><SP WIDTH="16" VPOS="1175" HPOS="608"/>
							<String ID="string_256" HPOS="624" VPOS="1168" WIDTH="48" HEIGHT="20" WC="0.96" CONTENT="svår"/><SP WIDTH="15" VPOS="1168" HPOS="672"/>
							<String ID="string_257" HPOS="687" VPOS="1167" WIDTH="148" HEIGHT="28" WC="0.93" CONTENT="kroppsskada"/><SP WIDTH="15" VPOS="1167" HPOS="835"/>
							<String ID="string_258" HPOS="850" VPOS="1175" WIDTH="51" HEIGHT="20" WC="0.92" CONTENT="upp-"/>
						</TextLine>
						<TextLine ID="line_29" HPOS="150" VPOS="1202" WIDTH="751" HEIGHT="27">
							<String ID="string_259" HPOS="150" VPOS="1202" WIDTH="56" HEIGHT="24" WC="0.96" CONTENT="kom,"/><SP WIDTH="23" VPOS="1202" HPOS="206"/>
							<String ID="string_260" HPOS="229" VPOS="1203" WIDTH="47" HEIGHT="19" WC="0.96" CONTENT="med"/><SP WIDTH="22" VPOS="1203" HPOS="276"/>
							<String ID="string_261" HPOS="298" VPOS="1202" WIDTH="94" HEIGHT="26" WC="0.96" CONTENT="fängelse"/><SP WIDTH="16" VPOS="1202" HPOS="392"/>
							<String ID="string_262" HPOS="408" VPOS="1203" WIDTH="6" HEIGHT="19" WC="0.96" CONTENT="i"/><SP WIDTH="17" VPOS="1203" HPOS="414"/>
							<String ID="string_263" HPOS="431" VPOS="1202" WIDTH="60" HEIGHT="27" WC="0.96" CONTENT="högst"/><SP WIDTH="20" VPOS="1202" HPOS="491"/>
							<String ID="string_264" HPOS="511" VPOS="1205" WIDTH="31" HEIGHT="17" WC="0.96" CONTENT="ett"/><SP WIDTH="16" VPOS="1205" HPOS="542"/>
							<String ID="string_265" HPOS="558" VPOS="1202" WIDTH="22" HEIGHT="20" WC="0.96" CONTENT="år"/><SP WIDTH="14" VPOS="1202" HPOS="580"/>
							<String ID="string_266" HPOS="594" VPOS="1202" WIDTH="52" HEIGHT="21" WC="0.96" CONTENT="eller"/><SP WIDTH="18" VPOS="1202" HPOS="646"/>
							<String ID="string_267" HPOS="664" VPOS="1202" WIDTH="59" HEIGHT="21" WC="0.96" CONTENT="böter"/><SP WIDTH="16" VPOS="1202" HPOS="723"/>
							<String ID="string_268" HPOS="739" VPOS="1204" WIDTH="19" HEIGHT="25" WC="0.96" CONTENT="ej"/><SP WIDTH="17" VPOS="1204" HPOS="758"/>
							<String ID="string_269" HPOS="775" VPOS="1202" WIDTH="58" HEIGHT="20" WC="0.93" CONTENT="öfver"/><SP WIDTH="17" VPOS="1202" HPOS="833"/>
							<String ID="string_270" HPOS="850" VPOS="1203" WIDTH="51" HEIGHT="19" WC="0.91" CONTENT="fem-"/>
						</TextLine>
						<TextLine ID="line_30" HPOS="151" VPOS="1236" WIDTH="163" HEIGHT="20">
							<String ID="string_271" HPOS="151" VPOS="1236" WIDTH="81" HEIGHT="20" WC="0.96" CONTENT="hundra"/><SP WIDTH="16" VPOS="1236" HPOS="232"/>
							<String ID="string_272" HPOS="248" VPOS="1237" WIDTH="66" HEIGHT="19" WC="0.95" CONTENT="mark."/>
						</TextLine>
					</TextBlock>
				</ComposedBlock>
				<ComposedBlock ID="cblock_2" HPOS="218" VPOS="1268" WIDTH="92" HEIGHT="28">
					<TextBlock ID="block_7" HPOS="218" VPOS="1268" WIDTH="92" HEIGHT="28">
						<TextLine ID="line_31" HPOS="218" VPOS="1268" WIDTH="92" HEIGHT="28">
							<String ID="string_273" HPOS="218" VPOS="1268" WIDTH="92" HEIGHT="28" WC="0.92" CONTENT="(Utesl)"/>
						</TextLine>
					</TextBlock>
				</ComposedBlock>
				<ComposedBlock ID="cblock_3" HPOS="151" VPOS="1314" WIDTH="752" HEIGHT="167">
					<TextBlock ID="block_8" HPOS="151" VPOS="1314" WIDTH="752" HEIGHT="167">
						<TextLine ID="line_32" HPOS="225" VPOS="1314" WIDTH="676" HEIGHT="29">
							<String ID="string_274" HPOS="225" VPOS="1316" WIDTH="21" HEIGHT="18" WC="0.95" CONTENT="11"/><SP WIDTH="19" VPOS="1316" HPOS="246"/>
							<String ID="string_275" HPOS="265" VPOS="1314" WIDTH="13" HEIGHT="29" WC="0.76" CONTENT="&amp;"/><SP WIDTH="16" VPOS="1314" HPOS="278"/>
							<String ID="string_276" HPOS="294" VPOS="1317" WIDTH="56" HEIGHT="23" WC="0.92" CONTENT="(12)."/><SP WIDTH="31" VPOS="1317" HPOS="350"/>
							<String ID="string_277" HPOS="381" VPOS="1315" WIDTH="139" HEIGHT="20" WC="0.91" CONTENT="Misshandlar"/><SP WIDTH="22" VPOS="1315" HPOS="520"/>
							<String ID="string_278" HPOS="542" VPOS="1315" WIDTH="70" HEIGHT="26" WC="0.94" CONTENT="någon"/><SP WIDTH="23" VPOS="1315" HPOS="612"/>
							<String ID="string_279" HPOS="635" VPOS="1314" WIDTH="133" HEIGHT="28" WC="0.94" CONTENT="uppsåtligen"/><SP WIDTH="17" VPOS="1314" HPOS="768"/>
							<String ID="string_280" HPOS="785" VPOS="1322" WIDTH="68" HEIGHT="13" WC="0.96" CONTENT="annan"/><SP WIDTH="18" VPOS="1322" HPOS="853"/>
							<String ID="string_281" HPOS="871" VPOS="1315" WIDTH="30" HEIGHT="27" WC="0.96" CONTENT="så,"/>
						</TextLine>
						<TextLine ID="line_33" HPOS="152" VPOS="1348" WIDTH="750" HEIGHT="28">
							<String ID="string_282" HPOS="152" VPOS="1351" WIDTH="30" HEIGHT="19" WC="0.96" CONTENT="att"/><SP WIDTH="16" VPOS="1351" HPOS="182"/>
							<String ID="string_283" HPOS="198" VPOS="1350" WIDTH="68" HEIGHT="20" WC="0.96" CONTENT="denne"/><SP WIDTH="16" VPOS="1350" HPOS="266"/>
							<String ID="string_284" HPOS="282" VPOS="1350" WIDTH="61" HEIGHT="20" WC="0.96" CONTENT="deraf"/><SP WIDTH="13" VPOS="1350" HPOS="343"/>
							<String ID="string_285" HPOS="356" VPOS="1349" WIDTH="31" HEIGHT="20" WC="0.96" CONTENT="får"/><SP WIDTH="16" VPOS="1349" HPOS="387"/>
							<String ID="string_286" HPOS="403" VPOS="1349" WIDTH="80" HEIGHT="20" WC="0.96" CONTENT="mindre"/><SP WIDTH="17" VPOS="1349" HPOS="483"/>
							<String ID="string_287" HPOS="500" VPOS="1350" WIDTH="49" HEIGHT="26" WC="0.93" CONTENT="lyte,"/><SP WIDTH="16" VPOS="1350" HPOS="549"/>
							<String ID="string_288" HPOS="565" VPOS="1348" WIDTH="108" HEIGHT="28" WC="0.91" CONTENT="kroppsfel"/><SP WIDTH="17" VPOS="1348" HPOS="673"/>
							<String ID="string_289" HPOS="690" VPOS="1349" WIDTH="51" HEIGHT="20" WC="0.95" CONTENT="eller"/><SP WIDTH="16" VPOS="1349" HPOS="741"/>
							<String ID="string_290" HPOS="757" VPOS="1349" WIDTH="103" HEIGHT="26" WC="0.96" CONTENT="sjukdom,"/><SP WIDTH="15" VPOS="1349" HPOS="860"/>
							<String ID="string_291" HPOS="875" VPOS="1352" WIDTH="27" HEIGHT="18" WC="0.96" CONTENT="än"/>
						</TextLine>
						<TextLine ID="line_34" HPOS="153" VPOS="1382" WIDTH="750" HEIGHT="30">
							<String ID="string_292" HPOS="153" VPOS="1384" WIDTH="7" HEIGHT="20" WC="0.94" CONTENT="i"/><SP WIDTH="16" VPOS="1384" HPOS="160"/>
							<String ID="string_293" HPOS="176" VPOS="1384" WIDTH="12" HEIGHT="20" WC="0.92" CONTENT="5"/><SP WIDTH="16" VPOS="1384" HPOS="188"/>
							<String ID="string_294" HPOS="204" VPOS="1384" WIDTH="12" HEIGHT="26" WC="0.58" CONTENT="$"/><SP WIDTH="16" VPOS="1384" HPOS="216"/>
							<String ID="string_295" HPOS="232" VPOS="1386" WIDTH="59" HEIGHT="25" WC="0.96" CONTENT="sägs;"/><SP WIDTH="17" VPOS="1386" HPOS="291"/>
							<String ID="string_296" HPOS="308" VPOS="1385" WIDTH="72" HEIGHT="19" WC="0.95" CONTENT="dömes"/><SP WIDTH="16" VPOS="1385" HPOS="380"/>
							<String ID="string_297" HPOS="396" VPOS="1384" WIDTH="31" HEIGHT="20" WC="0.96" CONTENT="till"/><SP WIDTH="16" VPOS="1384" HPOS="427"/>
							<String ID="string_298" HPOS="443" VPOS="1384" WIDTH="95" HEIGHT="28" WC="0.96" CONTENT="fängelse"/><SP WIDTH="13" VPOS="1384" HPOS="538"/>
							<String ID="string_299" HPOS="551" VPOS="1383" WIDTH="10" HEIGHT="21" WC="0.95" CONTENT="i"/><SP WIDTH="15" VPOS="1383" HPOS="561"/>
							<String ID="string_300" HPOS="576" VPOS="1383" WIDTH="62" HEIGHT="29" WC="0.96" CONTENT="högst"/><SP WIDTH="16" VPOS="1383" HPOS="638"/>
							<String ID="string_301" HPOS="654" VPOS="1384" WIDTH="35" HEIGHT="21" WC="0.96" CONTENT="två"/><SP WIDTH="16" VPOS="1384" HPOS="689"/>
							<String ID="string_302" HPOS="705" VPOS="1384" WIDTH="26" HEIGHT="20" WC="0.96" CONTENT="år"/><SP WIDTH="16" VPOS="1384" HPOS="731"/>
							<String ID="string_303" HPOS="747" VPOS="1383" WIDTH="52" HEIGHT="21" WC="0.95" CONTENT="eller"/><SP WIDTH="15" VPOS="1383" HPOS="799"/>
							<String ID="string_304" HPOS="814" VPOS="1382" WIDTH="59" HEIGHT="23" WC="0.96" CONTENT="böter"/><SP WIDTH="10" VPOS="1382" HPOS="873"/>
							<String ID="string_305" HPOS="883" VPOS="1384" WIDTH="20" HEIGHT="28" WC="0.96" CONTENT="ej"/>
						</TextLine>
						<TextLine ID="line_35" HPOS="153" VPOS="1413" WIDTH="750" HEIGHT="34">
							<String ID="string_306" HPOS="153" VPOS="1418" WIDTH="70" HEIGHT="21" WC="0.96" CONTENT="under"/><SP WIDTH="15" VPOS="1418" HPOS="223"/>
							<String ID="string_307" HPOS="238" VPOS="1418" WIDTH="74" HEIGHT="25" WC="0.93" CONTENT="femtio"/><SP WIDTH="15" VPOS="1418" HPOS="312"/>
							<String ID="string_308" HPOS="327" VPOS="1418" WIDTH="68" HEIGHT="22" WC="0.92" CONTENT="mark."/><SP WIDTH="30" VPOS="1418" HPOS="395"/>
							<String ID="string_309" HPOS="425" VPOS="1413" WIDTH="46" HEIGHT="26" WC="0.87" CONTENT="Äro"/><SP WIDTH="12" VPOS="1413" HPOS="471"/>
							<String ID="string_310" HPOS="483" VPOS="1418" WIDTH="211" HEIGHT="28" WC="0.96" CONTENT="omständigheterna"/><SP WIDTH="11" VPOS="1418" HPOS="694"/>
							<String ID="string_311" HPOS="705" VPOS="1418" WIDTH="140" HEIGHT="29" WC="0.93" CONTENT="synnerligen"/><SP WIDTH="10" VPOS="1418" HPOS="845"/>
							<String ID="string_312" HPOS="855" VPOS="1418" WIDTH="48" HEIGHT="28" WC="0.93" CONTENT="för-"/>
						</TextLine>
						<TextLine ID="line_36" HPOS="151" VPOS="1452" WIDTH="587" HEIGHT="29">
							<String ID="string_313" HPOS="151" VPOS="1453" WIDTH="113" HEIGHT="26" WC="0.90" CONTENT="svårande;"/><SP WIDTH="15" VPOS="1453" HPOS="264"/>
							<String ID="string_314" HPOS="279" VPOS="1459" WIDTH="51" HEIGHT="15" WC="0.95" CONTENT="vare"/><SP WIDTH="15" VPOS="1459" HPOS="330"/>
							<String ID="string_315" HPOS="345" VPOS="1452" WIDTH="94" HEIGHT="28" WC="0.93" CONTENT="straffet"/><SP WIDTH="15" VPOS="1452" HPOS="439"/>
							<String ID="string_316" HPOS="454" VPOS="1453" WIDTH="88" HEIGHT="21" WC="0.92" CONTENT="tukthus"/><SP WIDTH="16" VPOS="1453" HPOS="542"/>
							<String ID="string_317" HPOS="558" VPOS="1453" WIDTH="8" HEIGHT="20" WC="0.96" CONTENT="i"/><SP WIDTH="15" VPOS="1453" HPOS="566"/>
							<String ID="string_318" HPOS="581" VPOS="1452" WIDTH="62" HEIGHT="29" WC="0.96" CONTENT="högst"/><SP WIDTH="16" VPOS="1452" HPOS="643"/>
							<String ID="string_319" HPOS="659" VPOS="1455" WIDTH="32" HEIGHT="19" WC="0.96" CONTENT="tre"/><SP WIDTH="16" VPOS="1455" HPOS="691"/>
							<String ID="string_320" HPOS="707" VPOS="1454" WIDTH="31" HEIGHT="20" WC="0.96" CONTENT="år."/>
						</TextLine>
					</TextBlock>
				</ComposedBlock>
			</PrintSpace>
		</Page>
	</Layout>
</alto>
