1048 1711
439 137 40 22 N:o
494 137 19 22 1.
799 140 27 21 13

169 200 11 21 I
195 200 72 21 stället
282 201 33 21 för
331 201 75 21 förlust
422 201 24 20 af
459 201 167 28 medborgerligt
636 202 122 21 förtroende
768 203 86 20 ädömes

102 235 47 25 den,
166 241 44 13 som
234 235 47 20 icke
298 236 41 26 fylt
355 236 88 19 aderton
459 236 30 25 är,
506 238 31 18 att
553 236 65 20 under
634 237 42 19 viss
692 237 37 25 tid,
744 237 64 26 högst
823 239 30 18 tre

101 269 29 25 år,
146 269 48 19 icke
210 275 50 14 vara
276 269 123 26 vittnesgill.

170 308 11 19 3
205 308 17 25 &.
252 308 102 26 Gerning,
377 315 43 13 som
445 309 63 26 begås
530 309 24 19 af
575 309 47 24 den,
638 309 86 20 hvilken
741 312 23 17 är
780 309 72 24 afvita,

100 342 52 20 eller
176 341 23 20 af
219 341 211 27 älderdomssvaghet
452 343 53 20 eller
528 349 68 13 annan
614 343 64 19 sådan
696 343 63 20 orsak
775 343 78 20 saknar

98 376 129 20 förständets
243 376 60 25 bruk,
320 383 49 12 vare
385 376 100 21 strafflös.

168 415 43 20 Har
234 417 68 25 nägon
323 416 62 20 räkat
401 417 6 18 i
424 417 65 20 sädan
506 416 94 27 tillfällig
614 416 190 27 sinnesförvirring,
821 419 31 18 att

99 451 41 19 han
165 451 18 25 ej
208 453 35 17 vet
262 451 31 19 till
310 451 43 26 sig;
371 457 48 14 vare
435 451 40 20 ock
491 451 96 26 gerning,
602 457 44 14 som
663 451 41 20 han
720 451 6 20 i
743 451 36 20 det
794 451 57 20 med-

100 485 92 20 vetslösa
207 485 95 20 tillstånd
318 485 99 26 föröfvar,
433 486 101 19 strafflös.

171 527 12 18 4
199 527 16 22 $.
246 525 88 20 Pröfvas
357 525 78 27 någon,
458 533 43 12 som
524 525 75 27 begått
619 526 61 25 brott,
696 526 65 19 hafva
776 526 74 20 dervid

99 559 76 20 saknat
197 560 128 19 förständets
347 559 53 20 fulla
419 559 60 26 bruk,
496 560 68 20 fastän
579 560 41 19 han
637 561 19 25 ej
672 560 42 19 kan
731 560 66 26 enligt
812 561 12 19 3
840 563 10 22 $

98 600 61 14 anses
175 594 31 19 för
227 592 154 28 otillräknelig;
397 600 50 14 vare
462 594 61 20 straff
536 594 6 19 i
558 594 77 20 allmän
652 594 92 20 straffart
758 594 69 20 såsom
844 595 6 19 i

99 628 12 20 2
127 630 10 22 8
152 631 54 23 sägs.

167 662 25 26 Ej
214 663 32 19 mä
261 668 43 18 rus,
321 662 53 20 eller
389 669 69 13 annan
474 662 66 20 sädan
557 662 190 26 sinnesförvirring,
763 662 85 20 hvilken

98 698 191 26 gerningsmannen
306 696 49 26 sjelf
369 697 84 25 ädragit
468 697 38 26 sig,
523 696 71 21 allena
609 696 57 26 gälla
681 697 67 19 säsom
760 696 47 20 skäl
818 697 31 19 till

98 731 203 26 straffnedsättning.

169 766 11 19 5
198 767 17 22 $.
244 765 41 20 För
308 765 93 27 gerning,
425 771 44 14 som
492 765 85 26 pröfvas
600 765 64 20 hafva
686 765 56 20 skett
757 772 57 13 mera
830 765 22 20 af

98 800 61 25 väda,
176 802 24 17 än
218 799 23 20 af
254 799 107 26 vållande,
377 800 34 19 mä
427 800 18 25 ej
462 795 72 25 dömas
550 800 32 19 till
598 799 66 20 straff.

170 841 12 19 6
197 844 17 20 3.
244 839 44 19 Har
306 840 77 25 någon,
399 839 32 20 för
447 841 30 17 att
492 840 84 26 skydda
591 840 31 19 sin
640 839 51 20 eller
706 846 81 14 annans
803 847 46 19 per-

97 881 37 13 son
158 874 52 20 eller
229 874 104 26 egendom
350 875 55 18 emot
420 873 112 26 päbörjadt
547 874 52 19 eller
614 873 132 21 omedelbart
762 874 86 20 förestä-

97 909 55 19 ende
167 909 133 25 orättmätigt
315 914 101 20 angrepp,
432 908 73 26 begätt
520 908 108 26 handling,
644 914 51 18 som,
708 908 65 20 ehuru
788 908 62 26 eljest

98 942 106 26 straffbar,
222 943 55 19 varit
292 942 123 26 nödvändig
430 942 33 19 för
474 944 128 25 angreppets
613 942 136 26 afvärjande;
763 942 35 20 mä
808 942 40 20 han

97 978 32 19 för
145 977 35 20 det
196 977 94 20 nödvärn
307 977 18 25 ej
343 976 73 20 dömas
432 976 32 20 till
480 976 66 20 straff.

166 1017 11 20 7
194 1019 18 22 8.
241 1018 95 26 Tränger
351 1017 32 26 sig
397 1017 70 25 någon
483 1017 98 26 olofligen
598 1017 20 19 in
630 1017 6 19 i
649 1023 80 14 annans
741 1024 51 18 rum,
804 1016 44 26 hus,

97 1051 53 26 gärd
173 1051 52 20 eller
247 1052 77 26 fartyg,
349 1051 53 19 eller
424 1053 64 18 sätter
511 1052 32 26 sig
559 1052 69 25 nägon
645 1051 31 19 till
693 1054 96 17 motvärn
807 1053 42 18 mot

97 1086 48 25 den,
160 1092 44 13 som
222 1086 12 19 å
250 1086 36 20 bar
302 1086 89 26 gerning
406 1085 37 20 vill
465 1086 96 26 ätertaga
576 1086 32 19 sin
624 1086 114 25 egendom;
754 1092 39 20 ege
808 1086 40 19 ock

96 1122 42 18 rätt
154 1120 30 20 till
201 1121 94 19 nödvärn
312 1127 53 13 rum.

169 1161 11 19 8
196 1163 17 22 8.
244 1160 43 20 Gör
305 1160 115 25 straffänge
435 1160 52 20 eller
503 1167 70 13 annan
589 1159 79 20 häktad
684 1167 76 19 person
776 1159 72 20 försök

97 1196 31 18 att
150 1201 86 20 rymma,
252 1195 52 19 eller
328 1196 64 18 sätter
410 1195 42 18 han
468 1195 31 25 sig
515 1194 31 19 till
564 1195 94 18 motvärn
675 1196 56 17 emot
746 1193 101 27 fängvak-

97 1231 45 17 tare
158 1229 52 19 eller
226 1235 77 18 annan,
319 1235 44 13 som
379 1229 36 19 vill
432 1229 75 19 hindra
522 1228 132 26 rymningen,
667 1228 52 19 eller
734 1230 56 17 emot
801 1228 48 25 den,

96 1263 67 19 under
186 1263 62 19 hvars
268 1263 84 26 uppsigt
367 1262 41 20 han
425 1263 43 19 stär
483 1263 5 18 i
505 1261 145 26 straffanstalt,
666 1262 64 19 häkte
746 1261 52 20 eller
813 1268 36 13 an-

96 1299 39 18 nat
151 1297 77 25 förvar,
243 1297 53 20 eller
311 1297 67 20 under
393 1297 95 26 forsling,
502 1296 27 20 då
544 1296 68 20 denne
628 1296 54 20 skall
699 1296 58 20 hålla
772 1296 76 20 honom

97 1331 32 19 till
152 1332 100 25 ordning;
276 1331 52 19 eller
351 1333 66 17 sätter
439 1331 32 23 sig
494 1331 76 24 nägon,
592 1337 44 13 som
653 1331 38 18 bör
706 1330 75 19 häktas
797 1330 52 19 eller

97 1367 59 23 rymt
171 1371 24 13 ur
210 1365 101 25 fängelse,
327 1365 31 19 till
375 1366 95 17 motvärn
487 1366 57 17 emot
559 1363 47 25 den;
622 1363 85 20 hvilken
724 1369 50 19 eger
789 1363 60 19 verk-

96 1398 64 20 ställa
177 1398 135 26 häktningen
333 1398 52 20 eller
399 1398 61 26 gripa
476 1397 40 20 den
532 1398 82 25 rymde,
630 1396 52 20 eller
697 1396 73 20 dervid
787 1396 63 20 biträ-

97 1432 47 27 der;
160 1432 27 20 dä
198 1432 33 19 mä
241 1432 40 20 ock
294 1433 35 19 det
340 1431 48 20 väld
399 1431 86 26 brukas,
496 1437 44 14 som
553 1434 24 17 är
588 1431 72 25 nödigt
672 1431 32 19 till
714 1431 135 26 rymningens
