<?xml version="1.0" encoding="UTF-8"?>
<alto xmlns="http://www.loc.gov/standards/alto/ns-v3#" xmlns:xlink="http://www.w3.org/1999/xlink" xmlns:xsi="http://www.w3.org/2001/XMLSchema-instance" xsi:schemaLocation="http://www.loc.gov/standards/alto/ns-v3# http://www.loc.gov/alto/v3/alto-3-0.xsd">
	<Description>
		<MeasurementUnit>pixel</MeasurementUnit>
		<sourceImageInformation>
			<fileName>/tmp/tess_q4xl_cnl_input.PNG</fileName>
		</sourceImageInformation>
		<OCRProcessing ID="OCR_0">
			<ocrProcessingStep>
				<processingSoftware>
					<softwareName>tesseract 5.3.4</softwareName>
				</processingSoftware>
			</ocrProcessingStep>
		</OCRProcessing>
	</Description>
	<Layout>
		<Page WIDTH="1025" HEIGHT="1700" PHYSICAL_IMG_NR="0" ID="page_0">
			<PrintSpace HPOS="0" VPOS="0" WIDTH="1025" HEIGHT="1700">
				<ComposedBlock ID="cblock_0" HPOS="218" VPOS="148" WIDTH="498" HEIGHT="24">
					<TextBlock ID="block_0" HPOS="218" VPOS="148" WIDTH="498" HEIGHT="24">
						<TextLine ID="line_0" HPOS="218" VPOS="148" WIDTH="498" HEIGHT="24">
							<String ID="string_0" HPOS="218" VPOS="151" WIDTH="33" HEIGHT="17" WC="0.96" CONTENT="110"/><SP WIDTH="224" VPOS="151" HPOS="251"/>
							<String ID="string_1" HPOS="475" VPOS="149" WIDTH="21" HEIGHT="19" WC="0.90" CONTENT="U."/><SP WIDTH="14" VPOS="149" HPOS="496"/>
							<String ID="string_2" HPOS="510" VPOS="149" WIDTH="21" HEIGHT="19" WC="0.90" CONTENT="B."/><SP WIDTH="14" VPOS="149" HPOS="531"/>
							<String ID="string_3" HPOS="545" VPOS="159" WIDTH="20" HEIGHT="3" WC="0.92" CONTENT="—"/><SP WIDTH="13" VPOS="159" HPOS="565"/>
							<String ID="string_4" HPOS="578" VPOS="148" WIDTH="61" HEIGHT="24" WC="0.96" CONTENT="Prop."/><SP WIDTH="12" VPOS="148" HPOS="639"/>
							<String ID="string_5" HPOS="651" VPOS="149" WIDTH="37" HEIGHT="18" WC="0.96" CONTENT="N:o"/><SP WIDTH="13" VPOS="149" HPOS="688"/>
							<String ID="string_6" HPOS="701" VPOS="150" WIDTH="15" HEIGHT="17" WC="0.96" CONTENT="1."/>
						</TextLine>
					</TextBlock>
				</ComposedBlock>
				<ComposedBlock ID="cblock_1" HPOS="64" VPOS="206" WIDTH="883" HEIGHT="1152">
					<TextBlock ID="block_1" HPOS="64" VPOS="206" WIDTH="881" HEIGHT="128">
						<TextLine ID="line_1" HPOS="64" VPOS="206" WIDTH="881" HEIGHT="25">
							<String ID="string_7" HPOS="64" VPOS="207" WIDTH="86" HEIGHT="21" WC="0.90" CONTENT="Promulg."/><SP WIDTH="13" VPOS="207" HPOS="150"/>
							<String ID="string_8" HPOS="163" VPOS="207" WIDTH="25" HEIGHT="19" WC="0.93" CONTENT="fd."/><SP WIDTH="8" VPOS="207" HPOS="188"/>
							<String ID="string_9" HPOS="196" VPOS="208" WIDTH="95" HEIGHT="18" WC="0.90" CONTENT="ärendena"/><SP WIDTH="18" VPOS="208" HPOS="291"/>
							<String ID="string_10" HPOS="309" VPOS="208" WIDTH="6" HEIGHT="18" WC="0.96" CONTENT="i"/><SP WIDTH="20" VPOS="208" HPOS="315"/>
							<String ID="string_11" HPOS="335" VPOS="206" WIDTH="29" HEIGHT="20" WC="0.94" CONTENT="S:t"/><SP WIDTH="18" VPOS="206" HPOS="364"/>
							<String ID="string_12" HPOS="382" VPOS="207" WIDTH="120" HEIGHT="24" WC="0.93" CONTENT="Petersburg"/><SP WIDTH="20" VPOS="207" HPOS="502"/>
							<String ID="string_13" HPOS="522" VPOS="207" WIDTH="132" HEIGHT="24" WC="0.92" CONTENT="underdäniga"/><SP WIDTH="18" VPOS="207" HPOS="654"/>
							<String ID="string_14" HPOS="672" VPOS="206" WIDTH="92" HEIGHT="25" WC="0.92" CONTENT="yttrande"/><SP WIDTH="19" VPOS="206" HPOS="764"/>
							<String ID="string_15" HPOS="783" VPOS="206" WIDTH="113" HEIGHT="19" WC="0.92" CONTENT="tillkommit"/><SP WIDTH="19" VPOS="206" HPOS="896"/>
							<String ID="string_16" HPOS="915" VPOS="206" WIDTH="30" HEIGHT="19" WC="0.96" CONTENT="för"/>
						</TextLine>
						<TextLine ID="line_2" HPOS="195" VPOS="240" WIDTH="749" HEIGHT="26">
							<String ID="string_17" HPOS="195" VPOS="243" WIDTH="35" HEIGHT="23" WC="0.96" CONTENT="att,"/><SP WIDTH="15" VPOS="243" HPOS="230"/>
							<String ID="string_18" HPOS="245" VPOS="241" WIDTH="26" HEIGHT="25" WC="0.96" CONTENT="pä"/><SP WIDTH="15" VPOS="241" HPOS="271"/>
							<String ID="string_19" HPOS="286" VPOS="243" WIDTH="39" HEIGHT="17" WC="0.93" CONTENT="sätt"/><SP WIDTH="15" VPOS="243" HPOS="325"/>
							<String ID="string_20" HPOS="340" VPOS="241" WIDTH="100" HEIGHT="25" WC="0.92" CONTENT="ingressen"/><SP WIDTH="12" VPOS="241" HPOS="440"/>
							<String ID="string_21" HPOS="452" VPOS="241" WIDTH="31" HEIGHT="18" WC="0.93" CONTENT="till"/><SP WIDTH="16" VPOS="241" HPOS="483"/>
							<String ID="string_22" HPOS="499" VPOS="241" WIDTH="42" HEIGHT="19" WC="0.90" CONTENT="näd."/><SP WIDTH="17" VPOS="241" HPOS="541"/>
							<String ID="string_23" HPOS="558" VPOS="247" WIDTH="55" HEIGHT="19" WC="0.92" CONTENT="prop."/><SP WIDTH="15" VPOS="247" HPOS="613"/>
							<String ID="string_24" HPOS="628" VPOS="240" WIDTH="58" HEIGHT="19" WC="0.92" CONTENT="äfven"/><SP WIDTH="14" VPOS="240" HPOS="686"/>
							<String ID="string_25" HPOS="700" VPOS="240" WIDTH="183" HEIGHT="25" WC="0.90" CONTENT="vidhandengifver,"/><SP WIDTH="12" VPOS="240" HPOS="883"/>
							<String ID="string_26" HPOS="895" VPOS="240" WIDTH="49" HEIGHT="19" WC="0.90" CONTENT="tills-"/>
						</TextLine>
						<TextLine ID="line_3" HPOS="195" VPOS="274" WIDTH="750" HEIGHT="26">
							<String ID="string_27" HPOS="195" VPOS="275" WIDTH="67" HEIGHT="20" WC="0.93" CONTENT="vidare"/><SP WIDTH="15" VPOS="275" HPOS="262"/>
							<String ID="string_28" HPOS="277" VPOS="275" WIDTH="89" HEIGHT="25" WC="0.92" CONTENT="afhjelpa"/><SP WIDTH="14" VPOS="275" HPOS="366"/>
							<String ID="string_29" HPOS="380" VPOS="275" WIDTH="94" HEIGHT="19" WC="0.92" CONTENT="behofvet"/><SP WIDTH="15" VPOS="275" HPOS="474"/>
							<String ID="string_30" HPOS="489" VPOS="275" WIDTH="21" HEIGHT="19" WC="0.96" CONTENT="af"/><SP WIDTH="14" VPOS="275" HPOS="510"/>
							<String ID="string_31" HPOS="524" VPOS="275" WIDTH="23" HEIGHT="19" WC="0.96" CONTENT="de"/><SP WIDTH="15" VPOS="275" HPOS="547"/>
							<String ID="string_32" HPOS="562" VPOS="275" WIDTH="7" HEIGHT="19" WC="0.93" CONTENT="i"/><SP WIDTH="14" VPOS="275" HPOS="569"/>
							<String ID="string_33" HPOS="583" VPOS="274" WIDTH="128" HEIGHT="20" WC="0.92" CONTENT="ofvananförd"/><SP WIDTH="10" VPOS="274" HPOS="711"/>
							<String ID="string_34" HPOS="721" VPOS="274" WIDTH="61" HEIGHT="19" WC="0.93" CONTENT="mätto"/><SP WIDTH="10" VPOS="274" HPOS="782"/>
							<String ID="string_35" HPOS="792" VPOS="274" WIDTH="58" HEIGHT="25" WC="0.91" CONTENT="nödig"/><SP WIDTH="11" VPOS="274" HPOS="850"/>
							<String ID="string_36" HPOS="861" VPOS="274" WIDTH="84" HEIGHT="19" WC="0.93" CONTENT="ansedda"/>
						</TextLine>
						<TextLine ID="line_4" HPOS="195" VPOS="309" WIDTH="211" HEIGHT="25">
							<String ID="string_37" HPOS="195" VPOS="309" WIDTH="211" HEIGHT="25" WC="0.92" CONTENT="lagbestämningarna."/>
						</TextLine>
					</TextBlock>
					<TextBlock ID="block_2" HPOS="194" VPOS="341" WIDTH="753" HEIGHT="745">
						<TextLine ID="line_5" HPOS="262" VPOS="341" WIDTH="683" HEIGHT="27">
							<String ID="string_38" HPOS="262" VPOS="343" WIDTH="90" HEIGHT="25" WC="0.90" CONTENT="Lagarne"/><SP WIDTH="12" VPOS="343" HPOS="352"/>
							<String ID="string_39" HPOS="364" VPOS="349" WIDTH="29" HEIGHT="13" WC="0.93" CONTENT="om"/><SP WIDTH="15" VPOS="349" HPOS="393"/>
							<String ID="string_40" HPOS="408" VPOS="343" WIDTH="111" HEIGHT="25" WC="0.93" CONTENT="belägrings"/><SP WIDTH="14" VPOS="343" HPOS="519"/>
							<String ID="string_41" HPOS="533" VPOS="343" WIDTH="48" HEIGHT="19" WC="0.93" CONTENT="eller"/><SP WIDTH="10" VPOS="343" HPOS="581"/>
							<String ID="string_42" HPOS="591" VPOS="342" WIDTH="145" HEIGHT="25" WC="0.92" CONTENT="krigstillständ"/><SP WIDTH="8" VPOS="342" HPOS="736"/>
							<String ID="string_43" HPOS="744" VPOS="341" WIDTH="20" HEIGHT="26" WC="0.93" CONTENT="*)"/><SP WIDTH="11" VPOS="341" HPOS="764"/>
							<String ID="string_44" HPOS="775" VPOS="342" WIDTH="118" HEIGHT="19" WC="0.92" CONTENT="härstamma"/><SP WIDTH="10" VPOS="342" HPOS="893"/>
							<String ID="string_45" HPOS="903" VPOS="342" WIDTH="42" HEIGHT="19" WC="0.93" CONTENT="frän"/>
						</TextLine>
						<TextLine ID="line_6" HPOS="195" VPOS="375" WIDTH="751" HEIGHT="26">
							<String ID="string_46" HPOS="195" VPOS="377" WIDTH="116" HEIGHT="24" WC="0.96" CONTENT="Frankrike,"/><SP WIDTH="16" VPOS="377" HPOS="311"/>
							<String ID="string_47" HPOS="327" VPOS="377" WIDTH="34" HEIGHT="18" WC="0.96" CONTENT="der"/><SP WIDTH="19" VPOS="377" HPOS="361"/>
							<String ID="string_48" HPOS="380" VPOS="383" WIDTH="23" HEIGHT="12" WC="0.92" CONTENT="en"/><SP WIDTH="19" VPOS="383" HPOS="403"/>
							<String ID="string_49" HPOS="422" VPOS="377" WIDTH="116" HEIGHT="24" WC="0.92" CONTENT="författning"/><SP WIDTH="19" VPOS="377" HPOS="538"/>
							<String ID="string_50" HPOS="557" VPOS="377" WIDTH="21" HEIGHT="18" WC="0.96" CONTENT="af"/><SP WIDTH="17" VPOS="377" HPOS="578"/>
							<String ID="string_51" HPOS="595" VPOS="377" WIDTH="37" HEIGHT="18" WC="0.96" CONTENT="den"/><SP WIDTH="19" VPOS="377" HPOS="632"/>
							<String ID="string_52" HPOS="651" VPOS="376" WIDTH="12" HEIGHT="19" WC="0.96" CONTENT="8"/><SP WIDTH="20" VPOS="376" HPOS="663"/>
							<String ID="string_53" HPOS="683" VPOS="376" WIDTH="42" HEIGHT="19" WC="0.96" CONTENT="Juli"/><SP WIDTH="21" VPOS="376" HPOS="725"/>
							<String ID="string_54" HPOS="746" VPOS="375" WIDTH="50" HEIGHT="20" WC="0.95" CONTENT="1791"/><SP WIDTH="18" VPOS="375" HPOS="796"/>
							<String ID="string_55" HPOS="814" VPOS="376" WIDTH="61" HEIGHT="19" WC="0.93" CONTENT="under"/><SP WIDTH="16" VPOS="376" HPOS="875"/>
							<String ID="string_56" HPOS="891" VPOS="382" WIDTH="55" HEIGHT="13" WC="0.92" CONTENT="revo-"/>
						</TextLine>
						<TextLine ID="line_7" HPOS="196" VPOS="410" WIDTH="750" HEIGHT="25">
							<String ID="string_57" HPOS="196" VPOS="411" WIDTH="125" HEIGHT="19" WC="0.93" CONTENT="lutionstiden"/><SP WIDTH="15" VPOS="411" HPOS="321"/>
							<String ID="string_58" HPOS="336" VPOS="411" WIDTH="75" HEIGHT="18" WC="0.92" CONTENT="införde"/><SP WIDTH="17" VPOS="411" HPOS="411"/>
							<String ID="string_59" HPOS="428" VPOS="411" WIDTH="23" HEIGHT="18" WC="0.96" CONTENT="de"/><SP WIDTH="15" VPOS="411" HPOS="451"/>
							<String ID="string_60" HPOS="466" VPOS="411" WIDTH="61" HEIGHT="19" WC="0.93" CONTENT="första"/><SP WIDTH="12" VPOS="411" HPOS="527"/>
							<String ID="string_61" HPOS="539" VPOS="410" WIDTH="146" HEIGHT="25" WC="0.89" CONTENT="legislatoriska"/><SP WIDTH="11" VPOS="410" HPOS="685"/>
							<String ID="string_62" HPOS="696" VPOS="410" WIDTH="169" HEIGHT="25" WC="0.91" CONTENT="bestämningarne"/><SP WIDTH="11" VPOS="410" HPOS="865"/>
							<String ID="string_63" HPOS="876" VPOS="410" WIDTH="6" HEIGHT="18" WC="0.96" CONTENT="i"/><SP WIDTH="12" VPOS="410" HPOS="882"/>
							<String ID="string_64" HPOS="894" VPOS="410" WIDTH="52" HEIGHT="19" WC="0.96" CONTENT="detta"/>
						</TextLine>
						<TextLine ID="line_8" HPOS="195" VPOS="444" WIDTH="752" HEIGHT="26">
							<String ID="string_65" HPOS="195" VPOS="448" WIDTH="62" HEIGHT="16" WC="0.96" CONTENT="ämne."/><SP WIDTH="30" VPOS="448" HPOS="257"/>
							<String ID="string_66" HPOS="287" VPOS="445" WIDTH="45" HEIGHT="19" WC="0.93" CONTENT="Med"/><SP WIDTH="19" VPOS="445" HPOS="332"/>
							<String ID="string_67" HPOS="351" VPOS="444" WIDTH="202" HEIGHT="25" WC="0.90" CONTENT="belägringstillständ"/><SP WIDTH="20" VPOS="444" HPOS="553"/>
							<String ID="string_68" HPOS="573" VPOS="444" WIDTH="84" HEIGHT="19" WC="0.90" CONTENT="förstods"/><SP WIDTH="19" VPOS="444" HPOS="657"/>
							<String ID="string_69" HPOS="676" VPOS="444" WIDTH="5" HEIGHT="18" WC="0.95" CONTENT="i"/><SP WIDTH="20" VPOS="444" HPOS="681"/>
							<String ID="string_70" HPOS="701" VPOS="444" WIDTH="75" HEIGHT="26" WC="0.93" CONTENT="början,"/><SP WIDTH="16" VPOS="444" HPOS="776"/>
							<String ID="string_71" HPOS="792" VPOS="445" WIDTH="62" HEIGHT="18" WC="0.92" CONTENT="säsom"/><SP WIDTH="16" VPOS="445" HPOS="854"/>
							<String ID="string_72" HPOS="870" VPOS="447" WIDTH="77" HEIGHT="16" WC="0.96" CONTENT="namnet"/>
						</TextLine>
						<TextLine ID="line_9" HPOS="196" VPOS="478" WIDTH="751" HEIGHT="26">
							<String ID="string_73" HPOS="196" VPOS="479" WIDTH="89" HEIGHT="25" WC="0.96" CONTENT="antyder,"/><SP WIDTH="19" VPOS="479" HPOS="285"/>
							<String ID="string_74" HPOS="304" VPOS="479" WIDTH="33" HEIGHT="19" WC="0.93" CONTENT="det"/><SP WIDTH="19" VPOS="479" HPOS="337"/>
							<String ID="string_75" HPOS="356" VPOS="481" WIDTH="109" HEIGHT="22" WC="0.92" CONTENT="temporära"/><SP WIDTH="19" VPOS="481" HPOS="465"/>
							<String ID="string_76" HPOS="484" VPOS="478" WIDTH="95" HEIGHT="25" WC="0.91" CONTENT="tillständ,"/><SP WIDTH="20" VPOS="478" HPOS="579"/>
							<String ID="string_77" HPOS="599" VPOS="478" WIDTH="57" HEIGHT="19" WC="0.93" CONTENT="hvari"/><SP WIDTH="19" VPOS="478" HPOS="656"/>
							<String ID="string_78" HPOS="675" VPOS="484" WIDTH="22" HEIGHT="13" WC="0.96" CONTENT="en"/><SP WIDTH="20" VPOS="484" HPOS="697"/>
							<String ID="string_79" HPOS="717" VPOS="480" WIDTH="30" HEIGHT="17" WC="0.93" CONTENT="ort"/><SP WIDTH="15" VPOS="480" HPOS="747"/>
							<String ID="string_80" HPOS="762" VPOS="478" WIDTH="121" HEIGHT="19" WC="0.92" CONTENT="förklarades"/><SP WIDTH="16" VPOS="478" HPOS="883"/>
							<String ID="string_81" HPOS="899" VPOS="484" WIDTH="48" HEIGHT="13" WC="0.97" CONTENT="vara"/>
						</TextLine>
						<TextLine ID="line_10" HPOS="195" VPOS="512" WIDTH="752" HEIGHT="25">
							<String ID="string_82" HPOS="195" VPOS="513" WIDTH="70" HEIGHT="20" WC="0.89" CONTENT="försatt"/><SP WIDTH="15" VPOS="513" HPOS="265"/>
							<String ID="string_83" HPOS="280" VPOS="513" WIDTH="22" HEIGHT="19" WC="0.93" CONTENT="af"/><SP WIDTH="14" VPOS="513" HPOS="302"/>
							<String ID="string_84" HPOS="316" VPOS="513" WIDTH="64" HEIGHT="24" WC="0.92" CONTENT="orsak,"/><SP WIDTH="12" VPOS="513" HPOS="380"/>
							<String ID="string_85" HPOS="392" VPOS="515" WIDTH="28" HEIGHT="17" WC="0.96" CONTENT="att"/><SP WIDTH="15" VPOS="515" HPOS="420"/>
							<String ID="string_86" HPOS="435" VPOS="513" WIDTH="36" HEIGHT="19" WC="0.96" CONTENT="den"/><SP WIDTH="17" VPOS="513" HPOS="471"/>
							<String ID="string_87" HPOS="488" VPOS="513" WIDTH="59" HEIGHT="19" WC="0.93" CONTENT="under"/><SP WIDTH="16" VPOS="513" HPOS="547"/>
							<String ID="string_88" HPOS="563" VPOS="513" WIDTH="98" HEIGHT="19" WC="0.92" CONTENT="inträffadt"/><SP WIDTH="16" VPOS="513" HPOS="661"/>
							<String ID="string_89" HPOS="677" VPOS="512" WIDTH="45" HEIGHT="25" WC="0.93" CONTENT="krig"/><SP WIDTH="15" VPOS="512" HPOS="722"/>
							<String ID="string_90" HPOS="737" VPOS="512" WIDTH="61" HEIGHT="19" WC="0.93" CONTENT="mäste"/><SP WIDTH="10" VPOS="512" HPOS="798"/>
							<String ID="string_91" HPOS="808" VPOS="512" WIDTH="88" HEIGHT="25" WC="0.96" CONTENT="skyddas"/><SP WIDTH="11" VPOS="512" HPOS="896"/>
							<String ID="string_92" HPOS="907" VPOS="515" WIDTH="40" HEIGHT="16" WC="0.96" CONTENT="mot"/>
						</TextLine>
						<TextLine ID="line_11" HPOS="194" VPOS="547" WIDTH="752" HEIGHT="25">
							<String ID="string_93" HPOS="194" VPOS="547" WIDTH="83" HEIGHT="25" WC="0.96" CONTENT="fienden,"/><SP WIDTH="12" VPOS="547" HPOS="277"/>
							<String ID="string_94" HPOS="289" VPOS="547" WIDTH="36" HEIGHT="20" WC="0.93" CONTENT="och"/><SP WIDTH="16" VPOS="547" HPOS="325"/>
							<String ID="string_95" HPOS="341" VPOS="547" WIDTH="81" HEIGHT="19" WC="0.96" CONTENT="hvilken"/><SP WIDTH="12" VPOS="547" HPOS="422"/>
							<String ID="string_96" HPOS="434" VPOS="547" WIDTH="109" HEIGHT="25" WC="0.96" CONTENT="förklaring"/><SP WIDTH="15" VPOS="547" HPOS="543"/>
							<String ID="string_97" HPOS="558" VPOS="547" WIDTH="50" HEIGHT="19" WC="0.93" CONTENT="hade"/><SP WIDTH="15" VPOS="547" HPOS="608"/>
							<String ID="string_98" HPOS="623" VPOS="547" WIDTH="87" HEIGHT="25" WC="0.91" CONTENT="tillföljd,"/><SP WIDTH="12" VPOS="547" HPOS="710"/>
							<String ID="string_99" HPOS="722" VPOS="549" WIDTH="28" HEIGHT="16" WC="0.96" CONTENT="att"/><SP WIDTH="15" VPOS="549" HPOS="750"/>
							<String ID="string_100" HPOS="765" VPOS="547" WIDTH="7" HEIGHT="18" WC="0.94" CONTENT="i"/><SP WIDTH="11" VPOS="547" HPOS="772"/>
							<String ID="string_101" HPOS="783" VPOS="547" WIDTH="23" HEIGHT="18" WC="0.93" CONTENT="de"/><SP WIDTH="11" VPOS="547" HPOS="806"/>
							<String ID="string_102" HPOS="817" VPOS="547" WIDTH="86" HEIGHT="18" WC="0.93" CONTENT="militära"/><SP WIDTH="10" VPOS="547" HPOS="903"/>
							<String ID="string_103" HPOS="913" VPOS="550" WIDTH="33" HEIGHT="15" WC="0.93" CONTENT="än-"/>
						</TextLine>
						<TextLine ID="line_12" HPOS="196" VPOS="581" WIDTH="750" HEIGHT="25">
							<String ID="string_104" HPOS="196" VPOS="582" WIDTH="98" HEIGHT="19" WC="0.92" CONTENT="damälens"/><SP WIDTH="22" VPOS="582" HPOS="294"/>
							<String ID="string_105" HPOS="316" VPOS="582" WIDTH="83" HEIGHT="19" WC="0.93" CONTENT="intresse"/><SP WIDTH="26" VPOS="582" HPOS="399"/>
							<String ID="string_106" HPOS="425" VPOS="582" WIDTH="57" HEIGHT="19" WC="0.87" CONTENT="äfven"/><SP WIDTH="20" VPOS="582" HPOS="482"/>
							<String ID="string_107" HPOS="502" VPOS="582" WIDTH="35" HEIGHT="19" WC="0.93" CONTENT="den"/><SP WIDTH="20" VPOS="582" HPOS="537"/>
							<String ID="string_108" HPOS="557" VPOS="582" WIDTH="60" HEIGHT="18" WC="0.91" CONTENT="civila"/><SP WIDTH="18" VPOS="582" HPOS="617"/>
							<String ID="string_109" HPOS="635" VPOS="581" WIDTH="139" HEIGHT="25" WC="0.93" CONTENT="befolkningen"/><SP WIDTH="20" VPOS="581" HPOS="774"/>
							<String ID="string_110" HPOS="794" VPOS="581" WIDTH="152" HEIGHT="19" WC="0.91" CONTENT="underkastades"/>
						</TextLine>
						<TextLine ID="line_13" HPOS="195" VPOS="615" WIDTH="750" HEIGHT="26">
							<String ID="string_111" HPOS="195" VPOS="615" WIDTH="211" HEIGHT="26" WC="0.91" CONTENT="militärmyndigheter"/><SP WIDTH="15" VPOS="615" HPOS="406"/>
							<String ID="string_112" HPOS="421" VPOS="618" WIDTH="49" HEIGHT="17" WC="0.93" CONTENT="samt"/><SP WIDTH="16" VPOS="618" HPOS="470"/>
							<String ID="string_113" HPOS="486" VPOS="616" WIDTH="91" HEIGHT="24" WC="0.92" CONTENT="krigslag"/><SP WIDTH="10" VPOS="616" HPOS="577"/>
							<String ID="string_114" HPOS="587" VPOS="615" WIDTH="35" HEIGHT="19" WC="0.93" CONTENT="och"/><SP WIDTH="11" VPOS="615" HPOS="622"/>
							<String ID="string_115" HPOS="633" VPOS="615" WIDTH="162" HEIGHT="25" WC="0.92" CONTENT="krigsdomstolar"/><SP WIDTH="11" VPOS="615" HPOS="795"/>
							<String ID="string_116" HPOS="806" VPOS="616" WIDTH="40" HEIGHT="18" WC="0.96" CONTENT="helt"/><SP WIDTH="11" VPOS="616" HPOS="846"/>
							<String ID="string_117" HPOS="857" VPOS="615" WIDTH="36" HEIGHT="19" WC="0.93" CONTENT="och"/><SP WIDTH="10" VPOS="615" HPOS="893"/>
							<String ID="string_118" HPOS="903" VPOS="615" WIDTH="42" HEIGHT="19" WC="0.92" CONTENT="häl-"/>
						</TextLine>
						<TextLine ID="line_14" HPOS="195" VPOS="649" WIDTH="751" HEIGHT="25">
							<String ID="string_119" HPOS="195" VPOS="650" WIDTH="28" HEIGHT="19" WC="0.96" CONTENT="let"/><SP WIDTH="19" VPOS="650" HPOS="223"/>
							<String ID="string_120" HPOS="242" VPOS="650" WIDTH="48" HEIGHT="19" WC="0.96" CONTENT="eller"/><SP WIDTH="19" VPOS="650" HPOS="290"/>
							<String ID="string_121" HPOS="309" VPOS="649" WIDTH="63" HEIGHT="20" WC="0.97" CONTENT="delvis"/><SP WIDTH="19" VPOS="649" HPOS="372"/>
							<String ID="string_122" HPOS="391" VPOS="649" WIDTH="67" HEIGHT="20" WC="0.95" CONTENT="trädde"/><SP WIDTH="19" VPOS="649" HPOS="458"/>
							<String ID="string_123" HPOS="477" VPOS="649" WIDTH="6" HEIGHT="19" WC="0.93" CONTENT="i"/><SP WIDTH="19" VPOS="649" HPOS="483"/>
							<String ID="string_124" HPOS="502" VPOS="649" WIDTH="66" HEIGHT="20" WC="0.92" CONTENT="stället"/><SP WIDTH="19" VPOS="649" HPOS="568"/>
							<String ID="string_125" HPOS="587" VPOS="649" WIDTH="30" HEIGHT="19" WC="0.96" CONTENT="för"/><SP WIDTH="18" VPOS="649" HPOS="617"/>
							<String ID="string_126" HPOS="635" VPOS="649" WIDTH="23" HEIGHT="19" WC="0.96" CONTENT="de"/><SP WIDTH="18" VPOS="649" HPOS="658"/>
							<String ID="string_127" HPOS="676" VPOS="649" WIDTH="86" HEIGHT="19" WC="0.93" CONTENT="normala"/><SP WIDTH="14" VPOS="649" HPOS="762"/>
							<String ID="string_128" HPOS="776" VPOS="649" WIDTH="101" HEIGHT="25" WC="0.91" CONTENT="judiciella"/><SP WIDTH="15" VPOS="649" HPOS="877"/>
							<String ID="string_129" HPOS="892" VPOS="655" WIDTH="54" HEIGHT="18" WC="0.90" CONTENT="myn-"/>
						</TextLine>
						<TextLine ID="line_15" HPOS="196" VPOS="683" WIDTH="750" HEIGHT="26">
							<String ID="string_130" HPOS="196" VPOS="684" WIDTH="120" HEIGHT="25" WC="0.91" CONTENT="digheterna."/><SP WIDTH="26" VPOS="684" HPOS="316"/>
							<String ID="string_131" HPOS="342" VPOS="684" WIDTH="66" HEIGHT="19" WC="0.91" CONTENT="Redan"/><SP WIDTH="16" VPOS="684" HPOS="408"/>
							<String ID="string_132" HPOS="424" VPOS="684" WIDTH="60" HEIGHT="19" WC="0.96" CONTENT="under"/><SP WIDTH="16" VPOS="684" HPOS="484"/>
							<String ID="string_133" HPOS="500" VPOS="684" WIDTH="61" HEIGHT="19" WC="0.93" CONTENT="första"/><SP WIDTH="15" VPOS="684" HPOS="561"/>
							<String ID="string_134" HPOS="576" VPOS="683" WIDTH="127" HEIGHT="25" WC="0.92" CONTENT="republikens"/><SP WIDTH="15" VPOS="683" HPOS="703"/>
							<String ID="string_135" HPOS="718" VPOS="683" WIDTH="28" HEIGHT="19" WC="0.93" CONTENT="tid"/><SP WIDTH="16" VPOS="683" HPOS="746"/>
							<String ID="string_136" HPOS="762" VPOS="683" WIDTH="115" HEIGHT="25" WC="0.92" CONTENT="utvidgades"/><SP WIDTH="12" VPOS="683" HPOS="877"/>
							<String ID="string_137" HPOS="889" VPOS="683" WIDTH="57" HEIGHT="19" WC="0.91" CONTENT="emel-"/>
						</TextLine>
						<TextLine ID="line_16" HPOS="196" VPOS="717" WIDTH="749" HEIGHT="26">
							<String ID="string_138" HPOS="196" VPOS="719" WIDTH="57" HEIGHT="19" WC="0.92" CONTENT="lertid"/><SP WIDTH="16" VPOS="719" HPOS="253"/>
							<String ID="string_139" HPOS="269" VPOS="718" WIDTH="147" HEIGHT="25" WC="0.93" CONTENT="lagstiftningen"/><SP WIDTH="15" VPOS="718" HPOS="416"/>
							<String ID="string_140" HPOS="431" VPOS="718" WIDTH="79" HEIGHT="24" WC="0.92" CONTENT="derhän,"/><SP WIDTH="17" VPOS="718" HPOS="510"/>
							<String ID="string_141" HPOS="527" VPOS="720" WIDTH="28" HEIGHT="17" WC="0.93" CONTENT="att"/><SP WIDTH="15" VPOS="720" HPOS="555"/>
							<String ID="string_142" HPOS="570" VPOS="717" WIDTH="203" HEIGHT="26" WC="0.86" CONTENT="belägringstillständ"/><SP WIDTH="16" VPOS="717" HPOS="773"/>
							<String ID="string_143" HPOS="789" VPOS="717" WIDTH="63" HEIGHT="19" WC="0.93" CONTENT="kunde"/><SP WIDTH="16" VPOS="717" HPOS="852"/>
							<String ID="string_144" HPOS="868" VPOS="717" WIDTH="77" HEIGHT="25" WC="0.92" CONTENT="prokla-"/>
						</TextLine>
						<TextLine ID="line_17" HPOS="195" VPOS="752" WIDTH="751" HEIGHT="25">
							<String ID="string_145" HPOS="195" VPOS="759" WIDTH="62" HEIGHT="13" WC="0.92" CONTENT="meras"/><SP WIDTH="16" VPOS="759" HPOS="257"/>
							<String ID="string_146" HPOS="273" VPOS="753" WIDTH="57" HEIGHT="19" WC="0.92" CONTENT="äfven"/><SP WIDTH="17" VPOS="753" HPOS="330"/>
							<String ID="string_147" HPOS="347" VPOS="753" WIDTH="5" HEIGHT="18" WC="0.96" CONTENT="i"/><SP WIDTH="16" VPOS="753" HPOS="352"/>
							<String ID="string_148" HPOS="368" VPOS="753" WIDTH="35" HEIGHT="18" WC="0.96" CONTENT="fall"/><SP WIDTH="15" VPOS="753" HPOS="403"/>
							<String ID="string_149" HPOS="418" VPOS="752" WIDTH="139" HEIGHT="25" WC="0.93" CONTENT="befolkningen"/><SP WIDTH="16" VPOS="752" HPOS="557"/>
							<String ID="string_150" HPOS="573" VPOS="752" WIDTH="12" HEIGHT="19" WC="0.92" CONTENT="&amp;"/><SP WIDTH="15" VPOS="752" HPOS="585"/>
							<String ID="string_151" HPOS="600" VPOS="759" WIDTH="22" HEIGHT="12" WC="0.96" CONTENT="en"/><SP WIDTH="17" VPOS="759" HPOS="622"/>
							<String ID="string_152" HPOS="639" VPOS="755" WIDTH="30" HEIGHT="16" WC="0.93" CONTENT="ort"/><SP WIDTH="15" VPOS="755" HPOS="669"/>
							<String ID="string_153" HPOS="684" VPOS="752" WIDTH="68" HEIGHT="25" WC="0.91" CONTENT="gjorde"/><SP WIDTH="15" VPOS="752" HPOS="752"/>
							<String ID="string_154" HPOS="767" VPOS="759" WIDTH="79" HEIGHT="18" WC="0.92" CONTENT="uppror."/><SP WIDTH="23" VPOS="759" HPOS="846"/>
							<String ID="string_155" HPOS="869" VPOS="752" WIDTH="36" HEIGHT="19" WC="0.93" CONTENT="Uti"/><SP WIDTH="14" VPOS="752" HPOS="905"/>
							<String ID="string_156" HPOS="919" VPOS="754" WIDTH="27" HEIGHT="17" WC="0.96" CONTENT="ett"/>
						</TextLine>
						<TextLine ID="line_18" HPOS="196" VPOS="786" WIDTH="750" HEIGHT="20">
							<String ID="string_157" HPOS="196" VPOS="787" WIDTH="68" HEIGHT="19" WC="0.91" CONTENT="dekret"/><SP WIDTH="19" VPOS="787" HPOS="264"/>
							<String ID="string_158" HPOS="283" VPOS="787" WIDTH="21" HEIGHT="19" WC="0.96" CONTENT="af"/><SP WIDTH="14" VPOS="787" HPOS="304"/>
							<String ID="string_159" HPOS="318" VPOS="787" WIDTH="36" HEIGHT="19" WC="0.96" CONTENT="den"/><SP WIDTH="16" VPOS="787" HPOS="354"/>
							<String ID="string_160" HPOS="370" VPOS="787" WIDTH="26" HEIGHT="19" WC="0.96" CONTENT="24"/><SP WIDTH="16" VPOS="787" HPOS="396"/>
							<String ID="string_161" HPOS="412" VPOS="787" WIDTH="108" HEIGHT="19" WC="0.96" CONTENT="December"/><SP WIDTH="18" VPOS="787" HPOS="520"/>
							<String ID="string_162" HPOS="538" VPOS="787" WIDTH="50" HEIGHT="18" WC="0.96" CONTENT="1811"/><SP WIDTH="19" VPOS="787" HPOS="588"/>
							<String ID="string_163" HPOS="607" VPOS="786" WIDTH="35" HEIGHT="19" WC="0.96" CONTENT="och"/><SP WIDTH="15" VPOS="786" HPOS="642"/>
							<String ID="string_164" HPOS="657" VPOS="786" WIDTH="49" HEIGHT="19" WC="0.93" CONTENT="flera"/><SP WIDTH="15" VPOS="786" HPOS="706"/>
							<String ID="string_165" HPOS="721" VPOS="786" WIDTH="108" HEIGHT="19" WC="0.92" CONTENT="sedermera"/><SP WIDTH="16" VPOS="786" HPOS="829"/>
							<String ID="string_166" HPOS="845" VPOS="786" WIDTH="101" HEIGHT="19" WC="0.93" CONTENT="utfärdade"/>
						</TextLine>
						<TextLine ID="line_19" HPOS="195" VPOS="821" WIDTH="751" HEIGHT="26">
							<String ID="string_167" HPOS="195" VPOS="822" WIDTH="56" HEIGHT="25" WC="0.96" CONTENT="lagar"/><SP WIDTH="18" VPOS="822" HPOS="251"/>
							<String ID="string_168" HPOS="269" VPOS="821" WIDTH="36" HEIGHT="20" WC="0.93" CONTENT="har"/><SP WIDTH="18" VPOS="821" HPOS="305"/>
							<String ID="string_169" HPOS="323" VPOS="821" WIDTH="107" HEIGHT="25" WC="0.92" CONTENT="begreppet"/><SP WIDTH="19" VPOS="821" HPOS="430"/>
							<String ID="string_170" HPOS="449" VPOS="821" WIDTH="6" HEIGHT="19" WC="0.96" CONTENT="i"/><SP WIDTH="15" VPOS="821" HPOS="455"/>
							<String ID="string_171" HPOS="470" VPOS="821" WIDTH="36" HEIGHT="19" WC="0.93" CONTENT="den"/><SP WIDTH="16" VPOS="821" HPOS="506"/>
							<String ID="string_172" HPOS="522" VPOS="821" WIDTH="79" HEIGHT="19" WC="0.93" CONTENT="franska"/><SP WIDTH="16" VPOS="821" HPOS="601"/>
							<String ID="string_173" HPOS="617" VPOS="821" WIDTH="149" HEIGHT="24" WC="0.96" CONTENT="lagstiftningen"/><SP WIDTH="16" VPOS="821" HPOS="766"/>
							<String ID="string_174" HPOS="782" VPOS="821" WIDTH="67" HEIGHT="19" WC="0.93" CONTENT="vidare"/><SP WIDTH="16" VPOS="821" HPOS="849"/>
							<String ID="string_175" HPOS="865" VPOS="821" WIDTH="81" HEIGHT="19" WC="0.92" CONTENT="utveck-"/>
						</TextLine>
						<TextLine ID="line_20" HPOS="195" VPOS="855" WIDTH="750" HEIGHT="26">
							<String ID="string_176" HPOS="195" VPOS="856" WIDTH="45" HEIGHT="21" WC="0.92" CONTENT="lats,"/><SP WIDTH="16" VPOS="856" HPOS="240"/>
							<String ID="string_177" HPOS="256" VPOS="855" WIDTH="108" HEIGHT="26" WC="0.92" CONTENT="hvarjemte"/><SP WIDTH="18" VPOS="855" HPOS="364"/>
							<String ID="string_178" HPOS="382" VPOS="855" WIDTH="69" HEIGHT="26" WC="0.90" CONTENT="dylika"/><SP WIDTH="18" VPOS="855" HPOS="451"/>
							<String ID="string_179" HPOS="469" VPOS="855" WIDTH="56" HEIGHT="25" WC="0.93" CONTENT="lagar"/><SP WIDTH="19" VPOS="855" HPOS="525"/>
							<String ID="string_180" HPOS="544" VPOS="855" WIDTH="91" HEIGHT="25" WC="0.92" CONTENT="utgifvits"/><SP WIDTH="16" VPOS="855" HPOS="635"/>
							<String ID="string_181" HPOS="651" VPOS="855" WIDTH="57" HEIGHT="19" WC="0.92" CONTENT="äfven"/><SP WIDTH="16" VPOS="855" HPOS="708"/>
							<String ID="string_182" HPOS="724" VPOS="855" WIDTH="6" HEIGHT="19" WC="0.97" CONTENT="i"/><SP WIDTH="15" VPOS="855" HPOS="730"/>
							<String ID="string_183" HPOS="745" VPOS="855" WIDTH="47" HEIGHT="20" WC="0.96" CONTENT="flera"/><SP WIDTH="16" VPOS="855" HPOS="792"/>
							<String ID="string_184" HPOS="808" VPOS="855" WIDTH="60" HEIGHT="19" WC="0.93" CONTENT="andra"/><SP WIDTH="15" VPOS="855" HPOS="868"/>
							<String ID="string_185" HPOS="883" VPOS="855" WIDTH="62" HEIGHT="19" WC="0.92" CONTENT="konti-"/>
						</TextLine>
						<TextLine ID="line_21" HPOS="196" VPOS="889" WIDTH="750" HEIGHT="26">
							<String ID="string_186" HPOS="196" VPOS="890" WIDTH="78" HEIGHT="19" WC="0.91" CONTENT="nentala"/><SP WIDTH="15" VPOS="890" HPOS="274"/>
							<String ID="string_187" HPOS="289" VPOS="892" WIDTH="66" HEIGHT="17" WC="0.90" CONTENT="stater."/><SP WIDTH="24" VPOS="892" HPOS="355"/>
							<String ID="string_188" HPOS="379" VPOS="890" WIDTH="63" HEIGHT="19" WC="0.96" CONTENT="Dessa"/><SP WIDTH="14" VPOS="890" HPOS="442"/>
							<String ID="string_189" HPOS="456" VPOS="890" WIDTH="63" HEIGHT="25" WC="0.93" CONTENT="lagar,"/><SP WIDTH="11" VPOS="890" HPOS="519"/>
							<String ID="string_190" HPOS="530" VPOS="890" WIDTH="71" HEIGHT="19" WC="0.92" CONTENT="sädana"/><SP WIDTH="11" VPOS="890" HPOS="601"/>
							<String ID="string_191" HPOS="612" VPOS="890" WIDTH="23" HEIGHT="19" WC="0.97" CONTENT="de"/><SP WIDTH="10" VPOS="890" HPOS="635"/>
							<String ID="string_192" HPOS="645" VPOS="890" WIDTH="30" HEIGHT="19" WC="0.96" CONTENT="för"/><SP WIDTH="12" VPOS="890" HPOS="675"/>
							<String ID="string_193" HPOS="687" VPOS="889" WIDTH="120" HEIGHT="20" WC="0.93" CONTENT="närvarande"/><SP WIDTH="11" VPOS="889" HPOS="807"/>
							<String ID="string_194" HPOS="818" VPOS="890" WIDTH="54" HEIGHT="25" WC="0.93" CONTENT="gälla"/><SP WIDTH="11" VPOS="890" HPOS="872"/>
							<String ID="string_195" HPOS="883" VPOS="896" WIDTH="63" HEIGHT="13" WC="0.93" CONTENT="exem-"/>
						</TextLine>
						<TextLine ID="line_22" HPOS="195" VPOS="919" WIDTH="749" HEIGHT="31">
							<String ID="string_196" HPOS="195" VPOS="925" WIDTH="64" HEIGHT="25" WC="0.93" CONTENT="pelvis"/><SP WIDTH="18" VPOS="925" HPOS="259"/>
							<String ID="string_197" HPOS="277" VPOS="925" WIDTH="6" HEIGHT="18" WC="0.96" CONTENT="i"/><SP WIDTH="15" VPOS="925" HPOS="283"/>
							<String ID="string_198" HPOS="298" VPOS="924" WIDTH="116" HEIGHT="25" WC="0.96" CONTENT="Frankrike,"/><SP WIDTH="17" VPOS="924" HPOS="414"/>
							<String ID="string_199" HPOS="431" VPOS="924" WIDTH="101" HEIGHT="25" WC="0.96" CONTENT="Tyskland"/><SP WIDTH="17" VPOS="924" HPOS="532"/>
							<String ID="string_200" HPOS="549" VPOS="924" WIDTH="35" HEIGHT="19" WC="0.96" CONTENT="och"/><SP WIDTH="16" VPOS="924" HPOS="584"/>
							<String ID="string_201" HPOS="600" VPOS="919" WIDTH="108" HEIGHT="28" WC="0.83" CONTENT="Österrike,"/><SP WIDTH="16" VPOS="919" HPOS="708"/>
							<String ID="string_202" HPOS="724" VPOS="924" WIDTH="47" HEIGHT="19" WC="0.93" CONTENT="bära"/><SP WIDTH="15" VPOS="924" HPOS="771"/>
							<String ID="string_203" HPOS="786" VPOS="924" WIDTH="39" HEIGHT="19" WC="0.96" CONTENT="alla"/><SP WIDTH="16" VPOS="924" HPOS="825"/>
							<String ID="string_204" HPOS="841" VPOS="925" WIDTH="6" HEIGHT="18" WC="0.93" CONTENT="i"/><SP WIDTH="16" VPOS="925" HPOS="847"/>
							<String ID="string_205" HPOS="863" VPOS="924" WIDTH="81" HEIGHT="19" WC="0.92" CONTENT="hufvud-"/>
						</TextLine>
						<TextLine ID="line_23" HPOS="196" VPOS="958" WIDTH="750" HEIGHT="26">
							<String ID="string_206" HPOS="196" VPOS="959" WIDTH="35" HEIGHT="19" WC="0.94" CONTENT="sak"/><SP WIDTH="19" VPOS="959" HPOS="231"/>
							<String ID="string_207" HPOS="250" VPOS="965" WIDTH="72" HEIGHT="13" WC="0.92" CONTENT="samma"/><SP WIDTH="19" VPOS="965" HPOS="322"/>
							<String ID="string_208" HPOS="341" VPOS="959" WIDTH="75" HEIGHT="25" WC="0.86" CONTENT="pregel."/><SP WIDTH="30" VPOS="959" HPOS="416"/>
							<String ID="string_209" HPOS="446" VPOS="958" WIDTH="67" HEIGHT="20" WC="0.84" CONTENT="Såsom"/><SP WIDTH="20" VPOS="958" HPOS="513"/>
							<String ID="string_210" HPOS="533" VPOS="959" WIDTH="62" HEIGHT="24" WC="0.96" CONTENT="laglig"/><SP WIDTH="18" VPOS="959" HPOS="595"/>
							<String ID="string_211" HPOS="613" VPOS="959" WIDTH="105" HEIGHT="24" WC="0.94" CONTENT="anledning"/><SP WIDTH="18" VPOS="959" HPOS="718"/>
							<String ID="string_212" HPOS="736" VPOS="959" WIDTH="31" HEIGHT="18" WC="0.93" CONTENT="till"/><SP WIDTH="19" VPOS="959" HPOS="767"/>
							<String ID="string_213" HPOS="786" VPOS="959" WIDTH="160" HEIGHT="24" WC="0.92" CONTENT="proklamerande"/>
						</TextLine>
						<TextLine ID="line_24" HPOS="196" VPOS="992" WIDTH="751" HEIGHT="26">
							<String ID="string_214" HPOS="196" VPOS="993" WIDTH="21" HEIGHT="19" WC="0.93" CONTENT="af"/><SP WIDTH="16" VPOS="993" HPOS="217"/>
							<String ID="string_215" HPOS="233" VPOS="993" WIDTH="204" HEIGHT="25" WC="0.88" CONTENT="belägringstillständ"/><SP WIDTH="18" VPOS="993" HPOS="437"/>
							<String ID="string_216" HPOS="455" VPOS="993" WIDTH="105" HEIGHT="19" WC="0.92" CONTENT="betecknas"/><SP WIDTH="16" VPOS="993" HPOS="560"/>
							<String ID="string_217" HPOS="576" VPOS="993" WIDTH="23" HEIGHT="18" WC="0.93" CONTENT="de"/><SP WIDTH="16" VPOS="993" HPOS="599"/>
							<String ID="string_218" HPOS="615" VPOS="993" WIDTH="57" HEIGHT="18" WC="0.91" CONTENT="ofvan"/><SP WIDTH="16" VPOS="993" HPOS="672"/>
							<String ID="string_219" HPOS="688" VPOS="992" WIDTH="117" HEIGHT="20" WC="0.87" CONTENT="framhällna"/><SP WIDTH="15" VPOS="992" HPOS="805"/>
							<String ID="string_220" HPOS="820" VPOS="993" WIDTH="65" HEIGHT="18" WC="0.96" CONTENT="fakta:"/><SP WIDTH="17" VPOS="993" HPOS="885"/>
							<String ID="string_221" HPOS="902" VPOS="992" WIDTH="45" HEIGHT="25" WC="0.96" CONTENT="krig"/>
						</TextLine>
						<TextLine ID="line_25" HPOS="196" VPOS="1027" WIDTH="750" HEIGHT="25">
							<String ID="string_222" HPOS="196" VPOS="1027" WIDTH="49" HEIGHT="19" WC="0.92" CONTENT="eller"/><SP WIDTH="14" VPOS="1027" HPOS="245"/>
							<String ID="string_223" HPOS="259" VPOS="1033" WIDTH="79" HEIGHT="19" WC="0.91" CONTENT="uppror."/><SP WIDTH="26" VPOS="1033" HPOS="338"/>
							<String ID="string_224" HPOS="364" VPOS="1027" WIDTH="147" HEIGHT="25" WC="0.90" CONTENT="Verkningarne"/><SP WIDTH="16" VPOS="1027" HPOS="511"/>
							<String ID="string_225" HPOS="527" VPOS="1030" WIDTH="33" HEIGHT="16" WC="0.90" CONTENT="äro"/><SP WIDTH="16" VPOS="1030" HPOS="560"/>
							<String ID="string_226" HPOS="576" VPOS="1027" WIDTH="43" HEIGHT="19" WC="0.96" CONTENT="med"/><SP WIDTH="15" VPOS="1027" HPOS="619"/>
							<String ID="string_227" HPOS="634" VPOS="1033" WIDTH="22" HEIGHT="12" WC="0.96" CONTENT="en"/><SP WIDTH="17" VPOS="1033" HPOS="656"/>
							<String ID="string_228" HPOS="673" VPOS="1027" WIDTH="48" HEIGHT="19" WC="0.96" CONTENT="eller"/><SP WIDTH="15" VPOS="1027" HPOS="721"/>
							<String ID="string_229" HPOS="736" VPOS="1033" WIDTH="63" HEIGHT="13" WC="0.93" CONTENT="annan"/><SP WIDTH="12" VPOS="1033" HPOS="799"/>
							<String ID="string_230" HPOS="811" VPOS="1027" WIDTH="76" HEIGHT="19" WC="0.93" CONTENT="olikhet"/><SP WIDTH="10" VPOS="1027" HPOS="887"/>
							<String ID="string_231" HPOS="897" VPOS="1027" WIDTH="6" HEIGHT="18" WC="0.93" CONTENT="i"/><SP WIDTH="12" VPOS="1027" HPOS="903"/>
							<String ID="string_232" HPOS="915" VPOS="1027" WIDTH="31" HEIGHT="18" WC="0.93" CONTENT="de-"/>
						</TextLine>
						<TextLine ID="line_26" HPOS="196" VPOS="1061" WIDTH="194" HEIGHT="25">
							<String ID="string_233" HPOS="196" VPOS="1061" WIDTH="82" HEIGHT="25" WC="0.93" CONTENT="taljerna"/><SP WIDTH="15" VPOS="1061" HPOS="278"/>
							<String ID="string_234" HPOS="293" VPOS="1061" WIDTH="97" HEIGHT="25" WC="0.81" CONTENT="följande:"/>
						</TextLine>
					</TextBlock>
					<TextBlock ID="block_3" HPOS="195" VPOS="1095" WIDTH="751" HEIGHT="60">
						<TextLine ID="line_27" HPOS="268" VPOS="1095" WIDTH="678" HEIGHT="25">
							<String ID="string_235" HPOS="268" VPOS="1095" WIDTH="18" HEIGHT="25" WC="0.96" CONTENT="1)"/><SP WIDTH="19" VPOS="1095" HPOS="286"/>
							<String ID="string_236" HPOS="305" VPOS="1095" WIDTH="36" HEIGHT="19" WC="0.93" CONTENT="den"/><SP WIDTH="16" VPOS="1095" HPOS="341"/>
							<String ID="string_237" HPOS="357" VPOS="1095" WIDTH="145" HEIGHT="19" WC="0.96" CONTENT="verkställande"/><SP WIDTH="16" VPOS="1095" HPOS="502"/>
							<String ID="string_238" HPOS="518" VPOS="1095" WIDTH="35" HEIGHT="19" WC="0.92" CONTENT="och"/><SP WIDTH="16" VPOS="1095" HPOS="553"/>
							<String ID="string_239" HPOS="569" VPOS="1095" WIDTH="128" HEIGHT="25" WC="0.92" CONTENT="polismakten"/><SP WIDTH="17" VPOS="1095" HPOS="697"/>
							<String ID="string_240" HPOS="714" VPOS="1095" WIDTH="12" HEIGHT="19" WC="0.82" CONTENT="&amp;"/><SP WIDTH="15" VPOS="1095" HPOS="726"/>
							<String ID="string_241" HPOS="741" VPOS="1097" WIDTH="53" HEIGHT="17" WC="0.93" CONTENT="orten"/><SP WIDTH="17" VPOS="1097" HPOS="794"/>
							<String ID="string_242" HPOS="811" VPOS="1095" WIDTH="92" HEIGHT="25" WC="0.92" CONTENT="öfvergär"/><SP WIDTH="13" VPOS="1095" HPOS="903"/>
							<String ID="string_243" HPOS="916" VPOS="1095" WIDTH="30" HEIGHT="19" WC="0.95" CONTENT="till"/>
						</TextLine>
						<TextLine ID="line_28" HPOS="195" VPOS="1129" WIDTH="358" HEIGHT="26">
							<String ID="string_244" HPOS="195" VPOS="1129" WIDTH="70" HEIGHT="26" WC="0.93" CONTENT="högsta"/><SP WIDTH="15" VPOS="1129" HPOS="265"/>
							<String ID="string_245" HPOS="280" VPOS="1130" WIDTH="148" HEIGHT="19" WC="0.92" CONTENT="militärbefälet"/><SP WIDTH="14" VPOS="1130" HPOS="428"/>
							<String ID="string_246" HPOS="442" VPOS="1129" WIDTH="111" HEIGHT="25" WC="0.81" CONTENT="derstädes;"/>
						</TextLine>
					</TextBlock>
					<TextBlock ID="block_4" HPOS="196" VPOS="1164" WIDTH="751" HEIGHT="59">
						<TextLine ID="line_29" HPOS="264" VPOS="1164" WIDTH="683" HEIGHT="25">
							<String ID="string_247" HPOS="264" VPOS="1164" WIDTH="21" HEIGHT="25" WC="0.93" CONTENT="2)"/><SP WIDTH="20" VPOS="1164" HPOS="285"/>
							<String ID="string_248" HPOS="305" VPOS="1164" WIDTH="79" HEIGHT="25" WC="0.92" CONTENT="skärpta"/><SP WIDTH="20" VPOS="1164" HPOS="384"/>
							<String ID="string_249" HPOS="404" VPOS="1164" WIDTH="202" HEIGHT="19" WC="0.92" CONTENT="straffbestämmelser"/><SP WIDTH="19" VPOS="1164" HPOS="606"/>
							<String ID="string_250" HPOS="625" VPOS="1164" WIDTH="77" HEIGHT="19" WC="0.92" CONTENT="inträda"/><SP WIDTH="18" VPOS="1164" HPOS="702"/>
							<String ID="string_251" HPOS="720" VPOS="1164" WIDTH="30" HEIGHT="19" WC="0.93" CONTENT="för"/><SP WIDTH="19" VPOS="1164" HPOS="750"/>
							<String ID="string_252" HPOS="769" VPOS="1164" WIDTH="47" HEIGHT="25" WC="0.93" CONTENT="hög-"/><SP WIDTH="16" VPOS="1164" HPOS="816"/>
							<String ID="string_253" HPOS="832" VPOS="1164" WIDTH="36" HEIGHT="19" WC="0.93" CONTENT="och"/><SP WIDTH="15" VPOS="1164" HPOS="868"/>
							<String ID="string_254" HPOS="883" VPOS="1164" WIDTH="64" HEIGHT="19" WC="0.92" CONTENT="lands-"/>
						</TextLine>
						<TextLine ID="line_30" HPOS="196" VPOS="1198" WIDTH="541" HEIGHT="25">
							<String ID="string_255" HPOS="196" VPOS="1199" WIDTH="94" HEIGHT="18" WC="0.92" CONTENT="förräderi"/><SP WIDTH="16" VPOS="1199" HPOS="290"/>
							<String ID="string_256" HPOS="306" VPOS="1201" WIDTH="50" HEIGHT="16" WC="0.96" CONTENT="samt"/><SP WIDTH="16" VPOS="1201" HPOS="356"/>
							<String ID="string_257" HPOS="372" VPOS="1199" WIDTH="30" HEIGHT="18" WC="0.93" CONTENT="för"/><SP WIDTH="16" VPOS="1199" HPOS="402"/>
							<String ID="string_258" HPOS="418" VPOS="1198" WIDTH="89" HEIGHT="19" WC="0.92" CONTENT="störande"/><SP WIDTH="16" VPOS="1198" HPOS="507"/>
							<String ID="string_259" HPOS="523" VPOS="1199" WIDTH="21" HEIGHT="18" WC="0.96" CONTENT="af"/><SP WIDTH="14" VPOS="1199" HPOS="544"/>
							<String ID="string_260" HPOS="558" VPOS="1198" WIDTH="71" HEIGHT="19" WC="0.96" CONTENT="allmän"/><SP WIDTH="16" VPOS="1198" HPOS="629"/>
							<String ID="string_261" HPOS="645" VPOS="1198" WIDTH="92" HEIGHT="25" WC="0.96" CONTENT="ordning;"/>
						</TextLine>
					</TextBlock>
					<TextBlock ID="block_5" HPOS="197" VPOS="1232" WIDTH="750" HEIGHT="56">
						<TextLine ID="line_31" HPOS="265" VPOS="1232" WIDTH="682" HEIGHT="25">
							<String ID="string_262" HPOS="265" VPOS="1232" WIDTH="20" HEIGHT="25" WC="0.93" CONTENT="3)"/><SP WIDTH="20" VPOS="1232" HPOS="285"/>
							<String ID="string_263" HPOS="305" VPOS="1232" WIDTH="137" HEIGHT="24" WC="0.92" CONTENT="kompetensen"/><SP WIDTH="19" VPOS="1232" HPOS="442"/>
							<String ID="string_264" HPOS="461" VPOS="1234" WIDTH="29" HEIGHT="17" WC="0.93" CONTENT="att"/><SP WIDTH="16" VPOS="1234" HPOS="490"/>
							<String ID="string_265" HPOS="506" VPOS="1233" WIDTH="68" HEIGHT="23" WC="0.92" CONTENT="afgöra"/><SP WIDTH="19" VPOS="1233" HPOS="574"/>
							<String ID="string_266" HPOS="593" VPOS="1232" WIDTH="68" HEIGHT="23" WC="0.92" CONTENT="dylika"/><SP WIDTH="14" VPOS="1232" HPOS="661"/>
							<String ID="string_267" HPOS="675" VPOS="1232" WIDTH="38" HEIGHT="19" WC="0.92" CONTENT="mäl"/><SP WIDTH="17" VPOS="1232" HPOS="713"/>
							<String ID="string_268" HPOS="730" VPOS="1232" WIDTH="91" HEIGHT="24" WC="0.90" CONTENT="öfvergär"/><SP WIDTH="15" VPOS="1232" HPOS="821"/>
							<String ID="string_269" HPOS="836" VPOS="1233" WIDTH="12" HEIGHT="18" WC="0.93" CONTENT="&amp;"/><SP WIDTH="15" VPOS="1233" HPOS="848"/>
							<String ID="string_270" HPOS="863" VPOS="1232" WIDTH="84" HEIGHT="19" WC="0.91" CONTENT="militära"/>
						</TextLine>
						<TextLine ID="line_32" HPOS="197" VPOS="1265" WIDTH="114" HEIGHT="23">
							<String ID="string_271" HPOS="197" VPOS="1265" WIDTH="114" HEIGHT="23" WC="0.88" CONTENT="domstolar"/><SP WIDTH="-9" VPOS="1265" HPOS="311"/>
							<String ID="string_272" HPOS="302" VPOS="1261" WIDTH="11" HEIGHT="32" WC="0.88" CONTENT=";"/>
						</TextLine>
					</TextBlock>
					<TextBlock ID="block_6" HPOS="196" VPOS="1298" WIDTH="751" HEIGHT="60">
						<TextLine ID="line_33" HPOS="265" VPOS="1298" WIDTH="682" HEIGHT="25">
							<String ID="string_273" HPOS="265" VPOS="1298" WIDTH="21" HEIGHT="25" WC="0.92" CONTENT="4)"/><SP WIDTH="19" VPOS="1298" HPOS="286"/>
							<String ID="string_274" HPOS="305" VPOS="1298" WIDTH="234" HEIGHT="24" WC="0.91" CONTENT="rättegängsförfarandet"/><SP WIDTH="24" VPOS="1298" HPOS="539"/>
							<String ID="string_275" HPOS="563" VPOS="1301" WIDTH="22" HEIGHT="16" WC="0.96" CONTENT="är"/><SP WIDTH="19" VPOS="1301" HPOS="585"/>
							<String ID="string_276" HPOS="604" VPOS="1304" WIDTH="40" HEIGHT="12" WC="0.96" CONTENT="mer"/><SP WIDTH="19" VPOS="1304" HPOS="644"/>
							<String ID="string_277" HPOS="663" VPOS="1298" WIDTH="48" HEIGHT="19" WC="0.96" CONTENT="eller"/><SP WIDTH="19" VPOS="1298" HPOS="711"/>
							<String ID="string_278" HPOS="730" VPOS="1298" WIDTH="73" HEIGHT="18" WC="0.93" CONTENT="mindre"/><SP WIDTH="20" VPOS="1298" HPOS="803"/>
							<String ID="string_279" HPOS="823" VPOS="1298" WIDTH="124" HEIGHT="18" WC="0.93" CONTENT="summariskt"/>
						</TextLine>
						<TextLine ID="line_34" HPOS="196" VPOS="1331" WIDTH="677" HEIGHT="27">
							<String ID="string_280" HPOS="196" VPOS="1334" WIDTH="49" HEIGHT="17" WC="0.93" CONTENT="samt"/><SP WIDTH="15" VPOS="1334" HPOS="245"/>
							<String ID="string_281" HPOS="260" VPOS="1332" WIDTH="52" HEIGHT="19" WC="0.93" CONTENT="afser"/><SP WIDTH="16" VPOS="1332" HPOS="312"/>
							<String ID="string_282" HPOS="328" VPOS="1332" WIDTH="60" HEIGHT="19" WC="0.96" CONTENT="snabb"/><SP WIDTH="16" VPOS="1332" HPOS="388"/>
							<String ID="string_283" HPOS="404" VPOS="1332" WIDTH="43" HEIGHT="19" WC="0.96" CONTENT="dom"/><SP WIDTH="16" VPOS="1332" HPOS="447"/>
							<String ID="string_284" HPOS="463" VPOS="1331" WIDTH="35" HEIGHT="20" WC="0.93" CONTENT="och"/><SP WIDTH="16" VPOS="1331" HPOS="498"/>
							<String ID="string_285" HPOS="514" VPOS="1332" WIDTH="151" HEIGHT="25" WC="0.93" CONTENT="verkställighet"/><SP WIDTH="18" VPOS="1332" HPOS="665"/>
							<String ID="string_286" HPOS="683" VPOS="1333" WIDTH="23" HEIGHT="25" WC="0.96" CONTENT="(s."/><SP WIDTH="17" VPOS="1333" HPOS="706"/>
							<String ID="string_287" HPOS="723" VPOS="1332" WIDTH="19" HEIGHT="19" WC="0.93" CONTENT="k."/><SP WIDTH="16" VPOS="1332" HPOS="742"/>
							<String ID="string_288" HPOS="758" VPOS="1332" WIDTH="115" HEIGHT="25" WC="0.80" CONTENT="ständrätt);"/>
						</TextLine>
					</TextBlock>
				</ComposedBlock>
				<ComposedBlock ID="cblock_2" HPOS="196" VPOS="1382" WIDTH="751" HEIGHT="108">
					<TextBlock ID="block_7" HPOS="196" VPOS="1382" WIDTH="751" HEIGHT="81">
						<TextLine ID="line_35" HPOS="264" VPOS="1382" WIDTH="683" HEIGHT="23">
							<String ID="string_289" HPOS="264" VPOS="1382" WIDTH="19" HEIGHT="23" WC="0.93" CONTENT="+)"/><SP WIDTH="13" VPOS="1382" HPOS="283"/>
							<String ID="string_290" HPOS="296" VPOS="1382" WIDTH="97" HEIGHT="17" WC="0.92" CONTENT="Skilnaden"/><SP WIDTH="17" VPOS="1382" HPOS="393"/>
							<String ID="string_291" HPOS="410" VPOS="1382" WIDTH="75" HEIGHT="17" WC="0.96" CONTENT="emellan"/><SP WIDTH="16" VPOS="1382" HPOS="485"/>
							<String ID="string_292" HPOS="501" VPOS="1382" WIDTH="51" HEIGHT="17" WC="0.80" CONTENT="dessa"/><SP WIDTH="16" VPOS="1382" HPOS="552"/>
							<String ID="string_293" HPOS="568" VPOS="1383" WIDTH="128" HEIGHT="22" WC="0.96" CONTENT="benämningar"/><SP WIDTH="13" VPOS="1383" HPOS="696"/>
							<String ID="string_294" HPOS="709" VPOS="1384" WIDTH="19" HEIGHT="16" WC="0.96" CONTENT="är"/><SP WIDTH="12" VPOS="1384" HPOS="728"/>
							<String ID="string_295" HPOS="740" VPOS="1383" WIDTH="63" HEIGHT="17" WC="0.93" CONTENT="endast"/><SP WIDTH="13" VPOS="1383" HPOS="803"/>
							<String ID="string_296" HPOS="816" VPOS="1383" WIDTH="113" HEIGHT="22" WC="0.92" CONTENT="gvantitativ,"/><SP WIDTH="13" VPOS="1383" HPOS="929"/>
							<String ID="string_297" HPOS="942" VPOS="1383" WIDTH="5" HEIGHT="17" WC="0.96" CONTENT="i"/>
						</TextLine>
						<TextLine ID="line_36" HPOS="197" VPOS="1407" WIDTH="749" HEIGHT="26">
							<String ID="string_298" HPOS="197" VPOS="1411" WIDTH="29" HEIGHT="18" WC="0.96" CONTENT="det"/><SP WIDTH="13" VPOS="1411" HPOS="226"/>
							<String ID="string_299" HPOS="239" VPOS="1411" WIDTH="29" HEIGHT="18" WC="0.95" CONTENT="det"/><SP WIDTH="13" VPOS="1411" HPOS="268"/>
							<String ID="string_300" HPOS="281" VPOS="1416" WIDTH="60" HEIGHT="13" WC="0.93" CONTENT="senare"/><SP WIDTH="13" VPOS="1416" HPOS="341"/>
							<String ID="string_301" HPOS="354" VPOS="1411" WIDTH="50" HEIGHT="17" WC="0.93" CONTENT="ordet"/><SP WIDTH="13" VPOS="1411" HPOS="404"/>
							<String ID="string_302" HPOS="417" VPOS="1411" WIDTH="66" HEIGHT="22" WC="0.88" CONTENT="nyttjas"/><SP WIDTH="13" VPOS="1411" HPOS="483"/>
							<String ID="string_303" HPOS="496" VPOS="1411" WIDTH="47" HEIGHT="17" WC="0.92" CONTENT="blott"/><SP WIDTH="13" VPOS="1411" HPOS="543"/>
							<String ID="string_304" HPOS="556" VPOS="1410" WIDTH="23" HEIGHT="18" WC="0.93" CONTENT="dä"/><SP WIDTH="12" VPOS="1410" HPOS="579"/>
							<String ID="string_305" HPOS="591" VPOS="1411" WIDTH="51" HEIGHT="22" WC="0.92" CONTENT="fräga"/><SP WIDTH="13" VPOS="1411" HPOS="642"/>
							<String ID="string_306" HPOS="655" VPOS="1413" WIDTH="18" HEIGHT="15" WC="0.96" CONTENT="är"/><SP WIDTH="13" VPOS="1413" HPOS="673"/>
							<String ID="string_307" HPOS="686" VPOS="1417" WIDTH="27" HEIGHT="12" WC="0.96" CONTENT="om"/><SP WIDTH="10" VPOS="1417" HPOS="713"/>
							<String ID="string_308" HPOS="723" VPOS="1413" WIDTH="26" HEIGHT="16" WC="0.93" CONTENT="ett"/><SP WIDTH="8" VPOS="1413" HPOS="749"/>
							<String ID="string_309" HPOS="757" VPOS="1412" WIDTH="56" HEIGHT="17" WC="0.93" CONTENT="större"/><SP WIDTH="9" VPOS="1412" HPOS="813"/>
							<String ID="string_310" HPOS="822" VPOS="1411" WIDTH="77" HEIGHT="18" WC="0.92" CONTENT="omräde."/><SP WIDTH="18" VPOS="1411" HPOS="899"/>
							<String ID="string_311" HPOS="917" VPOS="1407" WIDTH="29" HEIGHT="22" WC="0.87" CONTENT="Äf-"/>
						</TextLine>
						<TextLine ID="line_37" HPOS="196" VPOS="1439" WIDTH="750" HEIGHT="24">
							<String ID="string_312" HPOS="196" VPOS="1446" WIDTH="32" HEIGHT="12" WC="0.95" CONTENT="ven"/><SP WIDTH="13" VPOS="1446" HPOS="228"/>
							<String ID="string_313" HPOS="241" VPOS="1441" WIDTH="6" HEIGHT="16" WC="0.95" CONTENT="i"/><SP WIDTH="13" VPOS="1441" HPOS="247"/>
							<String ID="string_314" HPOS="260" VPOS="1440" WIDTH="49" HEIGHT="18" WC="0.96" CONTENT="detta"/><SP WIDTH="12" VPOS="1440" HPOS="309"/>
							<String ID="string_315" HPOS="321" VPOS="1439" WIDTH="32" HEIGHT="18" WC="0.96" CONTENT="fall"/><SP WIDTH="14" VPOS="1439" HPOS="353"/>
							<String ID="string_316" HPOS="367" VPOS="1441" WIDTH="19" HEIGHT="16" WC="0.96" CONTENT="är"/><SP WIDTH="12" VPOS="1441" HPOS="386"/>
							<String ID="string_317" HPOS="398" VPOS="1440" WIDTH="44" HEIGHT="17" WC="0.93" CONTENT="dock"/><SP WIDTH="10" VPOS="1440" HPOS="442"/>
							<String ID="string_318" HPOS="452" VPOS="1439" WIDTH="205" HEIGHT="24" WC="0.83" CONTENT=",belägringstillständ*"/><SP WIDTH="12" VPOS="1439" HPOS="657"/>
							<String ID="string_319" HPOS="669" VPOS="1440" WIDTH="33" HEIGHT="17" WC="0.93" CONTENT="den"/><SP WIDTH="10" VPOS="1440" HPOS="702"/>
							<String ID="string_320" HPOS="712" VPOS="1441" WIDTH="91" HEIGHT="22" WC="0.95" CONTENT="vanligare"/><SP WIDTH="9" VPOS="1441" HPOS="803"/>
							<String ID="string_321" HPOS="812" VPOS="1440" WIDTH="134" HEIGHT="23" WC="0.96" CONTENT="benämningen."/>
						</TextLine>
					</TextBlock>
					<TextBlock ID="block_8" HPOS="264" VPOS="1469" WIDTH="370" HEIGHT="21">
						<TextLine ID="line_38" HPOS="264" VPOS="1469" WIDTH="370" HEIGHT="21">
							<String ID="string_322" HPOS="264" VPOS="1469" WIDTH="180" HEIGHT="21" WC="0.65" CONTENT="Straffiagsutskottets"/><SP WIDTH="11" VPOS="1469" HPOS="444"/>
							<String ID="string_323" HPOS="455" VPOS="1469" WIDTH="103" HEIGHT="17" WC="0.96" CONTENT="betänkande"/><SP WIDTH="13" VPOS="1469" HPOS="558"/>
							<String ID="string_324" HPOS="571" VPOS="1470" WIDTH="34" HEIGHT="15" WC="0.96" CONTENT="N:o"/><SP WIDTH="14" VPOS="1470" HPOS="605"/>
							<String ID="string_325" HPOS="619" VPOS="1470" WIDTH="15" HEIGHT="15" WC="0.96" CONTENT="1."/>
						</TextLine>
					</TextBlock>
				</ComposedBlock>
			</PrintSpace>
		</Page>
	</Layout>
</alto>
