1028 1706
333 134 22 19 U.
367 134 22 19 B.
402 146 21 2 —
435 136 61 22 Prop.
509 135 36 19 N:o
557 136 16 18 1.
781 135 21 18 81

74 192 63 20 nande
156 192 77 20 inträda
251 193 7 19 i
277 192 72 20 sådana
363 193 42 25 fall,
422 193 24 20 dä
464 193 70 25 sjelfva
552 194 159 18 hufvudbrottets
726 193 99 25 begäende
832 192 45 22 Strfl.
885 192 24 17 32
917 192 46 22 Kap.

74 227 44 19 icke
137 227 64 19 skulle
219 227 88 19 medföra
325 226 60 20 ökadt
403 228 62 24 straff,
481 228 62 18 såsom
560 227 132 20 förhållandet
707 227 118 24 exempelvis

71 263 26 17 är
113 260 45 20 med
176 260 125 26 försnillning
319 260 36 20 och
374 261 111 25 bedrägeri,
501 260 34 20 och
553 260 33 20 det
600 260 71 20 strider
685 260 59 20 äfven
759 260 67 20 alltför

74 294 80 25 mycket
172 296 51 18 emot
242 294 132 25 spräkbruket
394 296 29 17 att
441 295 6 18 i
467 294 56 20 dessa
541 294 37 19 fall
597 295 41 19 tala
656 301 30 12 om
701 294 90 25 döljande
806 293 22 20 af

73 326 104 28 tjufgods.
207 327 30 19 En
257 327 98 20 &tskilnad
375 327 82 20 emellan
475 328 141 19 ofvannämnde
630 328 36 19 två
679 334 87 18 grupper
779 327 47 19 blif-

75 368 35 14 ver
125 361 75 20 således
215 362 21 18 af
250 362 69 19 nöden.
334 373 27 3 —
377 361 73 20 Vidare
465 368 58 19 synes
540 362 65 19 kunna
620 361 103 20 anmärkas
738 364 29 17 att
783 362 23 19 de
819 362 7 20 i

79 397 6 18 1
104 396 13 26 &
133 395 157 20 förekommande
305 396 60 19 orden
381 396 128 25 ,,annorledes
524 396 124 26 uppsåtligen
663 395 66 25 hulpit
743 396 36 20 den
793 403 32 13 an-

73 431 36 19 dre
127 431 30 18 att
172 429 60 26 draga
246 429 63 20 fördel
324 430 21 19 af
359 429 86 20 brottet'*
459 429 55 26 gifva
533 430 20 19 åt
572 429 116 26 stadgandet
704 430 7 19 i
727 429 56 26 fråga
799 432 27 18 ett

73 465 71 19 alltför
162 464 89 20 abstrakt
269 464 98 19 innehåll:
386 464 33 19 det
436 465 104 24 praktiska
557 464 94 19 behofvet
669 467 22 16 är
709 464 117 26 tillräckligt

75 499 134 25 tillgodosedt,
225 505 30 12 om
271 498 32 20 det
318 498 114 20 straffbarra
447 498 113 25 gynnandet
574 497 116 20 inskränkes
705 498 33 19 till
753 499 73 24 döljan-

74 533 25 20 de
118 533 21 19 af
156 533 38 19 den
213 532 99 26 egendom,
328 539 40 13 som
387 539 69 19 genom
475 533 74 19 brottet
567 532 118 25 ätkommits,
705 532 52 20 helst
779 533 48 20 flera

75 573 60 20 nyare
157 567 112 25 strafflagar
287 566 44 20 med
350 566 56 20 straff
422 566 85 26 belägga
525 567 68 19 endast
611 566 89 26 döljande
721 567 22 19 af
758 565 66 22 saker.

73 601 101 26 Slutligen
190 607 58 19 synas
264 601 133 25 stadgandena
411 601 60 19 vinna
485 601 8 19 i
503 601 98 25 enkelhet,
613 607 29 12 om
654 601 23 19 de
688 600 64 20 skilda
762 601 63 20 straff-

76 635 171 20 bestämmelserna
266 635 31 19 för
312 635 43 25 den,
370 641 41 13 som
427 641 76 20 gynnar
517 635 76 20 brottet
608 650 4 10 ,
615 635 37 25 för
666 637 30 17 att
709 635 72 20 bereda
796 636 29 25 sig

75 670 50 19 eller
139 670 63 25 tredje
217 675 70 20 person
302 669 63 20 fördel
380 669 69 20 deraf''
464 669 102 25 uteslutas,
579 669 36 19 och
630 669 24 20 de
668 669 80 26 vanliga
763 669 62 20 straff-

73 707 91 17 satserna
179 707 57 22 göras
252 704 22 19 sä
288 703 47 20 vida
350 705 29 18 att
394 703 23 20 de
433 704 82 19 omfatta
529 703 58 20 äfven
603 703 56 20 dessa
674 703 42 20 fall.

144 738 11 19 I
170 738 89 25 enlighet
273 737 80 20 härmed
367 737 62 20 hafva
443 737 149 26 ifrågavarande
607 737 27 26 $8
646 738 139 25 omredigerats
796 739 29 18 sä-

75 772 61 19 lunda
151 773 29 18 att
195 772 102 19 Utskottet
312 772 101 25 upptagit:

145 807 7 19 i
169 807 8 18 1
195 806 12 26 &
223 806 90 25 döljande
328 806 21 19 af
359 805 99 26 egendom,
469 806 110 19 ätkommen
589 812 69 19 genom
669 807 88 24 snatteri,
769 806 56 25 stöld,

74 841 37 20 rän
127 841 49 20 eller
190 841 131 24 utpressning,
333 839 77 20 hvilket
425 840 52 19 brott
487 841 100 19 benämnts
598 839 90 26 döljande
698 840 21 19 af
728 840 98 26 tjufgods
816 835 13 35 ;

144 875 7 19 i
166 875 14 19 2
196 875 12 26 8
223 875 100 24 itereradt,
339 874 35 19 och

145 909 7 19 i
167 909 11 19 3
195 909 13 26 8
223 908 144 25 yrkesmässigt
382 908 89 25 döljande
487 908 21 19 af
521 907 93 26 tjufgods,
630 910 49 17 samt

144 943 7 19 i
168 942 12 19 4
195 942 13 26 8
223 944 59 17 annat
300 941 50 20 reelt
368 942 103 25 gynnande
490 942 21 19 af
529 942 156 25 egendomsbrott
702 944 24 17 än
741 942 29 20 uti
787 943 9 19 1
813 942 12 26 S

76 978 83 18 nämnts.

366 1058 33 20 33
413 1056 122 27 Kapitlet.

147 1113 10 21 1
173 1112 18 29 8.
220 1113 150 25 Bestämningen
390 1115 29 17 att
437 1113 94 20 straffbar
551 1114 85 20 åverkan
654 1114 44 19 icke
713 1113 112 26 föreligger,

77 1156 30 12 om
125 1148 33 20 det
180 1148 107 20 äverkades
303 1148 60 19 värde
378 1147 123 26 understiger
520 1154 23 13 en
564 1148 62 25 mark,
645 1148 181 20 öfverensstämmer

77 1183 33 19 väl
126 1182 44 20 med
186 1182 26 19 34
227 1182 13 26 8
255 1182 7 19 i
277 1181 137 25 förordningen
430 1182 21 19 af
465 1182 36 19 den
517 1182 10 20 3
544 1182 112 25 September
672 1182 55 19 1886
737 1188 44 13 men
791 1182 36 19 har

76 1218 19 24 ej
111 1217 22 19 af
146 1216 103 20 Utskottet
264 1216 74 18 kunnat
353 1216 118 24 godkännas,
483 1216 78 19 emedan
577 1216 38 24 det,
626 1216 43 19 med
679 1216 91 19 afseende
778 1216 48 25 jem-

76 1250 35 20 väl
126 1250 12 19 &
153 1249 203 25 skogsprodukternas
372 1249 53 19 olika
439 1250 60 19 värde
515 1250 6 18 i
537 1250 53 18 olika
604 1249 55 19 delar
673 1250 22 18 af
707 1250 73 24 landet,
795 1256 31 18 sy-

78 1290 34 14 nes
131 1284 102 25 olämpligt
251 1284 30 18 att
298 1284 62 18 fixera
379 1284 29 18 ett
425 1284 50 18 visst
493 1284 61 19 värde
569 1284 62 18 säsom
646 1283 66 20 vilkor
726 1284 31 18 för
771 1284 55 18 äver-

79 1318 48 19 kans
146 1317 131 19 straffbarhet.
307 1317 93 19 Deremot
419 1317 36 19 har
473 1317 104 20 Utskottet
594 1318 8 18 i
620 1316 77 25 analogi
717 1317 44 19 med
776 1316 51 20 stad-

77 1350 74 26 gandet
170 1350 6 19 i
196 1350 10 18 3
225 1350 13 26 $
254 1350 25 19 35
295 1350 46 24 kap.
357 1350 30 19 uti
401 1350 60 19 slutet
475 1350 22 19 af
510 1350 127 20 förevarande
652 1350 13 25 &
680 1350 61 18 infört
756 1356 23 12 en
793 1350 34 18 be-

79 1384 98 24 stämning
192 1383 65 20 derom
272 1385 35 23 att,
323 1383 7 19 i
341 1383 36 19 fall
392 1384 73 19 skadan
481 1387 22 16 är
517 1384 79 24 mycket
606 1383 62 25 ringa,
681 1383 90 19 domaren
782 1389 46 19 eger

78 1418 72 26 pröfva
165 1425 30 13 om
210 1418 32 19 till
257 1420 59 18 annat
331 1420 24 17 än
370 1417 118 21 skadestånd
503 1419 31 19 mä
549 1418 71 19 dömas.

148 1451 178 24 Straflagsutskottets
337 1450 104 19 betänkande
453 1451 36 18 N:o
500 1452 16 16 1.
749 1451 12 17 6
