1009 1700
177 137 12 19 8
390 135 20 20 U.
427 134 21 21 B.
465 146 26 2 —
509 134 58 26 Prop.
584 134 33 20 N:o
633 132 32 21 10.

151 196 133 27 vervägande
300 196 59 20 antal
374 197 38 19 äro
428 196 70 26 idoga,
513 194 83 27 sedliga
611 194 40 20 och
667 193 111 27 religiösa;
797 194 53 20 samt
866 194 32 22 att

152 230 94 21 nämnda
268 229 211 25 missförhållanden;
502 229 66 27 enligt
591 227 120 21 Utskottets
727 226 147 28 öfvertygelse,
892 226 7 20 i

150 265 35 20 det
207 265 108 19 närmaste
337 263 110 27 aflägsnas
470 270 77 20 genom
569 269 26 14 en
618 262 35 26 lag
674 260 34 22 för
730 260 168 28 protestantiska

152 298 122 24 dissenters,
297 304 49 14 men
369 299 32 19 att
424 299 31 19 ett
477 296 154 22 utsträckande
654 295 23 21 af
697 295 64 27 lagen
783 294 33 21 till
831 295 67 20 andra

152 332 188 21 trosbekännelser
363 331 108 21 måhända
493 331 71 20 kunde
579 330 114 28 äfventyra
707 329 115 27 förslagets
836 330 62 20 anta-

155 367 69 25 gande
240 366 35 20 vid
290 365 134 21 närvarande
439 364 108 27 tidpunkt.
578 364 75 21 Såsom
669 366 30 18 ett
714 363 121 27 ytterligare
852 362 46 21 skäl

154 400 33 20 får
209 399 110 21 Utskottet
342 400 58 20 ännu
423 398 116 22 framhålla
557 400 32 19 att
604 398 51 26 föga
669 398 68 26 utsigt
752 398 61 20 torde
828 396 70 21 finnas

151 435 32 18 att
206 440 28 13 nu
257 433 73 20 kunna
353 433 146 26 genomdrifva
518 432 92 27 ändring
625 433 8 19 i
649 431 164 27 lagstiftningen
827 431 31 20 för
876 431 24 20 så

150 467 46 21 vidt
219 468 124 19 densamma
365 467 67 26 angår
454 466 160 27 grekisk-ryska
637 465 181 21 trosbekännares
840 471 57 14 sam-

152 501 118 25 vetsfrihet,
294 501 39 20 och
349 503 38 23 att,
403 501 55 20 hvad
473 501 153 26 anhängarene
642 499 24 21 af
679 498 220 22 romersk-katholska

154 535 95 28 kyrkans
265 535 57 21 läror
338 535 137 24 vidkommer,
492 534 259 28 religionsförfattningen
767 533 24 21 af
805 534 23 20 år
844 534 52 21 1781

152 570 67 26 torde,
235 570 130 20 åtminstone
380 570 125 25 tillsvidare,
521 569 167 27 nödtorfteligen
704 568 67 21 förslå
786 570 32 19 att
833 569 68 19 ordna

154 605 72 20 dessas
242 603 99 28 kyrkliga
355 603 158 27 förhållanden,
523 604 56 20 helst
595 604 70 26 någon
681 604 69 20 större
767 602 133 28 benägenhet

152 640 33 20 att
207 638 87 21 ansluta
316 638 32 26 sig
369 638 34 20 till
426 638 71 20 denna
520 637 122 21 kontession
658 637 111 21 Utskottet
784 637 116 27 veterligen

153 672 78 21 hittills
246 672 47 20 icke
309 672 55 20 visat
379 672 32 26 sig
427 672 6 20 i
448 672 80 21 landet.

220 706 50 21 Men
285 707 28 19 då
328 706 110 21 Utskottet
456 706 91 21 sålunda
562 705 117 27 medgifvit,
696 708 31 18 att
743 712 26 14 en
786 706 114 20 dissenter-

153 741 36 26 lag
203 740 34 22 för
252 741 75 20 endast
342 740 169 27 protestantiska
522 740 169 22 trosbekännare
702 740 81 21 förmår
793 742 108 19 motsvara

154 776 36 20 det
213 776 96 19 närmast
328 774 33 21 för
381 774 85 21 handen
483 776 94 20 varande
593 774 98 21 behofvet
707 774 24 21 af
743 780 26 15 en
785 774 58 27 dylik
858 774 43 27 lag,

152 809 40 21 har
208 809 108 21 Utskottet
331 808 70 22 tillika
419 809 108 26 förutsatt,
542 811 32 19 att
589 809 58 20 inom
661 809 36 21 det
708 808 91 21 sålunda
811 808 89 27 begrän-

153 844 51 20 sade
219 844 97 20 området
332 845 54 19 tros-
403 843 39 21 och
459 842 197 22 samvetsfriheteas
671 842 122 28 fordringar
808 842 7 21 i
830 843 70 27 möjli-

155 879 60 25 gaste
236 880 50 18 mon
308 877 135 27 tillgodoses;
467 877 40 21 och
525 878 40 20 har
580 877 109 21 Utskottet
704 877 28 27 på
748 877 67 21 sådan
831 878 71 26 grund

153 912 47 20 icke
216 911 89 21 förmått
327 912 116 26 godkänna
458 912 41 20 den
515 912 31 20 uti
561 911 140 21 förevarande
715 911 184 29 dissenterlagför-

154 946 47 26 slag
214 946 80 27 jemväl
309 947 106 26 ingående
430 946 144 26 grundtanke,
589 947 33 19 att
637 945 90 21 medlem
738 946 25 20 af
771 946 131 26 evangelisk-

153 980 114 22 lutherska
289 980 81 28 kyrkan
395 980 52 21 eller
469 983 67 18 annat
557 980 94 27 kyrkligt
668 979 99 22 samfund
782 980 47 20 icke
844 980 58 27 finge

156 1015 62 21 derur
233 1014 87 21 utträda
339 1015 49 20 med
404 1014 81 21 mindre
501 1014 43 21 han
559 1014 85 21 anslöte
659 1015 32 25 sig
707 1014 32 21 till
754 1014 65 27 något
834 1014 7 20 i
857 1014 45 21 lan-

155 1049 36 21 det
205 1048 66 21 redan
287 1048 116 21 bestående
421 1048 156 27 trossamfund;
593 1048 8 20 i
616 1048 80 21 hvilket
711 1048 100 21 afseende
826 1048 76 21 försla-

154 1084 36 26 get
206 1082 63 22 äfven
285 1082 82 22 afviker
382 1082 48 21 från
447 1083 25 20 de
487 1082 92 27 tidigare
597 1082 109 26 förslagen
717 1082 32 21 till
759 1082 36 27 lag
805 1082 8 20 i
824 1084 78 19 ämnet.

223 1116 111 22 Utskottet
342 1116 36 21 vill
387 1116 47 21 icke
443 1117 62 27 dröja
512 1117 35 21 vid
556 1117 26 20 de
593 1116 174 27 anmärkningar,
777 1123 44 14 som
830 1116 74 21 kunna

157 1152 62 26 göras
242 1153 45 18 mot
309 1150 116 28 förslagets
449 1152 42 20 sätt
513 1154 32 18 att
567 1150 125 27 genomföra
711 1151 8 20 i
734 1150 61 27 fråga
811 1152 93 20 varande

157 1185 91 27 princip,
263 1185 8 20 i
285 1185 83 21 hvilket
383 1185 100 21 afseende
499 1185 54 21 dock
568 1185 43 21 kan
627 1186 90 20 nämnas
731 1187 39 24 att,
786 1185 66 21 bland
867 1192 36 14 an-

157 1221 44 23 nat,
218 1219 160 21 bestämmelser
393 1219 78 21 saknas
480 1226 33 13 om
525 1220 41 20 den
575 1219 108 26 ställning,
696 1219 115 20 dissenters
823 1219 81 26 intaga,

156 1252 84 20 hvilkas
251 1252 175 26 kyrkosamfund,
431 1252 86 26 jemlikt
529 1252 163 26 stadgandena
681 1248 11 34 i
703 1253 14 24 8
730 1253 31 23 15,
772 1252 69 21 blifvit
851 1259 54 19 upp-

155 1285 52 25 löst;
223 1287 52 19 utan
286 1285 37 21 vill
334 1285 109 21 Utskottet
455 1284 34 21 till
500 1285 127 21 bemötande
635 1287 98 25 upptaga
744 1286 75 20 endast
831 1285 75 27 sjelfva

158 1319 143 27 grundsatsen
316 1319 33 21 för
364 1320 38 26 sig.
425 1319 79 22 Dervid
519 1319 40 21 har
571 1319 113 22 Utskottet
696 1319 76 21 främst
785 1320 48 21 bort
842 1319 64 22 fram-

156 1354 65 28 hålla,
230 1354 103 21 hurusom
344 1355 35 20 det
388 1355 68 21 måste
467 1361 63 15 anses
541 1361 52 14 vara
601 1361 26 14 en
636 1354 73 28 hvarje
718 1354 123 22 menniskas
850 1354 57 22 oför-

156 1388 103 28 ytterliga
274 1389 103 27 rättighet
393 1391 31 19 att
435 1388 56 22 efter
505 1396 53 20 egen
574 1389 45 21 inre
635 1389 148 28 öfvertygelse,
799 1389 7 20 i
821 1389 86 21 samråd

223 1428 132 24 Lagutskottets
367 1429 108 18 betänkande
488 1430 36 17 N:o
538 1430 16 17 9.
