1025 1703
216 151 32 16 116
450 149 21 17 U.
486 149 22 17 B.
521 158 22 3 —
555 147 62 23 Prop.
631 147 36 18 N:o
680 147 16 18 1.

58 207 87 21 Promulg.
154 207 26 20 fd.
193 207 92 25 förlustig
299 206 153 25 medborgerligt
466 205 111 20 förtroende
592 205 30 19 för
637 204 62 19 alltid.
724 204 86 19 Emedan
824 203 119 19 sistnämnda

193 241 75 25 påföljd
283 240 63 26 enligt
360 240 37 19 den
412 240 82 25 ändring
509 240 103 19 Utskottet
627 238 84 26 vidtagit
726 238 28 18 uti
772 237 25 19 14
812 238 12 25 &
838 237 13 19 2
866 237 45 25 kap.
923 237 21 19 af

193 275 195 25 strafflagsförslaget
410 274 44 20 icke
470 274 74 20 komme
559 275 29 18 att
603 273 78 19 ådömas
696 272 31 20 för
742 272 56 20 alltid
812 272 7 18 i
831 274 58 17 annat
899 271 43 25 fall,

193 313 24 16 än
239 310 25 19 då
286 309 105 19 dödsstraff
408 309 49 19 eller
475 308 82 20 tukthus
573 308 24 25 på
611 307 63 19 lifstid
690 306 66 20 tillika
771 306 63 26 följer,
853 306 36 20 bör
907 306 35 19 den

193 344 6 19 i
211 343 11 20 3
232 343 86 26 punkten
331 343 36 19 här
379 343 58 20 ofvan
448 343 83 19 nämnda
541 341 214 25 hemställningsgrund
764 340 99 19 bortfalla.
885 340 59 19 Hvad

194 377 32 27 S:n
244 377 7 19 i
269 377 61 25 öfrigt
348 377 98 24 beträffar,
466 383 57 13 anser
537 377 103 19 Utskottet
658 375 109 20 densamma
786 375 66 19 alltför
866 375 79 25 mycket

194 411 107 20 inskränka
319 411 74 19 antalet
408 411 22 19 af
444 411 22 19 de
482 411 42 25 fall,
543 411 24 19 då
581 410 117 19 hemställan
715 410 33 19 bör
763 416 36 18 ega
814 415 49 19 rum,
879 409 22 20 så
915 411 30 17 att

195 445 101 25 åtskilliga
315 445 76 26 grofva,
407 445 64 19 hittils
487 445 116 19 hemställan
617 444 143 19 underkastade
774 444 93 19 brottmål
882 444 63 19 såsom

195 480 98 25 angående
309 479 83 25 tvegifte
408 479 42 26 (19:
468 479 28 25 5),
512 479 33 19 rån
563 479 41 25 (31:
623 478 26 26 1),
664 478 54 19 vissa
732 478 36 19 fall
784 478 21 19 af
814 478 131 24 förfalskning

195 514 42 26 (36:
250 513 21 26 3)
283 517 49 16 samt
344 513 52 20 falsk
407 513 103 25 myntning
521 515 46 18 utan
580 515 29 17 att
620 513 126 25 utprångling
758 514 33 23 egt
802 519 42 12 rum
853 512 51 26 (37:,
918 511 27 26 1),

195 548 104 19 framdeles
319 548 66 19 blefve
404 548 43 19 från
466 547 116 20 hemställan
600 547 130 25 undantagna.
760 547 11 18 I
789 547 103 19 Utskottet
910 546 36 19 har

195 583 116 25 visserligen
326 583 12 18 å
353 582 60 19 andra
428 582 54 19 sidan
498 582 118 19 framhållits
632 583 29 18 att
677 588 29 13 om
718 581 124 19 förenämnda
859 581 40 19 åtta
915 581 30 19 års

196 617 103 19 maximum
318 617 98 19 nedsattes
435 616 31 19 till
482 617 32 18 det
528 617 86 18 närmast
629 616 54 25 lägre
698 615 7 20 i
721 615 113 25 strafflagen
849 615 96 20 förekom-

195 651 68 19 mande
282 651 105 19 maximum
403 651 47 19 eller
466 657 33 13 sex
515 651 28 25 år,
559 657 24 13 en
597 650 71 25 mängd
683 650 99 25 brottmål,
798 650 69 19 hvilka
882 649 64 20 hittils

196 685 68 19 endast
279 685 6 19 i
296 685 121 25 besvärsväg
428 684 74 20 kunnat
513 685 76 19 komma
603 684 61 19 under
675 684 85 19 hofrätts
771 684 98 25 pröfning,
881 684 66 19 blefve

196 719 142 19 underkastade
360 718 122 25 hemställan,
506 719 63 19 såsom
592 718 120 25 exempelvis
730 718 39 19 mål
788 718 81 20 rörande
887 718 60 19 andra

197 754 75 25 gången
286 753 45 25 grof
345 752 51 20 stöld
412 752 42 26 (28:
471 752 28 26 5),
515 752 49 20 svek
579 752 36 20 och
630 752 103 25 bedrägeri
746 752 20 19 af
777 752 93 25 gäldenär
882 752 6 19 i
900 752 46 19 kon-

197 787 46 19 kurs
263 787 42 26 (39:
327 787 27 25 1),
373 786 62 20 falskt
452 787 113 19 vittnesmål
585 786 42 27 (17:
648 786 26 26 1),
691 786 21 20 af
728 786 69 19 hvilka
815 786 94 20 särskildt
924 786 23 19 de

197 821 82 19 nämnda
294 821 126 19 stöldsmålen
436 821 64 19 skulle
515 821 26 25 på
556 823 28 17 ett
599 821 58 25 högst
668 821 83 19 känbart
762 822 38 18 sätt
811 821 38 19 öka
861 821 24 19 de
894 821 53 19 hem-

197 855 64 20 stälda
276 855 73 19 målens
364 855 60 25 antal,
435 857 50 17 samt
495 857 29 17 att
535 855 25 19 då
571 855 98 19 allmänna
681 855 119 25 åklagarene
812 858 33 16 äro
857 855 90 25 skyldige

197 892 30 17 att
241 896 69 19 genom
323 890 71 18 besvär
408 889 78 20 bevaka
501 889 32 20 det
548 890 107 19 allmännas
669 890 90 24 intresse,
775 889 35 19 och
826 889 58 19 äfven
899 889 48 19 häk-

198 924 44 20 tade
264 930 98 19 personer,
382 930 40 13 som
441 924 67 19 blifvit
527 924 75 25 dömda,
621 924 62 24 enligt
702 924 90 24 gällande
810 924 139 24 författningar

198 959 48 19 böra
263 958 76 20 erhålla
356 958 76 19 biträde
450 958 34 19 vid
502 958 105 20 besvärens
626 958 118 19 författande
763 960 49 17 samt
830 958 20 19 få
865 958 84 19 inlemna

199 993 42 19 sina
258 993 71 19 besvär
349 993 31 19 till
398 996 122 22 guvernören
539 993 6 19 i
564 993 59 25 länet,
640 992 120 26 tillräckliga
775 993 43 19 skäl
834 992 81 20 sålunda
931 993 16 24 ej

200 1027 117 24 förefunnes,
333 1028 29 17 att
377 1028 105 18 tvärtemot
497 1027 36 18 den
548 1027 95 24 riktning,
655 1027 20 18 åt
686 1027 81 19 hvilken
779 1026 138 25 utvecklingen
929 1027 21 18 af

199 1060 237 26 process-lagstiftningen
454 1061 36 18 bör
508 1061 60 24 syfta,
587 1061 82 24 utvidga
688 1061 43 18 nåd.
750 1067 66 18 prop:s
831 1061 117 18 bestämnin-

199 1101 36 19 gar
249 1095 82 19 rörande
347 1094 38 19 mål
400 1101 41 12 som
456 1095 47 18 böra
517 1094 121 19 hemställas.
654 1106 27 3 —
698 1091 65 23 Äfven
778 1095 103 19 Utskottet
895 1098 22 15 är
930 1095 21 19 af

200 1129 36 19 den
251 1129 66 24 tanke,
333 1130 29 17 att
376 1129 39 18 mål
430 1129 99 24 angående
545 1129 59 19 andra
619 1135 56 12 resan
687 1129 45 25 grof
743 1129 51 19 stöld
805 1129 43 19 med
859 1129 90 19 afseende

200 1163 12 19 å
233 1163 56 20 deras
311 1165 54 17 stora
385 1163 71 25 mängd
475 1163 36 19 och
530 1163 24 19 då
572 1163 35 19 hos
627 1163 158 20 under-rätterna
803 1163 6 19 i
828 1163 49 25 följd
896 1163 55 20 deraf

200 1198 61 19 måste
279 1197 114 19 förutsättas
411 1197 116 25 erforderlig
543 1204 50 12 vana
608 1197 33 19 vid
657 1197 55 19 deras
727 1197 100 25 lagenliga
842 1197 107 25 handlägg-

201 1232 46 24 ning
262 1232 43 18 icke
320 1232 48 18 böra
383 1230 119 26 hemställas,
518 1237 30 13 om
564 1231 36 19 ock
616 1231 75 19 straffet
705 1238 68 18 genom
790 1232 35 18 den
837 1238 39 18 nya
886 1232 63 19 straff-

201 1265 57 24 lagen
276 1264 87 19 kommer
381 1266 29 16 att
428 1264 62 20 blifva
509 1266 101 22 strängare
629 1267 24 15 än
671 1264 63 24 förut;
753 1271 43 12 men
814 1264 86 19 deremot
915 1264 36 20 har

201 1298 112 20 Utskottets
332 1298 102 24 pluralitet
451 1298 43 18 icke
512 1297 75 19 kunnat
605 1298 72 19 rubbas
696 1298 6 18 i
721 1298 29 18 sin
766 1298 140 26 öfvertygelse,
922 1301 29 16 att

201 1335 28 17 ett
243 1332 64 20 flertal
323 1332 21 19 af
358 1332 63 25 öfriga
436 1332 44 26 mål,
496 1332 31 19 för
542 1332 69 20 hvilka
626 1332 85 20 straffets
726 1333 103 19 maximum
841 1336 22 16 är
874 1340 35 12 sex
919 1334 31 18 års

201 1366 88 26 tukthus,
302 1363 36 22 äro
354 1366 21 19 af
388 1366 36 19 den
439 1366 140 26 beskaffenhet,
595 1368 29 17 att
634 1366 23 20 de
667 1367 47 19 böra
725 1367 128 20 underställas
868 1367 83 20 hofrätts

201 1401 98 26 pröfning,
308 1401 79 19 emedan
398 1401 53 19 detta
463 1401 7 18 i
481 1401 29 19 sin
521 1401 43 19 mån
577 1401 72 20 verkar
661 1401 31 20 till
704 1408 23 13 en
735 1408 134 19 noggrannare
881 1402 68 19 under-

202 1435 83 26 sökning
299 1435 22 20 af
333 1435 70 26 målen,
415 1435 102 20 hvarutom
529 1435 35 19 den
577 1435 22 19 af
609 1435 143 20 öfverrätterna
763 1436 93 20 utöfvade
867 1437 82 24 gransk-

269 1469 176 23 Straflagsutskottets
456 1469 104 17 betänkande
572 1469 34 16 N:o
619 1470 16 15 1.
