<?xml version="1.0" encoding="UTF-8"?>
<alto xmlns="http://www.loc.gov/standards/alto/ns-v3#" xmlns:xlink="http://www.w3.org/1999/xlink" xmlns:xsi="http://www.w3.org/2001/XMLSchema-instance" xsi:schemaLocation="http://www.loc.gov/standards/alto/ns-v3# http://www.loc.gov/alto/v3/alto-3-0.xsd">
	<Description>
		<MeasurementUnit>pixel</MeasurementUnit>
		<sourceImageInformation>
			<fileName>/tmp/tess_glnztldj_input.PNG</fileName>
		</sourceImageInformation>
		<OCRProcessing ID="OCR_0">
			<ocrProcessingStep>
				<processingSoftware>
					<softwareName>tesseract 5.3.4</softwareName>
				</processingSoftware>
			</ocrProcessingStep>
		</OCRProcessing>
	</Description>
	<Layout>
		<Page WIDTH="1028" HEIGHT="1703" PHYSICAL_IMG_NR="0" ID="page_0">
			<PrintSpace HPOS="0" VPOS="0" WIDTH="1028" HEIGHT="1703">
				<ComposedBlock ID="cblock_0" HPOS="438" VPOS="131" WIDTH="383" HEIGHT="23">
					<TextBlock ID="block_0" HPOS="438" VPOS="131" WIDTH="383" HEIGHT="23">
						<TextLine ID="line_0" HPOS="438" VPOS="131" WIDTH="383" HEIGHT="23">
							<String ID="string_0" HPOS="438" VPOS="133" WIDTH="39" HEIGHT="21" WC="0.94" CONTENT="N:o"/><SP WIDTH="16" VPOS="133" HPOS="477"/>
							<String ID="string_1" HPOS="493" VPOS="131" WIDTH="19" HEIGHT="22" WC="0.93" CONTENT="1."/><SP WIDTH="282" VPOS="131" HPOS="512"/>
							<String ID="string_2" HPOS="794" VPOS="133" WIDTH="27" HEIGHT="21" WC="0.96" CONTENT="69"/>
						</TextLine>
					</TextBlock>
				</ComposedBlock>
				<ComposedBlock ID="cblock_1" HPOS="97" VPOS="194" WIDTH="753" HEIGHT="372">
					<TextBlock ID="block_1" HPOS="100" VPOS="194" WIDTH="750" HEIGHT="122">
						<TextLine ID="line_1" HPOS="101" VPOS="194" WIDTH="747" HEIGHT="26">
							<String ID="string_3" HPOS="101" VPOS="195" WIDTH="62" HEIGHT="25" WC="0.92" CONTENT="ofall,"/><SP WIDTH="16" VPOS="195" HPOS="163"/>
							<String ID="string_4" HPOS="179" VPOS="194" WIDTH="102" HEIGHT="20" WC="0.91" CONTENT="lifsmedel"/><SP WIDTH="17" VPOS="194" HPOS="281"/>
							<String ID="string_5" HPOS="298" VPOS="194" WIDTH="51" HEIGHT="20" WC="0.96" CONTENT="eller"/><SP WIDTH="17" VPOS="194" HPOS="349"/>
							<String ID="string_6" HPOS="366" VPOS="196" WIDTH="64" HEIGHT="18" WC="0.96" CONTENT="annat"/><SP WIDTH="16" VPOS="196" HPOS="430"/>
							<String ID="string_7" HPOS="446" VPOS="195" WIDTH="113" HEIGHT="20" WC="0.96" CONTENT="understöd"/><SP WIDTH="13" VPOS="195" HPOS="559"/>
							<String ID="string_8" HPOS="572" VPOS="196" WIDTH="31" HEIGHT="19" WC="0.96" CONTENT="till"/><SP WIDTH="11" VPOS="196" HPOS="603"/>
							<String ID="string_9" HPOS="614" VPOS="195" WIDTH="170" HEIGHT="20" WC="0.96" CONTENT="förekommande"/><SP WIDTH="12" VPOS="195" HPOS="784"/>
							<String ID="string_10" HPOS="796" VPOS="195" WIDTH="52" HEIGHT="20" WC="0.96" CONTENT="eller"/>
						</TextLine>
						<TextLine ID="line_2" HPOS="101" VPOS="227" WIDTH="749" HEIGHT="28">
							<String ID="string_11" HPOS="101" VPOS="229" WIDTH="114" HEIGHT="20" WC="0.89" CONTENT="lindrande"/><SP WIDTH="18" VPOS="229" HPOS="215"/>
							<String ID="string_12" HPOS="233" VPOS="229" WIDTH="23" HEIGHT="19" WC="0.93" CONTENT="af"/><SP WIDTH="13" VPOS="229" HPOS="256"/>
							<String ID="string_13" HPOS="269" VPOS="228" WIDTH="48" HEIGHT="26" WC="0.92" CONTENT="nöd,"/><SP WIDTH="17" VPOS="228" HPOS="317"/>
							<String ID="string_14" HPOS="334" VPOS="227" WIDTH="133" HEIGHT="27" WC="0.92" CONTENT="uppsätligen"/><SP WIDTH="17" VPOS="227" HPOS="467"/>
							<String ID="string_15" HPOS="484" VPOS="229" WIDTH="113" HEIGHT="20" WC="0.92" CONTENT="underlätit"/><SP WIDTH="16" VPOS="229" HPOS="597"/>
							<String ID="string_16" HPOS="613" VPOS="231" WIDTH="30" HEIGHT="18" WC="0.93" CONTENT="att"/><SP WIDTH="14" VPOS="231" HPOS="643"/>
							<String ID="string_17" HPOS="657" VPOS="229" WIDTH="91" HEIGHT="26" WC="0.90" CONTENT="fullgöra"/><SP WIDTH="15" VPOS="229" HPOS="748"/>
							<String ID="string_18" HPOS="763" VPOS="230" WIDTH="87" HEIGHT="25" WC="0.91" CONTENT="ätagan-"/>
						</TextLine>
						<TextLine ID="line_3" HPOS="103" VPOS="262" WIDTH="746" HEIGHT="27">
							<String ID="string_19" HPOS="103" VPOS="263" WIDTH="36" HEIGHT="20" WC="0.94" CONTENT="det"/><SP WIDTH="23" VPOS="263" HPOS="139"/>
							<String ID="string_20" HPOS="162" VPOS="263" WIDTH="55" HEIGHT="19" WC="0.94" CONTENT="inom"/><SP WIDTH="24" VPOS="263" HPOS="217"/>
							<String ID="string_21" HPOS="241" VPOS="262" WIDTH="95" HEIGHT="20" WC="0.95" CONTENT="bestämd"/><SP WIDTH="24" VPOS="262" HPOS="336"/>
							<String ID="string_22" HPOS="360" VPOS="263" WIDTH="39" HEIGHT="24" WC="0.93" CONTENT="tid;"/><SP WIDTH="23" VPOS="263" HPOS="399"/>
							<String ID="string_23" HPOS="422" VPOS="263" WIDTH="82" HEIGHT="20" WC="0.91" CONTENT="straffes"/><SP WIDTH="18" VPOS="263" HPOS="504"/>
							<String ID="string_24" HPOS="522" VPOS="263" WIDTH="45" HEIGHT="20" WC="0.93" CONTENT="med"/><SP WIDTH="17" VPOS="263" HPOS="567"/>
							<String ID="string_25" HPOS="584" VPOS="263" WIDTH="94" HEIGHT="26" WC="0.92" CONTENT="fängelse"/><SP WIDTH="15" VPOS="263" HPOS="678"/>
							<String ID="string_26" HPOS="693" VPOS="264" WIDTH="19" HEIGHT="24" WC="0.92" CONTENT="ej"/><SP WIDTH="16" VPOS="264" HPOS="712"/>
							<String ID="string_27" HPOS="728" VPOS="263" WIDTH="68" HEIGHT="20" WC="0.96" CONTENT="under"/><SP WIDTH="15" VPOS="263" HPOS="796"/>
							<String ID="string_28" HPOS="811" VPOS="270" WIDTH="38" HEIGHT="13" WC="0.96" CONTENT="sex"/>
						</TextLine>
						<TextLine ID="line_4" HPOS="100" VPOS="296" WIDTH="107" HEIGHT="20">
							<String ID="string_29" HPOS="100" VPOS="296" WIDTH="107" HEIGHT="20" WC="0.91" CONTENT="månader."/>
						</TextLine>
					</TextBlock>
					<TextBlock ID="block_2" HPOS="100" VPOS="330" WIDTH="748" HEIGHT="61">
						<TextLine ID="line_5" HPOS="171" VPOS="330" WIDTH="677" HEIGHT="26">
							<String ID="string_30" HPOS="171" VPOS="330" WIDTH="42" HEIGHT="19" WC="0.96" CONTENT="Har"/><SP WIDTH="15" VPOS="330" HPOS="213"/>
							<String ID="string_31" HPOS="228" VPOS="330" WIDTH="41" HEIGHT="19" WC="0.96" CONTENT="han"/><SP WIDTH="16" VPOS="330" HPOS="269"/>
							<String ID="string_32" HPOS="285" VPOS="337" WIDTH="75" HEIGHT="19" WC="0.96" CONTENT="genom"/><SP WIDTH="17" VPOS="337" HPOS="360"/>
							<String ID="string_33" HPOS="377" VPOS="330" WIDTH="98" HEIGHT="20" WC="0.95" CONTENT="vållande"/><SP WIDTH="16" VPOS="330" HPOS="475"/>
							<String ID="string_34" HPOS="491" VPOS="331" WIDTH="125" HEIGHT="25" WC="0.96" CONTENT="förorsakat,"/><SP WIDTH="10" VPOS="331" HPOS="616"/>
							<String ID="string_35" HPOS="626" VPOS="333" WIDTH="31" HEIGHT="17" WC="0.93" CONTENT="att"/><SP WIDTH="10" VPOS="333" HPOS="657"/>
							<String ID="string_36" HPOS="667" VPOS="331" WIDTH="126" HEIGHT="25" WC="0.91" CONTENT="åtagandets"/><SP WIDTH="9" VPOS="331" HPOS="793"/>
							<String ID="string_37" HPOS="802" VPOS="331" WIDTH="46" HEIGHT="19" WC="0.92" CONTENT="full-"/>
						</TextLine>
						<TextLine ID="line_6" HPOS="100" VPOS="363" WIDTH="636" HEIGHT="28">
							<String ID="string_38" HPOS="100" VPOS="364" WIDTH="95" HEIGHT="27" WC="0.91" CONTENT="görande"/><SP WIDTH="15" VPOS="364" HPOS="195"/>
							<String ID="string_39" HPOS="210" VPOS="363" WIDTH="89" HEIGHT="25" WC="0.90" CONTENT="uteblef;"/><SP WIDTH="17" VPOS="363" HPOS="299"/>
							<String ID="string_40" HPOS="316" VPOS="364" WIDTH="71" HEIGHT="19" WC="0.95" CONTENT="dömes"/><SP WIDTH="16" VPOS="364" HPOS="387"/>
							<String ID="string_41" HPOS="403" VPOS="364" WIDTH="31" HEIGHT="19" WC="0.95" CONTENT="till"/><SP WIDTH="17" VPOS="364" HPOS="434"/>
							<String ID="string_42" HPOS="451" VPOS="364" WIDTH="94" HEIGHT="26" WC="0.96" CONTENT="fängelse"/><SP WIDTH="16" VPOS="364" HPOS="545"/>
							<String ID="string_43" HPOS="561" VPOS="366" WIDTH="7" HEIGHT="18" WC="0.96" CONTENT="i"/><SP WIDTH="16" VPOS="366" HPOS="568"/>
							<String ID="string_44" HPOS="584" VPOS="365" WIDTH="62" HEIGHT="26" WC="0.96" CONTENT="högst"/><SP WIDTH="15" VPOS="365" HPOS="646"/>
							<String ID="string_45" HPOS="661" VPOS="367" WIDTH="29" HEIGHT="17" WC="0.96" CONTENT="ett"/><SP WIDTH="16" VPOS="367" HPOS="690"/>
							<String ID="string_46" HPOS="706" VPOS="365" WIDTH="30" HEIGHT="20" WC="0.96" CONTENT="år."/>
						</TextLine>
					</TextBlock>
					<TextBlock ID="block_3" HPOS="97" VPOS="403" WIDTH="752" HEIGHT="163">
						<TextLine ID="line_7" HPOS="170" VPOS="403" WIDTH="676" HEIGHT="27">
							<String ID="string_47" HPOS="170" VPOS="404" WIDTH="24" HEIGHT="19" WC="0.92" CONTENT="19"/><SP WIDTH="15" VPOS="404" HPOS="194"/>
							<String ID="string_48" HPOS="209" VPOS="407" WIDTH="17" HEIGHT="21" WC="0.86" CONTENT="$."/><SP WIDTH="30" VPOS="407" HPOS="226"/>
							<String ID="string_49" HPOS="256" VPOS="403" WIDTH="43" HEIGHT="19" WC="0.96" CONTENT="Har"/><SP WIDTH="20" VPOS="403" HPOS="299"/>
							<String ID="string_50" HPOS="319" VPOS="403" WIDTH="68" HEIGHT="25" WC="0.96" CONTENT="någon"/><SP WIDTH="17" VPOS="403" HPOS="387"/>
							<String ID="string_51" HPOS="404" VPOS="410" WIDTH="75" HEIGHT="19" WC="0.95" CONTENT="genom"/><SP WIDTH="18" VPOS="410" HPOS="479"/>
							<String ID="string_52" HPOS="497" VPOS="404" WIDTH="104" HEIGHT="26" WC="0.93" CONTENT="vållande,"/><SP WIDTH="17" VPOS="404" HPOS="601"/>
							<String ID="string_53" HPOS="618" VPOS="404" WIDTH="85" HEIGHT="20" WC="0.92" CONTENT="hvarom"/><SP WIDTH="17" VPOS="404" HPOS="703"/>
							<String ID="string_54" HPOS="720" VPOS="404" WIDTH="6" HEIGHT="19" WC="0.96" CONTENT="i"/><SP WIDTH="17" VPOS="404" HPOS="726"/>
							<String ID="string_55" HPOS="743" VPOS="404" WIDTH="58" HEIGHT="20" WC="0.93" CONTENT="detta"/><SP WIDTH="9" VPOS="404" HPOS="801"/>
							<String ID="string_56" HPOS="810" VPOS="404" WIDTH="36" HEIGHT="19" WC="0.93" CONTENT="ka-"/>
						</TextLine>
						<TextLine ID="line_8" HPOS="99" VPOS="436" WIDTH="748" HEIGHT="28">
							<String ID="string_57" HPOS="99" VPOS="438" WIDTH="54" HEIGHT="26" WC="0.91" CONTENT="pitel"/><SP WIDTH="17" VPOS="438" HPOS="153"/>
							<String ID="string_58" HPOS="170" VPOS="440" WIDTH="91" HEIGHT="21" WC="0.96" CONTENT="nämnes,"/><SP WIDTH="16" VPOS="440" HPOS="261"/>
							<String ID="string_59" HPOS="277" VPOS="436" WIDTH="118" HEIGHT="20" WC="0.96" CONTENT="förorsakat"/><SP WIDTH="16" VPOS="436" HPOS="395"/>
							<String ID="string_60" HPOS="411" VPOS="436" WIDTH="45" HEIGHT="21" WC="0.96" CONTENT="fara"/><SP WIDTH="15" VPOS="436" HPOS="456"/>
							<String ID="string_61" HPOS="471" VPOS="438" WIDTH="32" HEIGHT="19" WC="0.96" CONTENT="för"/><SP WIDTH="16" VPOS="438" HPOS="503"/>
							<String ID="string_62" HPOS="519" VPOS="444" WIDTH="79" HEIGHT="14" WC="0.95" CONTENT="annans"/><SP WIDTH="14" VPOS="444" HPOS="598"/>
							<String ID="string_63" HPOS="612" VPOS="437" WIDTH="30" HEIGHT="26" WC="0.92" CONTENT="lif,"/><SP WIDTH="11" VPOS="437" HPOS="642"/>
							<String ID="string_64" HPOS="653" VPOS="438" WIDTH="59" HEIGHT="20" WC="0.88" CONTENT="helsa"/><SP WIDTH="10" VPOS="438" HPOS="712"/>
							<String ID="string_65" HPOS="722" VPOS="438" WIDTH="52" HEIGHT="19" WC="0.93" CONTENT="eller"/><SP WIDTH="10" VPOS="438" HPOS="774"/>
							<String ID="string_66" HPOS="784" VPOS="444" WIDTH="63" HEIGHT="20" WC="0.91" CONTENT="egen-"/>
						</TextLine>
						<TextLine ID="line_9" HPOS="100" VPOS="471" WIDTH="747" HEIGHT="27">
							<String ID="string_67" HPOS="100" VPOS="472" WIDTH="57" HEIGHT="25" WC="0.96" CONTENT="dom,"/><SP WIDTH="17" VPOS="472" HPOS="157"/>
							<String ID="string_68" HPOS="174" VPOS="471" WIDTH="38" HEIGHT="20" WC="0.95" CONTENT="och"/><SP WIDTH="18" VPOS="471" HPOS="212"/>
							<String ID="string_69" HPOS="230" VPOS="471" WIDTH="48" HEIGHT="26" WC="0.96" CONTENT="blef,"/><SP WIDTH="15" VPOS="471" HPOS="278"/>
							<String ID="string_70" HPOS="293" VPOS="471" WIDTH="64" HEIGHT="20" WC="0.96" CONTENT="innan"/><SP WIDTH="16" VPOS="471" HPOS="357"/>
							<String ID="string_71" HPOS="373" VPOS="471" WIDTH="67" HEIGHT="20" WC="0.96" CONTENT="skada"/><SP WIDTH="16" VPOS="471" HPOS="440"/>
							<String ID="string_72" HPOS="456" VPOS="472" WIDTH="60" HEIGHT="20" WC="0.96" CONTENT="deraf"/><SP WIDTH="15" VPOS="472" HPOS="516"/>
							<String ID="string_73" HPOS="531" VPOS="472" WIDTH="98" HEIGHT="26" WC="0.96" CONTENT="uppkom,"/><SP WIDTH="16" VPOS="472" HPOS="629"/>
							<String ID="string_74" HPOS="645" VPOS="471" WIDTH="59" HEIGHT="20" WC="0.94" CONTENT="faran"/><SP WIDTH="10" VPOS="471" HPOS="704"/>
							<String ID="string_75" HPOS="714" VPOS="478" WIDTH="76" HEIGHT="20" WC="0.91" CONTENT="genom"/><SP WIDTH="11" VPOS="478" HPOS="790"/>
							<String ID="string_76" HPOS="801" VPOS="478" WIDTH="46" HEIGHT="20" WC="0.91" CONTENT="ger-"/>
						</TextLine>
						<TextLine ID="line_10" HPOS="99" VPOS="505" WIDTH="750" HEIGHT="27">
							<String ID="string_77" HPOS="99" VPOS="506" WIDTH="163" HEIGHT="26" WC="0.91" CONTENT="ningsmannens"/><SP WIDTH="24" VPOS="506" HPOS="262"/>
							<String ID="string_78" HPOS="286" VPOS="505" WIDTH="73" HEIGHT="26" WC="0.94" CONTENT="åtgärd"/><SP WIDTH="20" VPOS="505" HPOS="359"/>
							<String ID="string_79" HPOS="379" VPOS="505" WIDTH="52" HEIGHT="20" WC="0.95" CONTENT="eller"/><SP WIDTH="19" VPOS="505" HPOS="431"/>
							<String ID="string_80" HPOS="450" VPOS="506" WIDTH="97" HEIGHT="20" WC="0.93" CONTENT="anmälan"/><SP WIDTH="16" VPOS="506" HPOS="547"/>
							<String ID="string_81" HPOS="563" VPOS="506" WIDTH="127" HEIGHT="26" WC="0.91" CONTENT="undanröjd;"/><SP WIDTH="16" VPOS="506" HPOS="690"/>
							<String ID="string_82" HPOS="706" VPOS="506" WIDTH="35" HEIGHT="20" WC="0.96" CONTENT="mä"/><SP WIDTH="14" VPOS="506" HPOS="741"/>
							<String ID="string_83" HPOS="755" VPOS="506" WIDTH="49" HEIGHT="25" WC="0.96" CONTENT="han,"/><SP WIDTH="16" VPOS="506" HPOS="804"/>
							<String ID="string_84" HPOS="820" VPOS="506" WIDTH="29" HEIGHT="20" WC="0.59" CONTENT="ef"/>
						</TextLine>
						<TextLine ID="line_11" HPOS="97" VPOS="534" WIDTH="750" HEIGHT="32">
							<String ID="string_85" HPOS="97" VPOS="542" WIDTH="34" HEIGHT="18" WC="0.96" CONTENT="ter"/><SP WIDTH="17" VPOS="542" HPOS="131"/>
							<String ID="string_86" HPOS="148" VPOS="540" WIDTH="127" HEIGHT="20" WC="0.93" CONTENT="domstolens"/><SP WIDTH="16" VPOS="540" HPOS="275"/>
							<String ID="string_87" HPOS="291" VPOS="540" WIDTH="104" HEIGHT="26" WC="0.91" CONTENT="pröfning,"/><SP WIDTH="17" VPOS="540" HPOS="395"/>
							<String ID="string_88" HPOS="412" VPOS="539" WIDTH="70" HEIGHT="21" WC="0.96" CONTENT="kunna"/><SP WIDTH="16" VPOS="539" HPOS="482"/>
							<String ID="string_89" HPOS="498" VPOS="534" WIDTH="50" HEIGHT="26" WC="0.95" CONTENT="frias"/><SP WIDTH="15" VPOS="534" HPOS="548"/>
							<String ID="string_90" HPOS="563" VPOS="540" WIDTH="44" HEIGHT="20" WC="0.96" CONTENT="från"/><SP WIDTH="11" VPOS="540" HPOS="607"/>
							<String ID="string_91" HPOS="618" VPOS="540" WIDTH="63" HEIGHT="20" WC="0.96" CONTENT="straff"/><SP WIDTH="9" VPOS="540" HPOS="681"/>
							<String ID="string_92" HPOS="690" VPOS="540" WIDTH="31" HEIGHT="20" WC="0.93" CONTENT="för"/><SP WIDTH="12" VPOS="540" HPOS="721"/>
							<String ID="string_93" HPOS="733" VPOS="540" WIDTH="114" HEIGHT="20" WC="0.92" CONTENT="vållandet."/>
						</TextLine>
					</TextBlock>
				</ComposedBlock>
				<ComposedBlock ID="cblock_2" HPOS="428" VPOS="659" WIDTH="92" HEIGHT="27">
					<TextBlock ID="block_4" HPOS="428" VPOS="659" WIDTH="92" HEIGHT="27">
						<TextLine ID="line_12" HPOS="428" VPOS="659" WIDTH="92" HEIGHT="27">
							<String ID="string_94" HPOS="428" VPOS="659" WIDTH="29" HEIGHT="22" WC="0.95" CONTENT="35"/><SP WIDTH="16" VPOS="659" HPOS="457"/>
							<String ID="string_95" HPOS="473" VPOS="660" WIDTH="47" HEIGHT="26" WC="0.96" CONTENT="Kap."/>
						</TextLine>
					</TextBlock>
				</ComposedBlock>
				<ComposedBlock ID="cblock_3" HPOS="278" VPOS="715" WIDTH="387" HEIGHT="27">
					<TextBlock ID="block_5" HPOS="278" VPOS="715" WIDTH="387" HEIGHT="27">
						<TextLine ID="line_13" HPOS="278" VPOS="715" WIDTH="387" HEIGHT="27">
							<String ID="string_96" HPOS="278" VPOS="716" WIDTH="41" HEIGHT="22" WC="0.94" CONTENT="Om"/><SP WIDTH="16" VPOS="716" HPOS="319"/>
							<String ID="string_97" HPOS="335" VPOS="715" WIDTH="166" HEIGHT="27" WC="0.92" CONTENT="skadegörelse"/><SP WIDTH="15" VPOS="715" HPOS="501"/>
							<String ID="string_98" HPOS="516" VPOS="716" WIDTH="14" HEIGHT="21" WC="0.90" CONTENT="å"/><SP WIDTH="15" VPOS="716" HPOS="530"/>
							<String ID="string_99" HPOS="545" VPOS="716" WIDTH="120" HEIGHT="26" WC="0.96" CONTENT="egendom."/>
						</TextLine>
					</TextBlock>
				</ComposedBlock>
				<ComposedBlock ID="cblock_4" HPOS="94" VPOS="768" WIDTH="753" HEIGHT="683">
					<TextBlock ID="block_6" HPOS="97" VPOS="768" WIDTH="749" HEIGHT="163">
						<TextLine ID="line_14" HPOS="172" VPOS="768" WIDTH="674" HEIGHT="26">
							<String ID="string_100" HPOS="172" VPOS="768" WIDTH="7" HEIGHT="19" WC="0.88" CONTENT="1"/><SP WIDTH="18" VPOS="768" HPOS="179"/>
							<String ID="string_101" HPOS="197" VPOS="769" WIDTH="16" HEIGHT="25" WC="0.88" CONTENT="8."/><SP WIDTH="31" VPOS="769" HPOS="213"/>
							<String ID="string_102" HPOS="244" VPOS="768" WIDTH="63" HEIGHT="25" WC="0.95" CONTENT="Hvar,"/><SP WIDTH="16" VPOS="768" HPOS="307"/>
							<String ID="string_103" HPOS="323" VPOS="774" WIDTH="51" HEIGHT="19" WC="0.96" CONTENT="som,"/><SP WIDTH="24" VPOS="774" HPOS="374"/>
							<String ID="string_104" HPOS="398" VPOS="770" WIDTH="48" HEIGHT="17" WC="0.96" CONTENT="utan"/><SP WIDTH="28" VPOS="770" HPOS="446"/>
							<String ID="string_105" HPOS="474" VPOS="768" WIDTH="48" HEIGHT="26" WC="0.95" CONTENT="laga"/><SP WIDTH="23" VPOS="768" HPOS="522"/>
							<String ID="string_106" HPOS="545" VPOS="770" WIDTH="47" HEIGHT="23" WC="0.95" CONTENT="rätt,"/><SP WIDTH="23" VPOS="770" HPOS="592"/>
							<String ID="string_107" HPOS="615" VPOS="768" WIDTH="131" HEIGHT="26" WC="0.96" CONTENT="uppsåtligen"/><SP WIDTH="24" VPOS="768" HPOS="746"/>
							<String ID="string_108" HPOS="770" VPOS="768" WIDTH="76" HEIGHT="22" WC="0.96" CONTENT="förstör"/>
						</TextLine>
						<TextLine ID="line_15" HPOS="97" VPOS="802" WIDTH="749" HEIGHT="27">
							<String ID="string_109" HPOS="97" VPOS="803" WIDTH="54" HEIGHT="20" WC="0.96" CONTENT="eller"/><SP WIDTH="16" VPOS="803" HPOS="151"/>
							<String ID="string_110" HPOS="167" VPOS="802" WIDTH="76" HEIGHT="20" WC="0.93" CONTENT="skadar"/><SP WIDTH="16" VPOS="802" HPOS="243"/>
							<String ID="string_111" HPOS="259" VPOS="808" WIDTH="80" HEIGHT="14" WC="0.49" CONTENT="annaus"/><SP WIDTH="16" VPOS="808" HPOS="339"/>
							<String ID="string_112" HPOS="355" VPOS="802" WIDTH="45" HEIGHT="25" WC="0.96" CONTENT="hus,"/><SP WIDTH="15" VPOS="802" HPOS="400"/>
							<String ID="string_113" HPOS="415" VPOS="802" WIDTH="77" HEIGHT="27" WC="0.93" CONTENT="fartyg,"/><SP WIDTH="16" VPOS="802" HPOS="492"/>
							<String ID="string_114" HPOS="508" VPOS="803" WIDTH="95" HEIGHT="25" WC="0.93" CONTENT="telegraf,"/><SP WIDTH="13" VPOS="803" HPOS="603"/>
							<String ID="string_115" HPOS="616" VPOS="803" WIDTH="96" HEIGHT="25" WC="0.92" CONTENT="jernväg,"/><SP WIDTH="16" VPOS="803" HPOS="712"/>
							<String ID="string_116" HPOS="728" VPOS="805" WIDTH="47" HEIGHT="24" WC="0.96" CONTENT="väg,"/><SP WIDTH="15" VPOS="805" HPOS="775"/>
							<String ID="string_117" HPOS="790" VPOS="805" WIDTH="56" HEIGHT="24" WC="0.96" CONTENT="gata,"/>
						</TextLine>
						<TextLine ID="line_16" HPOS="97" VPOS="836" WIDTH="746" HEIGHT="27">
							<String ID="string_118" HPOS="97" VPOS="838" WIDTH="46" HEIGHT="25" WC="0.94" CONTENT="bro,"/><SP WIDTH="16" VPOS="838" HPOS="143"/>
							<String ID="string_119" HPOS="159" VPOS="837" WIDTH="59" HEIGHT="26" WC="0.96" CONTENT="sluss,"/><SP WIDTH="16" VPOS="837" HPOS="218"/>
							<String ID="string_120" HPOS="234" VPOS="837" WIDTH="55" HEIGHT="25" WC="0.95" CONTENT="dam,"/><SP WIDTH="16" VPOS="837" HPOS="289"/>
							<String ID="string_121" HPOS="305" VPOS="836" WIDTH="52" HEIGHT="20" WC="0.96" CONTENT="eller"/><SP WIDTH="16" VPOS="836" HPOS="357"/>
							<String ID="string_122" HPOS="373" VPOS="836" WIDTH="68" HEIGHT="26" WC="0.96" CONTENT="dylikt"/><SP WIDTH="9" VPOS="836" HPOS="441"/>
							<String ID="string_123" HPOS="450" VPOS="836" WIDTH="170" HEIGHT="27" WC="0.81" CONTENT="byggnadsverk,"/><SP WIDTH="11" VPOS="836" HPOS="620"/>
							<String ID="string_124" HPOS="631" VPOS="836" WIDTH="79" HEIGHT="27" WC="0.96" CONTENT="dömes,"/><SP WIDTH="12" VPOS="836" HPOS="710"/>
							<String ID="string_125" HPOS="722" VPOS="836" WIDTH="37" HEIGHT="20" WC="0.93" CONTENT="der"/><SP WIDTH="11" VPOS="836" HPOS="759"/>
							<String ID="string_126" HPOS="770" VPOS="836" WIDTH="73" HEIGHT="21" WC="0.92" CONTENT="skade-"/>
						</TextLine>
						<TextLine ID="line_17" HPOS="98" VPOS="870" WIDTH="747" HEIGHT="28">
							<String ID="string_127" HPOS="98" VPOS="872" WIDTH="96" HEIGHT="26" WC="0.92" CONTENT="görelsen"/><SP WIDTH="23" VPOS="872" HPOS="194"/>
							<String ID="string_128" HPOS="217" VPOS="870" WIDTH="48" HEIGHT="22" WC="0.90" CONTENT="icke"/><SP WIDTH="23" VPOS="870" HPOS="265"/>
							<String ID="string_129" HPOS="288" VPOS="871" WIDTH="114" HEIGHT="20" WC="0.95" CONTENT="innefattas"/><SP WIDTH="15" VPOS="871" HPOS="402"/>
							<String ID="string_130" HPOS="417" VPOS="872" WIDTH="6" HEIGHT="18" WC="0.96" CONTENT="i"/><SP WIDTH="17" VPOS="872" HPOS="423"/>
							<String ID="string_131" HPOS="440" VPOS="874" WIDTH="65" HEIGHT="17" WC="0.96" CONTENT="annat"/><SP WIDTH="15" VPOS="874" HPOS="505"/>
							<String ID="string_132" HPOS="520" VPOS="871" WIDTH="62" HEIGHT="25" WC="0.96" CONTENT="brott,"/><SP WIDTH="17" VPOS="871" HPOS="582"/>
							<String ID="string_133" HPOS="599" VPOS="877" WIDTH="42" HEIGHT="14" WC="0.96" CONTENT="som"/><SP WIDTH="18" VPOS="877" HPOS="641"/>
							<String ID="string_134" HPOS="659" VPOS="874" WIDTH="22" HEIGHT="17" WC="0.93" CONTENT="är"/><SP WIDTH="17" VPOS="874" HPOS="681"/>
							<String ID="string_135" HPOS="698" VPOS="871" WIDTH="85" HEIGHT="26" WC="0.91" CONTENT="belagdt"/><SP WIDTH="16" VPOS="871" HPOS="783"/>
							<String ID="string_136" HPOS="799" VPOS="871" WIDTH="46" HEIGHT="21" WC="0.96" CONTENT="med"/>
						</TextLine>
						<TextLine ID="line_18" HPOS="99" VPOS="905" WIDTH="742" HEIGHT="26">
							<String ID="string_137" HPOS="99" VPOS="906" WIDTH="88" HEIGHT="20" WC="0.95" CONTENT="svårare"/><SP WIDTH="16" VPOS="906" HPOS="187"/>
							<String ID="string_138" HPOS="203" VPOS="905" WIDTH="66" HEIGHT="25" WC="0.95" CONTENT="straff,"/><SP WIDTH="17" VPOS="905" HPOS="269"/>
							<String ID="string_139" HPOS="286" VPOS="905" WIDTH="31" HEIGHT="19" WC="0.96" CONTENT="till"/><SP WIDTH="16" VPOS="905" HPOS="317"/>
							<String ID="string_140" HPOS="333" VPOS="905" WIDTH="94" HEIGHT="26" WC="0.95" CONTENT="fängelse"/><SP WIDTH="17" VPOS="905" HPOS="427"/>
							<String ID="string_141" HPOS="444" VPOS="905" WIDTH="51" HEIGHT="19" WC="0.96" CONTENT="eller"/><SP WIDTH="17" VPOS="905" HPOS="495"/>
							<String ID="string_142" HPOS="512" VPOS="906" WIDTH="58" HEIGHT="19" WC="0.95" CONTENT="böter"/><SP WIDTH="16" VPOS="906" HPOS="570"/>
							<String ID="string_143" HPOS="586" VPOS="906" WIDTH="19" HEIGHT="25" WC="0.96" CONTENT="ej"/><SP WIDTH="16" VPOS="906" HPOS="605"/>
							<String ID="string_144" HPOS="621" VPOS="905" WIDTH="66" HEIGHT="20" WC="0.95" CONTENT="under"/><SP WIDTH="13" VPOS="905" HPOS="687"/>
							<String ID="string_145" HPOS="700" VPOS="905" WIDTH="72" HEIGHT="20" WC="0.96" CONTENT="femtio"/><SP WIDTH="12" VPOS="905" HPOS="772"/>
							<String ID="string_146" HPOS="784" VPOS="906" WIDTH="57" HEIGHT="19" WC="0.96" CONTENT="mark"/>
						</TextLine>
					</TextBlock>
					<TextBlock ID="block_7" HPOS="95" VPOS="944" WIDTH="752" HEIGHT="299">
						<TextLine ID="line_19" HPOS="167" VPOS="944" WIDTH="678" HEIGHT="27">
							<String ID="string_147" HPOS="167" VPOS="945" WIDTH="12" HEIGHT="20" WC="0.89" CONTENT="2"/><SP WIDTH="17" VPOS="945" HPOS="179"/>
							<String ID="string_148" HPOS="196" VPOS="946" WIDTH="16" HEIGHT="25" WC="0.64" CONTENT="8."/><SP WIDTH="31" VPOS="946" HPOS="212"/>
							<String ID="string_149" HPOS="243" VPOS="945" WIDTH="53" HEIGHT="25" WC="0.96" CONTENT="Den,"/><SP WIDTH="16" VPOS="945" HPOS="296"/>
							<String ID="string_150" HPOS="312" VPOS="951" WIDTH="43" HEIGHT="14" WC="0.96" CONTENT="som"/><SP WIDTH="21" VPOS="951" HPOS="355"/>
							<String ID="string_151" HPOS="376" VPOS="944" WIDTH="139" HEIGHT="26" WC="0.96" CONTENT="uppsåtligen,"/><SP WIDTH="16" VPOS="944" HPOS="515"/>
							<String ID="string_152" HPOS="531" VPOS="947" WIDTH="48" HEIGHT="18" WC="0.95" CONTENT="utan"/><SP WIDTH="20" VPOS="947" HPOS="579"/>
							<String ID="string_153" HPOS="599" VPOS="945" WIDTH="48" HEIGHT="25" WC="0.96" CONTENT="laga"/><SP WIDTH="15" VPOS="945" HPOS="647"/>
							<String ID="string_154" HPOS="662" VPOS="946" WIDTH="48" HEIGHT="24" WC="0.96" CONTENT="rätt,"/><SP WIDTH="16" VPOS="946" HPOS="710"/>
							<String ID="string_155" HPOS="726" VPOS="944" WIDTH="76" HEIGHT="21" WC="0.93" CONTENT="förstör"/><SP WIDTH="16" VPOS="944" HPOS="802"/>
							<String ID="string_156" HPOS="818" VPOS="945" WIDTH="27" HEIGHT="20" WC="0.93" CONTENT="el-"/>
						</TextLine>
						<TextLine ID="line_20" HPOS="98" VPOS="978" WIDTH="747" HEIGHT="27">
							<String ID="string_157" HPOS="98" VPOS="980" WIDTH="30" HEIGHT="20" WC="0.95" CONTENT="ler"/><SP WIDTH="26" VPOS="980" HPOS="128"/>
							<String ID="string_158" HPOS="154" VPOS="979" WIDTH="77" HEIGHT="20" WC="0.95" CONTENT="skadar"/><SP WIDTH="22" VPOS="979" HPOS="231"/>
							<String ID="string_159" HPOS="253" VPOS="981" WIDTH="40" HEIGHT="17" WC="0.93" CONTENT="fast"/><SP WIDTH="22" VPOS="981" HPOS="293"/>
							<String ID="string_160" HPOS="315" VPOS="978" WIDTH="148" HEIGHT="27" WC="0.90" CONTENT="fornlemning,"/><SP WIDTH="17" VPOS="978" HPOS="463"/>
							<String ID="string_161" HPOS="480" VPOS="978" WIDTH="96" HEIGHT="26" WC="0.96" CONTENT="offentlig"/><SP WIDTH="23" VPOS="978" HPOS="576"/>
							<String ID="string_162" HPOS="599" VPOS="978" WIDTH="132" HEIGHT="20" WC="0.95" CONTENT="minnesvård"/><SP WIDTH="17" VPOS="978" HPOS="731"/>
							<String ID="string_163" HPOS="748" VPOS="978" WIDTH="50" HEIGHT="20" WC="0.93" CONTENT="eller"/><SP WIDTH="16" VPOS="978" HPOS="798"/>
							<String ID="string_164" HPOS="814" VPOS="979" WIDTH="31" HEIGHT="19" WC="0.92" CONTENT="of-"/>
						</TextLine>
						<TextLine ID="line_21" HPOS="97" VPOS="1012" WIDTH="746" HEIGHT="27">
							<String ID="string_165" HPOS="97" VPOS="1013" WIDTH="86" HEIGHT="26" WC="0.92" CONTENT="fentligt"/><SP WIDTH="16" VPOS="1013" HPOS="183"/>
							<String ID="string_166" HPOS="199" VPOS="1012" WIDTH="160" HEIGHT="24" WC="0.96" CONTENT="minnesmärke,"/><SP WIDTH="16" VPOS="1012" HPOS="359"/>
							<String ID="string_167" HPOS="375" VPOS="1012" WIDTH="51" HEIGHT="19" WC="0.96" CONTENT="eller"/><SP WIDTH="16" VPOS="1012" HPOS="426"/>
							<String ID="string_168" HPOS="442" VPOS="1012" WIDTH="64" HEIGHT="19" WC="0.96" CONTENT="sådan"/><SP WIDTH="17" VPOS="1012" HPOS="506"/>
							<String ID="string_169" HPOS="523" VPOS="1012" WIDTH="49" HEIGHT="25" WC="0.96" CONTENT="bok,"/><SP WIDTH="11" VPOS="1012" HPOS="572"/>
							<String ID="string_170" HPOS="583" VPOS="1012" WIDTH="124" HEIGHT="25" WC="0.93" CONTENT="handskrift,"/><SP WIDTH="12" VPOS="1012" HPOS="707"/>
							<String ID="string_171" HPOS="719" VPOS="1012" WIDTH="124" HEIGHT="26" WC="0.91" CONTENT="vetenskap-"/>
						</TextLine>
						<TextLine ID="line_22" HPOS="98" VPOS="1045" WIDTH="745" HEIGHT="28">
							<String ID="string_172" HPOS="98" VPOS="1047" WIDTH="39" HEIGHT="26" WC="0.96" CONTENT="ligt"/><SP WIDTH="23" VPOS="1047" HPOS="137"/>
							<String ID="string_173" HPOS="160" VPOS="1046" WIDTH="87" HEIGHT="20" WC="0.96" CONTENT="föremål"/><SP WIDTH="24" VPOS="1046" HPOS="247"/>
							<String ID="string_174" HPOS="271" VPOS="1046" WIDTH="52" HEIGHT="19" WC="0.95" CONTENT="eller"/><SP WIDTH="23" VPOS="1046" HPOS="323"/>
							<String ID="string_175" HPOS="346" VPOS="1046" WIDTH="64" HEIGHT="19" WC="0.95" CONTENT="alster"/><SP WIDTH="22" VPOS="1046" HPOS="410"/>
							<String ID="string_176" HPOS="432" VPOS="1045" WIDTH="23" HEIGHT="20" WC="0.96" CONTENT="af"/><SP WIDTH="14" VPOS="1045" HPOS="455"/>
							<String ID="string_177" HPOS="469" VPOS="1046" WIDTH="61" HEIGHT="19" WC="0.96" CONTENT="konst"/><SP WIDTH="16" VPOS="1046" HPOS="530"/>
							<String ID="string_178" HPOS="546" VPOS="1045" WIDTH="51" HEIGHT="20" WC="0.95" CONTENT="eller"/><SP WIDTH="15" VPOS="1045" HPOS="597"/>
							<String ID="string_179" HPOS="612" VPOS="1046" WIDTH="60" HEIGHT="25" WC="0.96" CONTENT="slöjd,"/><SP WIDTH="17" VPOS="1046" HPOS="672"/>
							<String ID="string_180" HPOS="689" VPOS="1052" WIDTH="44" HEIGHT="13" WC="0.96" CONTENT="som"/><SP WIDTH="15" VPOS="1052" HPOS="733"/>
							<String ID="string_181" HPOS="748" VPOS="1046" WIDTH="95" HEIGHT="20" WC="0.96" CONTENT="förvaras"/>
						</TextLine>
						<TextLine ID="line_23" HPOS="97" VPOS="1079" WIDTH="749" HEIGHT="28">
							<String ID="string_182" HPOS="97" VPOS="1081" WIDTH="53" HEIGHT="20" WC="0.96" CONTENT="eller"/><SP WIDTH="16" VPOS="1081" HPOS="150"/>
							<String ID="string_183" HPOS="166" VPOS="1084" WIDTH="23" HEIGHT="16" WC="0.93" CONTENT="är"/><SP WIDTH="14" VPOS="1084" HPOS="189"/>
							<String ID="string_184" HPOS="203" VPOS="1081" WIDTH="88" HEIGHT="19" WC="0.92" CONTENT="utstäldt"/><SP WIDTH="14" VPOS="1081" HPOS="291"/>
							<String ID="string_185" HPOS="305" VPOS="1080" WIDTH="7" HEIGHT="19" WC="0.96" CONTENT="i"/><SP WIDTH="17" VPOS="1080" HPOS="312"/>
							<String ID="string_186" HPOS="329" VPOS="1079" WIDTH="96" HEIGHT="26" WC="0.96" CONTENT="offentlig"/><SP WIDTH="15" VPOS="1079" HPOS="425"/>
							<String ID="string_187" HPOS="440" VPOS="1080" WIDTH="96" HEIGHT="27" WC="0.96" CONTENT="samling,"/><SP WIDTH="16" VPOS="1080" HPOS="536"/>
							<String ID="string_188" HPOS="552" VPOS="1080" WIDTH="52" HEIGHT="20" WC="0.96" CONTENT="eller"/><SP WIDTH="15" VPOS="1080" HPOS="604"/>
							<String ID="string_189" HPOS="619" VPOS="1080" WIDTH="77" HEIGHT="20" WC="0.96" CONTENT="skadar"/><SP WIDTH="10" VPOS="1080" HPOS="696"/>
							<String ID="string_190" HPOS="706" VPOS="1080" WIDTH="53" HEIGHT="20" WC="0.96" CONTENT="eller"/><SP WIDTH="11" VPOS="1080" HPOS="759"/>
							<String ID="string_191" HPOS="770" VPOS="1081" WIDTH="76" HEIGHT="20" WC="0.96" CONTENT="förstör"/>
						</TextLine>
						<TextLine ID="line_24" HPOS="97" VPOS="1114" WIDTH="749" HEIGHT="27">
							<String ID="string_192" HPOS="97" VPOS="1115" WIDTH="99" HEIGHT="26" WC="0.96" CONTENT="offentlig"/><SP WIDTH="19" VPOS="1115" HPOS="196"/>
							<String ID="string_193" HPOS="215" VPOS="1114" WIDTH="127" HEIGHT="27" WC="0.96" CONTENT="plantering,"/><SP WIDTH="16" VPOS="1114" HPOS="342"/>
							<String ID="string_194" HPOS="358" VPOS="1114" WIDTH="51" HEIGHT="20" WC="0.96" CONTENT="eller"/><SP WIDTH="21" VPOS="1114" HPOS="409"/>
							<String ID="string_195" HPOS="430" VPOS="1115" WIDTH="71" HEIGHT="26" WC="0.96" CONTENT="något,"/><SP WIDTH="17" VPOS="1115" HPOS="501"/>
							<String ID="string_196" HPOS="518" VPOS="1121" WIDTH="43" HEIGHT="13" WC="0.96" CONTENT="som"/><SP WIDTH="16" VPOS="1121" HPOS="561"/>
							<String ID="string_197" HPOS="577" VPOS="1114" WIDTH="32" HEIGHT="19" WC="0.96" CONTENT="till"/><SP WIDTH="15" VPOS="1114" HPOS="609"/>
							<String ID="string_198" HPOS="624" VPOS="1114" WIDTH="78" HEIGHT="20" WC="0.96" CONTENT="allmän"/><SP WIDTH="16" VPOS="1114" HPOS="702"/>
							<String ID="string_199" HPOS="718" VPOS="1116" WIDTH="62" HEIGHT="25" WC="0.96" CONTENT="nytta"/><SP WIDTH="15" VPOS="1116" HPOS="780"/>
							<String ID="string_200" HPOS="795" VPOS="1114" WIDTH="51" HEIGHT="20" WC="0.96" CONTENT="eller"/>
						</TextLine>
						<TextLine ID="line_25" HPOS="97" VPOS="1148" WIDTH="748" HEIGHT="29">
							<String ID="string_201" HPOS="97" VPOS="1149" WIDTH="97" HEIGHT="28" WC="0.96" CONTENT="prydnad"/><SP WIDTH="23" VPOS="1149" HPOS="194"/>
							<String ID="string_202" HPOS="217" VPOS="1151" WIDTH="23" HEIGHT="17" WC="0.96" CONTENT="är"/><SP WIDTH="19" VPOS="1151" HPOS="240"/>
							<String ID="string_203" HPOS="259" VPOS="1151" WIDTH="85" HEIGHT="24" WC="0.95" CONTENT="uppsatt"/><SP WIDTH="14" VPOS="1151" HPOS="344"/>
							<String ID="string_204" HPOS="358" VPOS="1148" WIDTH="28" HEIGHT="27" WC="0.96" CONTENT="på"/><SP WIDTH="15" VPOS="1148" HPOS="386"/>
							<String ID="string_205" HPOS="401" VPOS="1148" WIDTH="106" HEIGHT="27" WC="0.96" CONTENT="offentligt"/><SP WIDTH="16" VPOS="1148" HPOS="507"/>
							<String ID="string_206" HPOS="523" VPOS="1149" WIDTH="61" HEIGHT="20" WC="0.96" CONTENT="ställe"/><SP WIDTH="15" VPOS="1149" HPOS="584"/>
							<String ID="string_207" HPOS="599" VPOS="1148" WIDTH="51" HEIGHT="21" WC="0.96" CONTENT="eller"/><SP WIDTH="14" VPOS="1148" HPOS="650"/>
							<String ID="string_208" HPOS="664" VPOS="1149" WIDTH="6" HEIGHT="19" WC="0.96" CONTENT="i"/><SP WIDTH="16" VPOS="1149" HPOS="670"/>
							<String ID="string_209" HPOS="686" VPOS="1148" WIDTH="78" HEIGHT="21" WC="0.93" CONTENT="allmän"/><SP WIDTH="15" VPOS="1148" HPOS="764"/>
							<String ID="string_210" HPOS="779" VPOS="1149" WIDTH="66" HEIGHT="26" WC="0.89" CONTENT="bygg-"/>
						</TextLine>
						<TextLine ID="line_26" HPOS="96" VPOS="1182" WIDTH="751" HEIGHT="27">
							<String ID="string_211" HPOS="96" VPOS="1184" WIDTH="50" HEIGHT="25" WC="0.95" CONTENT="nad,"/><SP WIDTH="17" VPOS="1184" HPOS="146"/>
							<String ID="string_212" HPOS="163" VPOS="1183" WIDTH="52" HEIGHT="20" WC="0.96" CONTENT="eller"/><SP WIDTH="18" VPOS="1183" HPOS="215"/>
							<String ID="string_213" HPOS="233" VPOS="1183" WIDTH="40" HEIGHT="20" WC="0.93" CONTENT="ock"/><SP WIDTH="14" VPOS="1183" HPOS="273"/>
							<String ID="string_214" HPOS="287" VPOS="1183" WIDTH="107" HEIGHT="26" WC="0.91" CONTENT="grafvård,"/><SP WIDTH="16" VPOS="1183" HPOS="394"/>
							<String ID="string_215" HPOS="410" VPOS="1182" WIDTH="82" HEIGHT="20" WC="0.87" CONTENT="straffes"/><SP WIDTH="16" VPOS="1182" HPOS="492"/>
							<String ID="string_216" HPOS="508" VPOS="1183" WIDTH="47" HEIGHT="20" WC="0.96" CONTENT="med"/><SP WIDTH="17" VPOS="1183" HPOS="555"/>
							<String ID="string_217" HPOS="572" VPOS="1182" WIDTH="93" HEIGHT="27" WC="0.96" CONTENT="fängelse"/><SP WIDTH="14" VPOS="1182" HPOS="665"/>
							<String ID="string_218" HPOS="679" VPOS="1183" WIDTH="7" HEIGHT="19" WC="0.96" CONTENT="i"/><SP WIDTH="16" VPOS="1183" HPOS="686"/>
							<String ID="string_219" HPOS="702" VPOS="1182" WIDTH="61" HEIGHT="27" WC="0.96" CONTENT="högst"/><SP WIDTH="15" VPOS="1182" HPOS="763"/>
							<String ID="string_220" HPOS="778" VPOS="1185" WIDTH="31" HEIGHT="18" WC="0.96" CONTENT="ett"/><SP WIDTH="15" VPOS="1185" HPOS="809"/>
							<String ID="string_221" HPOS="824" VPOS="1183" WIDTH="23" HEIGHT="20" WC="0.96" CONTENT="år"/>
						</TextLine>
						<TextLine ID="line_27" HPOS="95" VPOS="1217" WIDTH="459" HEIGHT="26">
							<String ID="string_222" HPOS="95" VPOS="1219" WIDTH="55" HEIGHT="20" WC="0.96" CONTENT="eller"/><SP WIDTH="15" VPOS="1219" HPOS="150"/>
							<String ID="string_223" HPOS="165" VPOS="1218" WIDTH="60" HEIGHT="20" WC="0.96" CONTENT="böter"/><SP WIDTH="16" VPOS="1218" HPOS="225"/>
							<String ID="string_224" HPOS="241" VPOS="1218" WIDTH="19" HEIGHT="25" WC="0.96" CONTENT="ej"/><SP WIDTH="17" VPOS="1218" HPOS="260"/>
							<String ID="string_225" HPOS="277" VPOS="1217" WIDTH="58" HEIGHT="20" WC="0.96" CONTENT="öfver"/><SP WIDTH="15" VPOS="1217" HPOS="335"/>
							<String ID="string_226" HPOS="350" VPOS="1217" WIDTH="124" HEIGHT="20" WC="0.96" CONTENT="femhundra"/><SP WIDTH="16" VPOS="1217" HPOS="474"/>
							<String ID="string_227" HPOS="490" VPOS="1217" WIDTH="64" HEIGHT="20" WC="0.96" CONTENT="mark."/>
						</TextLine>
					</TextBlock>
					<TextBlock ID="block_8" HPOS="94" VPOS="1256" WIDTH="752" HEIGHT="129">
						<TextLine ID="line_28" HPOS="167" VPOS="1256" WIDTH="679" HEIGHT="27">
							<String ID="string_228" HPOS="167" VPOS="1258" WIDTH="11" HEIGHT="19" WC="0.91" CONTENT="3"/><SP WIDTH="16" VPOS="1258" HPOS="178"/>
							<String ID="string_229" HPOS="194" VPOS="1260" WIDTH="16" HEIGHT="21" WC="0.82" CONTENT="$."/><SP WIDTH="30" VPOS="1260" HPOS="210"/>
							<String ID="string_230" HPOS="240" VPOS="1256" WIDTH="41" HEIGHT="21" WC="0.96" CONTENT="För"/><SP WIDTH="15" VPOS="1256" HPOS="281"/>
							<String ID="string_231" HPOS="296" VPOS="1257" WIDTH="76" HEIGHT="20" WC="0.92" CONTENT="sådant"/><SP WIDTH="15" VPOS="1257" HPOS="372"/>
							<String ID="string_232" HPOS="387" VPOS="1256" WIDTH="115" HEIGHT="27" WC="0.91" CONTENT="uppsåtligt"/><SP WIDTH="15" VPOS="1256" HPOS="502"/>
							<String ID="string_233" HPOS="517" VPOS="1257" WIDTH="131" HEIGHT="20" WC="0.96" CONTENT="förstörande"/><SP WIDTH="16" VPOS="1257" HPOS="648"/>
							<String ID="string_234" HPOS="664" VPOS="1256" WIDTH="52" HEIGHT="20" WC="0.93" CONTENT="eller"/><SP WIDTH="14" VPOS="1256" HPOS="716"/>
							<String ID="string_235" HPOS="730" VPOS="1256" WIDTH="116" HEIGHT="25" WC="0.92" CONTENT="skadande,"/>
						</TextLine>
						<TextLine ID="line_29" HPOS="97" VPOS="1289" WIDTH="749" HEIGHT="29">
							<String ID="string_236" HPOS="97" VPOS="1294" WIDTH="51" HEIGHT="17" WC="0.95" CONTENT="utan"/><SP WIDTH="17" VPOS="1294" HPOS="148"/>
							<String ID="string_237" HPOS="165" VPOS="1291" WIDTH="48" HEIGHT="26" WC="0.95" CONTENT="laga"/><SP WIDTH="16" VPOS="1291" HPOS="213"/>
							<String ID="string_238" HPOS="229" VPOS="1293" WIDTH="47" HEIGHT="25" WC="0.96" CONTENT="rätt,"/><SP WIDTH="17" VPOS="1293" HPOS="276"/>
							<String ID="string_239" HPOS="293" VPOS="1291" WIDTH="24" HEIGHT="20" WC="0.96" CONTENT="af"/><SP WIDTH="12" VPOS="1291" HPOS="317"/>
							<String ID="string_240" HPOS="329" VPOS="1297" WIDTH="80" HEIGHT="14" WC="0.96" CONTENT="annans"/><SP WIDTH="16" VPOS="1297" HPOS="409"/>
							<String ID="string_241" HPOS="425" VPOS="1290" WIDTH="45" HEIGHT="20" WC="0.96" CONTENT="lösa"/><SP WIDTH="16" VPOS="1290" HPOS="470"/>
							<String ID="string_242" HPOS="486" VPOS="1291" WIDTH="51" HEIGHT="20" WC="0.96" CONTENT="eller"/><SP WIDTH="16" VPOS="1291" HPOS="537"/>
							<String ID="string_243" HPOS="553" VPOS="1291" WIDTH="53" HEIGHT="20" WC="0.96" CONTENT="fasta"/><SP WIDTH="15" VPOS="1291" HPOS="606"/>
							<String ID="string_244" HPOS="621" VPOS="1291" WIDTH="59" HEIGHT="25" WC="0.93" CONTENT="gods,"/><SP WIDTH="15" VPOS="1291" HPOS="680"/>
							<String ID="string_245" HPOS="695" VPOS="1291" WIDTH="87" HEIGHT="19" WC="0.92" CONTENT="hvarom"/><SP WIDTH="16" VPOS="1291" HPOS="782"/>
							<String ID="string_246" HPOS="798" VPOS="1289" WIDTH="48" HEIGHT="21" WC="0.96" CONTENT="icke"/>
						</TextLine>
						<TextLine ID="line_30" HPOS="94" VPOS="1324" WIDTH="750" HEIGHT="26">
							<String ID="string_247" HPOS="94" VPOS="1325" WIDTH="141" HEIGHT="20" WC="0.94" CONTENT="annorstädes"/><SP WIDTH="15" VPOS="1325" HPOS="235"/>
							<String ID="string_248" HPOS="250" VPOS="1325" WIDTH="7" HEIGHT="19" WC="0.96" CONTENT="i"/><SP WIDTH="16" VPOS="1325" HPOS="257"/>
							<String ID="string_249" HPOS="273" VPOS="1325" WIDTH="34" HEIGHT="25" WC="0.96" CONTENT="lag"/><SP WIDTH="16" VPOS="1325" HPOS="307"/>
							<String ID="string_250" HPOS="323" VPOS="1327" WIDTH="24" HEIGHT="17" WC="0.93" CONTENT="är"/><SP WIDTH="15" VPOS="1327" HPOS="347"/>
							<String ID="string_251" HPOS="362" VPOS="1325" WIDTH="104" HEIGHT="25" WC="0.89" CONTENT="stadgadt,"/><SP WIDTH="17" VPOS="1325" HPOS="466"/>
							<String ID="string_252" HPOS="483" VPOS="1325" WIDTH="71" HEIGHT="19" WC="0.96" CONTENT="dömes"/><SP WIDTH="17" VPOS="1325" HPOS="554"/>
							<String ID="string_253" HPOS="571" VPOS="1325" WIDTH="39" HEIGHT="19" WC="0.96" CONTENT="den"/><SP WIDTH="16" VPOS="1325" HPOS="610"/>
							<String ID="string_254" HPOS="626" VPOS="1324" WIDTH="99" HEIGHT="25" WC="0.96" CONTENT="skyldige"/><SP WIDTH="15" VPOS="1324" HPOS="725"/>
							<String ID="string_255" HPOS="740" VPOS="1324" WIDTH="32" HEIGHT="19" WC="0.96" CONTENT="till"/><SP WIDTH="13" VPOS="1324" HPOS="772"/>
							<String ID="string_256" HPOS="785" VPOS="1324" WIDTH="59" HEIGHT="19" WC="0.96" CONTENT="böter"/>
						</TextLine>
						<TextLine ID="line_31" HPOS="96" VPOS="1357" WIDTH="748" HEIGHT="28">
							<String ID="string_257" HPOS="96" VPOS="1359" WIDTH="63" HEIGHT="26" WC="0.95" CONTENT="högst"/><SP WIDTH="18" VPOS="1359" HPOS="159"/>
							<String ID="string_258" HPOS="177" VPOS="1358" WIDTH="124" HEIGHT="20" WC="0.96" CONTENT="femhundra"/><SP WIDTH="19" VPOS="1358" HPOS="301"/>
							<String ID="string_259" HPOS="320" VPOS="1358" WIDTH="59" HEIGHT="19" WC="0.96" CONTENT="mark"/><SP WIDTH="20" VPOS="1358" HPOS="379"/>
							<String ID="string_260" HPOS="399" VPOS="1358" WIDTH="52" HEIGHT="19" WC="0.94" CONTENT="eller"/><SP WIDTH="15" VPOS="1358" HPOS="451"/>
							<String ID="string_261" HPOS="466" VPOS="1358" WIDTH="94" HEIGHT="25" WC="0.96" CONTENT="fängelse"/><SP WIDTH="16" VPOS="1358" HPOS="560"/>
							<String ID="string_262" HPOS="576" VPOS="1359" WIDTH="18" HEIGHT="24" WC="0.96" CONTENT="ej"/><SP WIDTH="17" VPOS="1359" HPOS="594"/>
							<String ID="string_263" HPOS="611" VPOS="1358" WIDTH="58" HEIGHT="19" WC="0.96" CONTENT="öfver"/><SP WIDTH="15" VPOS="1358" HPOS="669"/>
							<String ID="string_264" HPOS="684" VPOS="1364" WIDTH="37" HEIGHT="13" WC="0.95" CONTENT="sex"/><SP WIDTH="16" VPOS="1364" HPOS="721"/>
							<String ID="string_265" HPOS="737" VPOS="1357" WIDTH="107" HEIGHT="20" WC="0.96" CONTENT="månader."/>
						</TextLine>
					</TextBlock>
					<TextBlock ID="block_9" HPOS="95" VPOS="1388" WIDTH="749" HEIGHT="63">
						<TextLine ID="line_32" HPOS="167" VPOS="1388" WIDTH="677" HEIGHT="29">
							<String ID="string_266" HPOS="167" VPOS="1388" WIDTH="29" HEIGHT="23" WC="0.96" CONTENT="Är"/><SP WIDTH="23" VPOS="1388" HPOS="196"/>
							<String ID="string_267" HPOS="219" VPOS="1391" WIDTH="80" HEIGHT="21" WC="0.96" CONTENT="skadan"/><SP WIDTH="25" VPOS="1391" HPOS="299"/>
							<String ID="string_268" HPOS="324" VPOS="1392" WIDTH="69" HEIGHT="25" WC="0.93" CONTENT="ringa;"/><SP WIDTH="23" VPOS="1392" HPOS="393"/>
							<String ID="string_269" HPOS="416" VPOS="1391" WIDTH="73" HEIGHT="26" WC="0.91" CONTENT="pröfve"/><SP WIDTH="24" VPOS="1391" HPOS="489"/>
							<String ID="string_270" HPOS="513" VPOS="1391" WIDTH="105" HEIGHT="25" WC="0.96" CONTENT="domaren,"/><SP WIDTH="16" VPOS="1391" HPOS="618"/>
							<String ID="string_271" HPOS="634" VPOS="1397" WIDTH="33" HEIGHT="14" WC="0.96" CONTENT="om"/><SP WIDTH="16" VPOS="1397" HPOS="667"/>
							<String ID="string_272" HPOS="683" VPOS="1391" WIDTH="32" HEIGHT="20" WC="0.95" CONTENT="till"/><SP WIDTH="16" VPOS="1391" HPOS="715"/>
							<String ID="string_273" HPOS="731" VPOS="1393" WIDTH="72" HEIGHT="24" WC="0.96" CONTENT="annat,"/><SP WIDTH="15" VPOS="1393" HPOS="803"/>
							<String ID="string_274" HPOS="818" VPOS="1394" WIDTH="26" HEIGHT="17" WC="0.96" CONTENT="än"/>
						</TextLine>
						<TextLine ID="line_33" HPOS="95" VPOS="1425" WIDTH="282" HEIGHT="26">
							<String ID="string_275" HPOS="95" VPOS="1426" WIDTH="137" HEIGHT="25" WC="0.96" CONTENT="skadestånd,"/><SP WIDTH="17" VPOS="1426" HPOS="232"/>
							<String ID="string_276" HPOS="249" VPOS="1425" WIDTH="32" HEIGHT="21" WC="0.95" CONTENT="må"/><SP WIDTH="17" VPOS="1425" HPOS="281"/>
							<String ID="string_277" HPOS="298" VPOS="1426" WIDTH="79" HEIGHT="20" WC="0.96" CONTENT="dömas."/>
						</TextLine>
					</TextBlock>
				</ComposedBlock>
				<GraphicalElement ID="cblock_5" HPOS="1017" VPOS="2" WIDTH="11" HEIGHT="648"></GraphicalElement >
			</PrintSpace>
		</Page>
	</Layout>
</alto>
