1017 1706
213 146 41 22 182
406 146 65 23 Ständ.
487 145 31 23 Sv.
534 158 27 3 —
577 146 55 28 Prop.
648 145 31 23 N:o
695 146 15 22 1.

183 212 104 27 Kejsaren
302 212 39 21 och
356 211 141 22 Storfurstens
517 212 230 26 befallningshafvande
766 211 108 26 tillkallar,
889 216 49 16 men

184 246 19 27 ej
219 246 74 22 andra.

253 281 13 21 5
281 282 20 25 8.
331 280 122 22 Dödsstraff
465 280 125 22 verkställes
606 286 75 21 genom
696 280 157 27 halshuggning
864 279 13 21 å
886 279 52 21 häk-

183 316 43 20 tets
240 316 52 26 gård
307 315 53 21 eller
374 314 70 22 sluten
459 314 55 27 plats
529 315 7 21 i
551 315 102 21 närheten
667 314 23 22 af
703 314 82 22 häktet.
814 314 68 21 Innan
897 314 41 21 den

184 349 78 21 dömde
283 350 81 20 utföres
386 349 34 21 till
440 349 168 27 afrättsplatsen;
630 349 64 21 varde
709 349 77 21 domen
801 348 37 21 der
853 348 85 27 uppläst

184 384 34 21 för
233 384 26 21 de
274 384 126 20 tillkallade.

252 418 43 21 Vill
317 418 41 21 den
381 418 81 26 dömde,
486 418 63 21 innan
569 418 43 20 han
628 417 79 21 utföres
722 417 34 21 till
771 416 166 27 afrättsplatsen,

185 452 60 27 njuta
260 453 70 26 någon
345 451 76 28 dryck;
445 458 50 15 vare
510 452 35 21 det
560 452 78 21 honom
653 452 46 21 icke
715 451 125 27 förmenadt,
856 457 48 15 men
920 451 18 26 ej

185 487 36 22 må
235 487 77 21 honom
327 486 79 22 tillåtas
421 487 32 21 att
468 486 76 22 berusa
560 487 37 26 sig.

253 521 48 21 Den
316 521 116 21 afrättades
447 521 67 26 kropp
535 521 54 22 skall
603 521 13 21 å
631 520 190 27 begrafningsplats
836 520 7 21 i
859 520 80 21 stillhet

183 555 123 28 jordfästas.

254 590 13 21 6
282 589 19 27 8.
329 589 45 22 När
389 589 102 22 dödsdom
507 592 23 19 är
545 589 112 26 verkstäld,
669 589 38 21 bör
718 589 102 27 Kejsaren
831 589 39 21 och
881 589 57 21 Stor-

185 625 92 21 furstens
293 624 231 27 befallningshafvande
539 624 106 21 inberätta
661 624 72 21 derom
748 623 33 22 till
797 623 97 22 Senaten.

516 731 16 20 2
545 732 67 23 Kap.

293 779 94 24 Allmänna
402 779 124 24 föreskrifter
541 778 117 25 beträffande
674 778 157 24 frihetsstraffen.

256 837 45 28 18.
331 838 63 26 Hvar,
418 843 46 16 som
485 837 70 22 blifvit
577 837 63 21 dömd
662 837 33 21 till
715 836 142 27 frihetsstraff,
877 836 61 27 skall,

187 872 65 21 sedan
268 872 76 21 domen
359 873 74 20 vunnit
448 872 48 27 laga
510 871 64 27 kraft,
584 873 53 20 utan
648 871 100 27 dröjsmål
757 870 181 23 insättas
849 866 10 37 i
870 870 68 23 straff-

186 907 86 21 anstalt.

253 936 31 26 Är
306 941 41 21 den
370 941 75 21 dömde
460 940 80 28 häktad
564 940 39 22 och
622 940 58 26 nöjes
700 940 42 20 han
757 940 23 20 åt
795 940 87 25 domen;
904 940 35 20 må

186 975 48 26 han,
257 974 56 22 ändå
335 976 31 20 att
388 975 41 21 den
451 974 69 22 blifvit
542 974 23 22 af
583 980 70 15 annan
668 973 143 27 öfverklagad,
827 974 49 20 med
892 975 47 25 eget

185 1009 108 27 samtycke
307 1011 75 25 genast
396 1009 110 21 befordras
526 1008 32 22 till
576 1008 149 26 undergående
740 1008 22 21 af
775 1007 163 22 frihetsstraffet.

186 1043 58 22 Leda
263 1044 104 21 besvären
390 1044 58 21 öfver
468 1044 76 21 domen
567 1043 32 21 till
621 1042 88 28 ändring
724 1042 23 22 af
761 1042 36 22 det
812 1042 66 26 straff,
894 1048 45 16 som

185 1079 57 21 varit
257 1078 40 22 den
312 1078 95 27 skyldige
422 1078 97 26 ådömdt;
534 1078 56 22 skall
604 1078 41 21 den
659 1077 38 27 tid,
712 1078 42 20 han
770 1077 117 22 emellertid
894 1078 45 20 hål-

185 1113 36 21 lits
235 1113 34 21 till
283 1112 92 22 straffets
388 1113 156 27 undergående,
559 1113 35 21 vid
610 1112 186 26 verkställigheten
811 1111 77 22 räknas
902 1112 38 21 ho-

185 1153 50 15 vom
250 1147 33 21 till
297 1147 56 27 godo
369 1148 39 21 och
423 1148 79 26 dervid,
517 1148 7 20 i
541 1146 99 22 händelse
655 1147 89 26 ändring
754 1146 79 27 jemväl
848 1146 7 21 i
871 1146 69 22 straff-

186 1183 62 20 arten
262 1182 123 26 meddelats,
401 1183 106 25 iakttagas
522 1182 55 21 hvad
592 1182 8 20 i
614 1180 123 28 strafflagen
753 1182 86 26 stadgas
850 1188 35 15 om
894 1181 46 22 fän-

185 1216 152 27 gelsestraffets
353 1216 113 27 öfvergång
481 1216 33 22 till
532 1215 154 22 tukthusstraff.

254 1250 25 26 Ej
295 1251 34 20 må
345 1251 47 24 den,
408 1256 45 14 som
468 1250 70 20 blifvit
553 1250 161 25 sinnesrubbad,
729 1250 111 20 befordras
855 1250 33 20 till
902 1256 38 13 un-

187 1283 120 27 dergående
321 1283 24 21 af
358 1282 142 26 frihetsstraff,
515 1283 64 21 innan
594 1282 42 21 han
650 1282 131 21 tillfrisknat.

255 1317 46 27 28.
331 1316 39 22 Tid
388 1316 34 22 för
442 1316 87 22 ådömdt
547 1315 134 23 frihetsstraff
702 1317 79 21 räknas
797 1316 52 22 efter
863 1316 56 22 hvad
934 1316 7 21 i

186 1351 125 28 strafflagen
326 1354 55 24 sägs,
396 1353 55 20 samt
466 1351 48 22 från
529 1352 39 21 och
583 1351 49 21 med
647 1351 40 21 den
703 1351 46 27 dag,
766 1350 27 22 då
809 1350 40 22 den
864 1350 76 22 dömde

185 1386 124 22 ankommer
324 1386 33 22 till
371 1386 174 22 straffanstalten.

254 1416 30 27 Är
299 1420 91 23 strafftid
412 1422 68 20 utsatt
495 1421 7 21 i
522 1420 24 22 år
561 1420 52 22 eller
627 1420 86 26 månad;
736 1420 56 22 skall
807 1420 42 22 den
865 1420 75 21 dömde

185 1455 96 28 frigifvas
297 1456 12 21 å
323 1456 47 26 dag,
386 1461 45 16 som
449 1461 76 20 genom
547 1455 31 21 sin
597 1460 96 15 nummer
707 1455 8 20 i
729 1454 105 22 månaden
849 1455 91 21 motsva-
