<?xml version="1.0" encoding="UTF-8"?>
<alto xmlns="http://www.loc.gov/standards/alto/ns-v3#" xmlns:xlink="http://www.w3.org/1999/xlink" xmlns:xsi="http://www.w3.org/2001/XMLSchema-instance" xsi:schemaLocation="http://www.loc.gov/standards/alto/ns-v3# http://www.loc.gov/alto/v3/alto-3-0.xsd">
	<Description>
		<MeasurementUnit>pixel</MeasurementUnit>
		<sourceImageInformation>
			<fileName>/tmp/tess_uya1u0ey_input.PNG</fileName>
		</sourceImageInformation>
		<OCRProcessing ID="OCR_0">
			<ocrProcessingStep>
				<processingSoftware>
					<softwareName>tesseract 5.3.4</softwareName>
				</processingSoftware>
			</ocrProcessingStep>
		</OCRProcessing>
	</Description>
	<Layout>
		<Page WIDTH="1025" HEIGHT="1706" PHYSICAL_IMG_NR="0" ID="page_0">
			<PrintSpace HPOS="0" VPOS="0" WIDTH="1025" HEIGHT="1706">
				<ComposedBlock ID="cblock_0" HPOS="221" VPOS="139" WIDTH="474" HEIGHT="33">
					<TextBlock ID="block_0" HPOS="221" VPOS="139" WIDTH="474" HEIGHT="33">
						<TextLine ID="line_0" HPOS="221" VPOS="139" WIDTH="474" HEIGHT="33">
							<String ID="string_0" HPOS="221" VPOS="139" WIDTH="27" HEIGHT="33" WC="0.96" CONTENT="56"/><SP WIDTH="207" VPOS="139" HPOS="248"/>
							<String ID="string_1" HPOS="455" VPOS="142" WIDTH="22" HEIGHT="18" WC="0.88" CONTENT="U."/><SP WIDTH="12" VPOS="142" HPOS="477"/>
							<String ID="string_2" HPOS="489" VPOS="141" WIDTH="21" HEIGHT="19" WC="0.91" CONTENT="B."/><SP WIDTH="13" VPOS="141" HPOS="510"/>
							<String ID="string_3" HPOS="523" VPOS="151" WIDTH="21" HEIGHT="3" WC="0.90" CONTENT="—"/><SP WIDTH="12" VPOS="151" HPOS="544"/>
							<String ID="string_4" HPOS="556" VPOS="141" WIDTH="62" HEIGHT="23" WC="0.95" CONTENT="Prop."/><SP WIDTH="12" VPOS="141" HPOS="618"/>
							<String ID="string_5" HPOS="630" VPOS="139" WIDTH="37" HEIGHT="19" WC="0.94" CONTENT="N:o"/><SP WIDTH="11" VPOS="139" HPOS="667"/>
							<String ID="string_6" HPOS="678" VPOS="140" WIDTH="17" HEIGHT="18" WC="0.94" CONTENT="1."/>
						</TextLine>
					</TextBlock>
				</ComposedBlock>
				<ComposedBlock ID="cblock_1" HPOS="62" VPOS="196" WIDTH="895" HEIGHT="1289">
					<TextBlock ID="block_1" HPOS="62" VPOS="196" WIDTH="891" HEIGHT="336">
						<TextLine ID="line_1" HPOS="62" VPOS="196" WIDTH="889" HEIGHT="28">
							<String ID="string_7" HPOS="62" VPOS="201" WIDTH="46" HEIGHT="19" WC="0.46" CONTENT="Str,"/><SP WIDTH="7" VPOS="201" HPOS="108"/>
							<String ID="string_8" HPOS="115" VPOS="201" WIDTH="25" HEIGHT="17" WC="0.96" CONTENT="20"/><SP WIDTH="7" VPOS="201" HPOS="140"/>
							<String ID="string_9" HPOS="147" VPOS="202" WIDTH="45" HEIGHT="21" WC="0.96" CONTENT="Kap."/><SP WIDTH="7" VPOS="202" HPOS="192"/>
							<String ID="string_10" HPOS="199" VPOS="200" WIDTH="30" HEIGHT="20" WC="0.96" CONTENT="nit"/><SP WIDTH="14" VPOS="200" HPOS="229"/>
							<String ID="string_11" HPOS="243" VPOS="200" WIDTH="44" HEIGHT="19" WC="0.96" CONTENT="skäl"/><SP WIDTH="15" VPOS="200" HPOS="287"/>
							<String ID="string_12" HPOS="302" VPOS="202" WIDTH="29" HEIGHT="17" WC="0.96" CONTENT="att"/><SP WIDTH="15" VPOS="202" HPOS="331"/>
							<String ID="string_13" HPOS="346" VPOS="200" WIDTH="83" HEIGHT="19" WC="0.96" CONTENT="omfatta"/><SP WIDTH="10" VPOS="200" HPOS="429"/>
							<String ID="string_14" HPOS="439" VPOS="199" WIDTH="54" HEIGHT="19" WC="0.97" CONTENT="detta"/><SP WIDTH="10" VPOS="199" HPOS="493"/>
							<String ID="string_15" HPOS="503" VPOS="199" WIDTH="80" HEIGHT="25" WC="0.93" CONTENT="förslag,"/><SP WIDTH="11" VPOS="199" HPOS="583"/>
							<String ID="string_16" HPOS="594" VPOS="198" WIDTH="123" HEIGHT="20" WC="0.92" CONTENT="alldenstund"/><SP WIDTH="10" VPOS="198" HPOS="717"/>
							<String ID="string_17" HPOS="727" VPOS="200" WIDTH="29" HEIGHT="17" WC="0.96" CONTENT="ett"/><SP WIDTH="10" VPOS="200" HPOS="756"/>
							<String ID="string_18" HPOS="766" VPOS="198" WIDTH="22" HEIGHT="19" WC="0.96" CONTENT="så"/><SP WIDTH="9" VPOS="198" HPOS="788"/>
							<String ID="string_19" HPOS="797" VPOS="198" WIDTH="77" HEIGHT="24" WC="0.96" CONTENT="strängt"/><SP WIDTH="10" VPOS="198" HPOS="874"/>
							<String ID="string_20" HPOS="884" VPOS="196" WIDTH="67" HEIGHT="26" WC="0.96" CONTENT="straff,"/>
						</TextLine>
						<TextLine ID="line_2" HPOS="199" VPOS="230" WIDTH="753" HEIGHT="28">
							<String ID="string_21" HPOS="199" VPOS="240" WIDTH="41" HEIGHT="14" WC="0.96" CONTENT="som"/><SP WIDTH="17" VPOS="240" HPOS="240"/>
							<String ID="string_22" HPOS="257" VPOS="234" WIDTH="33" HEIGHT="19" WC="0.96" CONTENT="det"/><SP WIDTH="14" VPOS="234" HPOS="290"/>
							<String ID="string_23" HPOS="304" VPOS="234" WIDTH="8" HEIGHT="19" WC="0.96" CONTENT="i"/><SP WIDTH="14" VPOS="234" HPOS="312"/>
							<String ID="string_24" HPOS="326" VPOS="235" WIDTH="105" HEIGHT="18" WC="0.96" CONTENT="momentet"/><SP WIDTH="14" VPOS="235" HPOS="431"/>
							<String ID="string_25" HPOS="445" VPOS="235" WIDTH="79" HEIGHT="23" WC="0.95" CONTENT="utsatta,"/><SP WIDTH="17" VPOS="235" HPOS="524"/>
							<String ID="string_26" HPOS="541" VPOS="233" WIDTH="50" HEIGHT="19" WC="0.93" CONTENT="efter"/><SP WIDTH="15" VPOS="233" HPOS="591"/>
							<String ID="string_27" HPOS="606" VPOS="232" WIDTH="144" HEIGHT="20" WC="0.91" CONTENT="utelemnandet"/><SP WIDTH="14" VPOS="232" HPOS="750"/>
							<String ID="string_28" HPOS="764" VPOS="232" WIDTH="22" HEIGHT="19" WC="0.96" CONTENT="af"/><SP WIDTH="13" VPOS="232" HPOS="786"/>
							<String ID="string_29" HPOS="799" VPOS="230" WIDTH="153" HEIGHT="27" WC="0.96" CONTENT="ifrågavarande"/>
						</TextLine>
						<TextLine ID="line_3" HPOS="198" VPOS="266" WIDTH="751" HEIGHT="27">
							<String ID="string_30" HPOS="198" VPOS="268" WIDTH="110" HEIGHT="25" WC="0.87" CONTENT="betingelse"/><SP WIDTH="17" VPOS="268" HPOS="308"/>
							<String ID="string_31" HPOS="325" VPOS="268" WIDTH="46" HEIGHT="19" WC="0.96" CONTENT="icke"/><SP WIDTH="17" VPOS="268" HPOS="371"/>
							<String ID="string_32" HPOS="388" VPOS="274" WIDTH="48" HEIGHT="13" WC="0.93" CONTENT="vore"/><SP WIDTH="17" VPOS="274" HPOS="436"/>
							<String ID="string_33" HPOS="453" VPOS="267" WIDTH="123" HEIGHT="20" WC="0.92" CONTENT="motiveradt."/><SP WIDTH="30" VPOS="267" HPOS="576"/>
							<String ID="string_34" HPOS="606" VPOS="266" WIDTH="43" HEIGHT="20" WC="0.96" CONTENT="Den"/><SP WIDTH="19" VPOS="266" HPOS="649"/>
							<String ID="string_35" HPOS="668" VPOS="266" WIDTH="44" HEIGHT="19" WC="0.95" CONTENT="nåd."/><SP WIDTH="16" VPOS="266" HPOS="712"/>
							<String ID="string_36" HPOS="728" VPOS="272" WIDTH="55" HEIGHT="19" WC="0.92" CONTENT="prop."/><SP WIDTH="16" VPOS="272" HPOS="783"/>
							<String ID="string_37" HPOS="799" VPOS="266" WIDTH="150" HEIGHT="19" WC="0.91" CONTENT="öfverensstäm-"/>
						</TextLine>
						<TextLine ID="line_4" HPOS="199" VPOS="299" WIDTH="752" HEIGHT="28">
							<String ID="string_38" HPOS="199" VPOS="308" WIDTH="41" HEIGHT="14" WC="0.96" CONTENT="mer"/><SP WIDTH="14" VPOS="308" HPOS="240"/>
							<String ID="string_39" HPOS="254" VPOS="302" WIDTH="32" HEIGHT="19" WC="0.95" CONTENT="för"/><SP WIDTH="14" VPOS="302" HPOS="286"/>
							<String ID="string_40" HPOS="300" VPOS="302" WIDTH="61" HEIGHT="25" WC="0.93" CONTENT="öfrigt"/><SP WIDTH="14" VPOS="302" HPOS="361"/>
							<String ID="string_41" HPOS="375" VPOS="302" WIDTH="117" HEIGHT="19" WC="0.92" CONTENT="härutinnan"/><SP WIDTH="15" VPOS="302" HPOS="492"/>
							<String ID="string_42" HPOS="507" VPOS="301" WIDTH="43" HEIGHT="19" WC="0.96" CONTENT="med"/><SP WIDTH="17" VPOS="301" HPOS="550"/>
							<String ID="string_43" HPOS="567" VPOS="301" WIDTH="24" HEIGHT="19" WC="0.95" CONTENT="15"/><SP WIDTH="11" VPOS="301" HPOS="591"/>
							<String ID="string_44" HPOS="602" VPOS="301" WIDTH="13" HEIGHT="26" WC="0.67" CONTENT="8"/><SP WIDTH="10" VPOS="301" HPOS="615"/>
							<String ID="string_45" HPOS="625" VPOS="301" WIDTH="7" HEIGHT="19" WC="0.93" CONTENT="i"/><SP WIDTH="10" VPOS="301" HPOS="632"/>
							<String ID="string_46" HPOS="642" VPOS="300" WIDTH="113" HEIGHT="26" WC="0.96" CONTENT="Kejserliga"/><SP WIDTH="9" VPOS="300" HPOS="755"/>
							<String ID="string_47" HPOS="764" VPOS="300" WIDTH="139" HEIGHT="25" WC="0.96" CONTENT="förordningen"/><SP WIDTH="11" VPOS="300" HPOS="903"/>
							<String ID="string_48" HPOS="914" VPOS="299" WIDTH="37" HEIGHT="19" WC="0.96" CONTENT="den"/>
						</TextLine>
						<TextLine ID="line_5" HPOS="200" VPOS="334" WIDTH="753" HEIGHT="27">
							<String ID="string_49" HPOS="200" VPOS="336" WIDTH="27" HEIGHT="20" WC="0.95" CONTENT="26"/><SP WIDTH="15" VPOS="336" HPOS="227"/>
							<String ID="string_50" HPOS="242" VPOS="336" WIDTH="113" HEIGHT="20" WC="0.96" CONTENT="November"/><SP WIDTH="19" VPOS="336" HPOS="355"/>
							<String ID="string_51" HPOS="374" VPOS="336" WIDTH="53" HEIGHT="19" WC="0.96" CONTENT="1866"/><SP WIDTH="20" VPOS="336" HPOS="427"/>
							<String ID="string_52" HPOS="447" VPOS="336" WIDTH="98" HEIGHT="25" WC="0.96" CONTENT="angående"/><SP WIDTH="16" VPOS="336" HPOS="545"/>
							<String ID="string_53" HPOS="561" VPOS="335" WIDTH="115" HEIGHT="20" WC="0.93" CONTENT="barnamord"/><SP WIDTH="15" VPOS="335" HPOS="676"/>
							<String ID="string_54" HPOS="691" VPOS="342" WIDTH="24" HEIGHT="12" WC="0.96" CONTENT="m."/><SP WIDTH="16" VPOS="342" HPOS="715"/>
							<String ID="string_55" HPOS="731" VPOS="341" WIDTH="25" HEIGHT="13" WC="0.92" CONTENT="m."/><SP WIDTH="30" VPOS="341" HPOS="756"/>
							<String ID="string_56" HPOS="786" VPOS="334" WIDTH="93" HEIGHT="20" WC="0.87" CONTENT="Deremot"/><SP WIDTH="14" VPOS="334" HPOS="879"/>
							<String ID="string_57" HPOS="893" VPOS="340" WIDTH="60" HEIGHT="13" WC="0.96" CONTENT="anser"/>
						</TextLine>
						<TextLine ID="line_6" HPOS="200" VPOS="368" WIDTH="751" HEIGHT="26">
							<String ID="string_58" HPOS="200" VPOS="370" WIDTH="103" HEIGHT="20" WC="0.96" CONTENT="Utskottet"/><SP WIDTH="18" VPOS="370" HPOS="303"/>
							<String ID="string_59" HPOS="321" VPOS="370" WIDTH="34" HEIGHT="20" WC="0.96" CONTENT="det"/><SP WIDTH="17" VPOS="370" HPOS="355"/>
							<String ID="string_60" HPOS="372" VPOS="370" WIDTH="48" HEIGHT="20" WC="0.96" CONTENT="böra"/><SP WIDTH="18" VPOS="370" HPOS="420"/>
							<String ID="string_61" HPOS="438" VPOS="370" WIDTH="20" HEIGHT="20" WC="0.96" CONTENT="få"/><SP WIDTH="18" VPOS="370" HPOS="458"/>
							<String ID="string_62" HPOS="476" VPOS="370" WIDTH="46" HEIGHT="19" WC="0.96" CONTENT="bero"/><SP WIDTH="19" VPOS="370" HPOS="522"/>
							<String ID="string_63" HPOS="541" VPOS="370" WIDTH="22" HEIGHT="19" WC="0.96" CONTENT="af"/><SP WIDTH="17" VPOS="370" HPOS="563"/>
							<String ID="string_64" HPOS="580" VPOS="369" WIDTH="145" HEIGHT="20" WC="0.96" CONTENT="vederbörande"/><SP WIDTH="16" VPOS="369" HPOS="725"/>
							<String ID="string_65" HPOS="741" VPOS="369" WIDTH="103" HEIGHT="19" WC="0.93" CONTENT="målsmans"/><SP WIDTH="15" VPOS="369" HPOS="844"/>
							<String ID="string_66" HPOS="859" VPOS="368" WIDTH="92" HEIGHT="26" WC="0.90" CONTENT="pröfning"/>
						</TextLine>
						<TextLine ID="line_7" HPOS="200" VPOS="402" WIDTH="751" HEIGHT="28">
							<String ID="string_67" HPOS="200" VPOS="404" WIDTH="98" HEIGHT="21" WC="0.77" CONTENT="huruvida"/><SP WIDTH="14" VPOS="404" HPOS="298"/>
							<String ID="string_68" HPOS="312" VPOS="405" WIDTH="41" HEIGHT="19" WC="0.95" CONTENT="åtal"/><SP WIDTH="14" VPOS="405" HPOS="353"/>
							<String ID="string_69" HPOS="367" VPOS="404" WIDTH="7" HEIGHT="19" WC="0.96" CONTENT="i"/><SP WIDTH="15" VPOS="404" HPOS="374"/>
							<String ID="string_70" HPOS="389" VPOS="411" WIDTH="25" HEIGHT="12" WC="0.95" CONTENT="nu"/><SP WIDTH="15" VPOS="411" HPOS="414"/>
							<String ID="string_71" HPOS="429" VPOS="404" WIDTH="150" HEIGHT="26" WC="0.96" CONTENT="ifrågavarande"/><SP WIDTH="15" VPOS="404" HPOS="579"/>
							<String ID="string_72" HPOS="594" VPOS="404" WIDTH="36" HEIGHT="19" WC="0.96" CONTENT="fall"/><SP WIDTH="15" VPOS="404" HPOS="630"/>
							<String ID="string_73" HPOS="645" VPOS="404" WIDTH="31" HEIGHT="19" WC="0.93" CONTENT="mä"/><SP WIDTH="16" VPOS="404" HPOS="676"/>
							<String ID="string_74" HPOS="692" VPOS="410" WIDTH="36" HEIGHT="19" WC="0.91" CONTENT="ega"/><SP WIDTH="15" VPOS="410" HPOS="728"/>
							<String ID="string_75" HPOS="743" VPOS="410" WIDTH="42" HEIGHT="12" WC="0.96" CONTENT="rum"/><SP WIDTH="16" VPOS="410" HPOS="785"/>
							<String ID="string_76" HPOS="801" VPOS="402" WIDTH="48" HEIGHT="20" WC="0.94" CONTENT="eller"/><SP WIDTH="16" VPOS="402" HPOS="849"/>
							<String ID="string_77" HPOS="865" VPOS="402" WIDTH="23" HEIGHT="26" WC="0.93" CONTENT="ej,"/><SP WIDTH="13" VPOS="402" HPOS="888"/>
							<String ID="string_78" HPOS="901" VPOS="408" WIDTH="50" HEIGHT="14" WC="0.93" CONTENT="eme-"/>
						</TextLine>
						<TextLine ID="line_8" HPOS="201" VPOS="436" WIDTH="751" HEIGHT="26">
							<String ID="string_79" HPOS="201" VPOS="440" WIDTH="36" HEIGHT="19" WC="0.96" CONTENT="dan"/><SP WIDTH="19" VPOS="440" HPOS="237"/>
							<String ID="string_80" HPOS="256" VPOS="439" WIDTH="69" HEIGHT="19" WC="0.96" CONTENT="sådant"/><SP WIDTH="19" VPOS="439" HPOS="325"/>
							<String ID="string_81" HPOS="344" VPOS="439" WIDTH="41" HEIGHT="19" WC="0.95" CONTENT="åtal"/><SP WIDTH="18" VPOS="439" HPOS="385"/>
							<String ID="string_82" HPOS="403" VPOS="439" WIDTH="90" HEIGHT="19" WC="0.96" CONTENT="stundom"/><SP WIDTH="17" VPOS="439" HPOS="493"/>
							<String ID="string_83" HPOS="510" VPOS="438" WIDTH="38" HEIGHT="20" WC="0.96" CONTENT="kan"/><SP WIDTH="18" VPOS="438" HPOS="548"/>
							<String ID="string_84" HPOS="566" VPOS="438" WIDTH="88" HEIGHT="20" WC="0.96" CONTENT="medföra"/><SP WIDTH="14" VPOS="438" HPOS="654"/>
							<String ID="string_85" HPOS="668" VPOS="438" WIDTH="31" HEIGHT="19" WC="0.96" CONTENT="för"/><SP WIDTH="15" VPOS="438" HPOS="699"/>
							<String ID="string_86" HPOS="714" VPOS="438" WIDTH="37" HEIGHT="19" WC="0.93" CONTENT="den"/><SP WIDTH="15" VPOS="438" HPOS="751"/>
							<String ID="string_87" HPOS="766" VPOS="437" WIDTH="90" HEIGHT="25" WC="0.91" CONTENT="lägrades"/><SP WIDTH="16" VPOS="437" HPOS="856"/>
							<String ID="string_88" HPOS="872" VPOS="436" WIDTH="80" HEIGHT="21" WC="0.96" CONTENT="framtid"/>
						</TextLine>
						<TextLine ID="line_9" HPOS="200" VPOS="472" WIDTH="751" HEIGHT="27">
							<String ID="string_89" HPOS="200" VPOS="474" WIDTH="24" HEIGHT="19" WC="0.96" CONTENT="de"/><SP WIDTH="16" VPOS="474" HPOS="224"/>
							<String ID="string_90" HPOS="240" VPOS="475" WIDTH="51" HEIGHT="18" WC="0.93" CONTENT="mest"/><SP WIDTH="18" VPOS="475" HPOS="291"/>
							<String ID="string_91" HPOS="309" VPOS="473" WIDTH="86" HEIGHT="25" WC="0.91" CONTENT="menliga"/><SP WIDTH="14" VPOS="473" HPOS="395"/>
							<String ID="string_92" HPOS="409" VPOS="473" WIDTH="78" HEIGHT="26" WC="0.96" CONTENT="följder,"/><SP WIDTH="16" VPOS="473" HPOS="487"/>
							<String ID="string_93" HPOS="503" VPOS="472" WIDTH="35" HEIGHT="20" WC="0.96" CONTENT="och"/><SP WIDTH="16" VPOS="472" HPOS="538"/>
							<String ID="string_94" HPOS="554" VPOS="472" WIDTH="36" HEIGHT="20" WC="0.91" CONTENT="har"/><SP WIDTH="14" VPOS="472" HPOS="590"/>
							<String ID="string_95" HPOS="604" VPOS="472" WIDTH="54" HEIGHT="26" WC="0.91" CONTENT="förty"/><SP WIDTH="15" VPOS="472" HPOS="658"/>
							<String ID="string_96" HPOS="673" VPOS="472" WIDTH="108" HEIGHT="26" WC="0.96" CONTENT="stadgande"/><SP WIDTH="15" VPOS="472" HPOS="781"/>
							<String ID="string_97" HPOS="796" VPOS="472" WIDTH="67" HEIGHT="20" WC="0.96" CONTENT="härom"/><SP WIDTH="15" VPOS="472" HPOS="863"/>
							<String ID="string_98" HPOS="878" VPOS="472" WIDTH="22" HEIGHT="19" WC="0.93" CONTENT="af"/><SP WIDTH="14" VPOS="472" HPOS="900"/>
							<String ID="string_99" HPOS="914" VPOS="472" WIDTH="37" HEIGHT="19" WC="0.92" CONTENT="Ut-"/>
						</TextLine>
						<TextLine ID="line_10" HPOS="201" VPOS="508" WIDTH="257" HEIGHT="24">
							<String ID="string_100" HPOS="201" VPOS="508" WIDTH="74" HEIGHT="19" WC="0.96" CONTENT="skottet"/><SP WIDTH="14" VPOS="508" HPOS="275"/>
							<String ID="string_101" HPOS="289" VPOS="508" WIDTH="69" HEIGHT="18" WC="0.93" CONTENT="blifvit"/><SP WIDTH="14" VPOS="508" HPOS="358"/>
							<String ID="string_102" HPOS="372" VPOS="508" WIDTH="86" HEIGHT="24" WC="0.91" CONTENT="tillagdt."/>
						</TextLine>
					</TextBlock>
					<TextBlock ID="block_2" HPOS="201" VPOS="540" WIDTH="753" HEIGHT="61">
						<TextLine ID="line_11" HPOS="269" VPOS="540" WIDTH="685" HEIGHT="29">
							<String ID="string_103" HPOS="269" VPOS="540" WIDTH="11" HEIGHT="22" WC="0.83" CONTENT="8"/><SP WIDTH="16" VPOS="540" HPOS="280"/>
							<String ID="string_104" HPOS="296" VPOS="540" WIDTH="18" HEIGHT="29" WC="0.81" CONTENT="8."/><SP WIDTH="30" VPOS="540" HPOS="314"/>
							<String ID="string_105" HPOS="344" VPOS="541" WIDTH="83" HEIGHT="19" WC="0.78" CONTENT="Straffet"/><SP WIDTH="18" VPOS="541" HPOS="427"/>
							<String ID="string_106" HPOS="445" VPOS="542" WIDTH="30" HEIGHT="19" WC="0.93" CONTENT="för"/><SP WIDTH="15" VPOS="542" HPOS="475"/>
							<String ID="string_107" HPOS="490" VPOS="541" WIDTH="104" HEIGHT="26" WC="0.91" CONTENT="lägersmål"/><SP WIDTH="14" VPOS="541" HPOS="594"/>
							<String ID="string_108" HPOS="608" VPOS="541" WIDTH="45" HEIGHT="19" WC="0.93" CONTENT="med"/><SP WIDTH="11" VPOS="541" HPOS="653"/>
							<String ID="string_109" HPOS="664" VPOS="541" WIDTH="64" HEIGHT="19" WC="0.93" CONTENT="afvita"/><SP WIDTH="15" VPOS="541" HPOS="728"/>
							<String ID="string_110" HPOS="743" VPOS="541" WIDTH="73" HEIGHT="25" WC="0.92" CONTENT="gvinna"/><SP WIDTH="15" VPOS="541" HPOS="816"/>
							<String ID="string_111" HPOS="831" VPOS="547" WIDTH="58" HEIGHT="19" WC="0.96" CONTENT="synes"/><SP WIDTH="16" VPOS="547" HPOS="889"/>
							<String ID="string_112" HPOS="905" VPOS="541" WIDTH="49" HEIGHT="19" WC="0.96" CONTENT="böra"/>
						</TextLine>
						<TextLine ID="line_12" HPOS="201" VPOS="575" WIDTH="565" HEIGHT="26">
							<String ID="string_113" HPOS="201" VPOS="575" WIDTH="55" HEIGHT="26" WC="0.96" CONTENT="höjas"/><SP WIDTH="16" VPOS="575" HPOS="256"/>
							<String ID="string_114" HPOS="272" VPOS="576" WIDTH="31" HEIGHT="19" WC="0.93" CONTENT="till"/><SP WIDTH="15" VPOS="576" HPOS="303"/>
							<String ID="string_115" HPOS="318" VPOS="575" WIDTH="83" HEIGHT="19" WC="0.91" CONTENT="tuktkus"/><SP WIDTH="14" VPOS="575" HPOS="401"/>
							<String ID="string_116" HPOS="415" VPOS="576" WIDTH="7" HEIGHT="18" WC="0.96" CONTENT="i"/><SP WIDTH="16" VPOS="576" HPOS="422"/>
							<String ID="string_117" HPOS="438" VPOS="576" WIDTH="58" HEIGHT="25" WC="0.96" CONTENT="högst"/><SP WIDTH="15" VPOS="576" HPOS="496"/>
							<String ID="string_118" HPOS="511" VPOS="576" WIDTH="44" HEIGHT="25" WC="0.96" CONTENT="fyra"/><SP WIDTH="15" VPOS="576" HPOS="555"/>
							<String ID="string_119" HPOS="570" VPOS="576" WIDTH="22" HEIGHT="18" WC="0.96" CONTENT="år"/><SP WIDTH="15" VPOS="576" HPOS="592"/>
							<String ID="string_120" HPOS="607" VPOS="575" WIDTH="49" HEIGHT="19" WC="0.96" CONTENT="eller"/><SP WIDTH="14" VPOS="575" HPOS="656"/>
							<String ID="string_121" HPOS="670" VPOS="575" WIDTH="96" HEIGHT="25" WC="0.96" CONTENT="fängelse."/>
						</TextLine>
					</TextBlock>
					<TextBlock ID="block_3" HPOS="201" VPOS="609" WIDTH="756" HEIGHT="812">
						<TextLine ID="line_13" HPOS="270" VPOS="609" WIDTH="683" HEIGHT="28">
							<String ID="string_122" HPOS="270" VPOS="609" WIDTH="10" HEIGHT="21" WC="0.88" CONTENT="9"/><SP WIDTH="16" VPOS="609" HPOS="280"/>
							<String ID="string_123" HPOS="296" VPOS="609" WIDTH="18" HEIGHT="28" WC="0.57" CONTENT="8."/><SP WIDTH="28" VPOS="609" HPOS="314"/>
							<String ID="string_124" HPOS="342" VPOS="610" WIDTH="59" HEIGHT="19" WC="0.96" CONTENT="Emot"/><SP WIDTH="16" VPOS="610" HPOS="401"/>
							<String ID="string_125" HPOS="417" VPOS="610" WIDTH="9" HEIGHT="18" WC="0.93" CONTENT="1"/><SP WIDTH="17" VPOS="610" HPOS="426"/>
							<String ID="string_126" HPOS="443" VPOS="616" WIDTH="64" HEIGHT="19" WC="0.91" CONTENT="mom.,"/><SP WIDTH="11" VPOS="616" HPOS="507"/>
							<String ID="string_127" HPOS="518" VPOS="616" WIDTH="40" HEIGHT="13" WC="0.96" CONTENT="som"/><SP WIDTH="16" VPOS="616" HPOS="558"/>
							<String ID="string_128" HPOS="574" VPOS="609" WIDTH="108" HEIGHT="19" WC="0.96" CONTENT="innehåller"/><SP WIDTH="15" VPOS="609" HPOS="682"/>
							<String ID="string_129" HPOS="697" VPOS="610" WIDTH="60" HEIGHT="19" WC="0.96" CONTENT="straff"/><SP WIDTH="14" VPOS="610" HPOS="757"/>
							<String ID="string_130" HPOS="771" VPOS="609" WIDTH="31" HEIGHT="19" WC="0.96" CONTENT="för"/><SP WIDTH="14" VPOS="609" HPOS="802"/>
							<String ID="string_131" HPOS="816" VPOS="609" WIDTH="32" HEIGHT="19" WC="0.93" CONTENT="det"/><SP WIDTH="15" VPOS="609" HPOS="848"/>
							<String ID="string_132" HPOS="863" VPOS="609" WIDTH="90" HEIGHT="25" WC="0.91" CONTENT="oqvalifi-"/>
						</TextLine>
						<TextLine ID="line_14" HPOS="202" VPOS="643" WIDTH="752" HEIGHT="27">
							<String ID="string_133" HPOS="202" VPOS="644" WIDTH="67" HEIGHT="20" WC="0.92" CONTENT="cerade"/><SP WIDTH="15" VPOS="644" HPOS="269"/>
							<String ID="string_134" HPOS="284" VPOS="644" WIDTH="127" HEIGHT="26" WC="0.90" CONTENT="lägersmålet"/><SP WIDTH="10" VPOS="644" HPOS="411"/>
							<String ID="string_135" HPOS="421" VPOS="644" WIDTH="50" HEIGHT="20" WC="0.93" CONTENT="eller"/><SP WIDTH="9" VPOS="644" HPOS="471"/>
							<String ID="string_136" HPOS="480" VPOS="651" WIDTH="15" HEIGHT="12" WC="0.89" CONTENT="s."/><SP WIDTH="12" VPOS="651" HPOS="495"/>
							<String ID="string_137" HPOS="507" VPOS="644" WIDTH="19" HEIGHT="20" WC="0.91" CONTENT="k."/><SP WIDTH="11" VPOS="644" HPOS="526"/>
							<String ID="string_138" HPOS="537" VPOS="644" WIDTH="121" HEIGHT="24" WC="0.89" CONTENT="lönskaläge,"/><SP WIDTH="11" VPOS="644" HPOS="658"/>
							<String ID="string_139" HPOS="669" VPOS="643" WIDTH="36" HEIGHT="20" WC="0.96" CONTENT="har"/><SP WIDTH="10" VPOS="643" HPOS="705"/>
							<String ID="string_140" HPOS="715" VPOS="644" WIDTH="6" HEIGHT="18" WC="0.96" CONTENT="i"/><SP WIDTH="11" VPOS="644" HPOS="721"/>
							<String ID="string_141" HPOS="732" VPOS="644" WIDTH="103" HEIGHT="19" WC="0.93" CONTENT="Utskottet"/><SP WIDTH="10" VPOS="644" HPOS="835"/>
							<String ID="string_142" HPOS="845" VPOS="644" WIDTH="109" HEIGHT="25" WC="0.88" CONTENT="anmärkts,"/>
						</TextLine>
						<TextLine ID="line_15" HPOS="201" VPOS="678" WIDTH="753" HEIGHT="26">
							<String ID="string_143" HPOS="201" VPOS="680" WIDTH="29" HEIGHT="17" WC="0.96" CONTENT="att"/><SP WIDTH="14" VPOS="680" HPOS="230"/>
							<String ID="string_144" HPOS="244" VPOS="680" WIDTH="105" HEIGHT="18" WC="0.96" CONTENT="momentet"/><SP WIDTH="15" VPOS="680" HPOS="349"/>
							<String ID="string_145" HPOS="364" VPOS="678" WIDTH="59" HEIGHT="19" WC="0.96" CONTENT="borde"/><SP WIDTH="16" VPOS="678" HPOS="423"/>
							<String ID="string_146" HPOS="439" VPOS="685" WIDTH="23" HEIGHT="13" WC="0.96" CONTENT="ur"/><SP WIDTH="14" VPOS="685" HPOS="462"/>
							<String ID="string_147" HPOS="476" VPOS="678" WIDTH="128" HEIGHT="26" WC="0.96" CONTENT="lagförslaget"/><SP WIDTH="15" VPOS="678" HPOS="604"/>
							<String ID="string_148" HPOS="619" VPOS="678" WIDTH="42" HEIGHT="19" WC="0.96" CONTENT="helt"/><SP WIDTH="10" VPOS="678" HPOS="661"/>
							<String ID="string_149" HPOS="671" VPOS="678" WIDTH="36" HEIGHT="19" WC="0.96" CONTENT="och"/><SP WIDTH="10" VPOS="678" HPOS="707"/>
							<String ID="string_150" HPOS="717" VPOS="678" WIDTH="63" HEIGHT="19" WC="0.96" CONTENT="hållet"/><SP WIDTH="13" VPOS="678" HPOS="780"/>
							<String ID="string_151" HPOS="793" VPOS="678" WIDTH="101" HEIGHT="19" WC="0.95" CONTENT="uteslutas."/><SP WIDTH="22" VPOS="678" HPOS="894"/>
							<String ID="string_152" HPOS="916" VPOS="678" WIDTH="38" HEIGHT="20" WC="0.94" CONTENT="Att"/>
						</TextLine>
						<TextLine ID="line_16" HPOS="201" VPOS="712" WIDTH="754" HEIGHT="26">
							<String ID="string_153" HPOS="201" VPOS="712" WIDTH="44" HEIGHT="20" WC="0.95" CONTENT="med"/><SP WIDTH="15" VPOS="712" HPOS="245"/>
							<String ID="string_154" HPOS="260" VPOS="715" WIDTH="28" HEIGHT="17" WC="0.96" CONTENT="ett"/><SP WIDTH="15" VPOS="715" HPOS="288"/>
							<String ID="string_155" HPOS="303" VPOS="719" WIDTH="41" HEIGHT="13" WC="0.96" CONTENT="mer"/><SP WIDTH="16" VPOS="719" HPOS="344"/>
							<String ID="string_156" HPOS="360" VPOS="712" WIDTH="48" HEIGHT="19" WC="0.96" CONTENT="eller"/><SP WIDTH="15" VPOS="712" HPOS="408"/>
							<String ID="string_157" HPOS="423" VPOS="712" WIDTH="74" HEIGHT="20" WC="0.96" CONTENT="mindre"/><SP WIDTH="15" VPOS="712" HPOS="497"/>
							<String ID="string_158" HPOS="512" VPOS="712" WIDTH="99" HEIGHT="26" WC="0.93" CONTENT="betydligt"/><SP WIDTH="15" VPOS="712" HPOS="611"/>
							<String ID="string_159" HPOS="626" VPOS="712" WIDTH="127" HEIGHT="26" WC="0.91" CONTENT="bötesbelopp"/><SP WIDTH="16" VPOS="712" HPOS="753"/>
							<String ID="string_160" HPOS="769" VPOS="712" WIDTH="84" HEIGHT="26" WC="0.96" CONTENT="belägga"/><SP WIDTH="10" VPOS="712" HPOS="853"/>
							<String ID="string_161" HPOS="863" VPOS="714" WIDTH="29" HEIGHT="17" WC="0.93" CONTENT="ett"/><SP WIDTH="10" VPOS="714" HPOS="892"/>
							<String ID="string_162" HPOS="902" VPOS="719" WIDTH="53" HEIGHT="13" WC="0.93" CONTENT="sam-"/>
						</TextLine>
						<TextLine ID="line_17" HPOS="202" VPOS="746" WIDTH="751" HEIGHT="26">
							<String ID="string_163" HPOS="202" VPOS="746" WIDTH="105" HEIGHT="26" WC="0.92" CONTENT="hällsondt,"/><SP WIDTH="11" VPOS="746" HPOS="307"/>
							<String ID="string_164" HPOS="318" VPOS="754" WIDTH="41" HEIGHT="12" WC="0.93" CONTENT="som"/><SP WIDTH="15" VPOS="754" HPOS="359"/>
							<String ID="string_165" HPOS="374" VPOS="746" WIDTH="82" HEIGHT="20" WC="0.92" CONTENT="härflöte"/><SP WIDTH="16" VPOS="746" HPOS="456"/>
							<String ID="string_166" HPOS="472" VPOS="754" WIDTH="23" HEIGHT="12" WC="0.96" CONTENT="ur"/><SP WIDTH="15" VPOS="754" HPOS="495"/>
							<String ID="string_167" HPOS="510" VPOS="747" WIDTH="72" HEIGHT="19" WC="0.96" CONTENT="sociala"/><SP WIDTH="14" VPOS="747" HPOS="582"/>
							<String ID="string_168" HPOS="596" VPOS="746" WIDTH="185" HEIGHT="20" WC="0.96" CONTENT="missförhållanden"/><SP WIDTH="13" VPOS="746" HPOS="781"/>
							<String ID="string_169" HPOS="794" VPOS="746" WIDTH="35" HEIGHT="20" WC="0.96" CONTENT="och"/><SP WIDTH="12" VPOS="746" HPOS="829"/>
							<String ID="string_170" HPOS="841" VPOS="746" WIDTH="60" HEIGHT="20" WC="0.93" CONTENT="andra"/><SP WIDTH="10" VPOS="746" HPOS="901"/>
							<String ID="string_171" HPOS="911" VPOS="747" WIDTH="42" HEIGHT="25" WC="0.93" CONTENT="dju-"/>
						</TextLine>
						<TextLine ID="line_18" HPOS="202" VPOS="781" WIDTH="752" HEIGHT="25">
							<String ID="string_172" HPOS="202" VPOS="787" WIDTH="46" HEIGHT="19" WC="0.96" CONTENT="pare"/><SP WIDTH="19" VPOS="787" HPOS="248"/>
							<String ID="string_173" HPOS="267" VPOS="781" WIDTH="92" HEIGHT="25" WC="0.96" CONTENT="liggande"/><SP WIDTH="19" VPOS="781" HPOS="359"/>
							<String ID="string_174" HPOS="378" VPOS="781" WIDTH="86" HEIGHT="25" WC="0.95" CONTENT="orsaker,"/><SP WIDTH="16" VPOS="781" HPOS="464"/>
							<String ID="string_175" HPOS="480" VPOS="788" WIDTH="46" HEIGHT="12" WC="0.91" CONTENT="vore"/><SP WIDTH="19" VPOS="788" HPOS="526"/>
							<String ID="string_176" HPOS="545" VPOS="782" WIDTH="97" HEIGHT="24" WC="0.91" CONTENT="nemligen"/><SP WIDTH="18" VPOS="782" HPOS="642"/>
							<String ID="string_177" HPOS="660" VPOS="783" WIDTH="29" HEIGHT="17" WC="0.96" CONTENT="ett"/><SP WIDTH="15" VPOS="783" HPOS="689"/>
							<String ID="string_178" HPOS="704" VPOS="781" WIDTH="122" HEIGHT="25" WC="0.92" CONTENT="fullkomligt"/><SP WIDTH="15" VPOS="781" HPOS="826"/>
							<String ID="string_179" HPOS="841" VPOS="781" WIDTH="113" HEIGHT="19" WC="0.91" CONTENT="overksamt"/>
						</TextLine>
						<TextLine ID="line_19" HPOS="202" VPOS="815" WIDTH="751" HEIGHT="26">
							<String ID="string_180" HPOS="202" VPOS="815" WIDTH="104" HEIGHT="25" WC="0.87" CONTENT="straffbud,"/><SP WIDTH="12" VPOS="815" HPOS="306"/>
							<String ID="string_181" HPOS="318" VPOS="815" WIDTH="36" HEIGHT="20" WC="0.96" CONTENT="och"/><SP WIDTH="16" VPOS="815" HPOS="354"/>
							<String ID="string_182" HPOS="370" VPOS="817" WIDTH="29" HEIGHT="18" WC="0.96" CONTENT="att"/><SP WIDTH="14" VPOS="817" HPOS="399"/>
							<String ID="string_183" HPOS="413" VPOS="815" WIDTH="63" HEIGHT="19" WC="0.96" CONTENT="införa"/><SP WIDTH="16" VPOS="815" HPOS="476"/>
							<String ID="string_184" HPOS="492" VPOS="816" WIDTH="69" HEIGHT="25" WC="0.96" CONTENT="dylika"/><SP WIDTH="14" VPOS="816" HPOS="561"/>
							<String ID="string_185" HPOS="575" VPOS="816" WIDTH="8" HEIGHT="19" WC="0.97" CONTENT="i"/><SP WIDTH="14" VPOS="816" HPOS="583"/>
							<String ID="string_186" HPOS="597" VPOS="816" WIDTH="58" HEIGHT="24" WC="0.92" CONTENT="lagen"/><SP WIDTH="14" VPOS="816" HPOS="655"/>
							<String ID="string_187" HPOS="669" VPOS="815" WIDTH="58" HEIGHT="19" WC="0.92" CONTENT="lände"/><SP WIDTH="12" VPOS="815" HPOS="727"/>
							<String ID="string_188" HPOS="739" VPOS="816" WIDTH="45" HEIGHT="18" WC="0.96" CONTENT="dess"/><SP WIDTH="11" VPOS="816" HPOS="784"/>
							<String ID="string_189" HPOS="795" VPOS="815" WIDTH="94" HEIGHT="20" WC="0.95" CONTENT="anseende"/><SP WIDTH="10" VPOS="815" HPOS="889"/>
							<String ID="string_190" HPOS="899" VPOS="822" WIDTH="54" HEIGHT="13" WC="0.96" CONTENT="mera"/>
						</TextLine>
						<TextLine ID="line_20" HPOS="202" VPOS="849" WIDTH="751" HEIGHT="26">
							<String ID="string_191" HPOS="202" VPOS="849" WIDTH="32" HEIGHT="19" WC="0.96" CONTENT="till"/><SP WIDTH="19" VPOS="849" HPOS="234"/>
							<String ID="string_192" HPOS="253" VPOS="849" WIDTH="61" HEIGHT="19" WC="0.96" CONTENT="skada"/><SP WIDTH="18" VPOS="849" HPOS="314"/>
							<String ID="string_193" HPOS="332" VPOS="852" WIDTH="24" HEIGHT="16" WC="0.96" CONTENT="än"/><SP WIDTH="19" VPOS="852" HPOS="356"/>
							<String ID="string_194" HPOS="375" VPOS="849" WIDTH="32" HEIGHT="19" WC="0.96" CONTENT="till"/><SP WIDTH="18" VPOS="849" HPOS="407"/>
							<String ID="string_195" HPOS="425" VPOS="856" WIDTH="59" HEIGHT="18" WC="0.93" CONTENT="gagn."/><SP WIDTH="29" VPOS="856" HPOS="484"/>
							<String ID="string_196" HPOS="513" VPOS="850" WIDTH="67" HEIGHT="25" WC="0.92" CONTENT="Nyare"/><SP WIDTH="19" VPOS="850" HPOS="580"/>
							<String ID="string_197" HPOS="599" VPOS="849" WIDTH="148" HEIGHT="25" WC="0.80" CONTENT="lagstiftningar"/><SP WIDTH="18" VPOS="849" HPOS="747"/>
							<String ID="string_198" HPOS="765" VPOS="849" WIDTH="50" HEIGHT="20" WC="0.96" CONTENT="hade"/><SP WIDTH="18" VPOS="849" HPOS="815"/>
							<String ID="string_199" HPOS="833" VPOS="850" WIDTH="36" HEIGHT="19" WC="0.97" CONTENT="ock"/><SP WIDTH="15" VPOS="850" HPOS="869"/>
							<String ID="string_200" HPOS="884" VPOS="852" WIDTH="69" HEIGHT="17" WC="0.96" CONTENT="nästan"/>
						</TextLine>
						<TextLine ID="line_21" HPOS="202" VPOS="883" WIDTH="750" HEIGHT="26">
							<String ID="string_201" HPOS="202" VPOS="885" WIDTH="47" HEIGHT="17" WC="0.96" CONTENT="utan"/><SP WIDTH="15" VPOS="885" HPOS="249"/>
							<String ID="string_202" HPOS="264" VPOS="884" WIDTH="100" HEIGHT="24" WC="0.93" CONTENT="undantag"/><SP WIDTH="14" VPOS="884" HPOS="364"/>
							<String ID="string_203" HPOS="378" VPOS="884" WIDTH="49" HEIGHT="19" WC="0.92" CONTENT="stält"/><SP WIDTH="14" VPOS="884" HPOS="427"/>
							<String ID="string_204" HPOS="441" VPOS="884" WIDTH="31" HEIGHT="24" WC="0.95" CONTENT="sig"/><SP WIDTH="10" VPOS="884" HPOS="472"/>
							<String ID="string_205" HPOS="482" VPOS="884" WIDTH="26" HEIGHT="25" WC="0.96" CONTENT="på"/><SP WIDTH="10" VPOS="884" HPOS="508"/>
							<String ID="string_206" HPOS="518" VPOS="884" WIDTH="35" HEIGHT="19" WC="0.96" CONTENT="den"/><SP WIDTH="12" VPOS="884" HPOS="553"/>
							<String ID="string_207" HPOS="565" VPOS="883" WIDTH="126" HEIGHT="25" WC="0.95" CONTENT="ståndpunkt,"/><SP WIDTH="16" VPOS="883" HPOS="691"/>
							<String ID="string_208" HPOS="707" VPOS="885" WIDTH="30" HEIGHT="17" WC="0.93" CONTENT="att"/><SP WIDTH="15" VPOS="885" HPOS="737"/>
							<String ID="string_209" HPOS="752" VPOS="884" WIDTH="200" HEIGHT="24" WC="0.91" CONTENT="lägersmålsbrotten,"/>
						</TextLine>
						<TextLine ID="line_22" HPOS="202" VPOS="917" WIDTH="752" HEIGHT="26">
							<String ID="string_210" HPOS="202" VPOS="917" WIDTH="77" HEIGHT="20" WC="0.89" CONTENT="oafsedt"/><SP WIDTH="18" VPOS="917" HPOS="279"/>
							<String ID="string_211" HPOS="297" VPOS="918" WIDTH="24" HEIGHT="19" WC="0.96" CONTENT="de"/><SP WIDTH="18" VPOS="918" HPOS="321"/>
							<String ID="string_212" HPOS="339" VPOS="918" WIDTH="42" HEIGHT="25" WC="0.95" CONTENT="fall,"/><SP WIDTH="16" VPOS="918" HPOS="381"/>
							<String ID="string_213" HPOS="397" VPOS="918" WIDTH="25" HEIGHT="19" WC="0.96" CONTENT="då"/><SP WIDTH="17" VPOS="918" HPOS="422"/>
							<String ID="string_214" HPOS="439" VPOS="917" WIDTH="112" HEIGHT="26" WC="0.96" CONTENT="kränkning"/><SP WIDTH="17" VPOS="917" HPOS="551"/>
							<String ID="string_215" HPOS="568" VPOS="918" WIDTH="22" HEIGHT="19" WC="0.96" CONTENT="af"/><SP WIDTH="13" VPOS="918" HPOS="590"/>
							<String ID="string_216" HPOS="603" VPOS="917" WIDTH="77" HEIGHT="20" WC="0.96" CONTENT="enskild"/><SP WIDTH="15" VPOS="917" HPOS="680"/>
							<String ID="string_217" HPOS="695" VPOS="920" WIDTH="40" HEIGHT="16" WC="0.96" CONTENT="rätt"/><SP WIDTH="15" VPOS="920" HPOS="735"/>
							<String ID="string_218" HPOS="750" VPOS="918" WIDTH="49" HEIGHT="18" WC="0.96" CONTENT="eller"/><SP WIDTH="15" VPOS="918" HPOS="799"/>
							<String ID="string_219" HPOS="814" VPOS="920" WIDTH="28" HEIGHT="17" WC="0.96" CONTENT="ett"/><SP WIDTH="15" VPOS="920" HPOS="842"/>
							<String ID="string_220" HPOS="857" VPOS="918" WIDTH="97" HEIGHT="25" WC="0.96" CONTENT="brytande"/>
						</TextLine>
						<TextLine ID="line_23" HPOS="203" VPOS="951" WIDTH="752" HEIGHT="25">
							<String ID="string_221" HPOS="203" VPOS="952" WIDTH="21" HEIGHT="19" WC="0.96" CONTENT="af"/><SP WIDTH="14" VPOS="952" HPOS="224"/>
							<String ID="string_222" HPOS="238" VPOS="958" WIDTH="62" HEIGHT="12" WC="0.96" CONTENT="annan"/><SP WIDTH="16" VPOS="958" HPOS="300"/>
							<String ID="string_223" HPOS="316" VPOS="952" WIDTH="85" HEIGHT="18" WC="0.93" CONTENT="särskild"/><SP WIDTH="15" VPOS="952" HPOS="401"/>
							<String ID="string_224" HPOS="416" VPOS="951" WIDTH="51" HEIGHT="25" WC="0.92" CONTENT="pligt"/><SP WIDTH="16" VPOS="951" HPOS="467"/>
							<String ID="string_225" HPOS="483" VPOS="958" WIDTH="45" HEIGHT="13" WC="0.93" CONTENT="vore"/><SP WIDTH="11" VPOS="958" HPOS="528"/>
							<String ID="string_226" HPOS="539" VPOS="952" WIDTH="114" HEIGHT="24" WC="0.92" CONTENT="förhandne,"/><SP WIDTH="12" VPOS="952" HPOS="653"/>
							<String ID="string_227" HPOS="665" VPOS="952" WIDTH="68" HEIGHT="19" WC="0.96" CONTENT="endast"/><SP WIDTH="10" VPOS="952" HPOS="733"/>
							<String ID="string_228" HPOS="743" VPOS="952" WIDTH="130" HEIGHT="19" WC="0.85" CONTENT="bestraffades"/><SP WIDTH="11" VPOS="952" HPOS="873"/>
							<String ID="string_229" HPOS="884" VPOS="952" WIDTH="7" HEIGHT="19" WC="0.96" CONTENT="i"/><SP WIDTH="10" VPOS="952" HPOS="891"/>
							<String ID="string_230" HPOS="901" VPOS="952" WIDTH="54" HEIGHT="19" WC="0.96" CONTENT="vissa"/>
						</TextLine>
						<TextLine ID="line_24" HPOS="203" VPOS="985" WIDTH="750" HEIGHT="26">
							<String ID="string_231" HPOS="203" VPOS="986" WIDTH="79" HEIGHT="19" WC="0.95" CONTENT="svårare"/><SP WIDTH="15" VPOS="986" HPOS="282"/>
							<String ID="string_232" HPOS="297" VPOS="986" WIDTH="106" HEIGHT="24" WC="0.95" CONTENT="yttringar,"/><SP WIDTH="12" VPOS="986" HPOS="403"/>
							<String ID="string_233" HPOS="415" VPOS="986" WIDTH="64" HEIGHT="18" WC="0.96" CONTENT="såsom"/><SP WIDTH="15" VPOS="986" HPOS="479"/>
							<String ID="string_234" HPOS="494" VPOS="985" WIDTH="24" HEIGHT="19" WC="0.96" CONTENT="då"/><SP WIDTH="15" VPOS="985" HPOS="518"/>
							<String ID="string_235" HPOS="533" VPOS="986" WIDTH="57" HEIGHT="19" WC="0.93" CONTENT="otukt"/><SP WIDTH="14" VPOS="986" HPOS="590"/>
							<String ID="string_236" HPOS="604" VPOS="986" WIDTH="82" HEIGHT="19" WC="0.92" CONTENT="idkades"/><SP WIDTH="14" VPOS="986" HPOS="686"/>
							<String ID="string_237" HPOS="700" VPOS="986" WIDTH="144" HEIGHT="25" WC="0.96" CONTENT="yrkesmässigt"/><SP WIDTH="11" VPOS="986" HPOS="844"/>
							<String ID="string_238" HPOS="855" VPOS="986" WIDTH="48" HEIGHT="19" WC="0.93" CONTENT="eller"/><SP WIDTH="12" VPOS="986" HPOS="903"/>
							<String ID="string_239" HPOS="915" VPOS="986" WIDTH="38" HEIGHT="19" WC="0.92" CONTENT="för-"/>
						</TextLine>
						<TextLine ID="line_25" HPOS="203" VPOS="1019" WIDTH="752" HEIGHT="27">
							<String ID="string_240" HPOS="203" VPOS="1019" WIDTH="82" HEIGHT="20" WC="0.93" CONTENT="ledande"/><SP WIDTH="15" VPOS="1019" HPOS="285"/>
							<String ID="string_241" HPOS="300" VPOS="1019" WIDTH="68" HEIGHT="20" WC="0.91" CONTENT="dertill"/><SP WIDTH="15" VPOS="1019" HPOS="368"/>
							<String ID="string_242" HPOS="383" VPOS="1020" WIDTH="48" HEIGHT="24" WC="0.91" CONTENT="egde"/><SP WIDTH="14" VPOS="1020" HPOS="431"/>
							<String ID="string_243" HPOS="445" VPOS="1026" WIDTH="50" HEIGHT="18" WC="0.96" CONTENT="rum,"/><SP WIDTH="14" VPOS="1026" HPOS="495"/>
							<String ID="string_244" HPOS="509" VPOS="1020" WIDTH="48" HEIGHT="19" WC="0.96" CONTENT="eller"/><SP WIDTH="15" VPOS="1020" HPOS="557"/>
							<String ID="string_245" HPOS="572" VPOS="1020" WIDTH="35" HEIGHT="19" WC="0.96" CONTENT="ock"/><SP WIDTH="16" VPOS="1020" HPOS="607"/>
							<String ID="string_246" HPOS="623" VPOS="1020" WIDTH="119" HEIGHT="24" WC="0.96" CONTENT="handlingen"/><SP WIDTH="16" VPOS="1020" HPOS="742"/>
							<String ID="string_247" HPOS="758" VPOS="1020" WIDTH="57" HEIGHT="25" WC="0.96" CONTENT="eljest"/><SP WIDTH="15" VPOS="1020" HPOS="815"/>
							<String ID="string_248" HPOS="830" VPOS="1027" WIDTH="47" HEIGHT="13" WC="0.93" CONTENT="vore"/><SP WIDTH="15" VPOS="1027" HPOS="877"/>
							<String ID="string_249" HPOS="892" VPOS="1020" WIDTH="63" HEIGHT="26" WC="0.91" CONTENT="egnad"/>
						</TextLine>
						<TextLine ID="line_26" HPOS="203" VPOS="1053" WIDTH="750" HEIGHT="26">
							<String ID="string_250" HPOS="203" VPOS="1056" WIDTH="29" HEIGHT="17" WC="0.96" CONTENT="att"/><SP WIDTH="15" VPOS="1056" HPOS="232"/>
							<String ID="string_251" HPOS="247" VPOS="1054" WIDTH="63" HEIGHT="19" WC="0.96" CONTENT="väcka"/><SP WIDTH="15" VPOS="1054" HPOS="310"/>
							<String ID="string_252" HPOS="325" VPOS="1053" WIDTH="72" HEIGHT="20" WC="0.93" CONTENT="allmän"/><SP WIDTH="15" VPOS="1053" HPOS="397"/>
							<String ID="string_253" HPOS="412" VPOS="1054" WIDTH="113" HEIGHT="25" WC="0.90" CONTENT="förargelse."/><SP WIDTH="24" VPOS="1054" HPOS="525"/>
							<String ID="string_254" HPOS="549" VPOS="1054" WIDTH="67" HEIGHT="19" WC="0.96" CONTENT="Såsom"/><SP WIDTH="16" VPOS="1054" HPOS="616"/>
							<String ID="string_255" HPOS="632" VPOS="1054" WIDTH="55" HEIGHT="19" WC="0.96" CONTENT="bevis"/><SP WIDTH="16" VPOS="1054" HPOS="687"/>
							<String ID="string_256" HPOS="703" VPOS="1054" WIDTH="52" HEIGHT="25" WC="0.95" CONTENT="uppå"/><SP WIDTH="12" VPOS="1054" HPOS="755"/>
							<String ID="string_257" HPOS="767" VPOS="1056" WIDTH="29" HEIGHT="17" WC="0.95" CONTENT="att"/><SP WIDTH="11" VPOS="1056" HPOS="796"/>
							<String ID="string_258" HPOS="807" VPOS="1054" WIDTH="97" HEIGHT="20" WC="0.93" CONTENT="allmänna"/><SP WIDTH="11" VPOS="1054" HPOS="904"/>
							<String ID="string_259" HPOS="915" VPOS="1061" WIDTH="38" HEIGHT="13" WC="0.91" CONTENT="me-"/>
						</TextLine>
						<TextLine ID="line_27" HPOS="202" VPOS="1088" WIDTH="752" HEIGHT="25">
							<String ID="string_260" HPOS="202" VPOS="1088" WIDTH="72" HEIGHT="25" WC="0.96" CONTENT="ningen"/><SP WIDTH="15" VPOS="1088" HPOS="274"/>
							<String ID="string_261" HPOS="289" VPOS="1088" WIDTH="59" HEIGHT="19" WC="0.96" CONTENT="äfven"/><SP WIDTH="15" VPOS="1088" HPOS="348"/>
							<String ID="string_262" HPOS="363" VPOS="1088" WIDTH="35" HEIGHT="19" WC="0.96" CONTENT="hos"/><SP WIDTH="16" VPOS="1088" HPOS="398"/>
							<String ID="string_263" HPOS="414" VPOS="1095" WIDTH="31" HEIGHT="12" WC="0.93" CONTENT="oss"/><SP WIDTH="15" VPOS="1095" HPOS="445"/>
							<String ID="string_264" HPOS="460" VPOS="1089" WIDTH="58" HEIGHT="24" WC="0.92" CONTENT="ginge"/><SP WIDTH="16" VPOS="1089" HPOS="518"/>
							<String ID="string_265" HPOS="534" VPOS="1088" WIDTH="6" HEIGHT="19" WC="0.96" CONTENT="i"/><SP WIDTH="16" VPOS="1088" HPOS="540"/>
							<String ID="string_266" HPOS="556" VPOS="1094" WIDTH="72" HEIGHT="13" WC="0.95" CONTENT="samma"/><SP WIDTH="14" VPOS="1094" HPOS="628"/>
							<String ID="string_267" HPOS="642" VPOS="1088" WIDTH="89" HEIGHT="25" WC="0.96" CONTENT="riktning"/><SP WIDTH="14" VPOS="1088" HPOS="731"/>
							<String ID="string_268" HPOS="745" VPOS="1088" WIDTH="97" HEIGHT="25" WC="0.96" CONTENT="anfördes,"/><SP WIDTH="11" VPOS="1088" HPOS="842"/>
							<String ID="string_269" HPOS="853" VPOS="1091" WIDTH="30" HEIGHT="17" WC="0.96" CONTENT="att"/><SP WIDTH="10" VPOS="1091" HPOS="883"/>
							<String ID="string_270" HPOS="893" VPOS="1089" WIDTH="61" HEIGHT="19" WC="0.94" CONTENT="ehuru"/>
						</TextLine>
						<TextLine ID="line_28" HPOS="203" VPOS="1121" WIDTH="751" HEIGHT="28">
							<String ID="string_271" HPOS="203" VPOS="1121" WIDTH="115" HEIGHT="25" WC="0.92" CONTENT="lönskaläge"/><SP WIDTH="19" VPOS="1121" HPOS="318"/>
							<String ID="string_272" HPOS="337" VPOS="1122" WIDTH="58" HEIGHT="19" WC="0.96" CONTENT="äfven"/><SP WIDTH="18" VPOS="1122" HPOS="395"/>
							<String ID="string_273" HPOS="413" VPOS="1122" WIDTH="7" HEIGHT="19" WC="0.96" CONTENT="i"/><SP WIDTH="19" VPOS="1122" HPOS="420"/>
							<String ID="string_274" HPOS="439" VPOS="1129" WIDTH="25" HEIGHT="12" WC="0.96" CONTENT="nu"/><SP WIDTH="19" VPOS="1129" HPOS="464"/>
							<String ID="string_275" HPOS="483" VPOS="1122" WIDTH="90" HEIGHT="25" WC="0.96" CONTENT="gällande"/><SP WIDTH="19" VPOS="1122" HPOS="573"/>
							<String ID="string_276" HPOS="592" VPOS="1122" WIDTH="33" HEIGHT="25" WC="0.96" CONTENT="lag"/><SP WIDTH="18" VPOS="1122" HPOS="625"/>
							<String ID="string_277" HPOS="643" VPOS="1125" WIDTH="21" HEIGHT="16" WC="0.93" CONTENT="är"/><SP WIDTH="15" VPOS="1125" HPOS="664"/>
							<String ID="string_278" HPOS="679" VPOS="1122" WIDTH="81" HEIGHT="25" WC="0.92" CONTENT="belagdt"/><SP WIDTH="14" VPOS="1122" HPOS="760"/>
							<String ID="string_279" HPOS="774" VPOS="1123" WIDTH="43" HEIGHT="19" WC="0.96" CONTENT="med"/><SP WIDTH="16" VPOS="1123" HPOS="817"/>
							<String ID="string_280" HPOS="833" VPOS="1123" WIDTH="65" HEIGHT="26" WC="0.95" CONTENT="straff,"/><SP WIDTH="16" VPOS="1123" HPOS="898"/>
							<String ID="string_281" HPOS="914" VPOS="1123" WIDTH="40" HEIGHT="20" WC="0.96" CONTENT="åtal"/>
						</TextLine>
						<TextLine ID="line_29" HPOS="203" VPOS="1156" WIDTH="753" HEIGHT="27">
							<String ID="string_282" HPOS="203" VPOS="1156" WIDTH="100" HEIGHT="25" WC="0.96" CONTENT="angående"/><SP WIDTH="19" VPOS="1156" HPOS="303"/>
							<String ID="string_283" HPOS="322" VPOS="1156" WIDTH="54" HEIGHT="19" WC="0.96" CONTENT="detta"/><SP WIDTH="18" VPOS="1156" HPOS="376"/>
							<String ID="string_284" HPOS="394" VPOS="1157" WIDTH="53" HEIGHT="18" WC="0.96" CONTENT="brott"/><SP WIDTH="18" VPOS="1157" HPOS="447"/>
							<String ID="string_285" HPOS="465" VPOS="1162" WIDTH="79" HEIGHT="13" WC="0.95" CONTENT="numera"/><SP WIDTH="18" VPOS="1162" HPOS="544"/>
							<String ID="string_286" HPOS="562" VPOS="1156" WIDTH="62" HEIGHT="19" WC="0.96" CONTENT="sällan"/><SP WIDTH="16" VPOS="1156" HPOS="624"/>
							<String ID="string_287" HPOS="640" VPOS="1157" WIDTH="81" HEIGHT="19" WC="0.96" CONTENT="väcktes"/><SP WIDTH="16" VPOS="1157" HPOS="721"/>
							<String ID="string_288" HPOS="737" VPOS="1157" WIDTH="6" HEIGHT="18" WC="0.96" CONTENT="i"/><SP WIDTH="15" VPOS="1157" HPOS="743"/>
							<String ID="string_289" HPOS="758" VPOS="1159" WIDTH="59" HEIGHT="17" WC="0.95" CONTENT="annat"/><SP WIDTH="15" VPOS="1159" HPOS="817"/>
							<String ID="string_290" HPOS="832" VPOS="1157" WIDTH="42" HEIGHT="26" WC="0.95" CONTENT="fall,"/><SP WIDTH="16" VPOS="1157" HPOS="874"/>
							<String ID="string_291" HPOS="890" VPOS="1160" WIDTH="25" HEIGHT="17" WC="0.95" CONTENT="än"/><SP WIDTH="15" VPOS="1160" HPOS="915"/>
							<String ID="string_292" HPOS="930" VPOS="1157" WIDTH="26" HEIGHT="20" WC="0.96" CONTENT="då"/>
						</TextLine>
						<TextLine ID="line_30" HPOS="204" VPOS="1190" WIDTH="752" HEIGHT="27">
							<String ID="string_293" HPOS="204" VPOS="1190" WIDTH="85" HEIGHT="25" WC="0.91" CONTENT="qvinnan"/><SP WIDTH="15" VPOS="1190" HPOS="289"/>
							<String ID="string_294" HPOS="304" VPOS="1190" WIDTH="34" HEIGHT="19" WC="0.96" CONTENT="vid"/><SP WIDTH="16" VPOS="1190" HPOS="338"/>
							<String ID="string_295" HPOS="354" VPOS="1190" WIDTH="83" HEIGHT="19" WC="0.96" CONTENT="domstol"/><SP WIDTH="15" VPOS="1190" HPOS="437"/>
							<String ID="string_296" HPOS="452" VPOS="1190" WIDTH="56" HEIGHT="20" WC="0.92" CONTENT="sökte"/><SP WIDTH="14" VPOS="1190" HPOS="508"/>
							<String ID="string_297" HPOS="522" VPOS="1190" WIDTH="158" HEIGHT="25" WC="0.90" CONTENT="lägersmannens"/><SP WIDTH="11" VPOS="1190" HPOS="680"/>
							<String ID="string_298" HPOS="691" VPOS="1191" WIDTH="132" HEIGHT="25" WC="0.91" CONTENT="förpligtande"/><SP WIDTH="11" VPOS="1191" HPOS="823"/>
							<String ID="string_299" HPOS="834" VPOS="1193" WIDTH="29" HEIGHT="17" WC="0.96" CONTENT="att"/><SP WIDTH="10" VPOS="1193" HPOS="863"/>
							<String ID="string_300" HPOS="873" VPOS="1191" WIDTH="83" HEIGHT="26" WC="0.96" CONTENT="bidraga"/>
						</TextLine>
						<TextLine ID="line_31" HPOS="205" VPOS="1224" WIDTH="750" HEIGHT="26">
							<String ID="string_301" HPOS="205" VPOS="1224" WIDTH="32" HEIGHT="19" WC="0.95" CONTENT="till"/><SP WIDTH="18" VPOS="1224" HPOS="237"/>
							<String ID="string_302" HPOS="255" VPOS="1224" WIDTH="33" HEIGHT="19" WC="0.95" CONTENT="det"/><SP WIDTH="19" VPOS="1224" HPOS="288"/>
							<String ID="string_303" HPOS="307" VPOS="1231" WIDTH="69" HEIGHT="18" WC="0.93" CONTENT="genom"/><SP WIDTH="17" VPOS="1231" HPOS="376"/>
							<String ID="string_304" HPOS="393" VPOS="1224" WIDTH="115" HEIGHT="26" WC="0.90" CONTENT="lönskaläge"/><SP WIDTH="18" VPOS="1224" HPOS="508"/>
							<String ID="string_305" HPOS="526" VPOS="1225" WIDTH="62" HEIGHT="19" WC="0.93" CONTENT="aflade"/><SP WIDTH="18" VPOS="1225" HPOS="588"/>
							<String ID="string_306" HPOS="606" VPOS="1225" WIDTH="78" HEIGHT="19" WC="0.96" CONTENT="barnets"/><SP WIDTH="15" VPOS="1225" HPOS="684"/>
							<String ID="string_307" HPOS="699" VPOS="1225" WIDTH="104" HEIGHT="20" WC="0.92" CONTENT="underhåll"/><SP WIDTH="16" VPOS="1225" HPOS="803"/>
							<String ID="string_308" HPOS="819" VPOS="1237" WIDTH="26" HEIGHT="2" WC="0.92" CONTENT="—"/><SP WIDTH="16" VPOS="1237" HPOS="845"/>
							<String ID="string_309" HPOS="861" VPOS="1225" WIDTH="36" HEIGHT="20" WC="0.96" CONTENT="och"/><SP WIDTH="15" VPOS="1225" HPOS="897"/>
							<String ID="string_310" HPOS="912" VPOS="1226" WIDTH="43" HEIGHT="19" WC="0.96" CONTENT="icke"/>
						</TextLine>
						<TextLine ID="line_32" HPOS="205" VPOS="1257" WIDTH="752" HEIGHT="26">
							<String ID="string_311" HPOS="205" VPOS="1257" WIDTH="57" HEIGHT="19" WC="0.95" CONTENT="alltid"/><SP WIDTH="18" VPOS="1257" HPOS="262"/>
							<String ID="string_312" HPOS="280" VPOS="1263" WIDTH="34" HEIGHT="13" WC="0.96" CONTENT="ens"/><SP WIDTH="14" VPOS="1263" HPOS="314"/>
							<String ID="string_313" HPOS="328" VPOS="1257" WIDTH="7" HEIGHT="18" WC="0.96" CONTENT="i"/><SP WIDTH="16" VPOS="1257" HPOS="335"/>
							<String ID="string_314" HPOS="351" VPOS="1257" WIDTH="56" HEIGHT="19" WC="0.96" CONTENT="dessa"/><SP WIDTH="15" VPOS="1257" HPOS="407"/>
							<String ID="string_315" HPOS="422" VPOS="1257" WIDTH="42" HEIGHT="19" WC="0.95" CONTENT="fall."/><SP WIDTH="30" VPOS="1257" HPOS="464"/>
							<String ID="string_316" HPOS="494" VPOS="1258" WIDTH="38" HEIGHT="19" WC="0.89" CONTENT="Till"/><SP WIDTH="17" VPOS="1258" HPOS="532"/>
							<String ID="string_317" HPOS="549" VPOS="1258" WIDTH="49" HEIGHT="25" WC="0.96" CONTENT="följd"/><SP WIDTH="14" VPOS="1258" HPOS="598"/>
							<String ID="string_318" HPOS="612" VPOS="1258" WIDTH="59" HEIGHT="19" WC="0.96" CONTENT="häraf"/><SP WIDTH="13" VPOS="1258" HPOS="671"/>
							<String ID="string_319" HPOS="684" VPOS="1258" WIDTH="50" HEIGHT="19" WC="0.96" CONTENT="hade"/><SP WIDTH="16" VPOS="1258" HPOS="734"/>
							<String ID="string_320" HPOS="750" VPOS="1258" WIDTH="36" HEIGHT="19" WC="0.96" CONTENT="ock"/><SP WIDTH="16" VPOS="1258" HPOS="786"/>
							<String ID="string_321" HPOS="802" VPOS="1258" WIDTH="74" HEIGHT="19" WC="0.96" CONTENT="antalet"/><SP WIDTH="14" VPOS="1258" HPOS="876"/>
							<String ID="string_322" HPOS="890" VPOS="1258" WIDTH="22" HEIGHT="19" WC="0.96" CONTENT="af"/><SP WIDTH="13" VPOS="1258" HPOS="912"/>
							<String ID="string_323" HPOS="925" VPOS="1259" WIDTH="32" HEIGHT="18" WC="0.96" CONTENT="för"/>
						</TextLine>
						<TextLine ID="line_33" HPOS="205" VPOS="1290" WIDTH="751" HEIGHT="27">
							<String ID="string_324" HPOS="205" VPOS="1290" WIDTH="180" HEIGHT="25" WC="0.91" CONTENT="könsförbrytelser"/><SP WIDTH="19" VPOS="1290" HPOS="385"/>
							<String ID="string_325" HPOS="404" VPOS="1291" WIDTH="54" HEIGHT="19" WC="0.92" CONTENT="fälda"/><SP WIDTH="18" VPOS="1291" HPOS="458"/>
							<String ID="string_326" HPOS="476" VPOS="1297" WIDTH="93" HEIGHT="18" WC="0.96" CONTENT="personer"/><SP WIDTH="15" VPOS="1297" HPOS="569"/>
							<String ID="string_327" HPOS="584" VPOS="1291" WIDTH="62" HEIGHT="25" WC="0.96" CONTENT="enligt"/><SP WIDTH="15" VPOS="1291" HPOS="646"/>
							<String ID="string_328" HPOS="661" VPOS="1292" WIDTH="37" HEIGHT="19" WC="0.96" CONTENT="den"/><SP WIDTH="14" VPOS="1292" HPOS="698"/>
							<String ID="string_329" HPOS="712" VPOS="1292" WIDTH="7" HEIGHT="19" WC="0.93" CONTENT="i"/><SP WIDTH="15" VPOS="1292" HPOS="719"/>
							<String ID="string_330" HPOS="734" VPOS="1291" WIDTH="222" HEIGHT="26" WC="0.92" CONTENT="prokuratorsembetets"/>
						</TextLine>
						<TextLine ID="line_34" HPOS="205" VPOS="1325" WIDTH="750" HEIGHT="26">
							<String ID="string_331" HPOS="205" VPOS="1325" WIDTH="116" HEIGHT="20" WC="0.95" CONTENT="berättelser"/><SP WIDTH="15" VPOS="1325" HPOS="321"/>
							<String ID="string_332" HPOS="336" VPOS="1325" WIDTH="161" HEIGHT="25" WC="0.93" CONTENT="offentliggjorda"/><SP WIDTH="14" VPOS="1325" HPOS="497"/>
							<String ID="string_333" HPOS="511" VPOS="1325" WIDTH="215" HEIGHT="20" WC="0.91" CONTENT="brottmålsstatistiken"/><SP WIDTH="16" VPOS="1325" HPOS="726"/>
							<String ID="string_334" HPOS="742" VPOS="1326" WIDTH="156" HEIGHT="25" WC="0.91" CONTENT="kontinuerligen"/><SP WIDTH="11" VPOS="1326" HPOS="898"/>
							<String ID="string_335" HPOS="909" VPOS="1327" WIDTH="46" HEIGHT="19" WC="0.93" CONTENT="ned-"/>
						</TextLine>
						<TextLine ID="line_35" HPOS="205" VPOS="1359" WIDTH="750" HEIGHT="28">
							<String ID="string_336" HPOS="205" VPOS="1359" WIDTH="43" HEIGHT="25" WC="0.96" CONTENT="gått"/><SP WIDTH="14" VPOS="1359" HPOS="248"/>
							<String ID="string_337" HPOS="262" VPOS="1359" WIDTH="69" HEIGHT="26" WC="0.96" CONTENT="hvarje"/><SP WIDTH="16" VPOS="1359" HPOS="331"/>
							<String ID="string_338" HPOS="347" VPOS="1360" WIDTH="28" HEIGHT="23" WC="0.96" CONTENT="år,"/><SP WIDTH="12" VPOS="1360" HPOS="375"/>
							<String ID="string_339" HPOS="387" VPOS="1359" WIDTH="22" HEIGHT="20" WC="0.96" CONTENT="så"/><SP WIDTH="15" VPOS="1359" HPOS="409"/>
							<String ID="string_340" HPOS="424" VPOS="1362" WIDTH="29" HEIGHT="17" WC="0.96" CONTENT="att"/><SP WIDTH="15" VPOS="1362" HPOS="453"/>
							<String ID="string_341" HPOS="468" VPOS="1360" WIDTH="82" HEIGHT="19" WC="0.96" CONTENT="berörda"/><SP WIDTH="15" VPOS="1360" HPOS="550"/>
							<String ID="string_342" HPOS="565" VPOS="1360" WIDTH="59" HEIGHT="23" WC="0.95" CONTENT="antal,"/><SP WIDTH="13" VPOS="1360" HPOS="624"/>
							<String ID="string_343" HPOS="637" VPOS="1367" WIDTH="40" HEIGHT="12" WC="0.96" CONTENT="som"/><SP WIDTH="16" VPOS="1367" HPOS="677"/>
							<String ID="string_344" HPOS="693" VPOS="1361" WIDTH="22" HEIGHT="19" WC="0.96" CONTENT="år"/><SP WIDTH="17" VPOS="1361" HPOS="715"/>
							<String ID="string_345" HPOS="732" VPOS="1361" WIDTH="54" HEIGHT="19" WC="0.96" CONTENT="1872"/><SP WIDTH="16" VPOS="1361" HPOS="786"/>
							<String ID="string_346" HPOS="802" VPOS="1361" WIDTH="89" HEIGHT="25" WC="0.96" CONTENT="utgjorde"/><SP WIDTH="16" VPOS="1361" HPOS="891"/>
							<String ID="string_347" HPOS="907" VPOS="1361" WIDTH="48" HEIGHT="26" WC="0.95" CONTENT="843,"/>
						</TextLine>
						<TextLine ID="line_36" HPOS="206" VPOS="1394" WIDTH="748" HEIGHT="27">
							<String ID="string_348" HPOS="206" VPOS="1395" WIDTH="22" HEIGHT="18" WC="0.95" CONTENT="år"/><SP WIDTH="16" VPOS="1395" HPOS="228"/>
							<String ID="string_349" HPOS="244" VPOS="1394" WIDTH="53" HEIGHT="20" WC="0.96" CONTENT="1885"/><SP WIDTH="16" VPOS="1394" HPOS="297"/>
							<String ID="string_350" HPOS="313" VPOS="1394" WIDTH="87" HEIGHT="26" WC="0.95" CONTENT="uppgick"/><SP WIDTH="15" VPOS="1394" HPOS="400"/>
							<String ID="string_351" HPOS="415" VPOS="1395" WIDTH="32" HEIGHT="18" WC="0.96" CONTENT="till"/><SP WIDTH="15" VPOS="1395" HPOS="447"/>
							<String ID="string_352" HPOS="462" VPOS="1395" WIDTH="68" HEIGHT="19" WC="0.96" CONTENT="endast"/><SP WIDTH="15" VPOS="1395" HPOS="530"/>
							<String ID="string_353" HPOS="545" VPOS="1395" WIDTH="47" HEIGHT="20" WC="0.95" CONTENT="400."/><SP WIDTH="23" VPOS="1395" HPOS="592"/>
							<String ID="string_354" HPOS="615" VPOS="1395" WIDTH="37" HEIGHT="19" WC="0.95" CONTENT="Att"/><SP WIDTH="14" VPOS="1395" HPOS="652"/>
							<String ID="string_355" HPOS="666" VPOS="1395" WIDTH="70" HEIGHT="26" WC="0.96" CONTENT="dylika"/><SP WIDTH="15" VPOS="1395" HPOS="736"/>
							<String ID="string_356" HPOS="751" VPOS="1396" WIDTH="41" HEIGHT="19" WC="0.96" CONTENT="åtal"/><SP WIDTH="15" VPOS="1396" HPOS="792"/>
							<String ID="string_357" HPOS="807" VPOS="1402" WIDTH="79" HEIGHT="13" WC="0.93" CONTENT="numera"/><SP WIDTH="10" VPOS="1402" HPOS="886"/>
							<String ID="string_358" HPOS="896" VPOS="1397" WIDTH="58" HEIGHT="19" WC="0.91" CONTENT="väck-"/>
						</TextLine>
					</TextBlock>
					<TextBlock ID="block_4" HPOS="181" VPOS="1429" WIDTH="774" HEIGHT="26">
						<TextLine ID="line_37" HPOS="181" VPOS="1429" WIDTH="774" HEIGHT="26">
							<String ID="string_359" HPOS="181" VPOS="1434" WIDTH="2" HEIGHT="2" WC="0.83" CONTENT="*"/><SP WIDTH="23" VPOS="1434" HPOS="183"/>
							<String ID="string_360" HPOS="206" VPOS="1431" WIDTH="29" HEIGHT="17" WC="0.96" CONTENT="tes"/><SP WIDTH="19" VPOS="1431" HPOS="235"/>
							<String ID="string_361" HPOS="254" VPOS="1429" WIDTH="68" HEIGHT="20" WC="0.96" CONTENT="endast"/><SP WIDTH="18" VPOS="1429" HPOS="322"/>
							<String ID="string_362" HPOS="340" VPOS="1429" WIDTH="7" HEIGHT="19" WC="0.96" CONTENT="i"/><SP WIDTH="19" VPOS="1429" HPOS="347"/>
							<String ID="string_363" HPOS="366" VPOS="1429" WIDTH="139" HEIGHT="26" WC="0.96" CONTENT="sammanhang"/><SP WIDTH="17" VPOS="1429" HPOS="505"/>
							<String ID="string_364" HPOS="522" VPOS="1430" WIDTH="43" HEIGHT="19" WC="0.96" CONTENT="med"/><SP WIDTH="15" VPOS="1430" HPOS="565"/>
							<String ID="string_365" HPOS="580" VPOS="1429" WIDTH="105" HEIGHT="26" WC="0.96" CONTENT="påstående"/><SP WIDTH="15" VPOS="1429" HPOS="685"/>
							<String ID="string_366" HPOS="700" VPOS="1437" WIDTH="30" HEIGHT="12" WC="0.93" CONTENT="om"/><SP WIDTH="16" VPOS="1437" HPOS="730"/>
							<String ID="string_367" HPOS="746" VPOS="1430" WIDTH="165" HEIGHT="20" WC="0.82" CONTENT="barnaunderhäll"/><SP WIDTH="14" VPOS="1430" HPOS="911"/>
							<String ID="string_368" HPOS="925" VPOS="1433" WIDTH="30" HEIGHT="17" WC="0.92" CONTENT="ut-"/>
						</TextLine>
					</TextBlock>
					<TextBlock ID="block_5" HPOS="274" VPOS="1462" WIDTH="370" HEIGHT="23">
						<TextLine ID="line_38" HPOS="274" VPOS="1462" WIDTH="370" HEIGHT="23">
							<String ID="string_369" HPOS="274" VPOS="1458" WIDTH="56" HEIGHT="31" WC="0.55" CONTENT="Straff"/><SP WIDTH="4" VPOS="1458" HPOS="330"/>
							<String ID="string_370" HPOS="334" VPOS="1462" WIDTH="120" HEIGHT="21" WC="0.81" CONTENT="lagsutskottets"/><SP WIDTH="11" VPOS="1462" HPOS="454"/>
							<String ID="string_371" HPOS="465" VPOS="1463" WIDTH="104" HEIGHT="17" WC="0.96" CONTENT="betänkande"/><SP WIDTH="13" VPOS="1463" HPOS="569"/>
							<String ID="string_372" HPOS="582" VPOS="1463" WIDTH="34" HEIGHT="16" WC="0.96" CONTENT="N:o"/><SP WIDTH="14" VPOS="1463" HPOS="616"/>
							<String ID="string_373" HPOS="630" VPOS="1463" WIDTH="14" HEIGHT="16" WC="0.96" CONTENT="1."/>
						</TextLine>
					</TextBlock>
				</ComposedBlock>
			</PrintSpace>
		</Page>
	</Layout>
</alto>
