1050 1711
804 152 22 12 I

103 201 43 20 med
161 202 71 19 honom
246 202 66 20 kunna
326 203 83 19 förfaras
425 204 25 24 pä
465 210 71 14 samma
551 206 39 18 sätt
604 204 6 19 i
627 204 8 18 1
653 204 13 26 &
677 204 59 20 finnes
747 205 100 19 föreskrif-

103 238 33 17 vet
150 236 44 20 med
208 236 76 26 hänsyn
300 237 31 19 till
346 238 43 24 den,
406 244 40 12 som
461 242 50 15 ännu
527 239 16 25 ej
559 238 48 26 fyllt
621 238 72 20 femton
709 239 27 19 år.

170 270 79 20 Förlust
267 271 21 19 af
304 272 153 25 medborgerligt
471 273 108 19 förtroende
595 279 44 12 anse
655 273 26 25 vi,
697 272 42 19 lika
754 273 43 18 med
811 273 36 19 Ut-

102 304 80 26 skottet,
201 305 44 19 icke
266 306 49 19 böra
336 305 77 20 ädömas
432 306 43 25 den,
495 313 39 12 som
553 310 49 15 ännu
621 307 16 24 ej
657 306 48 25 fyllt
722 307 79 18 aderton
821 307 28 25 är,

102 345 43 13 men
164 339 48 26 vilja
230 339 17 26 ej
263 339 63 20 heller
341 342 29 17 att
385 340 63 25 nägon
463 341 41 19 före
520 341 61 19 denna
595 340 54 19 älder
664 340 52 19 skall
731 341 83 19 drabbas
829 341 22 19 af

102 373 60 20 andra
177 373 96 26 päföljder
288 374 44 19 med
347 374 76 26 hänsyn
438 375 33 19 till
486 375 29 19 sin
530 375 154 24 medborgerliga
699 375 101 25 integritet
814 375 35 19 och

102 408 60 19 hafva
177 408 75 20 derföre
268 409 129 25 omredigerat
413 409 47 19 sista
475 412 102 17 momentet
593 410 6 19 i
615 409 11 19 2
642 409 19 26 8.

172 443 9 20 1
198 443 36 19 och
249 443 12 19 2
276 443 28 26 $$
320 443 10 19 3
347 443 45 26 kap.
407 443 60 20 borde
483 444 61 25 enligt
558 444 36 19 vär
609 443 52 25 äsigt
676 443 75 20 erhålla
764 444 85 25 följande

102 477 86 26 lydelse:

275 513 7 18 1
300 513 19 25 8.
340 511 93 27 Gerning,
449 519 40 13 som
505 513 56 25 eljest
575 516 22 16 är
612 512 97 25 straffbar,
724 519 47 13 vare
786 513 63 19 straff-

237 546 29 19 lös
282 553 30 13 om
328 546 35 19 den
379 547 59 25 begås
453 547 22 19 af
488 548 54 24 barn,
553 547 59 20 innan
627 547 33 19 det
675 547 47 25 fyllt
737 547 72 20 femton
821 547 28 25 år,

238 582 49 19 dock
308 582 32 19 må
363 582 105 20 domstolen
487 581 120 27 allvarligen
625 581 87 22 åtvarna
731 581 72 21 barnet
820 583 30 19 att

237 614 36 28 för
288 616 54 21 brott
356 616 36 20 och
405 618 74 19 vanart
494 618 47 25 taga
551 616 32 27 sig
593 616 31 21 till
633 622 50 15 vara
693 618 61 24 samt,
766 616 36 21 der
811 616 37 22 så-

237 650 51 21 dant
309 650 47 22 med
374 650 81 28 hänsyn
473 651 32 21 till
525 650 38 22 den
581 650 113 27 straffbara
713 650 138 27 handlingens

239 684 138 27 beskaffenhet
391 685 48 21 eller
454 685 119 26 föräldrars
589 685 34 21 och
638 685 116 21 målsmäns
760 691 89 20 person-

238 719 62 26 lighet
312 719 87 27 pröfvas
414 720 32 20 till
460 720 167 26 förekommande
643 719 26 26 af
679 720 83 20 barnets
771 720 79 26 sedliga

237 754 95 20 vanvård
348 753 77 27 nödigt,
441 755 92 19 förordna
551 761 29 12 om
599 755 43 18 dess
661 754 108 20 insättande
788 755 6 18 i
812 755 37 18 all-

237 791 45 17 män
298 789 212 25 uppfostringsanstalt.

272 823 49 25 Den,
341 829 40 13 som
399 823 67 19 blifvit
484 823 60 19 insatt
561 823 7 18 i
587 823 213 26 uppfostringsanstalt,
819 823 31 20 må

239 857 34 20 der
291 858 70 18 vårdas
377 858 22 18 så
413 858 58 25 länge
487 858 35 19 den
538 857 120 26 myndighet,
674 857 80 19 hvilken
770 856 36 20 har
820 857 28 19 in-

238 892 70 20 seende
323 892 56 20 öfver
394 892 102 25 anstalten,
511 892 61 19 finner
586 898 47 13 vara
648 892 31 18 för
693 891 69 20 honom
777 898 71 18 gagne-

238 926 44 26 ligt,
298 925 50 21 dock
367 925 19 27 ej
405 926 72 26 längre
496 926 29 20 än
539 925 42 21 tills
596 925 41 21 han
651 924 49 28 fyllt
714 926 89 26 tjuguett
817 925 31 21 år.

273 961 40 25 28
331 961 8 19 1
357 967 56 13 mom.
428 961 43 19 lika
485 961 43 18 med
544 960 208 25 Strafflagsutskottets
768 960 81 25 förslag.

273 995 12 19 2
301 1002 56 12 mom.
377 993 50 21 Kan
442 995 9 19 i
465 994 59 21 dessa
539 993 40 27 fall
594 994 92 24 utrönas,
697 994 31 20 att
740 993 109 27 gernings-

238 1035 90 14 mannen
351 1028 8 20 i
380 1028 54 26 följd
455 1028 26 26 af
501 1027 105 21 bristande
627 1026 224 28 förständsutveckling

238 1062 43 21 icke
304 1064 32 24 egt
354 1062 96 26 förmåga
469 1064 30 19 att
515 1062 44 20 inse
575 1061 124 27 gerningens
718 1061 131 27 brottslighet,

239 1097 36 21 må
294 1097 48 25 han,
359 1096 40 22 lika
418 1096 47 21 med
483 1097 45 25 den,
544 1103 43 14 som
607 1097 57 19 ännu
682 1096 21 28 ej
718 1095 40 28 fylt
772 1096 79 26 femton

239 1132 32 25 år,
291 1132 72 20 dömas
385 1131 72 21 endast
479 1130 31 21 till
531 1131 88 26 varning
641 1130 36 21 och
698 1132 30 19 att
746 1130 8 20 i
772 1130 79 21 allmän

239 1165 223 28 uppfostringsanstalt
477 1165 94 21 insättas.

274 1200 32 28 Ej
321 1201 35 19 må
371 1201 68 20 sådan
452 1199 91 28 påföljd,
554 1206 44 14 som
612 1199 9 20 i
635 1200 16 19 2
665 1199 46 26 kap.
726 1200 28 19 14
764 1199 14 27 $
788 1199 63 20 näm-

238 1241 43 20 nes,
298 1234 87 21 ådömas
402 1235 69 25 någon
490 1234 35 27 för
544 1233 58 27 brott,
617 1240 44 14 som
679 1233 41 21 han
735 1233 67 26 begått
816 1233 34 20 in-

239 1276 43 13 nan
299 1269 41 20 han
355 1268 40 27 fylt
409 1268 86 21 aderton
510 1269 31 20 år.

172 1320 30 22 A.
218 1319 149 23 Grotenfelt.
531 1318 89 23 Gustaf
633 1317 150 23 Johansson.

172 1479 179 23 Straflagsutskottets
363 1477 103 18 betänkande
478 1478 33 17 N:o
524 1478 15 17 1.
