1020 1700
284 134 59 26 Ständ
365 134 31 24 Sv.
422 130 14 38 —
454 136 55 28 Prop.
524 136 32 23 N:o
570 136 15 23 1.
740 138 40 21 141

59 200 59 22 öfvas
140 200 23 22 af
183 200 36 22 två
238 201 53 21 eller
312 200 57 24 flere,
385 201 72 22 hvilka
472 202 62 21 sällat
548 202 33 26 sig
595 208 94 16 samman
703 204 33 20 att
750 203 60 27 stjäla

59 235 52 21 eller
125 235 51 21 råna
192 235 52 21 eller
258 236 56 26 begå
328 236 65 20 annat
407 236 77 21 sådant
498 236 67 21 brott.

127 269 83 21 Försök
224 270 33 20 till
271 269 64 27 brott,
351 276 46 15 som
411 270 8 21 i
433 270 69 21 denna
520 270 12 26 &
546 272 93 24 nämnes,
655 273 25 19 är
695 270 116 22 straffbart.

128 308 42 27 3.
199 309 64 26 Hvar,
280 315 51 20 som,
346 310 8 20 i
368 309 63 27 afsigt
438 310 33 20 att
478 310 62 26 stjäla
547 310 47 21 litet
603 310 52 22 eller
664 310 89 27 mycket,
763 310 48 21 med

59 342 49 22 våld
122 342 73 27 bryter
209 343 32 27 sig
256 343 22 21 in
292 343 7 21 i
314 343 59 27 gård,
389 343 46 26 hus,
450 344 70 26 fartyg
530 344 52 21 eller
591 344 85 26 stängdt
685 344 127 27 förvarings-

59 383 54 20 rum,
136 377 51 22 eller
210 377 71 22 dertill
302 377 49 21 med
374 377 59 27 dyrk,
452 377 56 22 falsk
530 378 74 26 nyckel
626 378 52 21 eller
693 384 69 15 annan
776 378 36 22 list

59 410 80 22 skaffar
154 411 31 26 sig
200 411 77 26 ingång
292 411 53 21 eller
360 412 98 25 öppning,
476 412 52 20 eller
543 412 39 21 ock
597 412 49 21 med
657 412 49 21 våld
716 412 51 21 eller
776 412 36 21 list

60 446 81 25 öppnar
155 444 59 27 skåp,
229 445 63 26 kista,
308 445 58 21 skrin
381 445 52 21 eller
448 451 68 16 annan
532 445 223 27 förvaringspersedel,
766 452 46 16 som

59 479 49 21 med
123 479 37 27 lås,
176 479 114 27 försegling
305 479 52 21 eller
372 479 67 26 dylikt
454 480 94 26 stängsel
562 482 24 19 är
601 480 108 27 tillsluten,
719 482 51 20 utan
780 482 32 20 att

60 513 41 21 den
116 513 106 27 borttaga,
238 513 90 27 straffes,
345 520 32 15 om
398 514 56 21 stöld
470 514 51 21 eller
535 514 74 21 försök
624 514 71 21 dertill
710 515 46 21 icke
770 515 42 22 till-

59 547 44 23 lika
118 548 56 26 sker,
189 547 33 22 för
237 548 81 22 inbrott
337 548 47 22 med
403 549 89 21 tukthus
507 549 6 21 i
531 549 63 27 högst
609 549 31 21 ett
655 549 30 26 år,
701 549 58 27 eller,
775 549 38 22 der

60 583 208 26 omständigheterna
283 585 36 19 äro
335 583 133 27 synnerligen
483 583 124 27 mildrande,
623 584 48 20 med
686 583 93 27 fängelse
794 584 18 27 ej

61 616 59 22 öfver
135 622 37 16 sex
186 617 108 21 månader.

129 656 82 22 Försök
226 659 24 19 är
264 656 116 22 straffbart.

129 696 14 21 4
158 696 18 27 $.
206 697 46 21 Har
274 697 47 26 den,
345 702 45 16 som
409 696 70 22 blifvit
498 696 88 22 straffad
601 696 34 22 för
649 698 95 26 snatteri,
760 698 54 26 ånyo

60 731 56 27 gjort
131 731 32 27 sig
178 730 83 27 skyldig
279 730 80 26 dertill;
383 730 54 22 skall
457 731 42 21 han
514 737 62 15 anses
591 731 39 21 och
646 731 84 22 straffas
744 732 70 21 såsom

60 766 55 20 hade
130 765 42 21 han
188 764 66 22 första
269 771 61 15 resan
345 765 74 27 begått
433 765 63 21 stöld.

132 804 44 22 Gör
190 805 76 27 någon,
283 810 45 16 som
343 804 57 22 förut
415 805 113 27 undergätt
542 804 63 22 straff
617 804 34 22 för
659 806 62 26 stöld,
728 806 87 26 inbrott,

62 840 45 27 rån,
123 839 52 22 eller
190 840 141 26 utpressning,
347 840 32 26 sig
394 840 82 26 skyldig
491 840 33 21 till
540 840 97 26 snatteri;
656 840 65 22 varde
736 840 79 22 ansedd

64 874 39 22 och
123 873 89 23 straffad
227 874 69 22 såsom
312 874 54 21 hade
381 874 43 21 han
439 874 53 27 ånyo
512 874 73 27 begått
601 874 62 22 stöld.

131 914 47 27 58.
207 914 69 27 Begår
297 914 70 27 någon
390 914 66 21 andra
478 914 83 27 gången
579 914 65 27 stöld;
669 914 83 22 straffes
767 915 49 21 med

62 949 88 21 tukthus
165 949 8 21 i
188 949 62 27 högst
264 949 46 26 fyra
325 948 30 27 är,
370 948 59 27 eller,
445 949 37 21 der
497 948 83 22 stölden
596 949 65 26 enligt
676 950 13 20 2
704 948 11 28 8
729 951 24 19 är
763 949 52 27 erof,

63 984 48 21 med
126 983 90 21 tukthus
231 983 48 21 från
294 983 39 21 och
348 983 48 21 med
412 984 30 20 ett
456 983 32 21 till
504 983 40 21 och
558 983 49 21 med
622 989 37 15 sex
673 983 31 21 år.

132 1023 70 27 Begår
216 1023 70 27 någon
300 1023 67 27 tredje
382 1023 82 26 gången
480 1023 66 26 stöld;
568 1022 83 22 straffes
666 1024 48 20 med
728 1023 88 21 tukthus

63 1057 47 22 från
133 1058 39 20 och
194 1058 48 20 med
258 1059 30 19 ett
303 1057 33 21 till
351 1057 40 21 och
412 1057 47 21 med
475 1063 36 15 sex
527 1056 29 27 år,
573 1057 58 27 eller,
647 1064 34 14 om
696 1057 82 22 stölden
792 1059 25 19 är

63 1092 53 27 grof,
132 1092 49 21 med
196 1092 90 21 tukthus
300 1091 47 21 från
363 1092 40 20 och
417 1091 49 21 med
480 1091 36 21 två
533 1091 33 21 till
581 1091 40 21 och
635 1091 48 21 med
698 1092 30 20 tio
743 1092 31 20 år.

132 1126 53 27 Stjäl
200 1126 69 27 någon
283 1126 67 27 fjerde
365 1125 88 27 gången,
471 1126 51 21 eller
538 1125 81 27 oftare;
635 1126 71 21 dömes
717 1126 32 21 till
759 1125 59 22 tukt-

63 1161 40 22 hus
118 1160 47 22 från
180 1160 39 21 och
234 1161 49 20 med
297 1160 36 21 två
348 1160 33 21 till
397 1160 39 21 och
450 1160 48 21 med
513 1160 41 21 tolf
567 1160 30 26 år,
609 1160 56 27 eller,
677 1160 38 21 der
725 1161 91 20 omstän-

64 1195 124 27 digheterna
203 1196 37 20 äro
256 1195 134 26 synnerligen
405 1193 143 28 försvårande,
564 1193 27 27 på
606 1194 74 21 lifstid.

131 1229 54 26 Den,
208 1235 45 15 som
275 1229 78 21 utstått
371 1227 62 22 straff
446 1228 33 21 för
494 1229 86 26 inbrott,
595 1229 45 25 rån,
656 1228 54 21 eller
724 1229 94 26 utpress-

64 1264 57 25 ning,
144 1263 54 21 skall
218 1263 34 20 för
267 1263 92 21 derefter
377 1263 109 25 begången
502 1262 83 26 tjufnad
600 1261 85 22 straffas
701 1262 69 21 såsom
784 1262 34 21 för

64 1296 84 22 återfall
162 1297 7 20 i
185 1296 63 22 stöld.

132 1330 13 20 6
160 1329 19 27 $.
208 1330 103 20 Föröfvar
333 1330 76 25 någon,
433 1336 44 14 som
500 1330 77 20 utstått
598 1329 62 21 straff
677 1329 34 21 för
730 1330 87 24 inbrott,

64 1364 62 26 stöld,
149 1363 39 21 rån
210 1363 52 21 eller
280 1363 141 27 utpressning,
440 1362 92 22 derefter
547 1363 86 25 inbrott,
649 1364 52 20 utan
716 1364 32 19 att
762 1362 56 21 stöld

64 1397 52 21 eller
130 1396 73 22 försök
218 1397 70 21 dertill
304 1397 69 21 tillika
388 1396 59 27 sker;
470 1396 86 22 straffes
571 1396 33 22 för
619 1396 84 22 återfall
717 1396 7 21 i
738 1396 80 22 inbrott

64 1432 48 22 med
127 1432 89 22 tukthus
231 1432 19 27 ej
266 1432 59 21 öfver
339 1433 33 20 tre
387 1432 31 26 år,
433 1432 58 27 eller,
507 1432 38 21 der
560 1431 41 22 han
617 1431 57 21 förut
682 1430 96 23 straffats
786 1430 32 22 för
