1048 1711
223 147 27 21 14
534 146 39 22 N:o
588 146 19 22 1.

194 209 180 24 förekommande,
396 209 129 26 ordningens
550 209 156 25 bibehållande,
725 209 141 24 häktningens
881 209 63 19 verk-

195 243 111 25 ställande,
322 243 53 20 eller
391 243 39 19 den
446 243 86 26 rymdes
547 243 109 26 gripande.

266 277 44 25 Lag
333 283 79 13 samma
436 284 55 18 vare,
516 284 32 13 om
573 284 69 12 annan
667 283 74 19 person
766 279 64 17 sätter
850 277 31 25 sig
897 277 46 19 med

195 311 49 20 våld
268 311 52 19 eller
343 311 36 19 hot
399 317 32 14 om
449 311 48 19 våld
513 314 56 17 emot
585 312 48 25 den,
649 317 43 14 som
709 310 37 20 vill
761 311 78 20 hindra
853 311 92 25 rymnin-

194 352 47 20 gen,
265 345 107 21 bibehålla
391 345 125 27 ordningen,
533 346 116 20 verkställa
664 345 137 27 häktningen,
817 345 52 20 eller
884 346 61 26 gripa

196 380 39 20 den
252 380 80 26 rymde.

267 415 11 18 9
295 416 17 22 $.
342 413 44 20 Har
402 414 68 25 någon
487 414 5 19 i
510 414 44 25 fall,
570 420 43 13 som
630 414 5 19 i
653 415 19 23 6,
684 415 10 18 7
713 413 51 20 eller
781 414 11 19 8
809 416 9 22 $
834 413 111 20 omförmä-

196 448 37 25 les,
249 449 55 25 gjort
327 449 66 18 större
409 447 57 26 väld,
481 450 26 17 än
523 449 69 18 nöden
609 448 84 25 kräfde;
716 454 50 13 vare
781 448 32 19 till
830 447 61 20 straff
905 447 40 20 för-

195 482 75 25 fallen;
294 482 54 20 dock
372 483 33 18 mä
428 481 87 27 straffet,
531 483 52 19 efter
606 482 215 25 omständigheterna,
837 482 108 20 nedsättas

196 517 66 19 under
278 516 55 25 hvad
349 516 13 19 å
377 516 66 19 sådan
459 517 88 25 gerning
563 517 6 18 i
586 516 115 20 allmänhet
717 516 47 19 bort
779 516 58 26 följa.
868 516 43 19 Var
921 516 23 19 så

196 551 117 25 trängande
336 550 41 19 nöd
399 551 51 19 eller
473 550 47 20 fara
542 551 32 19 för
596 551 92 25 handen,
708 553 30 17 att
754 550 40 20 han
810 551 48 20 icke
874 550 70 20 kunde

198 584 88 20 besinna
301 585 43 25 sig;
361 584 33 20 må
409 584 40 20 han
467 585 18 25 ej
502 584 72 20 dömas
591 584 28 20 till
637 584 66 21 straff.

270 619 24 19 10
310 621 17 23 $.
356 618 44 20 Har
415 620 77 25 någon,
508 619 32 19 för
560 622 31 17 att
607 619 66 19 rädda
689 620 30 18 sin
736 618 53 21 eller
804 625 79 14 annans
899 625 47 19 per-

196 660 37 14 son
257 654 51 20 eller
327 653 103 26 egendom
447 660 23 13 ur
486 654 117 26 trängande
619 654 52 24 fara,
686 654 73 26 begått
774 654 46 19 med
836 652 62 21 straff
911 653 35 20 be-

196 688 48 26 lagd
262 688 109 26 handling,
382 688 40 19 och
438 694 38 14 var
491 688 121 20 derförutan
629 688 104 26 räddning
745 688 18 26 ej
775 688 82 26 möjlig;
874 688 73 26 pröfve

197 722 125 26 domstolen,
337 722 53 20 efter
412 729 44 13 som
478 722 65 20 saken
567 723 39 19 och
630 722 210 26 omständigheterna
855 726 42 22 äro,
914 729 33 13 om

196 758 41 20 han
261 758 33 18 må
316 757 71 25 undgå
409 757 62 19 straff
492 756 31 20 för
539 757 136 26 handlingen,
691 757 52 20 eller
759 756 69 21 derför
844 758 56 26 gjort
914 757 33 25 sig

196 791 98 21 förfallen
311 791 30 19 till
358 791 61 19 straff
432 792 6 18 i
455 791 47 20 fullt
516 791 53 19 eller
585 792 84 19 nedsatt
684 793 58 18 mått.

267 826 23 19 11
308 828 16 22 $.
355 825 43 20 Har
421 826 47 24 den,
491 832 43 14 som
558 826 55 26 gjort
636 826 31 26 sig
687 826 85 26 skyldig
788 826 30 19 till
836 825 63 26 brott,
915 825 32 20 för

197 861 116 19 detsamma
336 862 49 17 utan
410 861 48 24 eget
480 859 133 20 förvållande
630 859 71 20 hållits
717 860 6 19 i
739 860 66 19 häkte
820 859 73 27 längre
909 859 37 26 tid,

197 897 27 17 än
247 893 49 27 laga
315 893 111 27 rättegång
445 893 89 25 fordrat;
551 894 34 19 må
600 894 54 20 ifrån
671 894 35 19 det
721 894 67 25 straff,
803 893 86 20 hvartill
906 894 40 19 han

197 929 32 20 för
252 929 78 20 brottet
353 929 56 26 gjort
424 929 32 26 sig
472 928 105 26 förfallen,
594 929 53 19 efter
663 929 208 26 omständigheterna
885 931 62 24 göras

196 963 74 26 afdrag
286 963 33 20 för
335 963 39 20 den
392 963 36 25 tid,
444 963 41 20 han
502 963 31 20 för
548 963 63 26 länge
626 963 71 20 hållits
712 963 87 20 häktad.

531 1055 15 21 4
561 1055 48 27 Kap.

498 1111 42 22 Om
555 1110 92 23 försök.

268 1164 7 18 1
293 1166 17 22 5.
340 1162 33 20 Då
395 1163 71 20 försök
491 1163 33 20 till
539 1163 57 21 brott
611 1163 67 26 enligt
693 1164 34 24 lag
743 1166 24 16 är
782 1163 111 20 straffbart
908 1164 39 19 och

196 1197 102 21 särskildt
313 1196 61 20 straff
386 1197 33 20 för
434 1198 95 19 försöket
545 1198 18 26 ej
580 1200 23 17 är
618 1200 78 23 utsatt;
711 1197 55 20 skall
782 1197 95 21 försöket
887 1197 61 20 straf-

196 1232 32 20 fas
250 1232 47 20 med
321 1231 63 26 högst
406 1234 30 17 tre
460 1231 127 26 fjerdedelar
611 1231 23 20 af
651 1233 117 25 strängaste
789 1232 38 20 och
843 1232 56 25 lägst
914 1233 32 19 tre

196 1265 129 25 fjerdedelar
347 1265 23 19 af
390 1265 125 26 lindrigaste
535 1265 64 25 straff,
615 1271 44 13 som
675 1266 6 18 i
697 1265 74 25 hvarje
786 1264 95 20 straffart
896 1264 51 20 kun-

196 1301 37 17 nat
248 1298 52 26 följa
320 1298 13 20 &
349 1298 84 26 brottet,
449 1305 33 13 om
498 1298 36 20 det
549 1298 55 20 hade
621 1298 69 20 blifvit
706 1298 135 26 fullbordadt,
857 1298 56 20 dock
928 1299 19 25 ej

197 1333 66 20 under
285 1332 129 21 straffartens
435 1333 69 26 lägsta
519 1333 84 27 belopp.
633 1332 45 21 Kan
696 1333 115 20 dödsstraff
824 1333 52 20 eller
891 1333 56 20 tukt-

196 1368 38 20 hus
250 1368 27 26 på
293 1367 66 21 lifstid
374 1367 52 27 följa
440 1368 13 20 &
468 1367 130 21 fullbordadt
613 1366 70 28 brott;
698 1368 77 25 dömes,
792 1368 7 19 i
814 1368 71 21 stället
901 1368 46 19 der-

197 1403 38 25 för,
256 1402 32 20 för
311 1402 70 20 försök
405 1402 33 20 till
458 1402 85 21 tukthus
564 1402 45 20 från
626 1402 39 20 och
682 1403 45 19 med
745 1402 36 20 två
796 1402 32 20 till
844 1402 39 20 och
900 1402 47 20 med

197 1437 41 21 tolf
250 1437 30 20 år.
