1034 1703
357 154 22 20 U.
394 155 22 19 B.
431 166 28 2 —
474 155 58 25 Prop.
548 156 37 19 N:o
600 156 15 19 1.
817 155 13 19 5

180 214 68 21 Anses
264 215 77 20 brottet
357 216 17 26 ej
391 216 71 20 kunna
477 218 45 18 med
540 217 60 20 böter
616 217 113 26 nmgällas;
744 217 38 20 bör
793 218 64 19 saken

110 248 34 20 till
168 248 89 20 domstol
280 249 140 20 öfverlemnas
441 251 40 19 och
505 251 75 19 allmän
603 251 35 26 lag
657 251 111 25 tillämpas.
798 250 60 20 Dock

110 282 55 20 skall
181 282 6 19 i
204 282 57 20 detta
276 283 37 20 fall
331 284 46 23 den,
393 290 43 13 som
452 284 55 20 förut
523 284 69 20 blifvit
608 284 62 20 dömd
687 284 33 20 till
736 284 85 20 tukthus
833 285 26 25 pä

110 316 73 27 lifstid,
200 316 31 20 för
247 317 36 19 det
298 324 41 19 nya
355 318 86 24 brottet,
458 325 32 13 om
507 318 40 20 han
570 319 70 19 derför
660 318 47 20 icke
722 321 23 17 är
760 318 98 20 förfallen

111 350 31 19 till
159 351 119 26 dödsstraff,
294 351 71 20 dömas
382 351 31 20 till
429 352 121 20 insättande
566 353 4 18 i
588 352 49 26 ljust
652 359 78 19 enrum,
745 353 62 25 högst
821 358 37 15 sex

110 385 29 22 år.
169 381 31 24 Är
215 385 78 21 brottet
309 377 61 41 groft,
382 386 52 27 eller
445 389 36 17 äro
493 387 211 26 omständigheterna
714 387 148 20 försvårande;

111 420 33 19 må
159 420 81 21 straffet
256 421 86 26 skärpas
359 421 57 19 med:

181 467 17 20 1.
216 467 61 19 hårdt
292 467 118 27 hviloläger
425 467 62 27 högst
503 469 71 18 trettio
590 468 65 26 dygn,
671 467 51 20 eller

179 501 19 20 2.
216 501 45 20 kost
279 501 24 19 af
315 503 70 18 vatten
404 501 39 20 och
460 502 51 20 bröd
528 502 62 26 högst
606 503 58 25 tjugu
680 502 64 26 dygn,
760 501 50 20 eller

181 535 18 19 3.
216 536 69 19 mörkt
301 542 70 12 enrum
390 536 61 25 högst
466 535 44 21 åtta
526 537 64 25 dygn,
608 535 52 20 eller

180 571 19 18 4.
216 569 35 20 två
266 570 23 19 af
303 570 59 19 dessa
380 570 139 26 skärpningar
534 570 52 20 eller
602 570 43 19 älla
660 570 6 19 i
683 570 101 26 förening.

180 614 99 20 Föröfvar
295 614 62 27 fänge
373 618 56 17 utom
447 615 66 20 straff-
526 616 52 19 eller
594 615 187 26 arbetsinrättning
793 615 68 25 brott
854 610 9 36 ;

110 649 92 27 (utesl.);
216 650 65 19 varde
297 648 76 27 derför
388 650 62 19 dömd
467 650 22 20 af
503 650 97 25 domstol,
616 650 138 26 lifstidsfänge
770 650 66 19 säsom
854 649 7 19 i

111 684 13 19 2
140 690 61 13 mom.
218 682 29 27 af
264 683 71 21 denna
354 683 15 28 $
385 684 91 26 stadgas,
493 685 38 19 och
552 691 68 13 annan
637 684 62 26 fånge
715 684 52 19 efter
783 684 54 19 hvad
853 684 6 19 i

111 719 11 18 7
139 717 49 27 kap.
205 718 144 20 föreskrifves.

183 758 23 20 14
222 761 17 21 $.
268 759 33 19 Då
322 758 56 20 brott
401 758 66 25 enligt
489 759 34 26 lag
543 758 79 20 medför
638 758 74 19 förlust
728 758 22 20 af
763 758 96 19 medbor-

110 793 79 26 gerligt
204 792 131 26 förtroende;
350 793 54 19 skall
421 793 40 19 den
477 793 97 25 skyldige
589 791 69 21 under
669 791 58 21 tiden
738 791 41 27 för
789 791 71 21 sädan

108 825 90 29 påföljd
222 833 52 14 vara
297 826 115 27 utestängd
428 826 59 25 från
502 826 26 21 de
546 825 128 28 rättigheter
689 825 36 21 och
736 825 123 26 förmåner,

110 860 38 26 för
164 860 83 21 hvilkas
263 860 196 28 tillgodonjutande
478 860 114 27 erfordras
610 859 42 28 god
668 859 72 28 fräjd.
771 859 90 20 Innehar

112 895 40 20 han
170 896 64 25 tjenst
253 895 52 20 eller
321 901 67 14 annan
406 895 77 20 allmän
505 895 128 26 befattning;
655 893 64 26 hafve
741 894 120 19 densamma

112 929 114 20 förverkat.

180 963 41 20 Till
237 964 75 19 förlust
323 963 24 20 af
355 963 165 27 medborgerligt
530 963 122 20 förtroende
666 957 57 37 dömes
740 957 35 37 för
788 961 71 27 alltid,

112 998 39 20 der
174 997 122 27 dödsstraff
316 997 51 21 eller
389 997 87 21 tukthus
493 998 32 26 pä
544 997 74 26 lifstid
637 996 71 22 tillika
724 996 38 21 bör
775 995 58 28 följa
849 996 13 20 &

113 1031 83 26 brottet,
211 1038 46 15 men
273 1032 8 20 i
297 1038 74 14 annan
392 1031 101 21 händelse
505 1031 31 27 pä
550 1031 43 20 viss
610 1031 36 24 tid,
663 1031 19 27 ej
697 1030 69 21 under
780 1032 29 19 ett
825 1030 38 21 och

113 1067 19 26 ej
156 1066 59 28 öfver
234 1066 84 27 femton
342 1067 31 20 är.
404 1066 32 20 Då
454 1065 96 26 förutom
569 1066 75 19 förlust
658 1065 24 20 af
699 1065 164 26 medborgerligt

112 1101 121 20 förtroende
244 1101 83 26 (utes1.)
338 1101 135 19 frihetsstraff
482 1101 27 26 pä
522 1101 41 19 viss
579 1100 30 19 tid
620 1099 97 25 ddömes;
726 1098 57 21 skall
793 1098 70 21 sådan

108 1135 86 28 förlust
208 1137 75 25 genast
308 1135 91 20 inträda
415 1135 38 20 och
471 1135 81 20 utöfver
573 1135 56 19 tiden
654 1134 31 20 för
709 1133 154 20 frihetsstraffet

114 1170 87 20 fortfara
218 1170 65 19 under
299 1170 40 19 den
355 1170 6 19 i
378 1169 74 20 domen
470 1169 31 20 för
518 1169 99 20 förlusten
635 1170 77 19 utsatta
730 1168 35 20 tid.

187 1211 22 19 15
225 1212 17 22 $.
271 1209 46 26 Tid,
333 1215 43 15 som
393 1209 52 20 efter
461 1209 69 20 denna
545 1209 35 26 lag
585 1203 116 25 utsättesi
718 1209 23 18 år
756 1207 49 22 eller
820 1207 42 20 mä-

114 1245 75 25 nader,
205 1245 77 19 räknas
301 1244 52 20 efter
369 1243 140 22 kalendertiä.
540 1242 50 28 Dag
605 1241 57 22 skall
678 1248 62 15 anses
754 1241 45 21 lika
814 1240 48 21 med

115 1279 63 28 dygn.

189 1312 40 21 Vid
251 1312 204 27 sammanläggning
471 1311 29 28 af
511 1311 69 28 straf
599 1311 82 21 räknas
700 1311 72 21 trettio
791 1310 71 27 dagar

114 1347 71 19 såsom
201 1353 25 13 en
241 1346 88 20 månad.

187 1380 23 19 16
226 1382 16 22 $.
273 1380 80 19 Värdet
369 1379 22 19 af
405 1380 51 24 ting,
472 1379 82 19 hvilket
572 1378 89 20 domstol
681 1378 57 19 dömt
754 1377 108 23 förbrutet,

116 1420 47 15 men
180 1415 18 26 ej
215 1414 102 20 förklarat
333 1413 51 20 böra
400 1413 107 25 förstöras,
524 1412 82 20 tillfalle
625 1412 90 25 kronan;
739 1411 54 20 dock
809 1410 54 20 skall

115 1450 7 19 i
138 1449 58 20 detta
212 1448 36 20 fall
265 1448 136 24 skadestånd,
416 1454 43 14 som
477 1449 18 25 ej
513 1448 53 19 utfås
586 1447 36 20 hos
639 1446 124 27 förbrytare,
775 1446 50 26 utgå
840 1452 24 13 ur
