1025 1706
323 132 23 18 U.
358 132 23 19 B.
393 142 21 5 —
427 133 61 24 Prop.
501 132 34 20 N:o
548 134 16 18 1.
772 134 23 18 79

67 191 37 20 nad
123 191 52 19 skall
193 191 78 19 straffas
289 191 63 20 såsom
371 192 36 19 den
426 192 34 20 der
478 192 85 20 föröfvat
580 192 115 26 tillgreppet
710 192 68 20 endast
793 200 23 12 en
824 194 45 20 Strf.
878 193 22 17 23
909 194 38 21 Kap

67 226 52 24 gång
138 225 35 19 och
192 226 75 18 således
286 226 53 24 gjort
357 226 31 25 sig
402 226 82 26 skyldig
499 226 29 19 till
543 227 58 19 stöld.
631 227 106 19 Dessutom
751 227 66 19 skulle

66 259 117 25 stadgandet
205 259 86 19 medföra
313 259 98 19 särskilda
432 260 121 24 svårigheter
571 260 36 19 och
626 260 167 25 inkonseqvenser
810 261 7 18 i

66 292 157 25 lagskipningen,
243 292 70 19 hvilka
331 293 117 19 framhållits
467 294 21 19 af
506 293 222 25 Granskningskomitén
747 294 7 18 i
774 294 43 19 dess

66 326 61 19 motiv
147 326 35 18 sid.
203 326 45 19 166.
279 326 38 19 För
337 327 60 25 öfrigt
415 328 91 24 erbjuder
520 327 96 19 latituden
631 328 30 19 för
676 328 141 19 snatteristraf-

66 359 29 19 fet
114 360 61 25 enligt
202 360 3 18 1
225 360 13 25 &
257 360 11 19 3
288 367 63 18 mom.,
368 360 68 20 sådant
454 361 53 19 detta
521 362 22 18 af
557 361 103 19 Utskottet
675 362 86 23 ändrats,
776 362 41 18 till-

66 393 86 26 räckligt
170 396 97 22 utrymme
282 394 31 20 för
327 395 111 19 utmätande
454 396 22 18 af
490 395 56 19 straff
559 395 30 19 för
603 395 49 19 flera
665 396 51 18 reelt
731 396 85 18 konkur-

67 428 81 19 rerande
166 428 111 20 snatterier.
307 428 102 20 Utskottet
428 428 35 21 har
482 429 121 20 fördenskull
622 429 130 26 omredigerat
766 430 51 19 före-

67 463 85 19 varande
174 462 11 27 &
208 463 6 18 i
233 463 36 19 den
288 463 89 25 riktning
395 463 112 20 Utskottets
526 463 121 20 förestående
666 464 152 25 anmärkningar

67 497 173 24 vidhandengifva.

135 530 40 29 98.
191 531 21 27 (8
225 532 30 26 $i
268 532 58 19 Utsk.
335 532 63 25 försl.)
415 532 10 19 I
437 533 102 19 Utskottet
551 533 36 19 har
597 533 70 24 yrkats
681 534 29 18 att
718 533 71 18 förlust
798 533 22 18 af

67 567 153 25 medborgerligt
234 566 112 20 förtroende
360 567 44 19 icke
417 567 131 25 ovilkorligen
563 570 45 16 utan
624 567 68 19 endast
707 567 7 18 i
728 567 91 25 förening

67 601 42 19 med
128 600 140 20 tukthusstraff
285 601 60 19 måtte
364 601 20 19 få
402 601 79 20 ådömas
497 601 30 19 för
542 602 50 19 stöld
609 601 48 19 eller
676 601 80 25 inbrott,
775 608 42 12 men

67 635 112 20 Utskottets
189 635 64 19 beslut
268 635 37 19 har
320 635 67 20 blifvit
402 638 28 17 att
445 636 103 24 godkänna
563 636 43 19 nåd.
622 642 56 19 prop.
693 635 123 25 oförändrad,

67 669 79 20 emedan
157 669 150 26 ifrågavarande
326 670 52 18 brott
397 669 23 20 af
437 670 98 19 allmänna
552 669 186 20 rättsmedvetandet
753 670 7 19 i
775 670 41 19 lan-

66 704 33 19 det
118 703 93 26 stämplas
226 704 63 19 såsom
304 703 144 20 vanhedrande.

359 785 31 21 29
405 785 122 26 Kapitlet.

138 842 10 21 1
164 841 17 29 $.
210 842 86 20 Emedan
314 843 55 19 ordet
384 843 47 25 gods
446 843 6 18 i
468 842 129 25 lagförslaget
612 841 19 28 (1
650 841 12 26 &
679 841 26 20 28
722 842 45 25 kap.
783 841 36 20 och

71 877 40 26 18
130 877 25 19 31
176 877 53 25 kap.)
248 877 99 19 användes
365 877 7 19 i
390 877 36 19 den
441 877 128 24 bemärkelse,
585 879 29 16 att
633 877 32 18 det
680 876 17 24 ej
713 877 107 18 innefattar

69 912 114 24 penningar,
191 911 36 19 har
234 911 104 19 Utskottet
346 912 67 25 utbytt
421 911 58 19 orden
488 911 55 24 ,,lösa
554 911 57 24 gods'*
620 912 34 17 mot
660 910 159 25 ,,lösegendom''.

138 943 44 28 28.
213 943 41 21 Vid
270 945 62 20 denna
347 945 13 26 &
376 945 35 20 har
427 945 102 19 Utskottet
543 945 65 19 funnit
617 944 69 25 nödigt
698 947 29 16 att
736 945 84 24 tillägga

71 986 23 13 en
112 979 118 25 hänvisning
249 979 30 19 till
299 979 23 19 de
341 979 97 20 särskilda
456 979 127 25 stadganden,
601 985 42 13 som
661 978 54 25 gälla
733 979 49 24 fynd
801 977 21 20 af

71 1013 108 20 fornsaker.

366 1094 28 20 31
408 1093 121 26 Kapitlet.

141 1149 42 29 18.
214 1149 65 21 Orden
299 1151 44 24 ,till
362 1151 49 19 rån
431 1151 6 18 i
456 1151 12 18 2
486 1157 55 14 mom,
558 1151 65 18 kunna
639 1151 53 24 utgå,
710 1157 41 12 men
768 1151 54 18 dere-

72 1188 40 17 mot
127 1186 35 19 bör
176 1185 31 19 till
223 1185 12 19 2
251 1185 12 26 &
275 1186 21 18 af
305 1185 51 24 skäl,
367 1185 69 19 hvilka
449 1185 89 20 anfördes
550 1185 33 19 vid
593 1185 13 18 2
619 1185 12 25 &
644 1184 26 19 28
681 1185 54 24 kap.,
746 1185 76 18 komma

73 1221 28 18 ett
118 1221 45 24 nytt
178 1222 90 22 moment,
283 1219 138 19 innehållande
439 1221 29 17 att
486 1219 65 19 försök
571 1219 31 18 till
620 1218 23 19 de
658 1219 60 23 brott,
734 1225 39 12 som
790 1218 34 19 der

74 1257 85 21 nämnas,
175 1256 22 16 är
212 1253 109 20 straffbart.

142 1286 45 28 28
216 1287 10 18 I
248 1287 105 24 anledning
372 1287 21 18 af
411 1287 13 18 2
443 1287 92 24 punkten,
556 1293 40 12 som
615 1286 109 19 innehåller
742 1288 28 16 att
789 1286 34 18 rän

74 1321 52 20 skall
145 1328 55 12 anses
219 1322 63 18 såsom
301 1321 142 25 gvalificeradt,
460 1328 30 12 om
510 1321 35 19 den
564 1321 72 18 rånade
655 1323 22 16 är
696 1320 81 19 resande
792 1320 32 17 till

74 1355 56 19 lands
150 1355 47 18 eller
216 1357 73 22 vatten,
305 1354 36 19 har
358 1355 7 18 i
380 1354 103 19 Utskottet
498 1353 116 20 framhållits
630 1355 28 17 att
673 1353 83 18 berörda
772 1352 52 19 stad-

75 1389 62 25 gande
156 1389 16 24 ej
189 1388 83 19 allenast
286 1395 47 12 vore
350 1387 71 25 egnadt
436 1389 28 17 att
479 1387 104 19 framkalla
598 1387 96 18 svårlösta
710 1386 36 19 fall
761 1387 6 17 i
783 1386 41 24 lag-

76 1423 123 26 skipningen,
215 1426 46 16 enär
280 1423 32 18 det
331 1422 41 19 ofta
391 1422 64 19 kunde
474 1427 47 13 vara
539 1421 76 25 ganska
635 1421 137 24 tvifvelaktigt
789 1420 35 19 hu-

145 1456 177 23 Straflagsutskottets
333 1455 103 18 betänkande
449 1455 34 16 N:o
496 1455 14 16 1.
