989 1700
220 159 14 19 4
526 158 35 22 N:o
576 158 20 22 3.

407 242 125 34 Förslag
563 242 44 27 till
638 243 152 33 förordning,
818 242 128 34 angående

329 282 135 27 förändrad
490 283 94 32 lydelse
612 281 28 28 af
666 284 27 31 S8
713 283 39 33 20,
772 282 30 27 25
822 282 44 27 och
885 283 32 26 43
936 283 10 26 i

328 322 165 33 legostadgan
516 322 39 27 för
573 321 140 28 husbönder
731 322 44 27 och
794 322 151 33 tjenstehjon

330 362 27 27 af
374 362 46 27 den
440 362 30 26 30
490 362 105 27 Januari
615 362 73 27 1865.

263 448 133 27 Härigenom
420 449 77 21 varder
512 449 133 25 förordnadt,
661 451 32 18 att
707 448 25 28 $$
748 449 33 26 20,
797 449 27 20 25
840 448 39 21 och
895 449 27 20 43
936 449 8 20 i

194 483 81 26 nådiga
290 483 140 26 legostadgan
446 483 33 20 för
489 483 122 21 husbönder
621 483 39 20 och
672 483 137 27 tjenstehjon,
820 483 70 26 gifven
902 483 40 21 den

192 518 28 20 30
235 517 91 21 Januari
343 517 60 26 1865,
420 517 63 21 skola
499 517 82 21 erhålla
596 517 96 27 följande
708 517 129 21 förändrade
851 517 91 26 lydelse:

536 597 11 27 8
563 598 34 20 20.

260 637 77 20 Rätter
358 636 141 27 legostämma
523 637 55 20 skall
601 643 52 14 vara
675 637 48 20 frän
740 636 41 21 den
798 637 9 20 1
825 637 119 20 December

190 671 34 20 till
240 676 83 15 samma
338 670 31 21 tid
384 671 48 20 året
447 670 100 21 derefter.

259 705 11 21 I
284 705 49 20 stad
348 704 35 21 mä
399 705 54 20 dock
469 704 52 21 aftal
537 711 33 14 om
587 704 142 27 tjenstehjons
744 704 47 27 lega
808 704 90 21 afslutas
910 704 33 21 för

191 739 56 21 halft
270 740 31 25 är,
324 739 38 20 och
388 738 55 21 skall
466 739 139 26 legostämma
628 739 27 21 dä
678 745 52 14 vara
752 739 48 20 frän
816 739 41 20 den
875 740 9 19 1
901 739 41 20 De-

191 773 85 22 cember
299 773 33 21 till
353 773 9 21 1
380 773 50 21 Juni
447 773 47 21 äret
509 773 99 26 derefter,
625 773 53 21 eller
693 773 48 21 frän
757 773 41 21 den
816 774 8 19 1
842 773 52 21 Juni
909 772 34 22 till

189 807 124 28 päföljande
331 808 9 20 1
356 807 125 22 December.

531 887 11 27 8
558 888 27 21 25

258 928 118 21 Husbonde
398 927 43 27 mä,
455 929 41 19 när
510 928 43 20 han
569 927 25 21 sä
609 927 33 21 för
656 929 53 25 godt
725 927 74 28 finner,
816 927 125 22 orlofssedel

190 963 35 21 till
239 962 133 27 tjenstehjon
388 961 94 22 utfärda.

259 996 136 27 Tjenstehjon
420 996 45 21 äter
481 996 63 21 hafve
560 996 19 27 ej
595 998 46 19 rätt
656 998 33 19 att
705 995 22 22 af
741 996 111 21 husbonde
867 996 75 21 fordra

188 1031 126 22 orlofssedel
335 1031 13 20 &
370 1037 73 15 annan
458 1030 32 21 tid
505 1032 27 19 än
548 1030 48 21 frän
612 1031 40 20 och
667 1031 48 20 med
731 1031 41 20 den
789 1032 9 19 1
816 1030 125 27 September

189 1066 33 21 till
241 1066 40 21 och
300 1066 49 20 med
364 1065 42 21 den
423 1066 24 20 15
464 1064 102 26 Oktober,
582 1064 7 21 i
604 1064 38 21 fall
659 1064 48 21 dess
723 1064 139 27 legostämma
877 1065 63 26 utgår

190 1100 42 22 den
256 1102 8 19 1
288 1099 126 27 December,
434 1101 56 19 samt
509 1099 48 21 frän
573 1099 40 21 och
629 1099 47 21 med
694 1099 40 21 den
751 1100 9 20 1
777 1100 62 26 April
853 1100 33 20 till
901 1100 40 20 och

190 1134 50 22 med
263 1134 41 22 den
329 1137 9 19 1
355 1133 51 28 Maj,
424 1133 37 22 der
475 1133 140 28 legostämma
631 1133 152 28 tilländalöper
799 1134 40 21 den
858 1134 8 20 1
883 1134 57 21 Juni.

259 1169 41 21 Vill
323 1168 111 22 husbonde
457 1168 18 26 ej
498 1167 86 22 behälla
607 1167 131 28 tjenstehjon
759 1167 33 22 för
812 1168 128 21 kommande

189 1204 149 26 legostämma,
353 1209 51 15 vare
420 1203 84 26 skyldig
520 1204 38 25 att,
574 1209 34 14 om
624 1202 39 21 ock
679 1202 152 27 tjenstehjonet
847 1203 37 20 det
894 1203 46 20 icke

188 1237 73 26 begär,
285 1237 33 20 till
341 1237 119 20 detsamma
483 1236 86 21 utfärda
585 1236 125 21 orlofssedel
726 1238 72 19 senast
814 1237 12 20 å
842 1237 41 20 den
899 1237 41 26 dag

188 1270 156 27 tjenstehjonet
359 1269 109 21 ofvanföre
483 1269 129 26 berättigats
628 1271 32 18 att
676 1269 125 22 orlofssedel
816 1270 79 20 fordra.

259 1303 44 22 Gör
324 1303 43 22 han
391 1303 37 21 det
444 1303 25 26 ej,
487 1309 38 20 ege
539 1303 154 26 tjenstehjonet
709 1305 44 19 rätt
768 1305 33 19 att
817 1303 68 21 under
900 1303 39 22 föl-

186 1338 66 27 jande
267 1338 141 27 legostämma
422 1337 8 22 i
445 1339 94 24 tjensten
554 1337 125 28 gvarblifva.

536 1413 11 28 8
564 1414 33 20 43.

257 1454 165 27 Flyttningsdag
444 1453 33 22 för
499 1453 137 28 tjenstehjon,
661 1460 44 15 som
729 1455 84 26 antagit
829 1455 109 28 ärstjenst,
