1028 1703
339 135 22 18 U.
373 135 22 19 B.
408 146 21 3 —
443 137 61 23 Prop.
515 136 37 19 N:o
564 138 17 17 1.
790 137 22 18 89

373 245 34 22 38
421 245 121 26 Kapitlet.

151 310 12 20 2
178 309 17 29 $.
219 311 10 19 I
245 311 199 21 öfverensstämmelse
459 313 44 19 med
517 313 137 26 lagförslagets
670 313 123 26 terminologi
808 314 25 25 på

82 344 61 20 andra
161 345 70 19 ställen
251 352 58 19 synes
327 346 55 19 ordet
400 361 5 11 ,
407 346 146 26 synnerligen"
571 348 47 18 böra
637 347 96 26 inskjutas
752 347 81 20 framför

81 379 162 25 »försvårande't.

150 418 44 28 48
223 418 30 20 En
269 419 73 20 mindre
357 420 233 26 redaktionsförändring,
607 420 90 21 afseende
712 424 30 16 att
756 421 75 26 förtyd-

81 452 42 26 liga
137 453 59 19 orden
211 459 77 20 ,,annan
304 454 31 18 till
350 454 81 26 skada",
447 458 22 16 är
484 454 21 20 af
518 455 102 19 Utskottet
635 455 99 26 vidtagen.

149 492 11 21 8
179 492 12 28 $
210 494 115 19 bestämmer
343 494 56 19 straff
416 495 31 19 för
466 495 32 19 det
515 496 59 23 brott,
589 502 41 12 som
648 496 102 19 benämnes
766 496 64 25 ocker,

81 526 35 21 och
139 527 78 19 hvilket
238 528 53 19 brott
314 528 62 25 enligt
393 528 136 26 lagförslaget,
549 529 81 19 likasom
648 529 59 20 äfven
726 530 62 24 enligt
805 536 26 13 nu

80 561 91 26 gällande
189 555 39 31 lag,
247 562 67 20 består
331 562 48 25 deri,
395 565 29 17 att
443 564 62 24 någon
524 566 56 23 tager
596 564 48 19 eller
658 564 50 20 låter
722 564 74 19 utfästa
810 564 21 19 åt

81 596 30 25 sig
129 596 61 25 högre
208 599 56 17 ränta
283 600 24 16 än
327 596 10 20 6
354 597 12 26 &
383 596 10 20 9
410 597 45 26 kap.
485 597 25 20 H.
526 598 22 19 B.
564 598 108 25 medgifver
687 598 49 20 eller
751 605 35 13 sex
800 599 31 19 för

80 630 100 20 hundrade
195 637 30 13 om
240 631 48 20 året.
313 631 33 20 Då
360 632 109 19 emellertid
483 639 69 18 genom
567 632 111 25 Kejserliga
693 633 136 25 förordningen

81 665 36 19 den
141 665 10 19 6
175 665 46 19 Juni
246 665 52 19 1883
322 666 94 25 stadgats,
435 668 30 18 att
483 667 82 19 nämnda
582 667 103 18 föreskrift
703 674 30 12 om
751 671 78 15 räntans

79 699 105 19 maximum
199 699 16 25 ej
232 702 22 16 är
269 699 106 25 tillämplig
390 700 34 19 vid
439 700 150 26 försträckning,
601 707 40 12 som
656 700 73 20 lemnas
744 701 30 19 för
789 701 40 19 viss

80 733 35 24 tid,
133 732 59 26 högst
213 734 31 19 nio
267 734 97 24 månader,
382 736 34 17 äro
437 734 72 20 hittills
528 734 89 25 gällande
636 735 146 25 bestämningar
800 742 28 12 om

79 767 59 19 ocker
155 768 44 18 icke
224 773 53 14 mera
301 767 185 25 tillfyllesgörande.
516 768 141 20 Erfarenheten
679 768 36 20 har
733 769 95 25 nemligen

79 801 42 25 här,
137 802 63 18 säsom
215 802 131 24 annorstädes,
361 802 60 25 gifvit
436 802 34 20 vid
485 802 81 26 handen,
581 804 29 18 att
624 802 100 26 principen
740 809 30 13 om
785 806 43 16 rän-

79 838 43 18 tans
137 836 67 24 frihet,
215 836 21 19 sä
250 836 63 25 riktig
328 836 37 19 den
380 836 59 20 ocksä
453 837 7 19 i
476 837 35 19 och
526 836 30 20 för
571 837 31 25 sig
617 840 27 21 är,
656 837 37 19 kan
709 837 119 19 missbrukas

79 870 26 26 pä
123 872 28 17 ett
169 872 45 23 sätt,
229 877 41 13 som
289 872 64 17 staten
369 870 43 20 icke
427 870 44 20 med
485 870 123 26 likgiltighet
622 870 40 20 kan
676 871 39 19 äse.
744 870 42 20 Der
800 871 27 19 lä-

79 904 122 20 nesökanden
219 904 69 20 ställer
305 904 42 20 xeel
365 904 93 20 säkerhet
472 905 48 19 eller
534 905 123 25 personligen
672 905 63 25 gäller
750 905 30 19 för
795 911 32 14 ve-

79 939 105 25 derhäftig,
199 939 88 25 reglerar
305 939 31 25 sig
354 938 182 26 länegodtgörelsen
554 940 25 24 pä
598 942 28 16 ett
644 940 84 19 normalt
742 941 40 17 sätt
796 946 32 12 en-

79 973 38 25 ligt
135 973 57 25 lagen
207 979 30 13 om
252 973 66 19 anbud
332 972 37 20 och
384 973 126 25 efterfrägan,
525 976 23 23 ty
563 974 32 18 det
609 973 65 25 lediga
689 973 96 25 kapitalet
800 973 27 19 ef-

79 1007 117 19 tersträfvar
213 1007 56 19 alltid
287 1007 60 18 sädan
365 1007 106 25 placering,
487 1014 40 12 som
546 1008 90 24 erbjuder
654 1007 58 25 nödig
730 1007 97 20 säkerhet.

79 1040 44 20 Men
147 1041 34 18 der
199 1041 86 25 antydda
303 1040 163 25 förutsättningar
484 1041 31 19 för
533 1041 111 20 erhållande
663 1041 21 19 af
701 1041 65 19 kredit
783 1041 44 20 sak-

79 1081 41 19 nas,
137 1075 48 19 eller
202 1074 43 20 icke
263 1075 62 19 finnas
344 1074 7 19 i
370 1075 108 25 tillräcklig
492 1075 55 25 grad,
563 1075 61 19 måste
638 1075 124 25 längifvaren
778 1075 49 19 utöf-

78 1115 36 13 ver
135 1109 68 24 vanlig
221 1111 56 17 ränta
295 1109 7 18 i
320 1115 24 12 en
362 1108 49 20 eller
428 1115 63 13 annan
510 1109 49 19 form
577 1109 80 24 betinga
676 1109 30 24 sig
724 1115 24 13 en
766 1111 62 17 större

79 1143 49 20 eller
145 1143 74 19 mindre
236 1143 73 25 premie
328 1143 31 19 för
377 1143 55 19 faran
448 1143 22 19 af
482 1143 127 25 gäldenärens
624 1143 81 26 möjliga
719 1143 109 25 insolvens;

79 1177 36 20 och
133 1184 41 13 som
192 1177 84 19 anbudet
294 1177 21 19 af
333 1177 76 24 kapital
426 1177 61 19 under
506 1177 65 26 dylikt
589 1177 122 20 förhällande
729 1180 22 16 är
765 1177 62 26 ringa,

79 1211 78 26 tvingas
180 1211 59 20 sädan
261 1211 130 20 länesökande
413 1213 29 18 att
464 1211 61 20 anlita
543 1217 99 20 personer,
661 1218 41 13 som
720 1211 44 19 icke
783 1213 45 23 taga

79 1245 76 26 hänsyn
170 1245 31 19 till
216 1245 60 20 andra
291 1245 203 25 utläningsprinciper,
506 1248 24 17 än
545 1246 80 24 begäret
640 1245 50 19 efter
705 1245 37 19 den
757 1248 71 17 största

79 1279 80 26 möjliga
173 1279 53 20 vinst
241 1279 35 19 och
291 1279 70 19 hvilka
376 1279 54 25 förty
444 1285 69 18 genom
523 1279 193 26 länegodtgörelsens
728 1279 101 24 omättliga

79 1314 88 24 stegring
185 1313 35 19 och
239 1313 134 26 hvarjehanda
392 1313 30 19 för
439 1313 53 19 detta
507 1313 88 20 ändamäl
611 1313 88 20 använda
714 1319 68 18 grepp,
798 1313 29 19 sä-

79 1353 40 13 som
141 1346 143 19 bestämmande
307 1346 22 19 af
349 1346 87 25 ständigt
457 1346 156 19 återkommande
631 1346 131 19 förfallotider
781 1346 48 19 eller

79 1379 174 25 förfallodagarnas
273 1380 116 25 afpassande
408 1380 11 19 &
434 1380 59 19 sädan
508 1379 97 26 tidpunkt,
622 1380 24 19 dä
660 1380 118 25 gäldenären
793 1379 36 20 har

79 1414 77 20 svärast
171 1416 29 17 att
213 1414 87 25 fullgöra
315 1414 29 18 sin
360 1413 124 26 förbindelse,
498 1413 48 20 söka
562 1416 28 17 att
605 1413 31 19 till
652 1413 32 20 det
698 1416 86 23 yttersta
798 1416 29 16 ut-

149 1453 180 23 Siraf'lagsutskotteis
340 1453 104 17 betänkande
455 1453 35 16 N:o
502 1453 16 16 1.

839 193 45 20 Strfi.
891 194 24 16 38
921 194 47 22 Kap.
