1025 1709
307 146 66 24 Ständ.
388 145 31 25 $v.
435 160 25 3 —
477 148 55 28 Prop.
548 147 31 24 N:o
593 148 15 23 1.
777 146 26 23 15

148 212 38 22 Uti
202 214 14 20 2
231 218 63 16 mom.
309 214 63 21 hafva
388 213 117 22 Ständerna
519 213 89 27 vidtagit
622 213 67 27 några
703 212 81 22 mindre
798 219 33 15 re-

79 246 252 27 daktionsförändringar,
351 253 74 21 genom
443 248 73 21 hvilka
534 247 65 22 bland
614 248 65 20 annat
694 247 61 21 ordet
770 253 61 20 ,van-

78 280 67 29 fräjd*
164 281 107 23 undvikits
292 282 6 21 i
314 282 218 22 öfverensstämmelse
546 281 48 22 med
610 282 115 26 ändringen
741 281 22 22 af
778 282 27 20 14
819 281 12 27 8

78 316 13 21 2
106 315 49 28 kap.

375 412 16 20 5
403 412 129 25 Kapitlet.

149 459 13 22 3
177 459 18 27 $.
224 459 48 22 Den
287 459 39 22 här
341 460 63 22 ofvan
418 460 35 22 vid
469 461 11 20 1
497 460 11 27 $
522 460 14 21 4
551 460 48 27 kap.
609 460 112 22 anmärkta
731 460 100 22 inkonse-

78 500 93 21 gvensen
193 495 8 20 i
224 494 100 22 afseende
339 494 13 21 å
367 494 169 22 straffminimum
551 494 33 22 för
599 495 64 26 brott,
678 500 46 16 som
740 496 37 19 äro
793 495 37 20 be-

74 528 63 27 lagda
158 528 49 21 med
230 527 116 23 dödsstraff
367 529 51 21 eller
439 529 89 22 tukthus
549 529 28 26 pä
599 528 73 27 lifstid,
689 529 39 21 och
743 529 86 21 minima

74 563 34 21 för
123 563 106 22 särskilda
243 562 68 22 andra
325 563 64 27 brott,
405 563 67 27 gäller
487 563 61 22 äfven
563 563 146 27 stadgandena
724 569 34 15 om
769 562 62 23 straff

74 597 34 22 för
122 597 108 28 medhjelp
245 597 33 22 till
293 597 70 27 brott;
379 597 39 22 och
433 598 119 21 oberoende
568 597 61 22 deraf
642 599 24 20 är
681 598 36 21 det
727 597 34 22 för
771 597 57 22 med-

76 631 58 29 hjelp
157 631 32 23 till
212 632 132 22 fullbordadt
366 632 58 22 brott
446 633 7 20 i
475 632 115 22 allmänhet
611 633 81 21 utsatta
714 633 115 25 minimum,

73 667 33 21 tre
121 666 129 28 fjerdedelar
264 667 24 21 af
301 667 36 21 det
348 667 34 22 för
392 667 82 21 brottet
486 667 102 27 stadgade
598 667 70 26 lägsta
679 666 68 27 straff,
763 666 66 27 enligt

76 701 130 22 Ständernas
225 701 65 22 tanke
312 701 102 22 likaledes
429 701 71 22 alltför
513 701 58 27 högt.
601 701 108 27 Medhjelp
723 701 34 22 till
771 701 59 21 brott

74 735 42 22 kan
138 735 132 22 förekomma
289 736 7 21 i
317 735 23 22 sä
360 736 76 27 många
455 735 104 22 skiftande
579 735 85 26 former,
680 737 32 20 att
726 735 49 27 låga
790 735 39 22 mi-

73 770 57 22 nima
151 770 39 21 här
208 773 37 19 äro
265 771 133 26 synnerligen
418 770 113 27 behöfliga.
560 770 33 21 En
612 770 60 27 ringa
686 771 143 26 uppmuntran

72 806 17 21 t.
108 811 40 21 ex.,
168 811 46 16 som
233 811 26 15 en
275 805 90 27 dräpare
381 805 83 21 erhållit
479 804 23 22 af
515 805 69 27 någon
599 805 147 26 närastäende,
760 804 69 22 skulle

76 839 158 28 otvifvelaktigt
256 839 90 28 mängen
368 839 55 28 gäng
442 839 83 22 straffas
540 839 34 22 för
588 840 89 26 strängt,
693 845 35 16 om
743 839 18 27 ej
777 839 52 26 möj-

74 874 68 28 lighet
163 873 77 24 funnes
264 875 31 21 att
311 874 76 22 ädöma
401 875 115 26 lindrigare
531 873 62 23 straff
605 876 27 19 än
648 880 55 21 resp.
719 874 12 21 6
748 874 53 21 eller
816 874 13 21 3

76 909 34 22 års
133 909 89 22 tukthus
242 909 42 25 (21:
300 910 12 21 2
328 915 63 16 mom.
408 911 10 19 1
435 909 40 21 och
490 909 28 26 2).
548 904 69 26 Äfven
631 907 139 23 förevarande
785 907 45 28 lag-

74 949 48 16 rum
143 943 39 22 har
202 943 132 22 fördenskull
349 943 86 22 ändrats
451 943 95 27 sålunda,
562 945 32 20 att
608 944 7 21 i
630 943 99 22 afseende
745 942 12 22 å
771 943 58 21 med-

74 977 58 28 hjelp
156 978 33 21 till
207 978 133 22 fullbordadt
361 979 58 21 brott
435 977 223 28 straffnedsättningen
672 977 41 22 bör
728 983 39 21 ega
781 983 48 16 rum

74 1011 56 23 efter
152 1012 26 22 de
200 1013 165 27 bestämningar,
388 1019 45 16 som
456 1014 6 20 i
486 1013 13 21 2
521 1012 11 28 $
554 1013 14 21 3
589 1013 49 26 kap.
661 1014 38 19 äro
718 1011 111 27 stadgade.

73 1047 69 22 Dessa
156 1047 158 27 bestämningar
330 1054 39 20 ega
384 1047 89 22 sälunda
488 1048 30 20 ett
532 1046 108 22 företräde
655 1045 62 23 äfven
733 1046 52 27 deri,
797 1048 32 19 att

74 1081 26 22 de
114 1082 8 21 i
137 1081 99 22 afseende
252 1082 12 21 &
279 1082 58 21 säväl
352 1081 73 22 försök
440 1087 45 16 som
500 1081 105 28 medhjelp
620 1080 33 22 till
667 1081 59 21 brott
736 1083 37 19 äro
784 1082 45 20 sär-

74 1115 57 23 deles
151 1116 107 27 lämpliga.

142 1149 38 23 Uti
196 1152 12 19 1
221 1152 126 20 momentets
363 1156 74 16 senare
453 1149 35 22 del
501 1150 135 26 bestämmes,
653 1151 31 20 att
699 1155 34 16 om
749 1149 80 21 brottet

73 1185 103 22 stannade
191 1185 35 22 vid
240 1185 79 27 försök,
336 1191 46 16 som
396 1185 39 21 bör
451 1183 83 23 straffas
550 1184 66 27 enligt
632 1184 9 20 1
659 1183 11 27 $
685 1184 14 21 4
713 1184 56 27 kap.,
781 1183 47 27 ,dö-

74 1225 46 16 mes
130 1213 10 38 -
142 1219 144 28 medhjelpare
307 1219 33 22 till
362 1219 63 28 högst
446 1219 81 22 hälften
548 1218 23 23 af
585 1218 36 21 det
635 1217 67 28 straff,
719 1223 45 16 som
779 1217 49 22 bort

72 1254 80 21 honom
168 1254 94 27 ädömas,
278 1261 34 15 om
327 1255 189 26 gerningsmannen
531 1253 55 22 hade
600 1253 117 22 fullbordat
728 1251 98 23 brottet.”

72 1288 34 22 Dä
129 1289 69 21 denna
220 1289 133 27 bestämning
367 1289 42 22 kan
423 1289 57 28 gifva
495 1289 113 25 anledning
623 1287 33 22 till
671 1287 41 22 den
727 1287 98 27 misstyd-

72 1324 57 25 ning,
150 1324 32 20 att
197 1323 101 22 domaren
313 1324 40 21 bör
367 1324 75 25 pröfva
456 1323 55 21 huru
526 1324 55 21 stort
596 1321 62 23 straff
670 1321 158 28 medhjelparen

72 1356 21 21 in
109 1358 99 20 concreto
223 1356 55 22 hade
292 1357 97 26 förskylt,
405 1363 35 16 om
454 1357 80 21 brottet
549 1355 70 23 blifvit
634 1355 139 26 fullbordadt,
789 1355 39 20 och

72 1391 66 22 sedan
156 1391 7 21 i
178 1390 132 23 förhällande
326 1391 72 22 dertill
413 1391 77 22 ädöma
505 1391 79 21 honom
598 1389 62 22 straff
673 1389 34 22 för
721 1388 107 27 medhjelp

72 1425 33 22 till
122 1425 102 27 försöket,
243 1425 39 22 har
302 1425 62 23 ordet
383 1425 73 28 jbort*
472 1425 82 27 utbytts
569 1426 46 20 mot
631 1442 9 9 ,
643 1423 100 28 kunnat",
757 1423 71 22 hvari-

72 1466 76 22 genom
171 1460 94 28 tydligen
286 1461 62 21 torde
363 1460 88 28 framgå,
467 1462 32 21 att
514 1461 40 21 den
570 1459 32 22 till
617 1458 63 28 högst
695 1458 83 22 hälften
792 1458 37 22 be-
