1023 1711
197 144 22 20 16
411 144 24 20 U.
450 144 21 19 B.
487 154 27 3 —
528 144 59 24 Prop.
603 143 36 19 N:o
655 144 14 18 1.

166 207 5 19 i
189 207 11 19 7
217 208 10 22 $
242 208 55 24 sägs,
313 212 46 12 men
376 205 69 20 blifvit
460 205 110 25 afbruten;
586 204 54 20 skall
656 204 43 20 lika
715 205 36 24 tid,
767 211 43 13 som
828 204 36 20 der
876 204 36 20 fin-

165 247 37 13 nes
224 242 73 23 utsatt,
321 240 79 19 räknad
417 239 52 26 från,
485 246 46 13 men
548 240 18 26 ej
584 239 45 19 med
647 238 38 21 den
703 238 48 28 dag,
767 238 27 20 då
810 238 102 20 verkstäl-

166 275 92 26 ligheten
276 274 88 25 afbröts,
380 273 56 27 gälla
452 273 32 20 för
500 276 41 17 rätt
557 276 30 17 att
604 273 115 20 verkställa
734 273 54 20 hvad
797 268 19 37 af
818 272 96 21 straffet

165 308 95 20 äterstår.

235 343 11 20 9
264 343 13 26 8
293 342 38 28 (8).
355 342 42 20 Dör
413 342 128 27 förbrytare;
558 342 83 20 förfalle
657 344 40 17 rätt
713 342 32 19 till
755 341 41 21 åtal
806 341 38 21 och
853 341 60 21 verk-

165 377 110 26 ställighet
290 377 23 20 af
326 376 64 21 straff.

488 471 18 20 9
525 472 67 23 Kap.

451 531 33 22 Om
500 530 131 23 skadestånd.

239 590 7 18 1
269 589 20 26 8.
320 588 77 26 Skada,
421 595 43 13 som
485 595 74 20 genom
581 589 55 21 brott
652 588 101 27 tillfogats
769 588 75 26 någon,
861 588 54 20 skall

168 624 23 19 af
205 623 39 21 den
261 622 97 27 skyldige
374 625 95 23 ersättas,
485 623 68 20 ehvad
571 623 77 20 brottet
664 622 101 21 föröfvats
782 622 133 28 uppsätligen

167 658 53 20 eller
236 658 56 20 skett
309 657 23 21 af
347 657 103 21 vällande,

236 692 43 20 Har
294 692 47 25 den,
358 698 43 14 som
418 692 46 20 lidit
479 692 88 25 skadan,
584 692 91 26 bidragit
691 692 70 19 dertill
778 698 74 19 genom
863 698 52 20 egen

169 727 71 25 skuld;
256 726 52 20 eller
323 726 38 19 har
376 733 69 13 annan
461 726 69 26 orsak,
546 733 43 13 som
606 727 19 24 ej
642 726 32 19 till
691 726 77 19 brottet
778 726 71 23 hörde,
859 726 56 19 med-

168 761 76 20 verkat
260 761 30 19 till
307 761 92 25 skadan:
416 761 37 20 bör
468 761 150 20 skadeståndet
634 760 51 20 efter
702 762 20 25 ty
737 760 89 27 jemkas.

236 796 12 20 2
264 796 19 25 8.
313 795 71 20 Under
400 795 126 20 skadestånd
543 795 76 20 räknas
635 795 145 27 godtgörelse:

239 831 16 19 1.
285 829 32 20 för
334 829 61 27 nödig
412 829 100 20 kostnad:
528 829 67 21 såsom
612 829 32 20 för
659 829 98 25 skadadt,
774 829 100 21 törstördt
890 829 27 20 el-

168 864 31 19 ler
220 863 142 27 förskingradt
377 864 58 26 gods,
446 859 67 35 eller.
521 864 30 20 till
569 864 107 20 läkarelön
693 864 51 20 eller
760 867 64 17 annat
840 864 79 26 dylikt;

236 898 19 20 2.
286 898 32 20 för
341 898 118 26 minskning
476 899 5 19 i
498 898 92 21 inkomst
606 898 51 20 eller
674 898 116 26 uppehälle:
806 898 67 21 säsom
883 905 35 20 ge-

168 939 47 14 nom
233 933 74 20 hinder
322 933 51 20 eller
391 933 50 20 brist
457 934 5 18 i
479 934 80 26 näring,
577 933 52 20 eller
645 935 64 18 annat
725 933 85 25 sädant;
826 936 54 18 samt

237 967 18 20 3.
281 966 41 28 för
336 967 64 20 sveda
416 966 37 21 och
468 967 59 25 värk,
543 967 51 21 eller
610 967 42 27 lyte
667 967 52 21 eller
734 969 68 19 annat
810 967 108 27 stadigva-

167 1001 70 21 rande
252 1007 55 17 men;
321 1001 25 20 sä
362 1000 37 21 ock
410 1000 42 28 för
467 1001 96 27 lidande,
579 1008 44 14 som
631 1000 137 27 förorsakats
775 1008 75 20 genom
859 1001 59 21 väld-

169 1037 54 25 tägt,
235 1035 110 28 frihetens
356 1034 87 28 förlust
459 1036 52 20 eller
526 1038 69 19 annat
612 1035 75 28 dylikt.

237 1070 11 20 3
265 1072 16 23 $.
313 1070 71 20 Sakna
401 1070 54 20 enka
470 1070 52 20 eller
538 1070 52 21 barn
607 1070 51 20 efter
675 1071 46 26 den,
737 1078 44 13 som
798 1070 70 21 blifvit
883 1072 35 19 dö-

168 1105 49 25 dad,
239 1105 5 19 i
261 1105 50 26 följd
328 1104 23 20 af
365 1104 78 20 brottet
459 1104 73 27 nödigt
548 1105 119 26 underhäll;
683 1105 55 21 skall
755 1106 54 25 dem,
826 1106 46 20 med
889 1106 29 19 af-

168 1139 77 20 seende
269 1140 12 19 ä&
304 1139 143 26 förbrytarens
464 1139 113 27 tillgångar
593 1140 40 19 och
649 1140 66 19 andra
731 1140 187 26 omständigheter,

168 1173 97 26 tilläggas
289 1173 67 20 säsom
375 1173 126 20 skadeständ
518 1174 55 20 hvad
591 1174 32 20 för
638 1174 68 20 enkan
723 1174 51 20 eller
791 1174 77 21 barnen
885 1181 33 13 er-

168 1207 89 26 fordras,
281 1207 31 20 till
333 1208 46 19 dess
396 1207 25 20 de
437 1207 75 26 sjelfva
528 1208 70 20 kunna
614 1208 89 27 försörja
718 1209 43 26 sig;
778 1209 38 20 och
834 1209 33 19 mä
884 1209 35 20 det

168 1241 128 20 skadeständ
313 1242 125 19 bestämmas
454 1244 30 17 att
501 1243 49 24 utgä
565 1243 28 25 pä
608 1249 25 13 en
649 1243 61 25 gäng,
727 1243 52 20 eller
795 1243 8 20 &
815 1243 104 20 särskilda

169 1274 60 19 tider.

237 1308 12 19 4
271 1308 20 26 8.
321 1307 68 20 Hafva
421 1309 34 18 två
478 1309 51 19 eller
552 1309 50 19 flere
626 1310 53 18 varit
701 1309 107 26 delaktige
831 1309 5 19 i
848 1309 70 24 brott;

168 1347 60 14 svare
245 1341 26 20 de
286 1341 81 21 enhvar
377 1342 42 27 för
433 1343 120 27 gäldandet
568 1343 29 28 af
606 1343 59 28 fulla
680 1343 159 22 skadeständet.
862 1342 56 28 Den,

167 1381 45 15 som
227 1377 28 19 är
265 1375 111 27 förfallen
393 1377 35 21 till
442 1377 67 27 straf
521 1378 67 27 enligt
603 1379 29 20 32
646 1377 126 28 kap.,svare
782 1377 35 21 ock
829 1377 33 28 för
872 1378 47 27 gäl-

168 1409 82 20 dandet
265 1409 29 27 af
304 1409 135 22 skadestånd
449 1410 42 28 för
499 1412 108 26 egendom,
616 1411 101 22 hvarmed
726 1412 43 21 han
778 1412 56 27 tagit
843 1412 76 21 brotts-

168 1443 31 28 lig
215 1443 129 28 befattning.
