1025 1703
220 158 22 17 98
453 156 22 18 U.
488 156 22 18 B.
523 166 20 3 —
557 156 61 23 Prop.
634 156 36 18 N:o
683 156 16 18 1.

83 214 62 39 ar
152 214 30 22 fd.
199 214 102 20 hetsstraff
314 217 22 16 är
347 216 62 17 utsatt
420 214 7 19 i
439 214 22 19 år
472 212 48 22 eller
528 213 106 25 månader,
647 213 123 19 kalendertid
782 213 51 19 skall
844 213 107 24 iakttagas,

122 236 44 22 Kap.

199 248 32 19 till
250 248 127 19 förevarande
396 247 13 26 $
427 248 52 24 gjort
497 250 28 16 ett
544 248 77 24 tillägg,
641 254 39 12 som
701 246 98 20 meddelar
817 246 134 19 bestämmelse

199 282 71 25 derom,
290 284 29 17 att
338 281 37 20 den
393 281 68 19 dömde
479 280 10 27 i;
505 282 68 18 sådant
592 280 36 20 fall
647 280 51 20 skall
717 280 92 25 frigifvas
824 281 11 19 å
851 280 44 24 dag,
911 286 41 12 som

198 323 70 19 genom
284 316 29 20 sin
329 322 86 13 nummer
430 316 7 18 i
449 316 92 19 månaden
554 318 109 17 motsvarar
675 315 42 24 den,
729 315 43 19 från
783 314 82 20 hvilken
877 314 74 19 tidräk-

199 351 70 24 ningen
285 350 72 25 börjas,
374 349 54 26 eller,
441 349 34 20 der
491 349 135 20 motsvarande
641 356 87 13 nummer
744 349 16 25 ej
773 349 60 19 finnes
845 349 6 18 i
865 349 35 18 den
913 348 39 19 må-

198 385 44 24 nad,
258 384 111 20 hvarunder
384 385 108 24 räkningen
509 384 67 25 slutas,
592 384 13 19 å
620 384 48 19 sista
684 384 61 25 dagen
761 384 6 18 i
784 383 59 25 sagde
858 383 75 19 månad.

270 418 11 21 5
297 417 18 28 &.
335 419 31 18 Då
382 418 43 19 nåd.
441 424 65 19 prop:s
522 418 107 23 föreskrift,
646 420 28 17 att
689 417 212 26 fängundervisningen
918 417 35 19 bör

202 453 81 20 omfatta
302 453 109 19 folkskolas
429 453 54 24 kurs,
499 453 113 19 framkallat
630 452 159 25 betänkligheter
803 452 44 19 med
862 451 90 20 afseende

202 489 11 18 å
231 487 123 20 folkskolans
371 487 7 18 i
396 488 70 23 många
481 487 54 19 delar
550 487 68 19 endast
633 487 30 18 för
678 487 89 18 växande
783 485 102 26 afpassade
902 485 49 19 läro-

202 522 52 25 plan,
277 522 37 18 har
332 521 109 23 Utskottet,
461 521 43 19 med
522 521 75 25 hänsyn
617 521 66 19 dertill
703 523 28 16 att
749 520 94 19 särskildt
861 519 90 20 tukthus-

202 555 81 25 straffet,
300 555 30 19 för
346 557 28 17 att
392 557 99 17 motsvara
509 555 33 19 sitt
562 554 94 25 ändamål,
676 554 81 20 kräfver
772 554 93 24 allvarlig
880 554 72 24 syssel-

203 590 86 24 sättning.
304 590 43 19 med
363 590 140 25 kroppsarbete
518 590 35 18 och
569 589 75 19 således
660 590 73 18 lemnar
747 588 142 26 jemförelsevis
905 588 47 19 min-

202 624 34 19 dre
255 624 27 18 tid
301 624 52 25 öfrig
370 624 29 19 för
419 624 149 25 undervisnings
587 624 130 24 inhemtande,
733 623 104 19 inskränkt
852 622 36 20 den
904 622 49 19 obli-

202 658 101 25 gatoriska
319 658 209 25 fångundervisningen
545 658 31 18 till
592 658 58 24 nödig
664 658 90 25 kunskap
767 658 6 18 i
784 657 89 25 religion,
885 657 67 19 innan-

202 693 83 24 läsning,
302 692 98 25 skrifning
418 692 35 19 och
469 692 89 25 räkning.

270 725 44 28 78.
345 726 38 20 För
402 729 29 17 att
450 727 70 19 bereda
535 727 133 20 föreståndare
684 727 30 18 för
730 726 129 19 straffanstalt
874 725 79 20 tillfälle

202 763 35 22 att,
256 761 35 19 der
309 763 62 17 större
390 761 140 24 skyndsamhet
549 761 134 25 tilläfventyrs
703 764 21 16 är
743 761 20 18 af
778 760 68 25 nöden,
862 762 46 17 utan
925 760 28 18 di-

202 795 87 20 rektions
305 795 177 19 sammankallande
498 795 80 25 vidtaga
593 795 60 19 sådan
664 795 76 25 åtgärd,
753 801 40 13 som
805 795 7 18 i
825 794 32 25 $:n
868 797 85 20 nämnes,

203 829 36 20 har
254 829 50 20 efter
319 829 54 20 ordet
389 829 148 25 ,direktionen'
553 829 76 25 tillagts
645 829 63 25 ,,eller
723 829 166 19 föreståndaren''.

271 862 11 21 8
298 863 17 28 8.
338 863 29 19 På
382 863 32 19 det
429 865 29 18 att
473 865 104 18 motsatsen
593 863 83 19 emellan
689 863 22 19 de
723 863 67 24 besök,
803 863 58 18 som
854 858 12 37 i
877 863 6 18 |
898 869 56 12 mom.

203 899 35 19 och
254 898 6 19 i
276 897 130 25 nästföljande
422 897 93 26 paragraf
529 897 57 22 afses,
602 897 60 19 måtte
678 897 98 25 tydligare
791 897 88 23 framstå,
895 897 60 19 hafva

204 933 58 19 orden
278 932 35 25 ,,af
327 932 162 19 straffanstaltens
505 932 129 25 tjenstemän'
650 931 83 26 tillagts.

272 965 10 20 9
302 965 18 28 8.
349 966 86 19 Emedan
455 966 135 25 ordalydelsen
610 967 21 18 af
653 967 6 18 1
682 972 55 13 mom.
758 966 63 19 kunde
839 966 56 25 gifva
913 965 42 19 stöd

204 1002 30 18 för
252 1001 35 18 den
308 1000 131 25 uppfattning,
459 1002 28 16 att
502 1000 33 18 vid
550 1000 69 19 hinder
635 1000 49 18 eller
699 1000 67 18 förfall
781 1000 30 18 för
827 999 128 19 straffanstal-

204 1037 42 17 tens
265 1034 133 19 föreståndare
417 1040 62 13 annan
498 1034 114 25 tjensteman
628 1033 33 19 vid
676 1033 97 20 anstalten
789 1033 67 20 endast
871 1033 6 18 i
893 1033 62 25 grund

204 1069 21 19 af
243 1068 93 19 särskildt
355 1068 104 19 utverkadt
479 1068 127 19 förordnande
626 1068 48 25 egde
690 1068 41 19 läsa
747 1069 67 24 fånges
830 1068 49 23 bref,
895 1068 61 19 hafva

204 1103 58 19 orden
282 1102 63 24 ,eller
363 1102 120 25 tjensteman,
503 1108 40 13 som
562 1102 66 19 dertill
647 1103 66 18 utses'*
732 1103 77 24 utbytts
828 1104 50 17 emot
897 1102 58 19 orden

205 1137 76 24 någon
301 1136 44 19 dess
364 1136 120 25 tjensteman,
505 1136 19 18 ät
542 1135 81 20 hvilken
643 1135 68 20 sådant
729 1136 21 19 af
763 1136 135 19 föreständarn
916 1142 37 13 om-

204 1171 88 18 betros''.
315 1181 27 3 —
361 1170 68 19 Andra
447 1176 56 13 mom.
521 1169 36 20 har
576 1169 104 25 undergätt
700 1176 22 12 en
741 1170 74 19 mindre
833 1170 122 19 redaktions-

206 1204 118 25 förändring.

275 1232 22 19 10
312 1231 18 27 &.
360 1232 29 17 De
405 1232 32 18 till
453 1232 171 24 upprätthållande
639 1231 21 18 af
674 1232 38 25 god
729 1232 81 24 ordning
826 1233 51 18 inom
891 1232 64 19 strafi-

206 1266 119 19 anstalterna
347 1265 111 24 föreslagna
477 1265 125 24 disciplinära
621 1265 78 18 straffen
717 1265 36 19 har
772 1265 102 19 Utskottet
893 1267 63 17 ansett

206 1299 64 19 lemna
291 1305 42 12 rum
356 1299 30 18 för
408 1299 53 18 vissa
483 1299 156 24 anmärkningar.
674 1298 67 19 Såsom
764 1305 23 12 en
811 1299 49 18 brist
883 1299 5 18 i
912 1299 43 19 nåd.

205 1340 55 19 prop.
276 1333 37 19 kan
330 1333 31 18 till
377 1340 23 12 en
415 1333 68 25 början
498 1333 111 24 betecknas,
622 1335 28 16 att
665 1333 194 26 kostförminskning,
876 1333 17 19 d.
910 1339 18 14 v.
940 1340 15 12 s.

205 1367 119 26 indragande
343 1367 22 19 af
382 1367 33 19 hel
433 1366 68 20 måltid
518 1367 30 19 för
564 1367 60 25 dagen
642 1367 47 19 eller
705 1368 35 18 ock
755 1367 63 25 någon
834 1367 31 20 del
881 1368 22 18 af
917 1374 38 12 ma-

206 1404 39 23 ten,
257 1404 14 16 t.
288 1408 29 13 ex.
333 1408 54 12 varm
403 1402 158 25 middagsration,
573 1400 43 21 icke
632 1402 56 25 ingår
704 1402 57 19 bland
777 1402 178 25 ordningsstraffen,

207 1436 61 20 ehnru
290 1436 63 20 denna
374 1436 133 25 bestraffning,
530 1436 81 19 hvilken
632 1436 136 25 arbetsfångar
786 1436 30 20 för
835 1437 120 19 närvarande

275 1469 176 22 Straffagsutskottets
463 1469 104 17 betänkande
580 1469 33 17 N:o
629 1470 13 16 1.
