1048 1720
450 145 39 22 N:o
504 144 18 22 1.
820 145 14 22 3

113 213 29 15 ter.
164 210 37 18 och
223 208 281 21 Alexanders-Universitetets
527 209 102 20 Juridiska
649 209 89 25 fakultet,
759 210 103 19 hvarutom

110 249 70 20 kritisk
202 249 120 19 skärskådan
341 252 68 22 egnats
426 249 98 26 förslagen
540 250 59 19 också
613 250 7 18 i
634 249 76 26 tryckta
724 249 140 26 afhandlingar

110 289 24 19 af
146 289 88 19 enskilda
248 296 94 18 personer
356 290 50 18 både
422 290 54 19 inom
493 290 37 19 och
540 293 55 16 utom
605 290 71 19 landet.
706 289 156 26 Granskningen

111 330 19 18 af
152 330 83 19 berörda
257 330 154 25 anmärkningar
433 333 51 16 emot
506 330 88 20 nämnda
615 330 72 26 förslag
701 330 42 19 blef
755 330 108 19 sedermera

110 370 116 26 uppdragen
240 376 26 14 en
280 377 68 13 annan
362 370 79 25 komité,
457 371 80 19 hvilken
551 371 64 19 under
629 372 48 18 åren
694 370 55 20 1883
759 370 37 20 och
806 370 57 20 1884

112 411 92 20 aflemnat
219 411 123 19 omarbetade
357 410 73 26 förslag
445 411 7 19 i
468 412 55 18 dessa
538 413 79 22 ämnen,
632 411 97 19 hvarefter
743 412 24 18 de
777 411 84 19 sålunda

111 450 106 20 tillkomna
230 450 98 26 förslagen
343 451 136 19 underkastats
494 452 67 19 vidare
575 451 120 26 behandling
709 452 8 18 i
731 451 92 20 Senaten.

182 491 31 18 De
235 491 74 25 föralag
331 492 30 18 till
382 497 28 20 ny
425 491 73 20 allmän
513 491 86 26 strafflag
613 494 51 17 samt
677 491 31 19 till
722 491 139 25 förordningar

112 537 32 12 om
167 530 146 26 verkställighet
332 531 20 18 af
368 531 56 18 straff
436 532 37 19 och
488 538 32 13 om
536 531 121 26 strafflagens
671 531 109 25 införande,
794 531 67 19 hvilka

110 577 28 13 nu
153 570 109 25 föreläggas
278 569 117 26 Ständerna,
410 571 80 19 ansluta
504 571 30 26 sig
549 571 6 19 i
567 571 31 19 det
607 572 109 25 väsentliga
725 571 30 19 till
766 572 23 19 de
799 578 61 18 grun-

110 611 40 25 der,
175 617 42 13 som
239 611 19 18 af
280 610 110 20 Ständerna
411 612 22 18 år
456 611 55 20 1864
533 611 104 26 godkänts.
666 611 45 20 Den
731 611 109 20 erfarenhet
854 611 7 19 i

110 654 72 22 ämnet,
196 657 44 14 som
262 651 108 19 emellertid
390 651 40 19 dels
445 652 55 18 inom
516 653 36 18 och
567 652 41 19 dels
623 654 55 17 utom
692 652 67 19 landet
773 651 88 26 vunnits,

112 693 35 18 har
161 691 61 20 likväl
236 691 56 26 gifvit
307 692 107 25 anledning
428 692 30 18 till
472 691 53 20 vissa
535 692 110 25 afvikelser,
656 692 21 19 af
685 692 67 19 hvilka
762 692 24 19 de
795 691 66 20 nedan

112 731 128 27 uppräknade
255 733 35 18 äro
305 731 24 20 de
344 731 108 26 vigtigaste.

181 772 31 19 Ur
233 772 93 25 förslaget
347 772 31 19 till
400 772 86 26 strafflag
505 772 56 20 hafva
576 772 75 19 sådana
664 773 101 19 allmänna
780 773 82 19 bestäm-

111 813 72 25 ningar
204 813 124 24 utelemnats,
344 819 43 12 som
405 812 71 20 kunna
493 819 57 13 anses
569 813 79 19 tillhöra
663 819 53 13 mera
730 812 131 21 kriminalrät-

110 857 45 16 tens
176 853 147 25 vetenskapliga
344 855 27 17 än
388 853 44 19 dess
450 853 108 25 legislativa
573 854 86 19 område.
688 853 37 20 Hit
739 855 49 18 höra
803 854 59 18 bland

111 896 61 17 annat
194 894 151 19 definitionerna
366 894 12 18 &
398 895 73 23 uppsåt
494 894 37 18 och
549 894 90 19 vållande
653 894 59 26 jemte
727 894 56 19 dessa
796 894 66 20 skuld-

111 935 81 19 formers
215 937 56 22 arter,
288 934 23 19 de
331 934 129 19 allmännaste
478 934 115 26 grunderna
607 934 30 19 för
651 935 84 19 straffets
748 934 114 20 utmätande

110 975 56 19 inom
189 974 174 20 strafflatituderna
385 976 50 18 samt
454 974 150 20 definitionerna
619 976 12 17 &
645 974 66 20 försök
726 975 37 19 och
777 974 84 20 förbere-

112 1016 52 18 delse
179 1015 30 18 till
224 1016 56 18 brott.

182 1055 129 19 Dödsstraffet
329 1058 23 16 är
371 1056 105 18 bibehället
493 1056 29 19 för
537 1056 24 18 de
575 1057 86 18 sväraste
676 1056 60 19 fallen
751 1056 22 19 af
785 1056 78 25 högför-

110 1096 72 26 räderi,
198 1096 154 25 majestätsbrott
373 1096 38 19 och
429 1097 52 18 brott
500 1099 51 16 emot
567 1096 122 20 medlemmar
704 1096 19 19 af
737 1096 32 19 det
784 1096 79 25 Kejser-

111 1137 41 25 liga
172 1137 58 18 huset
251 1136 99 19 äfvensom
366 1136 7 18 i
388 1136 107 20 allmänhet
509 1137 31 19 för
555 1137 62 24 mord,
631 1137 91 19 hvarmed
737 1137 7 18 i
759 1136 103 26 strafflags-

112 1176 94 25 förslaget
220 1175 71 21 förstås
306 1177 70 19 sådant
392 1176 54 25 dråp,
462 1183 41 13 som
518 1177 50 24 sker,
584 1180 37 16 när
635 1178 73 24 någon,
725 1177 6 19 i
747 1178 72 24 uppsåt
834 1180 30 16 att

112 1217 56 24 döda,
183 1216 45 19 med
242 1217 68 18 berådt
324 1216 46 19 mod
384 1217 90 19 beröfvar
489 1223 67 13 annan
569 1217 61 20 lifvet.

187 1257 31 19 De
239 1263 29 13 nu
290 1257 111 25 föreslagna
418 1257 147 20 frihetsstraffen
587 1260 34 17 äro
643 1258 82 19 allenast
739 1259 39 23 två,
794 1258 69 19 nemli-

112 1303 40 19 gen
174 1296 82 20 tukthus
279 1298 37 18 och
338 1296 93 26 fängelse.
460 1296 89 20 Emedan
571 1298 98 24 svårighet
690 1299 63 18 möter
771 1300 33 22 att,
818 1298 45 18 med

112 1336 138 20 bibehållande
264 1337 19 19 af
298 1337 32 18 det
344 1338 123 23 progressiva
481 1338 133 24 straffsystem,
628 1337 73 19 hvilket
717 1336 110 20 Ständerna
841 1339 23 17 är

114 1375 56 19 1864
184 1375 110 25 godkände,
311 1376 89 18 anordna
414 1376 174 24 verkställigheten
606 1376 19 18 af
639 1376 47 18 flera
701 1376 125 18 frihetsstraff
837 1377 26 23 pä

113 1414 71 21 sädant
206 1416 44 22 sätt,
268 1417 29 16 att
315 1414 24 19 de
354 1414 41 19 icke
410 1414 136 20 sammanfalla
560 1414 44 19 med
618 1415 115 25 hvarandra,
749 1415 36 19 har
799 1415 66 19 denna

112 1454 146 25 inskränkning
273 1454 6 19 i
294 1454 158 19 frihetsstraffens
468 1454 52 19 antal
536 1454 97 26 vidtagits.
