1009 1709
309 131 23 19 U.
347 132 21 18 B.
383 143 21 3 —
420 132 59 25 Prop.
491 132 35 19 N:o
538 134 16 18 1.
757 133 22 17 47

60 190 74 18 steman
152 190 72 20 saknar
242 190 62 26 enligt
322 190 111 20 Utskottets
448 192 59 19 tanke
522 192 42 19 skäl
580 192 31 19 för
625 192 37 25 sig,
677 191 78 19 emedan
771 191 28 19 så-
807 190 45 21 Stf.
861 190 22 16 16
890 190 47 21 Kap.

60 222 46 20 dant
127 224 96 19 motstånd
246 224 66 21 tillika
334 225 80 19 innebär
432 228 28 17 ett
478 226 66 19 försök
562 228 29 17 att
606 226 67 24 tvinga
688 226 114 24 tjensteman

58 258 30 17 att
98 257 102 20 underlåta
214 258 146 25 tjensteåtgärd,
373 258 77 20 hvadan
464 259 48 20 det
504 253 12 36 i
523 260 149 25 lagskipningen
684 259 41 19 ofta
736 259 66 19 blefve

58 291 55 19 svårt
128 293 29 18 att
171 292 74 25 afgöra,
261 292 97 20 huruvida
372 293 73 20 brottet
460 300 46 13 vore
521 296 29 17 att
564 294 77 19 straffas
657 293 62 25 enligt
732 294 8 19 1
753 294 48 19 eller

58 325 12 18 2
93 325 19 26 $.
132 337 26 3 -—
178 326 72 19 Vidare
269 333 57 18 synes
345 327 43 19 nåd.
408 333 58 20 props
483 327 122 25 bestämning
622 327 29 19 uti
670 327 11 20 3
697 327 13 26 &
724 334 30 12 om
770 327 32 19 det

57 360 118 25 upproriska
190 361 90 24 uppsätet
294 367 48 13 vara
357 361 30 19 för
396 361 40 24 vid,
452 364 22 23 ty
490 362 32 19 det
536 362 7 19 i
559 362 12 19 2
587 362 12 25 $
614 361 82 20 nämnda
710 361 90 20 hindran-

57 393 33 20 det
111 397 47 17 utan
181 395 47 20 våld
246 395 49 20 eller
313 395 34 20 hot
365 402 30 13 om
409 396 53 25 våld,
478 396 48 19 eller
541 403 16 13 s.
573 396 19 19 k.
608 396 75 25 passivt
697 396 103 25 motstånd,

56 428 78 20 hvilket
149 429 29 19 uti
192 429 46 20 flere
254 430 56 25 lagar
324 430 37 19 alls
376 430 43 19 icke
434 433 22 17 är
471 431 42 19 med
529 431 57 19 straff
599 431 85 24 belagdt,
700 432 59 23 utgör
774 433 27 17 ett

56 463 68 20 alltför
145 464 57 25 ringa
224 464 53 19 brott
299 464 31 19 för
344 467 35 22 att,
394 465 97 25 begånget
508 465 22 19 af
542 465 47 19 flera
604 465 6 19 i
626 465 94 25 förening,
737 465 65 20 kunna

56 497 121 20 konstituera
199 505 79 19 uppror.
308 511 15 2 —
346 499 39 19 Det
404 499 6 19 i
430 499 10 20 3
460 499 12 26 &
490 500 82 19 nämnda
590 499 56 20 fallet
661 502 22 17 är
697 500 104 25 rätteligen

56 532 43 19 icke
122 535 50 17 ännu
194 539 78 20 uppror,
296 533 76 20 hvilket
396 534 51 19 brott
469 534 160 26 begreppsenligt
651 537 22 16 är
695 534 106 20 förhanden

55 567 49 19 först
123 567 24 19 då
165 567 47 20 våld
231 568 49 19 eller
294 568 35 19 hot
344 575 30 12 om
389 569 46 19 våld
450 569 97 24 företages
562 571 40 18 mot
616 569 121 25 tjensteman,
752 569 48 19 hva-

56 601 36 20 dan
111 601 33 20 det
162 602 17 25 ej
199 605 21 16 är
239 603 98 25 sakenligt
356 605 29 17 att
403 604 65 25 nyttja
486 604 140 25 benämningen
646 604 154 25 ,upprorsmän'

56 643 29 13 om
100 643 23 13 en
139 637 120 26 folkmängd,
275 644 40 13 som
330 640 50 17 ännu
396 638 43 19 icke
455 638 84 25 tillgjort
554 640 58 17 annat
626 641 24 16 än
666 640 28 17 att
704 638 37 19 den
751 645 49 12 sam-

55 671 127 19 manskockat
202 671 36 25 sig.
267 671 43 20 Har
324 671 138 26 folkmängden
478 672 22 19 af
513 672 115 25 myndighet
643 674 115 23 uppmanats
773 674 29 17 att

55 705 96 26 åtskiljas,
166 712 44 13 men
225 706 77 25 åtlyder
318 706 16 25 ej
351 707 148 24 uppmaningen,
516 707 21 19 så
552 707 105 24 föreligger
672 706 86 20 deremot
772 709 28 17 ett

55 740 58 25 brott,
129 747 40 12 som
184 741 103 19 benämnes
303 741 92 25 upplopp,
409 741 36 19 och
460 741 80 19 hvarom
556 741 80 19 allmänt
651 741 105 24 stadgande
766 741 34 19 fin-

55 780 33 13 nes
104 774 28 19 uti
148 774 12 19 5
176 775 13 25 $
219 775 21 18 af
254 775 137 25 lagförslaget;
408 775 34 19 och
458 781 58 19 synes
532 775 81 19 sålunda
631 775 7 19 1
656 775 72 19 mom.
718 770 12 35 i
742 775 11 19 3
766 775 35 19 och

56 808 12 19 5
88 808 26 26 $$
134 808 65 20 kunna
214 809 76 19 förenas
306 809 31 19 till
353 816 22 13 en
391 809 48 20 enda
454 810 19 25 &
490 821 26 3 —
531 809 32 20 Då
578 809 100 20 anstiftare
694 809 62 25 enligt
770 816 30 13 re-

54 843 45 26 geln
117 843 43 20 icke
175 846 23 17 är
212 843 98 26 straffbar,
326 850 30 13 om
371 844 16 26 ej
403 844 73 19 brottet
491 844 115 19 åtminstone
621 843 80 20 kommit
715 843 32 20 till
762 844 34 19 för-

54 878 42 24 sök,
119 881 49 16 samt
191 879 59 24 något
268 885 79 18 uppror,
367 879 25 24 på
410 881 38 17 sätt
467 879 59 19 ofvan
544 879 80 24 anförts,
643 879 7 18 i
668 879 32 18 det
715 879 29 18 uti
760 878 11 19 3
788 879 13 25 &

54 912 82 19 nämnda
151 913 34 18 fall
202 915 50 16 ännu
266 913 44 19 icke
326 913 112 25 föreligger,
454 920 58 18 synes
528 913 12 19 2
555 919 55 13 mom.
626 913 7 18 i
648 913 118 19 sistnämnda
780 913 20 25 8,

54 946 77 19 hvilket
149 949 84 17 utsätter
251 947 56 19 straff
324 948 30 19 för
372 947 102 20 anstiftare
494 947 36 20 och
545 947 89 20 anförare
650 947 56 19 äfven
722 947 31 19 för
768 947 32 20 det

55 980 34 19 fall
108 983 28 16 att
156 981 22 19 de
194 981 115 20 församlade
325 982 69 24 åtlyda
408 982 119 25 uppmaning
542 984 28 17 att
585 981 98 26 åtskiljas,
698 981 65 20 kunna
778 981 23 20 så

55 1015 79 25 mycket
148 1015 62 20 hellre
226 1017 52 24 utgå,
296 1023 40 12 som
350 1017 137 20 medvetandet
503 1017 34 18 hos
552 1017 113 18 anstiftaren
682 1016 48 20 eller
745 1016 54 19 anfö-

53 1056 63 17 raren,
132 1052 29 17 att
176 1050 37 19 han
228 1050 7 19 i
251 1051 39 18 alla
305 1051 35 18 fall
355 1051 75 19 komme
446 1053 28 17 att
489 1051 83 22 straffas,
588 1051 57 24 eljest
660 1051 64 18 kunde
738 1051 62 18 förmå

54 1083 69 20 honom
146 1086 29 17 att
193 1091 91 18 uppegga
302 1085 136 25 folkmängden
457 1085 31 19 till
509 1085 66 19 vidare
595 1084 113 25 fortgående
723 1085 25 24 på
764 1084 35 19 den

54 1118 76 25 engång
144 1119 94 18 beträdda
253 1121 70 22 vägen.
340 1130 26 3 —
382 1119 39 19 Det
436 1119 99 24 egentliga
550 1119 155 24 upprorsbrottet
715 1118 84 19 behand-

54 1151 30 20 las
100 1152 6 19 i
123 1152 12 19 4
151 1152 36 19 och
203 1152 11 19 6
230 1153 33 25 $8,
279 1159 42 13 men
338 1153 55 19 dessa
408 1153 26 26 88
449 1155 87 23 upptaga
546 1153 16 25 ej
575 1153 42 18 med
632 1152 108 25 tillräcklig
755 1153 44 24 tyd-

54 1186 63 25 lighet
140 1186 36 19 och
198 1187 152 25 fullständighet
369 1187 23 19 de
408 1187 97 20 särskilda
523 1187 77 25 former,
618 1187 28 19 uti
662 1187 70 19 hvilka
746 1187 54 20 detta

54 1220 53 19 brott
122 1220 37 19 kan
176 1221 124 25 förekomma,
316 1221 25 25 på
356 1223 38 18 sätt
409 1221 57 20 äfven
482 1221 34 19 vid
529 1221 110 25 jemförelse
654 1221 44 19 med
713 1221 35 19 den
764 1221 6 19 i
787 1221 12 19 3

54 1255 13 25 S
89 1255 168 20 karakteriserade
272 1256 117 25 upproriska
403 1256 84 25 afsigten
506 1255 66 20 finnes.

122 1289 10 19 I
146 1289 105 26 anledning
266 1290 20 19 af
300 1290 32 19 det
347 1290 58 19 ofvan
420 1290 81 19 anförda
516 1289 59 20 hafva
590 1289 26 26 $$
631 1290 6 17 1
644 1289 37 19 —6
692 1289 106 25 omredige-

54 1325 40 17 rats
110 1323 88 24 sålunda,
214 1326 28 16 att
256 1324 102 19 Utskottet
372 1324 100 25 upptagit:

122 1357 28 18 uti
171 1357 8 18 1
200 1357 12 25 &
230 1357 60 24 tvång
305 1357 12 19 &
332 1357 48 18 eller
394 1357 97 18 våldsamt
505 1356 97 19 motstånd
619 1358 51 17 emot
685 1356 114 25 tjensteman

54 1390 48 19 eller
118 1392 58 17 annat
191 1390 47 19 våld
252 1391 12 18 å
279 1390 79 25 honom;

121 1424 29 20 uti
165 1423 13 21 2
193 1424 13 26 &
221 1424 32 20 det
268 1432 14 12 s.
298 1425 20 19 k.
334 1424 80 26 passiva
429 1423 126 26 motståndet;

122 1458 176 23 Straflagsutskottets
309 1458 103 17 betänkande
424 1458 36 16 N:o
474 1458 14 16 1.
