1017 1706
217 136 40 20 152
412 134 65 24 Ständ.
492 135 31 23 $v.
537 148 28 2 —
580 134 55 30 Prop.
650 134 35 25 N:s
695 135 17 23 1.

188 200 87 21 orsakar
289 200 77 21 endast
379 200 76 21 hinder
470 200 51 22 eller
536 200 100 27 uppebåll
650 200 35 22 vid
699 200 153 28 inrättningens
862 201 77 27 begag-

187 234 75 26 nande,
277 234 85 22 straffes
375 234 49 22 med
439 234 94 28 fängelse
547 235 8 21 i
569 234 62 27 högst
646 234 36 22 två
696 234 31 22 år.

255 268 42 22 För
312 268 97 22 vållande
424 268 33 22 till
472 269 77 22 sådant
562 268 76 22 hinder
652 268 53 22 eller
714 268 100 28 uppehåll
824 270 73 22 dömes
907 269 33 22 till

187 302 62 22 böter
264 302 18 28 ej
298 303 59 22 öfver
372 303 125 23 femhundra
512 303 61 22 mark
587 303 52 22 eller
653 304 94 26 fängelse
762 304 6 22 i
784 304 62 27 högst
853 306 33 20 tre
896 304 44 22 mä-

187 338 72 21 nader.

257 372 26 21 12
299 371 18 28 8.
347 371 64 28 Hvar,
432 378 45 16 som
496 372 133 28 uppsåtligen
647 373 13 21 å
681 372 78 22 allmän
774 372 99 28 telegraf-
888 372 52 22 eller

187 406 160 22 telefonanstalt
369 406 52 22 eller
441 406 47 23 dess
510 406 100 23 tillbehör
625 407 93 21 föröfvar
733 407 107 27 handling,
855 407 85 22 hvilken

188 441 87 21 hindrar
297 441 51 21 eller
367 443 46 19 stör
430 442 117 22 anstaltens
568 441 143 28 begagnande,
731 441 85 23 straffes
831 442 49 22 med
894 442 46 22 fän-

188 476 57 26 gelse
259 476 8 21 i
280 476 63 27 högst
358 475 35 21 två
407 476 30 21 år.

255 510 43 21 För
313 510 96 21 vållande
423 510 33 22 till
471 510 76 22 sådant
561 510 75 21 hinder
650 516 51 16 vare
715 510 85 22 straffet
810 510 61 22 böter
878 510 63 28 högst

188 544 127 22 femhundra
329 544 60 22 mark
404 544 53 22 eller
471 544 94 28 fängelse
579 544 18 27 ej
614 544 59 22 öfver
690 546 33 20 tre
736 545 108 21 månader.

258 579 26 21 13
299 579 20 25 &.
349 579 53 26 Den,
418 585 51 20 som,
485 580 7 20 i
507 579 63 27 afsigt
584 580 32 20 att
631 578 112 22 framkalla
757 579 47 22 fara
816 579 33 21 för
859 586 81 16 annans

188 614 26 22 lif
227 614 51 21 eller
292 613 66 27 helsa,
373 614 134 27 uppsåtligen
514 613 121 23 förorsakat
642 613 80 28 fartygs
731 614 123 27 sjunkande,
861 614 79 28 grund-

189 649 92 27 sättning
296 648 51 21 eller
362 648 131 27 strandning,
508 647 85 23 straffes
608 648 48 21 med
671 648 89 22 tukthus
774 648 48 22 från
836 649 40 21 och
892 649 48 21 med

188 684 35 22 två
237 684 33 20 till
286 683 39 21 och
340 683 48 21 med
402 682 46 22 åtta
463 683 24 22 år
502 683 39 21 och
555 682 78 22 förlust
648 682 23 21 af
683 682 165 28 medborgerligt
862 683 78 22 förtro-

188 718 60 22 ende.
276 718 44 21 Var
335 717 53 22 hans
403 717 63 27 afsigt
480 718 47 20 icke
542 719 31 20 att
588 716 113 22 framkalla
715 717 66 22 sådan
796 717 55 26 fara;
867 718 73 21 dömes

188 754 33 21 till
236 753 89 21 tukthus
339 752 7 21 i
361 752 62 27 högst
437 752 48 26 fyra
499 752 24 21 år
538 751 39 22 och
592 751 76 22 förlust
683 751 22 22 af
719 752 165 27 medborgerligt
898 752 42 22 för-

187 789 95 23 troende.

256 822 82 22 Försök
353 824 24 18 är
391 820 116 23 straffbart.

256 858 53 25 Den,
325 862 45 15 som
384 855 65 22 vållat
468 856 80 26 fartygs
562 854 125 28 sjunkande,
704 855 168 27 grundsättning,
888 856 53 21 eller

188 892 129 26 strandning,
333 890 86 22 straffes
434 890 48 21 med
497 890 61 22 böter
573 889 18 27 ej
608 890 67 21 under
683 890 72 22 femtio
765 890 60 22 mark
835 890 52 22 eller
895 890 45 22 fän-

188 928 57 26 gelse
259 927 7 21 i
281 926 63 27 högst
359 927 31 19 ett
408 925 30 22 år.

257 961 27 21 14
299 960 18 27 8.
347 959 64 27 Hvar,
427 964 52 22 som,
495 960 7 21 i
516 959 64 27 afsigt
595 960 32 20 att
645 958 114 23 framkalla
772 958 47 23 fara
829 960 33 21 för
877 959 63 27 sjöfa-

189 996 71 25 rande,
276 994 133 27 uppsåtligen
424 992 85 28 förstör,
527 992 118 22 förderfvar
664 992 52 22 eller
731 993 152 22 undanskaffar
898 994 43 26 fyr-

188 1030 52 21 eller
254 1028 151 27 känningsbåk,
425 1027 110 27 fyrfartyg,
549 1026 100 28 fyrlykta,
665 1027 66 27 prick,
745 1028 76 26 visare,
836 1027 52 22 eller
903 1034 37 15 an-

187 1066 38 19 nat
238 1062 82 26 tecken,
336 1067 45 16 som
396 1063 24 19 är
435 1062 42 20 satt
496 1061 33 21 till
547 1061 88 21 rättelse
650 1060 33 21 för
698 1060 107 27 sjöfarten,
820 1061 52 22 eller
887 1061 54 22 släc-

187 1097 38 21 ker
239 1097 41 26 eld,
303 1095 85 22 hvilken
407 1095 33 21 till
457 1095 86 21 rättelse
563 1094 34 21 för
611 1094 121 27 sjöfarande
747 1095 55 22 skall
816 1101 51 16 vara
882 1096 58 26 tänd,

188 1131 50 21 eller
253 1130 122 22 underlåter
393 1130 34 20 att
443 1129 110 26 upptända
572 1129 40 26 eld,
631 1135 45 14 som
691 1129 43 22 ban
748 1128 34 22 för
796 1129 92 22 nämnda
902 1131 38 20 än-

188 1165 69 22 damål
271 1165 40 20 bör
325 1163 158 27 vidmagthålla,
499 1163 52 22 eller
568 1165 39 24 gör
621 1163 57 22 falsk
692 1163 41 26 eld,
749 1163 52 22 eller
815 1165 68 20 sätter
897 1170 43 21 upp

187 1202 66 21 annat
267 1199 66 22 falskt
350 1199 82 26 tecken,
453 1197 85 22 straffes
557 1198 48 21 med
620 1198 90 22 tukthus
724 1197 47 22 från
786 1197 40 22 och
840 1198 50 22 med
904 1198 37 22 två

186 1235 34 21 till
235 1234 40 21 och
289 1233 49 21 med
353 1233 44 21 åtta
412 1232 24 21 år
450 1232 39 21 och
504 1232 76 21 förlust
595 1232 22 21 af
630 1232 167 27 medborgerligt
810 1232 130 22 förtroende.

187 1268 78 26 Gjorde
280 1267 43 21 han
338 1267 36 20 det
388 1267 52 20 utan
455 1265 66 22 sådan
536 1265 75 27 afsigt;
627 1265 73 22 dömes
714 1265 34 21 till
762 1265 88 22 tukthus
860 1266 8 21 i
878 1266 63 26 högst

187 1302 45 27 fyra
247 1302 24 21 år
286 1301 40 22 och
340 1299 77 22 förlust
431 1299 23 22 af
467 1299 164 28 medborgerligt
645 1299 128 22 förtroende.

255 1335 80 22 Försök
350 1337 24 19 är
389 1334 116 22 straffbart.

255 1371 45 21 Har
315 1369 69 28 någon
399 1369 24 22 af
435 1369 99 22 vållande
548 1368 57 29 gjort
614 1369 32 27 sig
656 1369 83 27 skyldig
749 1369 33 22 till
792 1369 93 28 gerning,
894 1375 46 16 som

186 1406 38 21 här
240 1407 23 20 är
277 1405 88 26 nämnd;
385 1403 86 23 straffes
491 1404 47 21 med
553 1404 62 22 böter
630 1403 19 28 ej
664 1404 67 21 under
746 1403 72 23 femtio
834 1403 61 23 mark
910 1404 29 22 el-

186 1440 32 22 ler
232 1440 94 27 fängelse
341 1440 7 21 i
363 1439 62 28 högst
439 1441 32 20 ett
485 1439 30 22 år.
