1003 1703
208 145 13 21 6
446 143 19 23 U.
482 142 18 23 B.
517 155 26 4 —
560 142 53 28 Prop.
630 142 32 23 N:o
678 142 19 23 9.

317 204 148 29 skyldigheter,
482 211 43 14 som
540 204 118 22 tillkomma
674 204 84 21 embets-
782 204 37 20 och
841 204 85 26 tjenste-

316 241 57 25 män,
388 238 84 22 hvilkas
488 238 147 28 befattningar
653 238 112 28 indragas,
786 237 74 28 gifven
885 237 41 21 den

317 274 14 20 3
345 272 108 22 Februari
468 274 62 25 1868,
547 272 56 22 skall
618 272 84 21 erhålla
715 272 103 27 följande
828 271 99 22 ändrade

317 307 85 28 lydelse:

529 363 15 28 $
558 365 20 19 4.

388 409 83 20 Varder
492 410 72 27 nägon
586 411 71 25 trupp,
680 409 96 21 hörande
798 409 35 21 till
854 408 73 27 finska

287 440 18 19 E
317 443 115 24 militären,
454 443 92 27 upplöst,
566 443 51 21 eller
632 443 35 21 till
682 443 57 28 befäl
755 443 50 21 eller
820 442 106 27 manskap

311 477 149 28 förminskad,
484 477 50 21 eller
557 477 70 27 någon
645 477 64 26 tjenst
724 477 37 20 vid
776 477 69 21 sådan
861 479 65 24 trupp

316 511 60 26 eljest
400 511 110 27 indragen,
536 518 38 21 ega
597 511 25 20 de
644 511 54 27 efter
720 511 41 21 den
784 512 14 20 3
818 511 109 21 Februari

316 546 57 20 1868
389 545 33 20 till
437 545 49 20 sina
502 544 146 28 befattningar
664 544 116 21 utnämnde
795 544 84 21 embets-
889 544 38 21 och

315 578 133 28 tjenstemän,
471 585 44 14 som
537 578 94 21 sålunda
641 578 57 28 från
721 579 140 27 tjenstgöring
885 580 42 19 ent-

317 612 89 28 ledigas,
421 613 48 20 med
483 613 112 27 undantag
610 612 29 27 af
645 613 123 29 auditörer,
791 612 75 22 läkare
889 613 38 20 och

313 649 91 25 prester,
420 653 33 14 om
468 646 73 22 hvilka
556 647 9 20 i
580 646 71 21 denna
664 646 135 28 förordning
821 646 106 22 särskildt

316 680 94 28 stadgas,
427 683 31 18 att
473 680 68 21 under
557 680 183 27 tjenstledigheten
756 681 38 20 och
808 681 60 20 intill
879 680 48 21 dess

317 715 25 20 de
357 715 52 25 åter,
425 714 36 21 vid
476 714 133 27 inträffande
625 713 67 28 behoj,
709 715 34 20 till
758 714 83 21 militär
851 714 76 27 tjenst-

314 749 77 27 göring
410 748 102 27 inkallas,
535 748 99 27 uppbära
656 748 98 27 inkomst,
777 748 150 21 motsvarande

315 783 84 28 hälften
414 783 30 27 af
454 783 46 21 alla
522 783 62 21 deras
606 783 37 20 vid
666 783 117 27 tjensterna
805 783 122 25 innehafda

317 818 58 20 löne-
398 817 37 21 och
458 818 74 27 örriga
542 817 122 28 förmåner,
687 817 30 28 af
727 817 42 21 den
785 817 142 28 beskafenhet

316 851 38 21 och
369 851 26 21 de
410 851 54 32 slag,
479 851 87 21 hvarom
582 852 7 20 i
600 851 68 28 förra
682 858 62 15 mom.
768 851 30 28 af
807 853 14 20 1
842 851 15 28 $
878 851 49 26 för-

316 886 72 20 mäles.

383 925 33 21 De
432 926 83 27 anslag,
530 932 44 14 som
588 926 30 26 pä
632 925 72 28 grund
720 925 29 24 af
759 927 20 24 1,
794 927 15 20 2
824 926 38 21 och
875 927 10 19 3
896 925 31 27 $$

315 962 55 18 samt
392 959 71 21 denna
485 959 15 27 $
522 960 57 27 utgå,
602 959 61 21 skola
682 961 32 26 pä
736 959 190 28 indragningsstat

315 993 115 27 uppföras.

247 1140 10 21 I
273 1140 96 21 ärendets
385 1140 83 27 slutliga
482 1140 127 27 behandling
623 1141 57 22 inom
694 1141 111 22 Utskottet
814 1141 63 22 hafva
885 1141 41 22 del-

179 1173 53 28 tagit
251 1173 145 27 ordföranden,
419 1174 99 22 Friherre
532 1175 82 27 Wrede,
638 1177 55 19 samt
715 1175 143 22 ledamöterne
880 1175 47 21 Fri-

179 1207 61 22 herre
256 1208 23 21 G.
295 1207 28 21 A.
339 1207 159 28 Langenskiöld,
515 1208 117 27 Stjernvall,
649 1208 109 28 Råbergh,
774 1209 61 28 Lyra,
851 1209 75 22 Schro-

179 1241 68 24 derus,
263 1241 158 26 Schvartzberg,
437 1242 104 26 Calonius,
557 1242 96 26 Juselius,
669 1243 113 25 Stenbäck,
804 1243 122 26 Rönnbäck,

179 1274 104 25 Hollmén,
300 1274 135 21 Tuomikoski
456 1275 39 20 oeh
510 1275 105 26 Vuolijoki
637 1275 106 22 äfvensom
765 1276 162 27 suppleanterne

178 1307 62 28 Prytz
256 1307 39 22 och
310 1307 136 22 Malkamäki.

247 1358 136 27 Helsingfors,
399 1359 40 21 den
454 1359 26 21 17
496 1359 101 21 Februari
613 1360 61 21 1888.

298 1505 128 24 Helsingfors,
439 1506 204 24 Hufvudstadsbladets
656 1507 85 24 tryckeri
754 1508 48 18 1888.
