1045 1711
223 151 26 22 12
535 149 40 22 N:o
591 149 17 22 1.

193 213 121 26 försäljares
338 214 66 25 värjo,
421 212 107 21 äfvensom
550 213 26 19 de
592 212 69 26 plåtar
676 212 40 19 och
732 211 83 25 former,
829 218 44 13 som
891 211 54 20 varit

191 247 133 21 uteslutande
346 247 111 20 bestämda
479 247 31 19 för
533 247 35 19 det
590 246 74 21 alsters
686 245 179 26 frambringande,
881 245 61 20 hvem

192 283 26 19 de
233 285 27 16 än
276 281 34 20 må
325 281 93 25 tillhöra,
434 281 72 20 dömas
522 281 109 20 förbrutna
647 281 39 20 och
698 283 31 17 att
742 283 61 23 göras
815 280 127 20 obrukbara.

191 316 77 20 Finnes
291 316 55 20 blott
364 316 68 26 någon
448 316 35 19 del
499 315 23 20 af
535 314 134 22 omförmäldt
684 314 65 21 alster
768 314 120 27 förgriplig,
903 314 40 20 och

192 351 42 20 kan
257 351 40 19 den
320 352 50 18 utan
386 350 107 27 svårighet
508 350 95 26 afskiljas
619 350 46 20 från
681 349 36 21 det
732 349 80 27 öfriga;
829 350 63 18 varde
908 355 36 14 en-

193 385 47 20 dast
256 385 39 20 den
312 384 125 27 förgripliga
452 384 63 20 delen
531 386 54 18 samt
600 384 148 20 motsvarande
760 384 33 19 del
805 383 23 20 af
836 383 46 27 plåt
892 383 52 20 eller

193 420 52 19 form
261 419 64 20 dömd
342 419 106 20 förbruten
465 419 40 19 och
521 422 30 16 att
566 421 62 23 göras
644 418 113 20 obrukbar.

530 499 14 21 3
564 498 49 27 Kap.

193 544 42 23 Om
253 544 116 28 grunder,
384 550 51 16 som
455 544 107 22 utesluta
579 544 62 22 eller
661 544 96 22 minska
773 539 72 37 straff
850 543 92 23 barhet.

265 592 8 18 1
291 593 17 22 5.
338 589 103 28 Gerning,
463 596 44 13 som
532 590 60 27 eljest
612 592 23 17 är
651 589 110 26 straffbar,
777 596 50 13 vare
843 589 101 26 strafflös,

195 631 33 13 om
253 625 40 20 den
316 624 65 26 begås
396 625 23 19 af
433 625 59 24 barn,
507 625 64 19 innan
588 625 36 19 det
639 624 40 26 fylt
695 624 78 20 femton
789 625 34 24 år;
838 624 55 20 dock
909 624 34 20 må

194 659 118 20 domstolen
336 658 52 20 efter
404 659 99 26 pröfning
519 659 70 20 kunna
604 658 105 26 förordna,
725 661 31 18 att
772 659 57 24 barn,
846 665 44 14 som
906 658 40 27 fylt

194 693 33 26 sju
249 693 29 25 år,
300 692 54 21 skall
375 693 87 20 insättas
478 693 7 20 i
501 693 221 26 uppfostringsanstalt
737 693 52 20 eller
804 693 23 20 af
841 692 104 21 föräldrar

195 726 52 21 eller
270 733 77 20 annan,
371 727 66 20 under
458 727 63 20 hvars
545 727 50 20 vård
619 727 40 20 och
676 727 80 26 lydnad
772 727 37 20 det
823 727 49 25 står,
889 727 55 20 inom

194 762 39 19 hus
255 761 6 19 i
278 761 91 20 vittnens
390 763 89 18 närvaro
496 767 57 20 agas.
581 761 25 26 Ej
623 761 34 20 mä
672 768 40 19 aga
729 761 125 20 verkställas
870 761 13 19 å
898 761 48 25 den,

194 802 44 13 som
254 795 53 20 efter
322 795 35 20 det
373 795 48 20 dom
436 795 7 20 i
459 795 65 20 saken
541 795 55 20 fallit
611 795 88 26 uppnått
716 795 77 20 femton
810 795 33 19 års
858 795 66 20 ålder.

267 829 114 20 Uraktlåta
401 829 104 20 föräldrar
520 829 53 20 eller
588 836 76 19 annan,
681 830 66 19 under
761 830 62 19 hvars
838 829 52 20 vård
906 829 41 21 och

196 863 80 25 lydnad
298 863 75 20 barnet
395 862 50 26 står,
460 865 30 18 att
506 863 82 20 tilldela
603 864 36 19 det
654 863 140 20 föreskrifven
811 869 50 21 aga;
877 863 69 27 åligge

195 897 159 21 verkställande
371 897 124 27 myndighet
510 900 32 18 att
557 898 72 20 derom
646 898 65 26 draga
727 898 87 26 försorg.

266 932 53 26 Den,
342 938 44 14 som
402 931 72 21 blifvit
488 932 65 20 insatt
567 932 7 19 i
591 932 228 26 uppfostringsanstalt,
835 931 54 20 skall
907 931 37 21 der

196 966 68 20 hållas
287 966 23 20 så
334 966 62 26 länge
412 966 40 19 den
470 966 129 27 myndighet,
615 966 86 20 hvilken
718 966 38 20 har
771 966 100 20 inseende
887 966 59 20 öfver

196 1000 112 26 anstalten,
331 999 67 21 finner
421 1000 31 20 för
474 1000 77 20 honom
572 1000 79 27 nödigt,
668 1000 54 20 dock
739 1001 18 25 ej
774 1000 73 27 längre
863 1002 25 17 än
904 1000 43 20 tills

195 1034 42 20 han
261 1034 40 26 fylt
324 1034 88 20 aderton
437 1035 29 24 år,
486 1034 58 26 eller,
559 1035 46 19 med
630 1035 112 20 målsmans
757 1034 118 26 samtycke,
890 1034 56 20 ända

197 1068 42 21 tills
255 1069 40 20 han
313 1069 88 26 uppnått
416 1067 60 29 tjugu
492 1069 33 20 års
541 1068 65 21 ålder.

268 1104 13 19 2
296 1105 16 22 5.
342 1103 68 26 Begäs
432 1103 57 20 brott
512 1104 23 19 af
556 1104 47 25 den,
618 1111 44 12 som
678 1104 41 27 fylt
734 1104 86 25 femton,
836 1110 47 13 men
898 1103 48 20 icke

197 1138 86 20 aderton
301 1137 33 25 är;
351 1137 62 27 skall,
425 1141 37 16 när
478 1138 115 20 dödsstraff
605 1138 52 20 eller
673 1138 86 20 tukthus
774 1138 28 26 pä
817 1137 66 20 lifstid
900 1137 46 20 bort

196 1171 52 27 följa
264 1172 12 18 &
291 1172 86 25 brottet,
388 1172 73 20 dömas
477 1172 32 19 till
526 1172 85 20 tukthus
627 1172 45 19 från
689 1172 39 20 och
745 1172 47 19 med
809 1172 35 19 två
859 1171 33 19 till
907 1172 40 19 och

196 1206 47 19 med
267 1206 41 19 tolf
329 1205 28 20 år.
388 1206 10 19 I
422 1206 68 26 öfriga
512 1206 36 20 fall
573 1212 49 14 vare
641 1206 82 20 straffet
739 1206 5 19 i
761 1206 77 20 allmän
854 1205 93 21 straffart

196 1240 122 25 lindrigare,
334 1242 25 17 än
384 1240 54 20 hvad
455 1240 6 19 i
478 1240 34 26 lag
528 1241 32 19 för
576 1241 77 19 brottet
668 1243 23 17 är
706 1240 107 25 stadgadt,
829 1240 54 19 dock
898 1240 49 19 icke

197 1273 66 20 under
285 1273 129 26 fjerdedelen
439 1273 23 19 af
482 1273 36 19 det
540 1273 64 25 straff,
621 1274 84 19 hvartill
723 1274 40 18 den
779 1273 98 26 skyldige
893 1273 55 19 varit

196 1306 104 26 förfallen,
317 1313 33 13 om
366 1306 40 20 han
424 1307 54 19 hade
494 1307 40 26 fylt
550 1308 88 20 aderton
655 1308 28 20 är,
713 1306 104 28 Fängelse
833 1308 39 19 och
889 1306 59 21 böter

197 1341 34 20 mä
246 1341 66 20 likväl
328 1341 47 20 icke
391 1341 88 20 ädömas
495 1342 65 19 under
576 1342 61 20 dessa
647 1341 126 21 straffarters
784 1341 69 27 lägsta
863 1341 84 27 belopp,

197 1376 111 20 hvaremot
330 1375 152 26 tukthusstraff,
506 1376 27 19 dä
554 1376 35 20 det
603 1377 83 19 komme
702 1379 31 17 att
748 1378 65 18 sättas
829 1376 66 20 under
910 1382 38 14 sex

198 1410 106 25 månader,
320 1410 54 20 skall
391 1410 86 26 öfvergä
493 1410 31 20 till
541 1410 95 27 fängelse
652 1411 66 26 enligt
734 1411 40 20 den
790 1411 7 19 i
813 1412 12 19 6
841 1412 13 25 &
870 1412 10 18 7
898 1410 49 27 kap.

196 1444 103 27 stadgade
314 1444 73 27 grund,
