<?xml version="1.0" encoding="UTF-8"?>
<alto xmlns="http://www.loc.gov/standards/alto/ns-v3#" xmlns:xlink="http://www.w3.org/1999/xlink" xmlns:xsi="http://www.w3.org/2001/XMLSchema-instance" xsi:schemaLocation="http://www.loc.gov/standards/alto/ns-v3# http://www.loc.gov/alto/v3/alto-3-0.xsd">
	<Description>
		<MeasurementUnit>pixel</MeasurementUnit>
		<sourceImageInformation>
			<fileName>/tmp/tess_9vo5vg53_input.PNG</fileName>
		</sourceImageInformation>
		<OCRProcessing ID="OCR_0">
			<ocrProcessingStep>
				<processingSoftware>
					<softwareName>tesseract 5.3.4</softwareName>
				</processingSoftware>
			</ocrProcessingStep>
		</OCRProcessing>
	</Description>
	<Layout>
		<Page WIDTH="1017" HEIGHT="1703" PHYSICAL_IMG_NR="0" ID="page_0">
			<PrintSpace HPOS="0" VPOS="0" WIDTH="1017" HEIGHT="1703">
				<ComposedBlock ID="cblock_0" HPOS="208" VPOS="149" WIDTH="497" HEIGHT="29">
					<TextBlock ID="block_0" HPOS="208" VPOS="149" WIDTH="497" HEIGHT="29">
						<TextLine ID="line_0" HPOS="208" VPOS="149" WIDTH="497" HEIGHT="29">
							<String ID="string_0" HPOS="208" VPOS="150" WIDTH="41" HEIGHT="20" WC="0.96" CONTENT="166"/><SP WIDTH="157" VPOS="150" HPOS="249"/>
							<String ID="string_1" HPOS="406" VPOS="149" WIDTH="65" HEIGHT="23" WC="0.92" CONTENT="Ständ."/><SP WIDTH="14" VPOS="149" HPOS="471"/>
							<String ID="string_2" HPOS="485" VPOS="149" WIDTH="30" HEIGHT="23" WC="0.83" CONTENT="$v."/><SP WIDTH="15" VPOS="149" HPOS="515"/>
							<String ID="string_3" HPOS="530" VPOS="161" WIDTH="28" HEIGHT="4" WC="0.92" CONTENT="—"/><SP WIDTH="16" VPOS="161" HPOS="558"/>
							<String ID="string_4" HPOS="574" VPOS="149" WIDTH="53" HEIGHT="29" WC="0.92" CONTENT="Prop."/><SP WIDTH="17" VPOS="149" HPOS="627"/>
							<String ID="string_5" HPOS="644" VPOS="149" WIDTH="31" HEIGHT="23" WC="0.90" CONTENT="N:o"/><SP WIDTH="15" VPOS="149" HPOS="675"/>
							<String ID="string_6" HPOS="690" VPOS="150" WIDTH="15" HEIGHT="22" WC="0.95" CONTENT="1."/>
						</TextLine>
					</TextBlock>
				</ComposedBlock>
				<ComposedBlock ID="cblock_1" HPOS="178" VPOS="214" WIDTH="756" HEIGHT="730">
					<TextBlock ID="block_1" HPOS="178" VPOS="214" WIDTH="754" HEIGHT="96">
						<TextLine ID="line_1" HPOS="247" VPOS="214" WIDTH="684" HEIGHT="27">
							<String ID="string_7" HPOS="247" VPOS="214" WIDTH="70" HEIGHT="26" WC="0.96" CONTENT="varde,"/><SP WIDTH="17" VPOS="214" HPOS="317"/>
							<String ID="string_8" HPOS="334" VPOS="214" WIDTH="37" HEIGHT="21" WC="0.96" CONTENT="der"/><SP WIDTH="15" VPOS="214" HPOS="371"/>
							<String ID="string_9" HPOS="386" VPOS="214" WIDTH="43" HEIGHT="21" WC="0.96" CONTENT="han"/><SP WIDTH="14" VPOS="214" HPOS="429"/>
							<String ID="string_10" HPOS="443" VPOS="214" WIDTH="19" HEIGHT="27" WC="0.96" CONTENT="ej"/><SP WIDTH="15" VPOS="214" HPOS="462"/>
							<String ID="string_11" HPOS="477" VPOS="215" WIDTH="82" HEIGHT="26" WC="0.96" CONTENT="styrker"/><SP WIDTH="14" VPOS="215" HPOS="559"/>
							<String ID="string_12" HPOS="573" VPOS="216" WIDTH="32" HEIGHT="20" WC="0.96" CONTENT="att"/><SP WIDTH="15" VPOS="216" HPOS="605"/>
							<String ID="string_13" HPOS="620" VPOS="215" WIDTH="41" HEIGHT="21" WC="0.89" CONTENT="han"/><SP WIDTH="15" VPOS="215" HPOS="661"/>
							<String ID="string_14" HPOS="676" VPOS="215" WIDTH="33" HEIGHT="21" WC="0.95" CONTENT="till"/><SP WIDTH="15" VPOS="215" HPOS="709"/>
							<String ID="string_15" HPOS="724" VPOS="214" WIDTH="52" HEIGHT="22" WC="0.93" CONTENT="fullo"/><SP WIDTH="16" VPOS="214" HPOS="776"/>
							<String ID="string_16" HPOS="792" VPOS="214" WIDTH="78" HEIGHT="27" WC="0.92" CONTENT="förnöjt"/><SP WIDTH="16" VPOS="214" HPOS="870"/>
							<String ID="string_17" HPOS="886" VPOS="214" WIDTH="45" HEIGHT="21" WC="0.96" CONTENT="sine"/>
						</TextLine>
						<TextLine ID="line_2" HPOS="178" VPOS="248" WIDTH="754" HEIGHT="27">
							<String ID="string_18" HPOS="178" VPOS="249" WIDTH="136" HEIGHT="26" WC="0.96" CONTENT="borgenärer,"/><SP WIDTH="15" VPOS="249" HPOS="314"/>
							<String ID="string_19" HPOS="329" VPOS="248" WIDTH="89" HEIGHT="22" WC="0.96" CONTENT="straffad"/><SP WIDTH="20" VPOS="248" HPOS="418"/>
							<String ID="string_20" HPOS="438" VPOS="248" WIDTH="69" HEIGHT="22" WC="0.96" CONTENT="såsom"/><SP WIDTH="19" VPOS="248" HPOS="507"/>
							<String ID="string_21" HPOS="526" VPOS="249" WIDTH="94" HEIGHT="21" WC="0.96" CONTENT="vårdslös"/><SP WIDTH="16" VPOS="249" HPOS="620"/>
							<String ID="string_22" HPOS="636" VPOS="249" WIDTH="52" HEIGHT="21" WC="0.96" CONTENT="eller"/><SP WIDTH="19" VPOS="249" HPOS="688"/>
							<String ID="string_23" HPOS="707" VPOS="249" WIDTH="109" HEIGHT="26" WC="0.93" CONTENT="lättsinnig"/><SP WIDTH="14" VPOS="249" HPOS="816"/>
							<String ID="string_24" HPOS="830" VPOS="248" WIDTH="102" HEIGHT="27" WC="0.92" CONTENT="gäldenär"/>
						</TextLine>
						<TextLine ID="line_3" HPOS="180" VPOS="282" WIDTH="347" HEIGHT="28">
							<String ID="string_25" HPOS="180" VPOS="283" WIDTH="48" HEIGHT="21" WC="0.95" CONTENT="med"/><SP WIDTH="14" VPOS="283" HPOS="228"/>
							<String ID="string_26" HPOS="242" VPOS="282" WIDTH="96" HEIGHT="28" WC="0.95" CONTENT="fängelse"/><SP WIDTH="15" VPOS="282" HPOS="338"/>
							<String ID="string_27" HPOS="353" VPOS="283" WIDTH="7" HEIGHT="21" WC="0.96" CONTENT="i"/><SP WIDTH="14" VPOS="283" HPOS="360"/>
							<String ID="string_28" HPOS="374" VPOS="282" WIDTH="63" HEIGHT="27" WC="0.96" CONTENT="högst"/><SP WIDTH="15" VPOS="282" HPOS="437"/>
							<String ID="string_29" HPOS="452" VPOS="284" WIDTH="31" HEIGHT="20" WC="0.96" CONTENT="ett"/><SP WIDTH="14" VPOS="284" HPOS="483"/>
							<String ID="string_30" HPOS="497" VPOS="283" WIDTH="30" HEIGHT="21" WC="0.96" CONTENT="år."/>
						</TextLine>
					</TextBlock>
					<TextBlock ID="block_2" HPOS="179" VPOS="322" WIDTH="753" HEIGHT="131">
						<TextLine ID="line_4" HPOS="246" VPOS="322" WIDTH="686" HEIGHT="27">
							<String ID="string_31" HPOS="246" VPOS="323" WIDTH="15" HEIGHT="20" WC="0.95" CONTENT="4"/><SP WIDTH="15" VPOS="323" HPOS="261"/>
							<String ID="string_32" HPOS="276" VPOS="322" WIDTH="18" HEIGHT="27" WC="0.68" CONTENT="8."/><SP WIDTH="30" VPOS="322" HPOS="294"/>
							<String ID="string_33" HPOS="324" VPOS="322" WIDTH="100" HEIGHT="27" WC="0.93" CONTENT="Rymmer"/><SP WIDTH="14" VPOS="322" HPOS="424"/>
							<String ID="string_34" HPOS="438" VPOS="323" WIDTH="101" HEIGHT="26" WC="0.92" CONTENT="gäldenär"/><SP WIDTH="15" VPOS="323" HPOS="539"/>
							<String ID="string_35" HPOS="554" VPOS="322" WIDTH="33" HEIGHT="22" WC="0.96" CONTENT="för"/><SP WIDTH="15" VPOS="322" HPOS="587"/>
							<String ID="string_36" HPOS="602" VPOS="323" WIDTH="69" HEIGHT="26" WC="0.96" CONTENT="skuld,"/><SP WIDTH="17" VPOS="323" HPOS="671"/>
							<String ID="string_37" HPOS="688" VPOS="323" WIDTH="39" HEIGHT="21" WC="0.96" CONTENT="och"/><SP WIDTH="15" VPOS="323" HPOS="727"/>
							<String ID="string_38" HPOS="742" VPOS="323" WIDTH="96" HEIGHT="21" WC="0.96" CONTENT="kommer"/><SP WIDTH="13" VPOS="323" HPOS="838"/>
							<String ID="string_39" HPOS="851" VPOS="323" WIDTH="19" HEIGHT="26" WC="0.96" CONTENT="ej"/><SP WIDTH="16" VPOS="323" HPOS="870"/>
							<String ID="string_40" HPOS="886" VPOS="322" WIDTH="46" HEIGHT="22" WC="0.96" CONTENT="åter"/>
						</TextLine>
						<TextLine ID="line_5" HPOS="179" VPOS="355" WIDTH="753" HEIGHT="28">
							<String ID="string_41" HPOS="179" VPOS="357" WIDTH="57" HEIGHT="20" WC="0.96" CONTENT="inom"/><SP WIDTH="23" VPOS="357" HPOS="236"/>
							<String ID="string_42" HPOS="259" VPOS="356" WIDTH="46" HEIGHT="27" WC="0.96" CONTENT="fyra"/><SP WIDTH="22" VPOS="356" HPOS="305"/>
							<String ID="string_43" HPOS="327" VPOS="355" WIDTH="101" HEIGHT="22" WC="0.96" CONTENT="månader"/><SP WIDTH="21" VPOS="355" HPOS="428"/>
							<String ID="string_44" HPOS="449" VPOS="356" WIDTH="48" HEIGHT="22" WC="0.96" CONTENT="från"/><SP WIDTH="16" VPOS="356" HPOS="497"/>
							<String ID="string_45" HPOS="513" VPOS="357" WIDTH="36" HEIGHT="21" WC="0.96" CONTENT="det"/><SP WIDTH="15" VPOS="357" HPOS="549"/>
							<String ID="string_46" HPOS="564" VPOS="357" WIDTH="42" HEIGHT="21" WC="0.96" CONTENT="han"/><SP WIDTH="15" VPOS="357" HPOS="606"/>
							<String ID="string_47" HPOS="621" VPOS="357" WIDTH="84" HEIGHT="26" WC="0.96" CONTENT="rymde;"/><SP WIDTH="22" VPOS="357" HPOS="705"/>
							<String ID="string_48" HPOS="727" VPOS="358" WIDTH="72" HEIGHT="24" WC="0.96" CONTENT="varde,"/><SP WIDTH="16" VPOS="358" HPOS="799"/>
							<String ID="string_49" HPOS="815" VPOS="358" WIDTH="7" HEIGHT="21" WC="0.96" CONTENT="i"/><SP WIDTH="14" VPOS="358" HPOS="822"/>
							<String ID="string_50" HPOS="836" VPOS="357" WIDTH="38" HEIGHT="22" WC="0.96" CONTENT="fall"/><SP WIDTH="15" VPOS="357" HPOS="874"/>
							<String ID="string_51" HPOS="889" VPOS="357" WIDTH="43" HEIGHT="22" WC="0.96" CONTENT="han"/>
						</TextLine>
						<TextLine ID="line_6" HPOS="179" VPOS="391" WIDTH="753" HEIGHT="28">
							<String ID="string_52" HPOS="179" VPOS="393" WIDTH="99" HEIGHT="24" WC="0.92" CONTENT="ertappas"/><SP WIDTH="16" VPOS="393" HPOS="278"/>
							<String ID="string_53" HPOS="294" VPOS="391" WIDTH="39" HEIGHT="21" WC="0.96" CONTENT="och"/><SP WIDTH="16" VPOS="391" HPOS="333"/>
							<String ID="string_54" HPOS="349" VPOS="391" WIDTH="17" HEIGHT="26" WC="0.96" CONTENT="ej"/><SP WIDTH="17" VPOS="391" HPOS="366"/>
							<String ID="string_55" HPOS="383" VPOS="391" WIDTH="83" HEIGHT="26" WC="0.96" CONTENT="styrker"/><SP WIDTH="20" VPOS="391" HPOS="466"/>
							<String ID="string_56" HPOS="486" VPOS="392" WIDTH="31" HEIGHT="20" WC="0.96" CONTENT="att"/><SP WIDTH="14" VPOS="392" HPOS="517"/>
							<String ID="string_57" HPOS="531" VPOS="391" WIDTH="42" HEIGHT="22" WC="0.96" CONTENT="han"/><SP WIDTH="15" VPOS="391" HPOS="573"/>
							<String ID="string_58" HPOS="588" VPOS="392" WIDTH="33" HEIGHT="20" WC="0.96" CONTENT="till"/><SP WIDTH="14" VPOS="392" HPOS="621"/>
							<String ID="string_59" HPOS="635" VPOS="391" WIDTH="52" HEIGHT="22" WC="0.93" CONTENT="fullo"/><SP WIDTH="15" VPOS="391" HPOS="687"/>
							<String ID="string_60" HPOS="702" VPOS="391" WIDTH="80" HEIGHT="28" WC="0.92" CONTENT="förnöjt"/><SP WIDTH="15" VPOS="391" HPOS="782"/>
							<String ID="string_61" HPOS="797" VPOS="393" WIDTH="44" HEIGHT="20" WC="0.92" CONTENT="sine"/><SP WIDTH="15" VPOS="393" HPOS="841"/>
							<String ID="string_62" HPOS="856" VPOS="391" WIDTH="76" HEIGHT="28" WC="0.91" CONTENT="borge-"/>
						</TextLine>
						<TextLine ID="line_7" HPOS="179" VPOS="425" WIDTH="542" HEIGHT="28">
							<String ID="string_63" HPOS="179" VPOS="427" WIDTH="68" HEIGHT="24" WC="0.89" CONTENT="närer,"/><SP WIDTH="16" VPOS="427" HPOS="247"/>
							<String ID="string_64" HPOS="263" VPOS="425" WIDTH="91" HEIGHT="22" WC="0.96" CONTENT="straffad"/><SP WIDTH="14" VPOS="425" HPOS="354"/>
							<String ID="string_65" HPOS="368" VPOS="425" WIDTH="49" HEIGHT="21" WC="0.96" CONTENT="med"/><SP WIDTH="16" VPOS="425" HPOS="417"/>
							<String ID="string_66" HPOS="433" VPOS="425" WIDTH="93" HEIGHT="27" WC="0.96" CONTENT="fängelse"/><SP WIDTH="15" VPOS="425" HPOS="526"/>
							<String ID="string_67" HPOS="541" VPOS="426" WIDTH="8" HEIGHT="21" WC="0.97" CONTENT="i"/><SP WIDTH="14" VPOS="426" HPOS="549"/>
							<String ID="string_68" HPOS="563" VPOS="426" WIDTH="63" HEIGHT="27" WC="0.96" CONTENT="högst"/><SP WIDTH="15" VPOS="426" HPOS="626"/>
							<String ID="string_69" HPOS="641" VPOS="426" WIDTH="35" HEIGHT="21" WC="0.96" CONTENT="två"/><SP WIDTH="15" VPOS="426" HPOS="676"/>
							<String ID="string_70" HPOS="691" VPOS="426" WIDTH="30" HEIGHT="21" WC="0.96" CONTENT="år."/>
						</TextLine>
					</TextBlock>
					<TextBlock ID="block_3" HPOS="178" VPOS="464" WIDTH="754" HEIGHT="166">
						<TextLine ID="line_8" HPOS="247" VPOS="464" WIDTH="684" HEIGHT="29">
							<String ID="string_71" HPOS="247" VPOS="465" WIDTH="14" HEIGHT="21" WC="0.93" CONTENT="5"/><SP WIDTH="16" VPOS="465" HPOS="261"/>
							<String ID="string_72" HPOS="277" VPOS="464" WIDTH="18" HEIGHT="28" WC="0.71" CONTENT="$."/><SP WIDTH="31" VPOS="464" HPOS="295"/>
							<String ID="string_73" HPOS="326" VPOS="465" WIDTH="82" HEIGHT="22" WC="0.90" CONTENT="Varder"/><SP WIDTH="15" VPOS="465" HPOS="408"/>
							<String ID="string_74" HPOS="423" VPOS="465" WIDTH="108" HEIGHT="27" WC="0.96" CONTENT="egendom,"/><SP WIDTH="16" VPOS="465" HPOS="531"/>
							<String ID="string_75" HPOS="547" VPOS="466" WIDTH="85" HEIGHT="21" WC="0.96" CONTENT="hvilken"/><SP WIDTH="10" VPOS="466" HPOS="632"/>
							<String ID="string_76" HPOS="642" VPOS="466" WIDTH="71" HEIGHT="21" WC="0.96" CONTENT="tillhör"/><SP WIDTH="8" VPOS="466" HPOS="713"/>
							<String ID="string_77" HPOS="721" VPOS="466" WIDTH="97" HEIGHT="27" WC="0.96" CONTENT="stiftelse,"/><SP WIDTH="8" VPOS="466" HPOS="818"/>
							<String ID="string_78" HPOS="826" VPOS="465" WIDTH="105" HEIGHT="28" WC="0.96" CONTENT="förening,"/>
						</TextLine>
						<TextLine ID="line_9" HPOS="179" VPOS="499" WIDTH="752" HEIGHT="28">
							<String ID="string_79" HPOS="179" VPOS="499" WIDTH="100" HEIGHT="27" WC="0.96" CONTENT="sällskap,"/><SP WIDTH="22" VPOS="499" HPOS="279"/>
							<String ID="string_80" HPOS="301" VPOS="499" WIDTH="70" HEIGHT="28" WC="0.96" CONTENT="bolag,"/><SP WIDTH="23" VPOS="499" HPOS="371"/>
							<String ID="string_81" HPOS="394" VPOS="500" WIDTH="51" HEIGHT="21" WC="0.93" CONTENT="eller"/><SP WIDTH="22" VPOS="500" HPOS="445"/>
							<String ID="string_82" HPOS="467" VPOS="500" WIDTH="73" HEIGHT="21" WC="0.92" CONTENT="idkare"/><SP WIDTH="22" VPOS="500" HPOS="540"/>
							<String ID="string_83" HPOS="562" VPOS="501" WIDTH="23" HEIGHT="20" WC="0.96" CONTENT="af"/><SP WIDTH="17" VPOS="501" HPOS="585"/>
							<String ID="string_84" HPOS="602" VPOS="500" WIDTH="76" HEIGHT="21" WC="0.96" CONTENT="handel"/><SP WIDTH="20" VPOS="500" HPOS="678"/>
							<String ID="string_85" HPOS="698" VPOS="501" WIDTH="52" HEIGHT="20" WC="0.95" CONTENT="eller"/><SP WIDTH="15" VPOS="501" HPOS="750"/>
							<String ID="string_86" HPOS="765" VPOS="507" WIDTH="70" HEIGHT="15" WC="0.96" CONTENT="annan"/><SP WIDTH="14" VPOS="507" HPOS="835"/>
							<String ID="string_87" HPOS="849" VPOS="501" WIDTH="82" HEIGHT="26" WC="0.96" CONTENT="näring,"/>
						</TextLine>
						<TextLine ID="line_10" HPOS="179" VPOS="534" WIDTH="753" HEIGHT="28">
							<String ID="string_88" HPOS="179" VPOS="540" WIDTH="45" HEIGHT="15" WC="0.96" CONTENT="som"/><SP WIDTH="14" VPOS="540" HPOS="224"/>
							<String ID="string_89" HPOS="238" VPOS="535" WIDTH="43" HEIGHT="21" WC="0.96" CONTENT="han"/><SP WIDTH="15" VPOS="535" HPOS="281"/>
							<String ID="string_90" HPOS="296" VPOS="534" WIDTH="49" HEIGHT="28" WC="0.96" CONTENT="sjelf"/><SP WIDTH="14" VPOS="534" HPOS="345"/>
							<String ID="string_91" HPOS="359" VPOS="535" WIDTH="17" HEIGHT="26" WC="0.96" CONTENT="ej"/><SP WIDTH="16" VPOS="535" HPOS="376"/>
							<String ID="string_92" HPOS="392" VPOS="535" WIDTH="97" HEIGHT="26" WC="0.96" CONTENT="förestår,"/><SP WIDTH="20" VPOS="535" HPOS="489"/>
							<String ID="string_93" HPOS="509" VPOS="535" WIDTH="101" HEIGHT="26" WC="0.96" CONTENT="upplåten"/><SP WIDTH="15" VPOS="535" HPOS="610"/>
							<String ID="string_94" HPOS="625" VPOS="535" WIDTH="33" HEIGHT="21" WC="0.96" CONTENT="till"/><SP WIDTH="15" VPOS="535" HPOS="658"/>
							<String ID="string_95" HPOS="673" VPOS="535" WIDTH="104" HEIGHT="26" WC="0.96" CONTENT="konkurs;"/><SP WIDTH="23" VPOS="535" HPOS="777"/>
							<String ID="string_96" HPOS="800" VPOS="535" WIDTH="60" HEIGHT="22" WC="0.93" CONTENT="skola"/><SP WIDTH="14" VPOS="535" HPOS="860"/>
							<String ID="string_97" HPOS="874" VPOS="535" WIDTH="58" HEIGHT="22" WC="0.91" CONTENT="stad-"/>
						</TextLine>
						<TextLine ID="line_11" HPOS="178" VPOS="569" WIDTH="753" HEIGHT="26">
							<String ID="string_98" HPOS="178" VPOS="569" WIDTH="99" HEIGHT="26" WC="0.89" CONTENT="gandena"/><SP WIDTH="15" VPOS="569" HPOS="277"/>
							<String ID="string_99" HPOS="292" VPOS="575" WIDTH="34" HEIGHT="14" WC="0.93" CONTENT="om"/><SP WIDTH="19" VPOS="575" HPOS="326"/>
							<String ID="string_100" HPOS="345" VPOS="569" WIDTH="160" HEIGHT="21" WC="0.91" CONTENT="bankruttbrott"/><SP WIDTH="20" VPOS="569" HPOS="505"/>
							<String ID="string_101" HPOS="525" VPOS="569" WIDTH="107" HEIGHT="26" WC="0.93" CONTENT="tillämpas"/><SP WIDTH="21" VPOS="569" HPOS="632"/>
							<String ID="string_102" HPOS="653" VPOS="569" WIDTH="13" HEIGHT="21" WC="0.91" CONTENT="å"/><SP WIDTH="15" VPOS="569" HPOS="666"/>
							<String ID="string_103" HPOS="681" VPOS="569" WIDTH="48" HEIGHT="26" WC="0.96" CONTENT="den,"/><SP WIDTH="15" VPOS="569" HPOS="729"/>
							<String ID="string_104" HPOS="744" VPOS="569" WIDTH="86" HEIGHT="22" WC="0.93" CONTENT="hvilken"/><SP WIDTH="15" VPOS="569" HPOS="830"/>
							<String ID="string_105" HPOS="845" VPOS="569" WIDTH="86" HEIGHT="22" WC="0.92" CONTENT="förvalt-"/>
						</TextLine>
						<TextLine ID="line_12" HPOS="179" VPOS="603" WIDTH="456" HEIGHT="27">
							<String ID="string_106" HPOS="179" VPOS="603" WIDTH="77" HEIGHT="26" WC="0.95" CONTENT="ningen"/><SP WIDTH="15" VPOS="603" HPOS="256"/>
							<String ID="string_107" HPOS="271" VPOS="603" WIDTH="24" HEIGHT="21" WC="0.96" CONTENT="af"/><SP WIDTH="13" VPOS="603" HPOS="295"/>
							<String ID="string_108" HPOS="308" VPOS="603" WIDTH="128" HEIGHT="27" WC="0.96" CONTENT="egendomen"/><SP WIDTH="16" VPOS="603" HPOS="436"/>
							<String ID="string_109" HPOS="452" VPOS="609" WIDTH="37" HEIGHT="15" WC="0.93" CONTENT="var"/><SP WIDTH="16" VPOS="609" HPOS="489"/>
							<String ID="string_110" HPOS="505" VPOS="603" WIDTH="130" HEIGHT="21" WC="0.92" CONTENT="ombetrodd."/>
						</TextLine>
					</TextBlock>
					<TextBlock ID="block_4" HPOS="179" VPOS="642" WIDTH="755" HEIGHT="192">
						<TextLine ID="line_13" HPOS="248" VPOS="642" WIDTH="684" HEIGHT="29">
							<String ID="string_111" HPOS="248" VPOS="643" WIDTH="13" HEIGHT="20" WC="0.88" CONTENT="6"/><SP WIDTH="16" VPOS="643" HPOS="261"/>
							<String ID="string_112" HPOS="277" VPOS="642" WIDTH="17" HEIGHT="28" WC="0.87" CONTENT="$."/><SP WIDTH="30" VPOS="642" HPOS="294"/>
							<String ID="string_113" HPOS="324" VPOS="643" WIDTH="45" HEIGHT="21" WC="0.96" CONTENT="Har"/><SP WIDTH="15" VPOS="643" HPOS="369"/>
							<String ID="string_114" HPOS="384" VPOS="644" WIDTH="7" HEIGHT="20" WC="0.96" CONTENT="i"/><SP WIDTH="15" VPOS="644" HPOS="391"/>
							<String ID="string_115" HPOS="406" VPOS="643" WIDTH="95" HEIGHT="22" WC="0.92" CONTENT="konkurs"/><SP WIDTH="14" VPOS="643" HPOS="501"/>
							<String ID="string_116" HPOS="515" VPOS="643" WIDTH="104" HEIGHT="27" WC="0.92" CONTENT="borgenär"/><SP WIDTH="15" VPOS="643" HPOS="619"/>
							<String ID="string_117" HPOS="634" VPOS="643" WIDTH="33" HEIGHT="21" WC="0.96" CONTENT="för"/><SP WIDTH="15" VPOS="643" HPOS="667"/>
							<String ID="string_118" HPOS="682" VPOS="644" WIDTH="32" HEIGHT="21" WC="0.96" CONTENT="sin"/><SP WIDTH="15" VPOS="644" HPOS="714"/>
							<String ID="string_119" HPOS="729" VPOS="645" WIDTH="45" HEIGHT="20" WC="0.96" CONTENT="röst"/><SP WIDTH="10" VPOS="645" HPOS="774"/>
							<String ID="string_120" HPOS="784" VPOS="644" WIDTH="36" HEIGHT="21" WC="0.93" CONTENT="vid"/><SP WIDTH="9" VPOS="644" HPOS="820"/>
							<String ID="string_121" HPOS="829" VPOS="643" WIDTH="103" HEIGHT="28" WC="0.90" CONTENT="borgenä-"/>
						</TextLine>
						<TextLine ID="line_14" HPOS="179" VPOS="677" WIDTH="753" HEIGHT="27">
							<String ID="string_122" HPOS="179" VPOS="682" WIDTH="72" HEIGHT="16" WC="0.91" CONTENT="rernes"/><SP WIDTH="23" VPOS="682" HPOS="251"/>
							<String ID="string_123" HPOS="274" VPOS="677" WIDTH="166" HEIGHT="21" WC="0.93" CONTENT="sammankomst"/><SP WIDTH="21" VPOS="677" HPOS="440"/>
							<String ID="string_124" HPOS="461" VPOS="678" WIDTH="96" HEIGHT="26" WC="0.92" CONTENT="betingat"/><SP WIDTH="18" VPOS="678" HPOS="557"/>
							<String ID="string_125" HPOS="575" VPOS="678" WIDTH="32" HEIGHT="26" WC="0.95" CONTENT="sig"/><SP WIDTH="15" VPOS="678" HPOS="607"/>
							<String ID="string_126" HPOS="622" VPOS="677" WIDTH="91" HEIGHT="21" WC="0.96" CONTENT="särskild"/><SP WIDTH="15" VPOS="677" HPOS="713"/>
							<String ID="string_127" HPOS="728" VPOS="677" WIDTH="83" HEIGHT="22" WC="0.96" CONTENT="förmån"/><SP WIDTH="14" VPOS="677" HPOS="811"/>
							<String ID="string_128" HPOS="825" VPOS="678" WIDTH="23" HEIGHT="20" WC="0.93" CONTENT="af"/><SP WIDTH="12" VPOS="678" HPOS="848"/>
							<String ID="string_129" HPOS="860" VPOS="678" WIDTH="72" HEIGHT="26" WC="0.91" CONTENT="gälde-"/>
						</TextLine>
						<TextLine ID="line_15" HPOS="179" VPOS="711" WIDTH="753" HEIGHT="27">
							<String ID="string_130" HPOS="179" VPOS="713" WIDTH="72" HEIGHT="25" WC="0.92" CONTENT="nären,"/><SP WIDTH="16" VPOS="713" HPOS="251"/>
							<String ID="string_131" HPOS="267" VPOS="711" WIDTH="52" HEIGHT="21" WC="0.96" CONTENT="eller"/><SP WIDTH="20" VPOS="711" HPOS="319"/>
							<String ID="string_132" HPOS="339" VPOS="711" WIDTH="22" HEIGHT="21" WC="0.96" CONTENT="af"/><SP WIDTH="18" VPOS="711" HPOS="361"/>
							<String ID="string_133" HPOS="379" VPOS="718" WIDTH="70" HEIGHT="14" WC="0.96" CONTENT="annan"/><SP WIDTH="15" VPOS="718" HPOS="449"/>
							<String ID="string_134" HPOS="464" VPOS="711" WIDTH="27" HEIGHT="27" WC="0.93" CONTENT="på"/><SP WIDTH="18" VPOS="711" HPOS="491"/>
							<String ID="string_135" HPOS="509" VPOS="712" WIDTH="138" HEIGHT="26" WC="0.91" CONTENT="gäldenärens"/><SP WIDTH="15" VPOS="712" HPOS="647"/>
							<String ID="string_136" HPOS="662" VPOS="714" WIDTH="85" HEIGHT="24" WC="0.96" CONTENT="vägnar,"/><SP WIDTH="17" VPOS="714" HPOS="747"/>
							<String ID="string_137" HPOS="764" VPOS="712" WIDTH="52" HEIGHT="21" WC="0.96" CONTENT="eller"/><SP WIDTH="14" VPOS="712" HPOS="816"/>
							<String ID="string_138" HPOS="830" VPOS="712" WIDTH="39" HEIGHT="21" WC="0.93" CONTENT="har"/><SP WIDTH="15" VPOS="712" HPOS="869"/>
							<String ID="string_139" HPOS="884" VPOS="712" WIDTH="48" HEIGHT="21" WC="0.92" CONTENT="bor-"/>
						</TextLine>
						<TextLine ID="line_16" HPOS="179" VPOS="745" WIDTH="753" HEIGHT="27">
							<String ID="string_140" HPOS="179" VPOS="747" WIDTH="93" HEIGHT="24" WC="0.92" CONTENT="genären"/><SP WIDTH="15" VPOS="747" HPOS="272"/>
							<String ID="string_141" HPOS="287" VPOS="745" WIDTH="61" HEIGHT="27" WC="0.96" CONTENT="eljest"/><SP WIDTH="15" VPOS="745" HPOS="348"/>
							<String ID="string_142" HPOS="363" VPOS="746" WIDTH="47" HEIGHT="20" WC="0.96" CONTENT="med"/><SP WIDTH="15" VPOS="746" HPOS="410"/>
							<String ID="string_143" HPOS="425" VPOS="746" WIDTH="128" HEIGHT="26" WC="0.93" CONTENT="gäldenären"/><SP WIDTH="14" VPOS="746" HPOS="553"/>
							<String ID="string_144" HPOS="567" VPOS="746" WIDTH="106" HEIGHT="26" WC="0.92" CONTENT="hemligen"/><SP WIDTH="15" VPOS="746" HPOS="673"/>
							<String ID="string_145" HPOS="688" VPOS="745" WIDTH="74" HEIGHT="22" WC="0.93" CONTENT="träffat"/><SP WIDTH="15" VPOS="745" HPOS="762"/>
							<String ID="string_146" HPOS="777" VPOS="746" WIDTH="53" HEIGHT="21" WC="0.92" CONTENT="aftal"/><SP WIDTH="11" VPOS="746" HPOS="830"/>
							<String ID="string_147" HPOS="841" VPOS="752" WIDTH="34" HEIGHT="15" WC="0.93" CONTENT="om"/><SP WIDTH="13" VPOS="752" HPOS="875"/>
							<String ID="string_148" HPOS="888" VPOS="748" WIDTH="44" HEIGHT="19" WC="0.93" CONTENT="sär-"/>
						</TextLine>
						<TextLine ID="line_17" HPOS="179" VPOS="779" WIDTH="755" HEIGHT="28">
							<String ID="string_149" HPOS="179" VPOS="779" WIDTH="56" HEIGHT="21" WC="0.96" CONTENT="skild"/><SP WIDTH="14" VPOS="779" HPOS="235"/>
							<String ID="string_150" HPOS="249" VPOS="780" WIDTH="83" HEIGHT="21" WC="0.95" CONTENT="förmån"/><SP WIDTH="16" VPOS="780" HPOS="332"/>
							<String ID="string_151" HPOS="348" VPOS="780" WIDTH="33" HEIGHT="21" WC="0.96" CONTENT="för"/><SP WIDTH="14" VPOS="780" HPOS="381"/>
							<String ID="string_152" HPOS="395" VPOS="780" WIDTH="41" HEIGHT="26" WC="0.93" CONTENT="sig;"/><SP WIDTH="17" VPOS="780" HPOS="436"/>
							<String ID="string_153" HPOS="453" VPOS="780" WIDTH="84" HEIGHT="21" WC="0.90" CONTENT="straffes"/><SP WIDTH="15" VPOS="780" HPOS="537"/>
							<String ID="string_154" HPOS="552" VPOS="780" WIDTH="48" HEIGHT="20" WC="0.96" CONTENT="med"/><SP WIDTH="15" VPOS="780" HPOS="600"/>
							<String ID="string_155" HPOS="615" VPOS="780" WIDTH="61" HEIGHT="21" WC="0.96" CONTENT="böter"/><SP WIDTH="15" VPOS="780" HPOS="676"/>
							<String ID="string_156" HPOS="691" VPOS="780" WIDTH="51" HEIGHT="21" WC="0.95" CONTENT="eller"/><SP WIDTH="10" VPOS="780" HPOS="742"/>
							<String ID="string_157" HPOS="752" VPOS="780" WIDTH="182" HEIGHT="27" WC="0.94" CONTENT="fängelse"/><SP WIDTH="-82" VPOS="780" HPOS="934"/>
							<String ID="string_158" HPOS="852" VPOS="775" WIDTH="12" HEIGHT="36" WC="0.94" CONTENT="i"/><SP WIDTH="13" VPOS="775" HPOS="864"/>
							<String ID="string_159" HPOS="877" VPOS="780" WIDTH="57" HEIGHT="27" WC="0.96" CONTENT="högst"/>
						</TextLine>
						<TextLine ID="line_18" HPOS="180" VPOS="813" WIDTH="74" HEIGHT="21">
							<String ID="string_160" HPOS="180" VPOS="814" WIDTH="31" HEIGHT="20" WC="0.96" CONTENT="ett"/><SP WIDTH="14" VPOS="814" HPOS="211"/>
							<String ID="string_161" HPOS="225" VPOS="813" WIDTH="29" HEIGHT="21" WC="0.96" CONTENT="år."/>
						</TextLine>
					</TextBlock>
					<TextBlock ID="block_5" HPOS="180" VPOS="848" WIDTH="753" HEIGHT="96">
						<TextLine ID="line_19" HPOS="248" VPOS="848" WIDTH="685" HEIGHT="28">
							<String ID="string_162" HPOS="248" VPOS="848" WIDTH="12" HEIGHT="20" WC="0.93" CONTENT="7"/><SP WIDTH="17" VPOS="848" HPOS="260"/>
							<String ID="string_163" HPOS="277" VPOS="848" WIDTH="18" HEIGHT="27" WC="0.63" CONTENT="8."/><SP WIDTH="30" VPOS="848" HPOS="295"/>
							<String ID="string_164" HPOS="325" VPOS="848" WIDTH="48" HEIGHT="21" WC="0.96" CONTENT="Med"/><SP WIDTH="23" VPOS="848" HPOS="373"/>
							<String ID="string_165" HPOS="396" VPOS="849" WIDTH="107" HEIGHT="27" WC="0.96" CONTENT="undantag"/><SP WIDTH="22" VPOS="849" HPOS="503"/>
							<String ID="string_166" HPOS="525" VPOS="848" WIDTH="23" HEIGHT="22" WC="0.96" CONTENT="af"/><SP WIDTH="20" VPOS="848" HPOS="548"/>
							<String ID="string_167" HPOS="568" VPOS="849" WIDTH="64" HEIGHT="25" WC="0.96" CONTENT="brott,"/><SP WIDTH="19" VPOS="849" HPOS="632"/>
							<String ID="string_168" HPOS="651" VPOS="854" WIDTH="44" HEIGHT="16" WC="0.95" CONTENT="som"/><SP WIDTH="16" VPOS="854" HPOS="695"/>
							<String ID="string_169" HPOS="711" VPOS="850" WIDTH="88" HEIGHT="20" WC="0.96" CONTENT="nämnes"/><SP WIDTH="15" VPOS="850" HPOS="799"/>
							<String ID="string_170" HPOS="814" VPOS="849" WIDTH="8" HEIGHT="21" WC="0.96" CONTENT="i"/><SP WIDTH="15" VPOS="849" HPOS="822"/>
							<String ID="string_171" HPOS="837" VPOS="849" WIDTH="11" HEIGHT="20" WC="0.96" CONTENT="1"/><SP WIDTH="17" VPOS="849" HPOS="848"/>
							<String ID="string_172" HPOS="865" VPOS="848" WIDTH="17" HEIGHT="27" WC="0.89" CONTENT="8,"/><SP WIDTH="16" VPOS="848" HPOS="882"/>
							<String ID="string_173" HPOS="898" VPOS="848" WIDTH="35" HEIGHT="22" WC="0.97" CONTENT="må"/>
						</TextLine>
						<TextLine ID="line_20" HPOS="181" VPOS="882" WIDTH="751" HEIGHT="27">
							<String ID="string_174" HPOS="181" VPOS="882" WIDTH="66" HEIGHT="26" WC="0.96" CONTENT="öfriga"/><SP WIDTH="22" VPOS="882" HPOS="247"/>
							<String ID="string_175" HPOS="269" VPOS="883" WIDTH="8" HEIGHT="21" WC="0.96" CONTENT="i"/><SP WIDTH="20" VPOS="883" HPOS="277"/>
							<String ID="string_176" HPOS="297" VPOS="882" WIDTH="58" HEIGHT="22" WC="0.96" CONTENT="detta"/><SP WIDTH="19" VPOS="882" HPOS="355"/>
							<String ID="string_177" HPOS="374" VPOS="883" WIDTH="79" HEIGHT="26" WC="0.93" CONTENT="kapitel"/><SP WIDTH="20" VPOS="883" HPOS="453"/>
							<String ID="string_178" HPOS="473" VPOS="882" WIDTH="138" HEIGHT="22" WC="0.92" CONTENT="omförmälda"/><SP WIDTH="15" VPOS="882" HPOS="611"/>
							<String ID="string_179" HPOS="626" VPOS="882" WIDTH="58" HEIGHT="22" WC="0.96" CONTENT="brott"/><SP WIDTH="15" VPOS="882" HPOS="684"/>
							<String ID="string_180" HPOS="699" VPOS="882" WIDTH="18" HEIGHT="27" WC="0.96" CONTENT="ej"/><SP WIDTH="17" VPOS="882" HPOS="717"/>
							<String ID="string_181" HPOS="734" VPOS="882" WIDTH="67" HEIGHT="22" WC="0.96" CONTENT="åtalas"/><SP WIDTH="16" VPOS="882" HPOS="801"/>
							<String ID="string_182" HPOS="817" VPOS="882" WIDTH="23" HEIGHT="22" WC="0.96" CONTENT="af"/><SP WIDTH="13" VPOS="882" HPOS="840"/>
							<String ID="string_183" HPOS="853" VPOS="883" WIDTH="79" HEIGHT="21" WC="0.96" CONTENT="allmän"/>
						</TextLine>
						<TextLine ID="line_21" HPOS="180" VPOS="916" WIDTH="649" HEIGHT="28">
							<String ID="string_184" HPOS="180" VPOS="916" WIDTH="106" HEIGHT="27" WC="0.95" CONTENT="åklagare,"/><SP WIDTH="17" VPOS="916" HPOS="286"/>
							<String ID="string_185" HPOS="303" VPOS="917" WIDTH="38" HEIGHT="21" WC="0.96" CONTENT="der"/><SP WIDTH="14" VPOS="917" HPOS="341"/>
							<String ID="string_186" HPOS="355" VPOS="917" WIDTH="46" HEIGHT="21" WC="0.93" CONTENT="icke"/><SP WIDTH="15" VPOS="917" HPOS="401"/>
							<String ID="string_187" HPOS="416" VPOS="917" WIDTH="149" HEIGHT="27" WC="0.91" CONTENT="målseganden"/><SP WIDTH="14" VPOS="917" HPOS="565"/>
							<String ID="string_188" HPOS="579" VPOS="916" WIDTH="79" HEIGHT="21" WC="0.96" CONTENT="anmält"/><SP WIDTH="15" VPOS="916" HPOS="658"/>
							<String ID="string_189" HPOS="673" VPOS="916" WIDTH="48" HEIGHT="22" WC="0.96" CONTENT="dem"/><SP WIDTH="10" VPOS="916" HPOS="721"/>
							<String ID="string_190" HPOS="731" VPOS="916" WIDTH="33" HEIGHT="22" WC="0.96" CONTENT="till"/><SP WIDTH="15" VPOS="916" HPOS="764"/>
							<String ID="string_191" HPOS="779" VPOS="916" WIDTH="50" HEIGHT="22" WC="0.96" CONTENT="åtal."/>
						</TextLine>
					</TextBlock>
				</ComposedBlock>
				<ComposedBlock ID="cblock_2" HPOS="374" VPOS="1023" WIDTH="363" HEIGHT="75">
					<TextBlock ID="block_6" HPOS="374" VPOS="1023" WIDTH="363" HEIGHT="75">
						<TextLine ID="line_22" HPOS="499" VPOS="1023" WIDTH="120" HEIGHT="23">
							<String ID="string_192" HPOS="499" VPOS="1023" WIDTH="39" HEIGHT="20" WC="0.96" CONTENT="40"/><SP WIDTH="13" VPOS="1023" HPOS="538"/>
							<String ID="string_193" HPOS="551" VPOS="1023" WIDTH="68" HEIGHT="23" WC="0.96" CONTENT="Kap."/>
						</TextLine>
						<TextLine ID="line_23" HPOS="374" VPOS="1069" WIDTH="363" HEIGHT="29">
							<String ID="string_194" HPOS="374" VPOS="1070" WIDTH="30" HEIGHT="23" WC="0.93" CONTENT="Om"/><SP WIDTH="16" VPOS="1070" HPOS="404"/>
							<String ID="string_195" HPOS="420" VPOS="1071" WIDTH="125" HEIGHT="27" WC="0.92" CONTENT="tjenstemäns"/><SP WIDTH="16" VPOS="1071" HPOS="545"/>
							<String ID="string_196" HPOS="561" VPOS="1070" WIDTH="50" HEIGHT="23" WC="0.96" CONTENT="brott"/><SP WIDTH="16" VPOS="1070" HPOS="611"/>
							<String ID="string_197" HPOS="627" VPOS="1070" WIDTH="4" HEIGHT="22" WC="0.93" CONTENT="i"/><SP WIDTH="16" VPOS="1070" HPOS="631"/>
							<String ID="string_198" HPOS="647" VPOS="1069" WIDTH="90" HEIGHT="28" WC="0.91" CONTENT="tjensten."/>
						</TextLine>
					</TextBlock>
				</ComposedBlock>
				<ComposedBlock ID="cblock_3" HPOS="178" VPOS="1138" WIDTH="755" HEIGHT="337">
					<TextBlock ID="block_7" HPOS="179" VPOS="1138" WIDTH="753" HEIGHT="164">
						<TextLine ID="line_24" HPOS="249" VPOS="1138" WIDTH="683" HEIGHT="29">
							<String ID="string_199" HPOS="249" VPOS="1140" WIDTH="12" HEIGHT="21" WC="0.89" CONTENT="1"/><SP WIDTH="16" VPOS="1140" HPOS="261"/>
							<String ID="string_200" HPOS="277" VPOS="1139" WIDTH="17" HEIGHT="28" WC="0.89" CONTENT="8."/><SP WIDTH="30" VPOS="1139" HPOS="294"/>
							<String ID="string_201" HPOS="324" VPOS="1139" WIDTH="45" HEIGHT="22" WC="0.93" CONTENT="Har"/><SP WIDTH="15" VPOS="1139" HPOS="369"/>
							<String ID="string_202" HPOS="384" VPOS="1139" WIDTH="126" HEIGHT="27" WC="0.92" CONTENT="tjensteman"/><SP WIDTH="20" VPOS="1139" HPOS="510"/>
							<String ID="string_203" HPOS="530" VPOS="1139" WIDTH="115" HEIGHT="26" WC="0.92" CONTENT="emottagit,"/><SP WIDTH="20" VPOS="1139" HPOS="645"/>
							<String ID="string_204" HPOS="665" VPOS="1139" WIDTH="97" HEIGHT="27" WC="0.92" CONTENT="betingat"/><SP WIDTH="15" VPOS="1139" HPOS="762"/>
							<String ID="string_205" HPOS="777" VPOS="1139" WIDTH="32" HEIGHT="26" WC="0.96" CONTENT="sig"/><SP WIDTH="15" VPOS="1139" HPOS="809"/>
							<String ID="string_206" HPOS="824" VPOS="1138" WIDTH="51" HEIGHT="21" WC="0.93" CONTENT="eller"/><SP WIDTH="14" VPOS="1138" HPOS="875"/>
							<String ID="string_207" HPOS="889" VPOS="1138" WIDTH="43" HEIGHT="21" WC="0.93" CONTENT="for-"/>
						</TextLine>
						<TextLine ID="line_25" HPOS="179" VPOS="1172" WIDTH="753" HEIGHT="28">
							<String ID="string_208" HPOS="179" VPOS="1175" WIDTH="49" HEIGHT="20" WC="0.92" CONTENT="drat"/><SP WIDTH="22" VPOS="1175" HPOS="228"/>
							<String ID="string_209" HPOS="250" VPOS="1176" WIDTH="59" HEIGHT="19" WC="0.96" CONTENT="muta"/><SP WIDTH="21" VPOS="1176" HPOS="309"/>
							<String ID="string_210" HPOS="330" VPOS="1173" WIDTH="33" HEIGHT="21" WC="0.96" CONTENT="för"/><SP WIDTH="17" VPOS="1173" HPOS="363"/>
							<String ID="string_211" HPOS="380" VPOS="1175" WIDTH="33" HEIGHT="19" WC="0.34" CONTENT="att"/><SP WIDTH="14" VPOS="1175" HPOS="413"/>
							<String ID="string_212" HPOS="427" VPOS="1175" WIDTH="8" HEIGHT="19" WC="0.93" CONTENT="i"/><SP WIDTH="14" VPOS="1175" HPOS="435"/>
							<String ID="string_213" HPOS="449" VPOS="1174" WIDTH="91" HEIGHT="26" WC="0.92" CONTENT="tjensten"/><SP WIDTH="15" VPOS="1174" HPOS="540"/>
							<String ID="string_214" HPOS="555" VPOS="1173" WIDTH="75" HEIGHT="26" WC="0.93" CONTENT="främja"/><SP WIDTH="15" VPOS="1173" HPOS="630"/>
							<String ID="string_215" HPOS="645" VPOS="1175" WIDTH="66" HEIGHT="24" WC="0.96" CONTENT="orätt;"/><SP WIDTH="22" VPOS="1175" HPOS="711"/>
							<String ID="string_216" HPOS="733" VPOS="1173" WIDTH="65" HEIGHT="21" WC="0.93" CONTENT="varde"/><SP WIDTH="15" VPOS="1173" HPOS="798"/>
							<String ID="string_217" HPOS="813" VPOS="1172" WIDTH="65" HEIGHT="22" WC="0.92" CONTENT="afsatt"/><SP WIDTH="14" VPOS="1172" HPOS="878"/>
							<String ID="string_218" HPOS="892" VPOS="1172" WIDTH="40" HEIGHT="21" WC="0.96" CONTENT="och"/>
						</TextLine>
						<TextLine ID="line_26" HPOS="179" VPOS="1206" WIDTH="753" HEIGHT="28">
							<String ID="string_219" HPOS="179" VPOS="1208" WIDTH="109" HEIGHT="22" WC="0.92" CONTENT="förklarad"/><SP WIDTH="15" VPOS="1208" HPOS="288"/>
							<String ID="string_220" HPOS="303" VPOS="1208" WIDTH="88" HEIGHT="26" WC="0.92" CONTENT="ovärdig"/><SP WIDTH="15" VPOS="1208" HPOS="391"/>
							<String ID="string_221" HPOS="406" VPOS="1209" WIDTH="32" HEIGHT="20" WC="0.93" CONTENT="att"/><SP WIDTH="14" VPOS="1209" HPOS="438"/>
							<String ID="string_222" HPOS="452" VPOS="1208" WIDTH="77" HEIGHT="26" WC="0.92" CONTENT="nyttjas"/><SP WIDTH="16" VPOS="1208" HPOS="529"/>
							<String ID="string_223" HPOS="545" VPOS="1208" WIDTH="7" HEIGHT="20" WC="0.93" CONTENT="i"/><SP WIDTH="18" VPOS="1208" HPOS="552"/>
							<String ID="string_224" HPOS="570" VPOS="1207" WIDTH="83" HEIGHT="21" WC="0.92" CONTENT="landets"/><SP WIDTH="14" VPOS="1207" HPOS="653"/>
							<String ID="string_225" HPOS="667" VPOS="1207" WIDTH="66" HEIGHT="27" WC="0.92" CONTENT="tjenst"/><SP WIDTH="14" VPOS="1207" HPOS="733"/>
							<String ID="string_226" HPOS="747" VPOS="1208" WIDTH="55" HEIGHT="20" WC="0.96" CONTENT="samt"/><SP WIDTH="15" VPOS="1208" HPOS="802"/>
							<String ID="string_227" HPOS="817" VPOS="1206" WIDTH="115" HEIGHT="27" WC="0.96" CONTENT="dessutom,"/>
						</TextLine>
						<TextLine ID="line_27" HPOS="180" VPOS="1240" WIDTH="752" HEIGHT="28">
							<String ID="string_228" HPOS="180" VPOS="1244" WIDTH="38" HEIGHT="19" WC="0.86" CONTENT="der"/><SP WIDTH="22" VPOS="1244" HPOS="218"/>
							<String ID="string_229" HPOS="240" VPOS="1242" WIDTH="207" HEIGHT="26" WC="0.95" CONTENT="omständigheterna"/><SP WIDTH="22" VPOS="1242" HPOS="447"/>
							<String ID="string_230" HPOS="469" VPOS="1244" WIDTH="37" HEIGHT="18" WC="0.96" CONTENT="äro"/><SP WIDTH="21" VPOS="1244" HPOS="506"/>
							<String ID="string_231" HPOS="527" VPOS="1242" WIDTH="132" HEIGHT="25" WC="0.96" CONTENT="synnerligen"/><SP WIDTH="19" VPOS="1242" HPOS="659"/>
							<String ID="string_232" HPOS="678" VPOS="1241" WIDTH="144" HEIGHT="25" WC="0.96" CONTENT="försvårande,"/><SP WIDTH="20" VPOS="1241" HPOS="822"/>
							<String ID="string_233" HPOS="842" VPOS="1240" WIDTH="90" HEIGHT="21" WC="0.95" CONTENT="straffad"/>
						</TextLine>
						<TextLine ID="line_28" HPOS="179" VPOS="1274" WIDTH="350" HEIGHT="28">
							<String ID="string_234" HPOS="179" VPOS="1276" WIDTH="48" HEIGHT="20" WC="0.95" CONTENT="med"/><SP WIDTH="15" VPOS="1276" HPOS="227"/>
							<String ID="string_235" HPOS="242" VPOS="1276" WIDTH="93" HEIGHT="26" WC="0.96" CONTENT="fängelse"/><SP WIDTH="16" VPOS="1276" HPOS="335"/>
							<String ID="string_236" HPOS="351" VPOS="1275" WIDTH="7" HEIGHT="21" WC="0.96" CONTENT="i"/><SP WIDTH="14" VPOS="1275" HPOS="358"/>
							<String ID="string_237" HPOS="372" VPOS="1275" WIDTH="63" HEIGHT="27" WC="0.96" CONTENT="högst"/><SP WIDTH="14" VPOS="1275" HPOS="435"/>
							<String ID="string_238" HPOS="449" VPOS="1275" WIDTH="36" HEIGHT="21" WC="0.96" CONTENT="två"/><SP WIDTH="14" VPOS="1275" HPOS="485"/>
							<String ID="string_239" HPOS="499" VPOS="1274" WIDTH="30" HEIGHT="22" WC="0.96" CONTENT="år."/>
						</TextLine>
					</TextBlock>
					<TextBlock ID="block_8" HPOS="178" VPOS="1308" WIDTH="755" HEIGHT="167">
						<TextLine ID="line_29" HPOS="247" VPOS="1308" WIDTH="686" HEIGHT="28">
							<String ID="string_240" HPOS="247" VPOS="1310" WIDTH="46" HEIGHT="21" WC="0.96" CONTENT="Har"/><SP WIDTH="14" VPOS="1310" HPOS="293"/>
							<String ID="string_241" HPOS="307" VPOS="1310" WIDTH="43" HEIGHT="21" WC="0.95" CONTENT="han"/><SP WIDTH="15" VPOS="1310" HPOS="350"/>
							<String ID="string_242" HPOS="365" VPOS="1309" WIDTH="62" HEIGHT="27" WC="0.95" CONTENT="eljest"/><SP WIDTH="14" VPOS="1309" HPOS="427"/>
							<String ID="string_243" HPOS="441" VPOS="1309" WIDTH="33" HEIGHT="21" WC="0.93" CONTENT="för"/><SP WIDTH="14" VPOS="1309" HPOS="474"/>
							<String ID="string_244" HPOS="488" VPOS="1308" WIDTH="155" HEIGHT="28" WC="0.92" CONTENT="tjensteåtgärd"/><SP WIDTH="12" VPOS="1308" HPOS="643"/>
							<String ID="string_245" HPOS="655" VPOS="1308" WIDTH="118" HEIGHT="27" WC="0.91" CONTENT="emottagit,"/><SP WIDTH="15" VPOS="1308" HPOS="773"/>
							<String ID="string_246" HPOS="788" VPOS="1308" WIDTH="98" HEIGHT="26" WC="0.92" CONTENT="betingat"/><SP WIDTH="15" VPOS="1308" HPOS="886"/>
							<String ID="string_247" HPOS="901" VPOS="1308" WIDTH="32" HEIGHT="26" WC="0.96" CONTENT="sig"/>
						</TextLine>
						<TextLine ID="line_30" HPOS="180" VPOS="1342" WIDTH="753" HEIGHT="28">
							<String ID="string_248" HPOS="180" VPOS="1345" WIDTH="52" HEIGHT="20" WC="0.93" CONTENT="eller"/><SP WIDTH="14" VPOS="1345" HPOS="232"/>
							<String ID="string_249" HPOS="246" VPOS="1344" WIDTH="83" HEIGHT="21" WC="0.92" CONTENT="fordrat"/><SP WIDTH="15" VPOS="1344" HPOS="329"/>
							<String ID="string_250" HPOS="344" VPOS="1344" WIDTH="99" HEIGHT="26" WC="0.96" CONTENT="belöning"/><SP WIDTH="19" VPOS="1344" HPOS="443"/>
							<String ID="string_251" HPOS="462" VPOS="1344" WIDTH="51" HEIGHT="20" WC="0.93" CONTENT="eller"/><SP WIDTH="15" VPOS="1344" HPOS="513"/>
							<String ID="string_252" HPOS="528" VPOS="1343" WIDTH="86" HEIGHT="27" WC="0.91" CONTENT="sportel,"/><SP WIDTH="15" VPOS="1343" HPOS="614"/>
							<String ID="string_253" HPOS="629" VPOS="1342" WIDTH="86" HEIGHT="22" WC="0.92" CONTENT="hvartill"/><SP WIDTH="15" VPOS="1342" HPOS="715"/>
							<String ID="string_254" HPOS="730" VPOS="1343" WIDTH="43" HEIGHT="21" WC="0.95" CONTENT="han"/><SP WIDTH="15" VPOS="1343" HPOS="773"/>
							<String ID="string_255" HPOS="788" VPOS="1343" WIDTH="18" HEIGHT="26" WC="0.96" CONTENT="ej"/><SP WIDTH="16" VPOS="1343" HPOS="806"/>
							<String ID="string_256" HPOS="822" VPOS="1345" WIDTH="24" HEIGHT="18" WC="0.92" CONTENT="är"/><SP WIDTH="15" VPOS="1345" HPOS="846"/>
							<String ID="string_257" HPOS="861" VPOS="1343" WIDTH="72" HEIGHT="20" WC="0.92" CONTENT="berät-"/>
						</TextLine>
						<TextLine ID="line_31" HPOS="179" VPOS="1376" WIDTH="753" HEIGHT="30">
							<String ID="string_258" HPOS="179" VPOS="1379" WIDTH="68" HEIGHT="27" WC="0.92" CONTENT="tigad;"/><SP WIDTH="16" VPOS="1379" HPOS="247"/>
							<String ID="string_259" HPOS="263" VPOS="1378" WIDTH="85" HEIGHT="23" WC="0.93" CONTENT="straffes"/><SP WIDTH="15" VPOS="1378" HPOS="348"/>
							<String ID="string_260" HPOS="363" VPOS="1378" WIDTH="48" HEIGHT="22" WC="0.96" CONTENT="med"/><SP WIDTH="15" VPOS="1378" HPOS="411"/>
							<String ID="string_261" HPOS="426" VPOS="1378" WIDTH="61" HEIGHT="21" WC="0.96" CONTENT="böter"/><SP WIDTH="15" VPOS="1378" HPOS="487"/>
							<String ID="string_262" HPOS="502" VPOS="1378" WIDTH="51" HEIGHT="21" WC="0.93" CONTENT="eller"/><SP WIDTH="15" VPOS="1378" HPOS="553"/>
							<String ID="string_263" HPOS="568" VPOS="1377" WIDTH="103" HEIGHT="27" WC="0.92" CONTENT="skiljande"/><SP WIDTH="15" VPOS="1377" HPOS="671"/>
							<String ID="string_264" HPOS="686" VPOS="1377" WIDTH="47" HEIGHT="22" WC="0.93" CONTENT="från"/><SP WIDTH="10" VPOS="1377" HPOS="733"/>
							<String ID="string_265" HPOS="743" VPOS="1376" WIDTH="97" HEIGHT="28" WC="0.90" CONTENT="utöfning"/><SP WIDTH="10" VPOS="1376" HPOS="840"/>
							<String ID="string_266" HPOS="850" VPOS="1376" WIDTH="24" HEIGHT="22" WC="0.93" CONTENT="af"/><SP WIDTH="5" VPOS="1376" HPOS="874"/>
							<String ID="string_267" HPOS="879" VPOS="1377" WIDTH="53" HEIGHT="28" WC="0.92" CONTENT="tjen-"/>
						</TextLine>
						<TextLine ID="line_32" HPOS="179" VPOS="1411" WIDTH="753" HEIGHT="30">
							<String ID="string_268" HPOS="179" VPOS="1416" WIDTH="52" HEIGHT="24" WC="0.96" CONTENT="sten,"/><SP WIDTH="16" VPOS="1416" HPOS="231"/>
							<String ID="string_269" HPOS="247" VPOS="1414" WIDTH="58" HEIGHT="27" WC="0.96" CONTENT="eller,"/><SP WIDTH="17" VPOS="1414" HPOS="305"/>
							<String ID="string_270" HPOS="322" VPOS="1413" WIDTH="37" HEIGHT="21" WC="0.93" CONTENT="der"/><SP WIDTH="15" VPOS="1413" HPOS="359"/>
							<String ID="string_271" HPOS="374" VPOS="1412" WIDTH="209" HEIGHT="28" WC="0.96" CONTENT="omständigheterna"/><SP WIDTH="14" VPOS="1412" HPOS="583"/>
							<String ID="string_272" HPOS="597" VPOS="1414" WIDTH="37" HEIGHT="19" WC="0.96" CONTENT="äro"/><SP WIDTH="11" VPOS="1414" HPOS="634"/>
							<String ID="string_273" HPOS="645" VPOS="1411" WIDTH="135" HEIGHT="28" WC="0.96" CONTENT="synnerligen"/><SP WIDTH="8" VPOS="1411" HPOS="780"/>
							<String ID="string_274" HPOS="788" VPOS="1411" WIDTH="144" HEIGHT="27" WC="0.95" CONTENT="försvårande,"/>
						</TextLine>
						<TextLine ID="line_33" HPOS="178" VPOS="1448" WIDTH="183" HEIGHT="27">
							<String ID="string_275" HPOS="178" VPOS="1449" WIDTH="49" HEIGHT="21" WC="0.92" CONTENT="med"/><SP WIDTH="13" VPOS="1449" HPOS="227"/>
							<String ID="string_276" HPOS="240" VPOS="1448" WIDTH="121" HEIGHT="27" WC="0.91" CONTENT="afsättning."/>
						</TextLine>
					</TextBlock>
				</ComposedBlock>
			</PrintSpace>
		</Page>
	</Layout>
</alto>
