1025 1703
232 149 38 32 108
471 155 22 18 U.
507 155 21 18 B.
542 165 20 3 —
575 154 62 23 Prop.
650 155 32 18 N:o
692 154 18 19 1.

93 212 61 17 Verkst.
167 213 25 18 fd.
210 211 62 26 ligare
292 212 99 19 åtskilnad
409 213 86 18 kommer
516 215 30 17 att
564 219 36 18 ega
615 219 42 12 rum
672 213 82 18 emellan
770 212 82 19 tukthus
867 212 36 19 och
918 213 41 19 fän-

107 235 10 16 4
130 235 45 22 Kap.

209 246 138 25 gelsestraffet.

278 279 22 20 13
316 279 18 28 8
358 279 35 27 (12
413 281 12 25 8
444 281 7 18 i
470 281 59 20 Utsk.
548 279 66 28 försl.)
637 280 85 21 Emedan
738 281 36 19 den
790 280 169 26 fängelsefänge
946 275 15 36 i

208 315 128 19 förevarande
359 315 12 25 &
394 315 107 28 medgifna;
517 315 98 20 förmänen
636 317 29 17 att
683 315 20 20 fä
722 315 89 25 begagna
827 321 49 18 egna
891 315 69 19 kläder

209 348 88 19 stundom
317 348 37 19 kan
374 349 104 25 äfventyra
497 349 116 20 säkerheten
631 349 7 19 i
656 349 47 19 hans
726 349 54 24 värd,
795 350 7 18 i
817 349 97 19 anseende
929 348 32 20 till

208 382 36 20 den
266 384 63 18 större
351 382 96 20 lättheten
471 386 29 18 att
519 384 6 20 i
544 384 94 19 kläderna
658 383 51 26 dölja
724 383 135 25 hvarjehanda
874 383 86 25 verktyg

208 424 24 12 m.
248 424 32 18 m.,
294 417 35 19 har
344 417 103 20 Utskottet
462 421 64 17 ansett
537 418 102 25 möjlighet
650 418 47 20 böra
707 418 65 25 gifvas
783 418 20 19 åt
813 417 144 20 vederbörande

207 451 211 25 fängelseförvaltning
436 454 35 22 att,
491 453 24 19 dä
528 452 191 24 omständigheterna
737 452 70 19 sädant
824 452 87 25 päkalla,
927 452 33 18 be-

208 487 46 23 taga
268 485 72 25 fängen
356 486 83 18 nämnda
455 486 81 19 förmän.

509 567 15 20 6
540 565 122 27 Kapitlet.

277 622 43 28 18
351 623 71 19 Skälen
441 623 31 19 till
492 623 35 20 den
542 623 88 24 ändring,
647 629 40 13 som
703 623 6 19 i
725 623 128 20 förevarande
868 623 13 26 $
896 623 63 20 vidta-

208 658 45 25 gits,
272 658 61 19 hafva
351 658 59 19 redan
431 658 32 19 vid
482 658 145 25 granskningen
645 657 21 20 af
682 658 8 18 1
709 657 11 20 3
737 658 45 25 kap.
798 657 35 20 sid.
853 657 23 20 19
893 657 67 20 blifvit

208 692 87 19 anförda.

272 1477 177 22 Straflagsutskottets
461 1478 103 17 betänkande
577 1478 35 17 N:o
625 1479 16 16 1.
660 1473 7 6 *
