1023 1706
201 159 27 19 70
419 158 23 20 U.
457 158 22 20 B.
495 168 27 4 —
537 156 59 26 Prop.
611 155 37 21 N:o
663 156 15 19 1.

172 218 52 21 äkta
238 218 53 22 elter
303 218 79 28 giltigt;
402 218 84 28 straffes
501 219 47 19 med
564 217 85 20 tukthus
665 216 45 20 från
726 216 39 20 och
782 214 46 21 med
845 214 35 19 två
889 214 32 20 till

173 252 39 20 och
235 252 48 20 med
306 260 37 12 sex
364 254 29 25 år,
409 254 58 24 eller,
482 253 47 19 ifall
544 250 208 26 omständigheterna
767 252 36 16 äro
819 248 102 26 synnerli-

174 293 40 20 gen
231 284 124 29 mildrande,
371 287 46 19 med
433 287 85 19 tukthus
534 286 6 20 i
556 286 61 26 högst
632 284 36 20 två
683 284 30 20 år.

241 321 102 26 Prånglar
358 322 40 19 han
415 324 21 17 ut
452 322 88 24 myntet,
559 326 50 13 vare
624 318 80 21 straffet
720 317 85 20 tukthus
820 316 46 20 från
882 316 40 20 och

173 355 47 21 med
238 358 30 17 tre
285 355 31 21 till
332 356 39 20 och
387 355 47 21 med
450 356 35 20 nio
502 356 30 24 år,
549 354 59 25 eller,
624 353 34 20 vid
674 352 134 28 synnerligen
824 350 99 21 mildran-

174 391 26 19 de
216 390 184 26 omständigheter,
417 390 62 26 högst
494 392 31 18 tre
541 390 29 19 år.

242 425 52 25 Den,
310 431 44 13 som
370 425 72 19 dömes
458 424 31 20 till
506 423 61 21 straff
580 422 52 21 efter
648 422 69 20 denna
732 422 19 24 $,
764 420 55 20 skall
830 419 40 21 ock
882 419 40 21 för-

174 459 71 21 klaras
260 459 98 26 förlustig
373 458 163 27 medborgerligt
552 456 127 22 förtroende.

242 493 80 21 Försök
340 494 30 19 till
385 493 62 25 brott,
464 499 44 14 som
523 492 38 21 här
576 494 94 24 nämnes,
685 493 23 17 är
723 489 115 21 straffbart.

243 529 13 19 2
271 528 18 26 $.
319 528 43 20 Har
380 534 76 18 annan,
477 530 26 17 än
523 528 47 24 den,
586 526 87 20 hvilken
689 525 110 27 eftergjort
814 524 52 20 eller
881 523 41 21 för-

176 563 79 19 falskat
269 562 73 21 metall
356 562 49 21 eller
419 561 123 27 sedelmynt,
559 561 51 19 eller
624 560 105 20 anskaffat
744 559 51 20 eller
810 558 32 20 till
853 558 72 20 landet

175 597 66 20 infört
256 597 64 20 falskt
335 599 65 24 mynt,
415 595 81 28 (utesl.)
511 596 51 20 eller
577 595 7 19 i
600 594 76 21 sådant
691 594 55 20 brott
760 594 54 19 varit
822 592 103 26 delaktig,

176 632 122 26 utpränglat
314 633 82 25 myntet
411 630 81 28 (utesl.)
507 630 47 20 med
570 630 89 25 vetskap
674 636 34 13 om
728 629 46 20 dess
785 628 68 20 falska
862 634 61 20 egen-

175 666 62 26 skap;
254 665 81 21 straffes
352 666 47 20 med
420 664 86 21 tukthus
521 664 46 21 frän
590 664 39 20 och
654 664 46 20 med
723 664 36 19 tvä
774 663 31 20 till
822 662 39 20 och
878 662 47 20 med

175 707 38 13 sex
236 701 30 25 år,
290 700 58 26 eller,
372 700 36 20 der
431 699 209 27 omständigheterna
662 702 36 16 äro
722 698 134 27 synnerligen
880 696 44 20 mil-

176 735 86 25 drande,
280 736 46 18 med
344 734 84 20 tukthus
443 735 6 19 i
465 734 62 26 högst
542 733 36 20 två
592 734 30 25 år,
639 733 39 21 och
699 733 67 20 varde
781 733 7 19 i
804 732 67 27 begge
887 731 37 20 fal-

174 770 34 20 len
229 769 108 21 förklarad
354 769 95 26 förlustig
465 769 167 25 medborgerligt
646 768 127 20 förtroende.

243 803 80 20 Försök
339 806 23 17 är
376 803 113 21 straffbart.

244 838 11 20 3
272 840 16 22 $.
319 838 64 26 Hvar,
405 844 42 14 som
467 837 97 26 mottagit
586 836 125 28 eftergjordt
728 836 50 22 eller
788 835 138 29 förfalskadt

174 872 79 22 metall-
272 872 50 22 eller
338 872 115 26 sedelmynt
473 872 69 20 såsom
563 872 52 20 äkta
629 871 51 21 eller
692 871 73 27 giltigt
779 871 39 20 och
834 872 45 19 åter
894 874 30 16 ut-

175 907 68 27 gifver
260 907 35 19 det
310 908 67 19 såsom
397 906 81 26 sådant,
494 906 56 22 ändå
565 908 30 18 att
611 906 40 19 han
668 906 69 20 märkt
752 905 173 27 förfalskningen,

175 942 81 20 straffes
274 941 47 20 med
337 941 94 26 fängelse
443 942 6 18 i
458 941 61 26 högst
527 943 29 17 ett
566 942 21 18 år
596 940 52 20 eller
656 940 66 20 böter.
744 934 46 27 Äro
797 939 129 29 omständig-

175 975 87 21 heterna
284 975 135 27 synnerligen
435 974 152 26 försvårande;
602 980 50 16 vare
666 974 83 28 straffet
760 974 100 28 fängelse
876 974 50 22 eller

175 1009 86 22 tukthus
275 1010 9 20 i
298 1009 61 27 högst
372 1010 35 20 två
422 1010 32 20 år.

242 1043 86 21 Försök
342 1045 26 18 är
382 1043 119 28 straffbart.

247 1079 12 18 4
276 1081 16 21 $.
323 1077 59 20 Hvad
398 1079 6 18 i
421 1078 58 20 detta
494 1078 78 25 kapitel
589 1077 85 27 stadgas
692 1084 33 13 om
741 1076 116 29 sedelmynt
870 1077 56 26 gälle

174 1112 41 20 ock
240 1112 64 19 sådan
330 1112 71 25 tryckt
423 1112 124 26 obligation,
564 1112 100 23 banknot,
680 1111 52 20 eller
748 1112 12 19 å
774 1111 151 20 innehafvaren

175 1146 65 19 stäldt
255 1146 152 26 värdepapper,
424 1152 43 13 som
484 1146 95 25 utgifvits
595 1146 24 20 af
632 1145 68 20 finska
715 1148 75 23 staten,
806 1151 68 14 annan
886 1147 40 18 stat

176 1180 52 19 eller
244 1180 100 20 Finlands
362 1181 63 24 bank,
441 1181 56 24 eller,
514 1180 47 20 med
578 1179 97 20 inländsk
692 1180 52 19 eller
760 1179 98 20 utländsk
869 1185 58 20 rege-

172 1215 59 24 rings
248 1213 100 27 tillstånd,
368 1214 22 19 af
408 1213 107 26 kommun,
531 1213 103 25 samfund,
651 1213 101 27 förening,
775 1213 99 27 sällskap,
891 1214 36 20 bo-

174 1247 36 26 lag
225 1247 52 20 eller
292 1248 81 19 enskild
389 1254 82 19 person.

248 1281 72 20 Såsom
338 1281 70 26 tryckt
423 1281 54 20 skall
495 1281 145 26 värdepapper
656 1287 60 14 anses
732 1281 62 20 äfven
810 1287 33 14 om
855 1274 72 27 utstäl-

177 1315 69 20 larens
262 1314 135 27 underskrift,
413 1315 52 20 eller
480 1315 98 20 enskilda
595 1315 37 20 ord
648 1315 51 20 eller
714 1315 68 20 siffror
794 1318 35 17 äro
841 1315 86 21 skrifna,

245 1351 11 19 5
273 1352 17 22 $.
321 1350 62 27 Hvar,
405 1357 43 12 som
469 1350 55 26 skär,
544 1350 52 26 filar,
618 1349 52 21 eller
685 1349 127 21 annorledes
828 1349 100 28 uppsätli-

176 1391 41 20 gen
233 1384 94 20 minskar
343 1385 139 26 metallmynt,
497 1385 82 20 hvilket
599 1387 23 17 är
637 1385 104 26 gångbart
756 1385 58 20 inom
829 1384 52 21 eller
896 1386 32 18 ut-

178 1425 33 14 om
221 1419 85 26 landet,
320 1419 9 21 %
344 1418 69 28 afsigt
427 1421 32 19 att
473 1419 81 26 utgifva
570 1421 81 25 myntet
661 1419 69 21 såsom
742 1419 115 27 fullgiltigt,
869 1419 59 20 straf-

175 1450 32 23 fes
228 1454 47 20 med
296 1453 86 22 tukthus
401 1453 9 22 i
425 1453 60 28 högst
500 1456 31 19 tre
552 1453 31 27 år,
600 1453 55 27 eller,
671 1454 37 21 der
722 1453 207 28 omständigheterna
