1011 1695
330 139 20 21 U.
373 139 21 21 B.
410 151 26 3 —
452 140 57 26 Prop.
525 138 34 22 N:o
573 140 32 20 10.
787 140 23 20 11

94 199 79 27 ningen
196 200 40 20 den
259 200 14 20 4
291 199 119 23 November
426 202 60 20 1836.
516 200 69 22 Dessa
599 202 37 20 två
651 201 133 22 sistnämnda
799 201 41 21 för-

95 234 117 26 ordningar
234 234 110 21 innehålla
358 234 37 21 väl
410 234 67 27 enligt
492 235 61 21 deras
569 234 98 22 rubriker
680 234 160 22 bestämmelser

93 267 112 27 angående
220 268 43 26 det,
279 274 45 14 som
339 268 67 20 borde
420 267 109 27 iakttagas
544 268 36 21 vid
595 268 131 26 äktenskaps
737 268 103 22 afslutan-

93 302 27 20 de
135 300 91 22 emellan
247 302 86 20 landets
347 302 131 20 innevånare
493 302 24 20 af
529 301 245 27 evangelisk-lutherska
789 305 51 18 tros-

93 334 167 22 bekännelsen
251 330 14 36 å
276 341 41 15 ena
332 335 60 21 sidan
409 337 54 19 samt
478 335 59 21 Hans
553 335 118 27 Kejserliga
686 335 110 27 Majestäts
811 336 29 21 öf-

93 370 46 26 riga
154 369 128 21 undersåtar
297 368 25 22 af
333 376 73 14 annan
421 370 92 20 troslära
527 370 8 20 i
549 369 118 21 allmänhet
682 370 13 20 å
710 370 42 20 den
762 370 77 21 andra,

93 409 48 15 men
163 403 57 26 angå
240 403 57 21 dock
319 404 96 20 närmast
437 402 144 22 förhållandet
603 404 90 20 emellan
716 403 125 22 lutheraner

93 438 55 19 samt
170 436 138 21 medlemmar
330 436 24 21 af
371 437 212 26 grekisk-katholska
605 437 88 27 kyrkan.
723 437 33 20 Då
776 437 6 20 i
798 437 42 21 frå-

92 476 27 20 ga
141 471 94 20 varande
257 470 125 27 förordning
404 472 25 19 är
450 470 76 21 afsedd
541 473 32 18 att
589 471 71 21 lemna
675 472 62 20 dessa
752 477 87 15 senares

92 503 207 23 rättsförhållanden
317 504 111 27 oberörda,
444 505 39 20 och
501 505 152 27 Lagutskottet
668 507 54 19 trott
738 505 39 20 allt
786 505 53 20 böra

91 538 112 25 undvikas,
218 545 47 14 som
280 545 38 14 ens
334 539 5 20 i
355 539 70 27 någon
441 546 49 14 mon
504 539 73 21 kunde
585 539 64 21 hafva
657 539 113 21 utseendet
778 538 24 21 af
808 541 31 18 ett

91 572 160 26 godkännande
273 573 50 20 utaf
342 573 26 20 de
391 573 171 22 administrativa
584 573 159 27 författningar,
766 572 73 22 hvilka

93 607 68 20 ordna
180 607 26 20 de
220 606 159 28 grekisk-ryske
395 607 208 21 trosbekännarenes
623 607 99 26 rättsliga
737 607 102 26 ställning

90 640 8 20 i
113 640 81 25 landet,
216 640 40 21 har
278 642 168 20 omnämnandet
461 641 25 22 af
498 641 179 27 förordningarna
692 643 42 19 den
751 641 10 20 1
778 641 62 26 April

93 675 54 20 1812
163 675 39 20 och
217 675 42 20 den
273 675 15 20 4
302 675 120 22 November
438 676 54 21 1836
507 675 7 20 i
528 675 110 27 ingressen
654 678 58 24 synts
728 674 110 22 Utskottet

91 709 132 26 opåkalladt,
239 709 55 21 helst
310 710 61 21 dessa
385 709 150 27 förordningar
549 709 48 21 icke
612 709 84 21 komme
703 711 33 19 att
745 709 46 21 helt
799 709 40 20 och

91 741 67 22 hållet
181 742 126 28 upphäfvas.
327 756 26 2 —
372 743 37 21 Att
424 743 64 21 äfven
503 743 77 27 Kongl.
596 743 142 27 kungörelsen
754 743 41 21 den
811 743 26 21 27

92 777 91 26 Augusti
209 777 53 21 1741
288 784 36 14 om
348 776 136 22 bekännares
507 777 25 21 af
545 778 41 20 den
602 776 101 28 engelska
718 776 40 22 och
773 777 66 21 refor-

91 812 68 20 merta
180 811 82 27 kyrkan
286 811 166 27 religionsfrihet
474 812 39 21 och
527 811 171 27 medborgerliga
712 810 127 28 rättigheter

91 847 56 19 samt
162 845 76 27 Kongl.
253 845 83 22 brefvet
350 847 42 20 den
408 846 26 20 21
450 846 90 27 Augusti
557 846 61 25 1765,
626 845 150 21 innefattande
783 844 56 21 före-

92 879 86 21 skrifter
201 880 79 24 derom,
303 879 7 21 i
325 879 86 22 hvilken
427 880 89 27 religion
532 879 54 22 barn
601 879 24 22 af
639 879 120 27 äktenskap
775 879 63 21 emel-

91 913 36 22 lan
150 913 125 22 lutheraner
297 914 39 21 och
352 914 126 21 reformerta
493 914 52 21 böra
560 914 129 27 uppfostras,
704 920 77 20 genom
796 913 42 21 den

90 947 124 27 föreslagna
236 947 156 28 författningen
415 948 85 21 komma
521 950 32 19 att
568 948 8 20 i
590 949 41 20 viss
647 955 50 14 mon
712 949 86 24 ändras,
814 948 25 20 är

91 981 129 28 uppenbart,
232 989 48 14 men
291 982 39 21 har
340 983 63 21 äfven
414 982 109 22 Utskottet
532 984 71 20 ansett
613 983 60 20 detta
682 981 48 22 icke
746 981 93 22 behöfva

93 1015 143 28 uttryckligen
251 1016 8 21 i
274 1015 153 28 förordningen
442 1016 103 27 angifvas,
561 1017 53 20 enär
628 1015 188 22 bestämmelserna
831 1015 7 20 i

91 1051 66 26 sagda
172 1049 127 28 kungörelse
317 1050 39 21 och
377 1049 49 22 bref
446 1057 109 20 upprepas
569 1050 8 20 i
591 1049 142 28 kungörelsen
750 1050 41 20 den
806 1049 28 21 24

91 1084 91 21 Januari
194 1085 61 20 1781.
264 1097 27 2 —
301 1084 101 21 Deremot
409 1085 40 20 har
458 1084 109 21 Utskottet
574 1083 61 22 hållit
643 1084 45 21 före
696 1085 32 25 att
738 1085 10 19 1
758 1085 13 24 $
781 1083 7 20 i
799 1083 39 21 Re-

91 1118 169 27 geringsformen
276 1119 40 21 den
333 1119 25 21 21
375 1118 91 28 Augusti
482 1119 53 21 1772
551 1118 39 21 och
603 1119 9 20 1
625 1119 12 25 $
649 1118 7 21 i
667 1118 172 21 Prestaständets

91 1153 122 26 privilegier
235 1153 42 21 den
294 1153 25 21 16
336 1153 94 21 Oktober
446 1153 55 21 1723
516 1153 87 21 komma
617 1155 33 18 att
664 1159 77 20 genom
756 1151 8 21 i
779 1151 60 28 fräga

90 1187 94 21 varande
192 1186 36 28 lag
236 1187 96 27 undergä
339 1187 99 27 ändring.
463 1187 75 21 Säsom
549 1186 46 21 skäl
605 1186 73 21 härför
686 1186 34 21 fär
730 1185 110 22 Utskottet

91 1220 113 22 framhälla
219 1223 34 18 att
268 1222 63 20 dessa
345 1221 83 27 lagrum
444 1220 148 27 upprätthälla
608 1221 41 20 den
664 1220 87 21 fordran
766 1220 29 26 pä
802 1225 36 15 en-

90 1255 37 20 bet
142 1255 5 20 i
157 1255 123 26 religionen,
289 1255 23 21 af
321 1255 86 20 hvilken
418 1255 42 21 den
467 1255 91 26 tidigare
569 1254 98 26 religiösa
676 1253 163 27 lagstiftningen

90 1289 123 27 genomgäs,
236 1288 77 22 liksom
336 1289 25 20 de
380 1288 41 21 ock
436 1288 45 21 afse
496 1290 32 19 att
543 1288 50 20 med
607 1286 182 28 grundlagshelgd
803 1286 35 21 be-

90 1328 53 14 vara
165 1323 22 19 ät
211 1322 41 20 den
268 1322 245 26 evangelisk-lutherska
528 1322 83 26 kyrkan
627 1322 47 19 dess
689 1321 102 25 ställning
806 1321 33 19 sä-

91 1361 45 14 som
151 1355 85 20 landets
252 1354 131 25 statskyrka,
398 1354 117 27 hvarjemte
531 1354 32 20 uti
578 1354 123 26 äberopade
716 1352 103 28 paragraf
832 1353 6 19 i

90 1388 227 28 Prestaprivilegierna
331 1388 61 27 ingär
407 1388 77 21 förbud
499 1387 33 22 för
546 1387 134 22 främmande
695 1387 144 21 trosförvand-

158 1429 132 24 Lagutskottets
302 1427 108 19 betänkande
421 1427 37 18 N:o
471 1428 15 17 9.
