1020 1703
494 416 48 22 HL

214 479 49 22 Med
280 481 25 20 de
320 479 156 27 förändringar,
487 479 69 21 hvilka
570 479 70 21 blifvit
654 479 122 26 föreslagna
790 479 8 20 i
813 479 79 21 Herrar

146 513 110 27 Råberghs
271 521 28 14 m.
314 514 21 21 fi.
350 513 137 26 reservation,
503 513 67 22 skulle
583 513 38 27 jag
631 513 51 28 eljes
692 513 74 21 kunna
776 512 115 28 godkänna

147 548 60 22 Hans
222 547 119 29 Kejserliga
356 547 112 28 Majestäts
486 548 80 27 nådiga
583 548 140 26 proposition,
739 554 34 14 om
788 546 46 22 icke
850 547 41 21 den

147 582 153 28 öfvertygelsen
315 582 70 21 under
400 582 87 27 frågans
503 582 130 26 behandling
649 582 86 26 stadgat
750 581 32 27 sig
792 581 39 21 hos
842 581 49 27 mig,

146 619 32 19 att
192 616 96 23 hvarken
310 616 109 28 åsigterna
442 616 52 22 eller
512 616 163 22 förhållandena
693 617 58 20 ännu
767 616 124 26 tillräckligt

145 651 87 21 klarnat
254 651 34 21 för
302 652 32 20 att
349 658 27 14 en
391 651 79 21 allmän
492 650 139 28 dissenterlag
651 650 73 21 kunde
738 650 67 22 blifva
820 650 71 27 välgö-

146 686 66 21 rande
228 685 32 21 för
275 685 48 20 vårt
337 685 46 21 folk
399 685 39 21 och
453 687 108 20 motsvara
576 685 36 21 sitt
627 684 107 22 ändamål.

213 719 30 21 På
258 720 36 20 det
309 719 98 27 kyrkliga
423 720 95 21 området
532 719 40 22 har
586 726 50 14 man
648 719 66 22 delvis
725 719 77 21 önskat
813 725 25 15 en
850 718 41 22 dis-

146 754 113 27 senterlag,
276 755 89 20 emedan
384 754 114 21 dissenters
517 753 122 22 framkallat
655 754 82 25 oredor,
752 753 40 21 och
808 754 36 20 det
859 752 33 22 för

144 789 83 27 kyrkan
250 794 49 16 vore
322 788 77 25 bättre,
415 795 34 14 om
464 789 61 20 desse
547 788 101 20 utträdde
663 795 25 13 ur
703 787 69 21 henne
788 787 40 21 och
844 788 47 20 ord-

145 824 55 20 nade
215 823 32 26 sig
262 822 33 21 till
310 824 31 20 ett
352 822 145 27 regelbundet,
508 822 137 27 lagstadgadt
655 821 167 28 församlingslif.
842 821 49 22 Men

146 857 115 22 dissenters
276 857 37 21 äro
329 855 141 23 öfverhufvud
485 856 47 21 icke
548 863 29 14 nu
592 856 35 21 för
642 856 59 21 tiden
717 857 27 20 de
760 855 57 22 stilla
830 855 7 22 i
847 855 44 22 lan-

145 892 42 25 det,
204 892 69 20 säsom
289 891 26 21 de
331 891 81 20 kristne
428 890 82 22 fordom
525 891 74 27 plägat
615 897 58 20 vara,
689 893 52 18 utan
762 891 26 20 de
804 890 88 28 oroliga,

144 925 73 23 hvilka
238 925 152 22 företrädesvis
413 925 55 22 lefva
486 925 24 21 af
529 924 211 23 omvändelsearbete
754 925 29 27 pä
798 924 93 29 folkkyr-

145 960 54 21 kans
214 960 92 21 omräde.
336 959 32 21 De
383 959 68 22 önska
465 959 8 21 i
489 959 117 22 allmänhet
621 959 48 21 icke
684 966 26 15 en
722 959 24 22 af
753 959 63 28 lagen
827 959 64 28 regle-

145 995 39 20 rad
207 994 90 26 ordning
312 995 29 25 pä
355 995 36 19 det
414 994 99 26 religiösa
536 995 103 23 området,
655 993 40 21 och
715 993 83 27 kyrkan
818 993 39 21 har
872 993 18 27 ej

145 1027 59 22 makt
219 1029 33 19 att
266 1027 74 26 tvinga
352 1027 47 20 dem
410 1027 79 28 härtill,
500 1027 63 21 äfven
574 1034 34 14 om
619 1033 25 14 en
657 1027 141 26 dissenterlag
808 1026 83 22 funnes.

212 1061 31 21 De
258 1061 118 22 frisinnade
397 1061 64 22 hafva
476 1061 61 21 äfven
553 1061 77 22 önskat
646 1067 26 14 en
687 1061 149 27 dissenterlag,
852 1061 39 21 och

145 1097 71 19 denna
226 1095 65 21 borde
302 1095 134 26 naturligtvis
450 1095 79 27 byggas
538 1096 28 26 pä
575 1096 40 19 den
629 1101 42 20 nya
678 1095 70 20 tidens
757 1095 134 27 frihetsprin-

145 1130 41 27 cip,
202 1129 66 28 enligt
283 1129 85 21 hvilken
385 1129 95 27 ständigt
496 1135 41 21 nya
552 1129 127 26 rättigheter
694 1129 90 25 fordras,
800 1135 48 15 men
866 1129 25 21 de

146 1171 42 20 nya
198 1163 107 28 pligterna
315 1163 47 22 icke
369 1163 97 26 beaktas,
482 1163 90 22 likasom
587 1164 26 20 de
629 1163 71 27 gamla
708 1163 45 21 ofta
768 1163 22 22 fä
806 1164 62 21 träda
884 1164 7 20 i

143 1199 7 20 i
166 1197 103 28 skuggan.
300 1198 46 21 Och
362 1197 108 22 individen
486 1197 66 22 borde
568 1199 27 26 pä
611 1199 70 20 denna
695 1197 134 28 ständpunkt
840 1204 51 15 vara

145 1232 121 27 berättigad
281 1234 32 19 att
328 1232 96 27 förflytta
439 1232 32 26 sig
491 1235 59 18 utom
570 1232 74 26 hvarje
659 1232 96 26 religiöst
770 1231 120 22 samfunds-

144 1265 30 22 lif.
204 1265 49 22 Men
269 1268 82 18 statens
373 1265 104 27 grundval
492 1266 24 20 är
531 1266 6 20 i
554 1266 31 20 sin
601 1265 69 21 kärna
690 1265 92 27 religiös.
812 1265 79 28 Hvarje

145 1299 141 28 medborgare
309 1301 51 25 äger
382 1300 70 20 såsom
474 1299 67 21 sådan
564 1299 71 27 heliga
650 1299 100 27 religiösa
765 1299 79 28 pligter
858 1302 33 19 att

143 1333 103 28 uppfylla,
263 1334 48 21 från
333 1333 74 23 hvilka
429 1335 69 20 staten
520 1334 47 21 icke
583 1333 44 22 kan
642 1333 68 22 befria
725 1333 83 22 honom.
839 1334 51 21 För-

145 1375 94 15 summar
254 1368 42 22 han
312 1368 62 22 dessa
388 1368 84 28 pligter,
489 1369 24 21 så
527 1368 40 21 bör
580 1368 43 22 han
638 1368 47 21 icke
695 1368 53 28 yrka
758 1369 29 27 på
797 1376 41 21 nya
848 1370 42 20 rät-

144 1402 97 28 tigheter.
270 1403 117 21 Hemfaller
409 1403 43 21 han
474 1410 77 20 genom
574 1403 113 28 häglöshet
707 1404 23 20 åt
750 1404 85 27 religiös
850 1403 41 23 för-
