<?xml version="1.0" encoding="UTF-8"?>
<alto xmlns="http://www.loc.gov/standards/alto/ns-v3#" xmlns:xlink="http://www.w3.org/1999/xlink" xmlns:xsi="http://www.w3.org/2001/XMLSchema-instance" xsi:schemaLocation="http://www.loc.gov/standards/alto/ns-v3# http://www.loc.gov/alto/v3/alto-3-0.xsd">
	<Description>
		<MeasurementUnit>pixel</MeasurementUnit>
		<sourceImageInformation>
			<fileName>/tmp/tess_7uj8xjxq_input.PNG</fileName>
		</sourceImageInformation>
		<OCRProcessing ID="OCR_0">
			<ocrProcessingStep>
				<processingSoftware>
					<softwareName>tesseract 5.3.4</softwareName>
				</processingSoftware>
			</ocrProcessingStep>
		</OCRProcessing>
	</Description>
	<Layout>
		<Page WIDTH="1048" HEIGHT="1700" PHYSICAL_IMG_NR="0" ID="page_0">
			<PrintSpace HPOS="0" VPOS="0" WIDTH="1048" HEIGHT="1700">
				<ComposedBlock ID="cblock_0" HPOS="308" VPOS="130" WIDTH="510" HEIGHT="29">
					<TextBlock ID="block_0" HPOS="308" VPOS="130" WIDTH="510" HEIGHT="29">
						<TextLine ID="line_0" HPOS="308" VPOS="130" WIDTH="510" HEIGHT="29">
							<String ID="string_0" HPOS="308" VPOS="130" WIDTH="23" HEIGHT="24" WC="0.44" CONTENT="U."/><SP WIDTH="10" VPOS="130" HPOS="331"/>
							<String ID="string_1" HPOS="341" VPOS="130" WIDTH="29" HEIGHT="23" WC="0.60" CONTENT=".B."/><SP WIDTH="15" VPOS="130" HPOS="370"/>
							<String ID="string_2" HPOS="385" VPOS="142" WIDTH="27" HEIGHT="4" WC="0.93" CONTENT="—"/><SP WIDTH="17" VPOS="142" HPOS="412"/>
							<String ID="string_3" HPOS="429" VPOS="130" WIDTH="64" HEIGHT="29" WC="0.95" CONTENT="Prop."/><SP WIDTH="16" VPOS="130" HPOS="493"/>
							<String ID="string_4" HPOS="509" VPOS="130" WIDTH="37" HEIGHT="24" WC="0.96" CONTENT="N:o"/><SP WIDTH="16" VPOS="130" HPOS="546"/>
							<String ID="string_5" HPOS="562" VPOS="130" WIDTH="31" HEIGHT="24" WC="0.95" CONTENT="10."/><SP WIDTH="212" VPOS="130" HPOS="593"/>
							<String ID="string_6" HPOS="805" VPOS="134" WIDTH="13" HEIGHT="21" WC="0.96" CONTENT="3"/>
						</TextLine>
					</TextBlock>
				</ComposedBlock>
				<ComposedBlock ID="cblock_1" HPOS="89" VPOS="193" WIDTH="759" HEIGHT="405">
					<TextBlock ID="block_1" HPOS="89" VPOS="193" WIDTH="759" HEIGHT="331">
						<TextLine ID="line_1" HPOS="160" VPOS="193" WIDTH="687" HEIGHT="30">
							<String ID="string_7" HPOS="160" VPOS="193" WIDTH="110" HEIGHT="22" WC="0.92" CONTENT="Ehuruväl"/><SP WIDTH="15" VPOS="193" HPOS="270"/>
							<String ID="string_8" HPOS="285" VPOS="194" WIDTH="36" HEIGHT="22" WC="0.92" CONTENT="tvä"/><SP WIDTH="15" VPOS="194" HPOS="321"/>
							<String ID="string_9" HPOS="336" VPOS="194" WIDTH="67" HEIGHT="22" WC="0.90" CONTENT="Ständ"/><SP WIDTH="16" VPOS="194" HPOS="403"/>
							<String ID="string_10" HPOS="419" VPOS="194" WIDTH="88" HEIGHT="22" WC="0.92" CONTENT="sälunda"/><SP WIDTH="14" VPOS="194" HPOS="507"/>
							<String ID="string_11" HPOS="521" VPOS="194" WIDTH="98" HEIGHT="22" WC="0.93" CONTENT="omfattat"/><SP WIDTH="10" VPOS="194" HPOS="619"/>
							<String ID="string_12" HPOS="629" VPOS="194" WIDTH="41" HEIGHT="22" WC="0.93" CONTENT="den"/><SP WIDTH="10" VPOS="194" HPOS="670"/>
							<String ID="string_13" HPOS="680" VPOS="194" WIDTH="78" HEIGHT="28" WC="0.92" CONTENT="nädiga"/><SP WIDTH="13" VPOS="194" HPOS="758"/>
							<String ID="string_14" HPOS="771" VPOS="202" WIDTH="76" HEIGHT="21" WC="0.93" CONTENT="propo-"/>
						</TextLine>
						<TextLine ID="line_2" HPOS="89" VPOS="228" WIDTH="758" HEIGHT="28">
							<String ID="string_15" HPOS="89" VPOS="228" WIDTH="99" HEIGHT="27" WC="0.88" CONTENT="sitionen,"/><SP WIDTH="23" VPOS="228" HPOS="188"/>
							<String ID="string_16" HPOS="211" VPOS="228" WIDTH="39" HEIGHT="21" WC="0.93" CONTENT="har"/><SP WIDTH="23" VPOS="228" HPOS="250"/>
							<String ID="string_17" HPOS="273" VPOS="228" WIDTH="112" HEIGHT="22" WC="0.92" CONTENT="Utskottet"/><SP WIDTH="21" VPOS="228" HPOS="385"/>
							<String ID="string_18" HPOS="406" VPOS="228" WIDTH="66" HEIGHT="22" WC="0.92" CONTENT="likväl"/><SP WIDTH="21" VPOS="228" HPOS="472"/>
							<String ID="string_19" HPOS="493" VPOS="228" WIDTH="76" HEIGHT="22" WC="0.92" CONTENT="härvid"/><SP WIDTH="24" VPOS="228" HPOS="569"/>
							<String ID="string_20" HPOS="593" VPOS="230" WIDTH="54" HEIGHT="20" WC="0.92" CONTENT="trott"/><SP WIDTH="14" VPOS="230" HPOS="647"/>
							<String ID="string_21" HPOS="661" VPOS="229" WIDTH="32" HEIGHT="27" WC="0.93" CONTENT="sig"/><SP WIDTH="14" VPOS="229" HPOS="693"/>
							<String ID="string_22" HPOS="707" VPOS="229" WIDTH="53" HEIGHT="22" WC="0.91" CONTENT="böra"/><SP WIDTH="15" VPOS="229" HPOS="760"/>
							<String ID="string_23" HPOS="775" VPOS="230" WIDTH="72" HEIGHT="22" WC="0.92" CONTENT="afvika"/>
						</TextLine>
						<TextLine ID="line_3" HPOS="90" VPOS="262" WIDTH="757" HEIGHT="29">
							<String ID="string_24" HPOS="90" VPOS="262" WIDTH="49" HEIGHT="22" WC="0.96" CONTENT="från"/><SP WIDTH="15" VPOS="262" HPOS="139"/>
							<String ID="string_25" HPOS="154" VPOS="263" WIDTH="42" HEIGHT="21" WC="0.96" CONTENT="den"/><SP WIDTH="15" VPOS="263" HPOS="196"/>
							<String ID="string_26" HPOS="211" VPOS="262" WIDTH="88" HEIGHT="28" WC="0.93" CONTENT="princip,"/><SP WIDTH="16" VPOS="262" HPOS="299"/>
							<String ID="string_27" HPOS="315" VPOS="262" WIDTH="112" HEIGHT="23" WC="0.96" CONTENT="Utskottet"/><SP WIDTH="14" VPOS="262" HPOS="427"/>
							<String ID="string_28" HPOS="441" VPOS="263" WIDTH="8" HEIGHT="21" WC="0.93" CONTENT="i"/><SP WIDTH="15" VPOS="263" HPOS="449"/>
							<String ID="string_29" HPOS="464" VPOS="263" WIDTH="70" HEIGHT="27" WC="0.96" CONTENT="öfrigt,"/><SP WIDTH="10" VPOS="263" HPOS="534"/>
							<String ID="string_30" HPOS="544" VPOS="263" WIDTH="66" HEIGHT="27" WC="0.93" CONTENT="enligt"/><SP WIDTH="9" VPOS="263" HPOS="610"/>
							<String ID="string_31" HPOS="619" VPOS="263" WIDTH="56" HEIGHT="22" WC="0.96" CONTENT="hvad"/><SP WIDTH="11" VPOS="263" HPOS="675"/>
							<String ID="string_32" HPOS="686" VPOS="263" WIDTH="63" HEIGHT="22" WC="0.96" CONTENT="ofvan"/><SP WIDTH="10" VPOS="263" HPOS="749"/>
							<String ID="string_33" HPOS="759" VPOS="264" WIDTH="88" HEIGHT="27" WC="0.96" CONTENT="anförts,"/>
						</TextLine>
						<TextLine ID="line_4" HPOS="90" VPOS="296" WIDTH="758" HEIGHT="30">
							<String ID="string_34" HPOS="90" VPOS="297" WIDTH="37" HEIGHT="21" WC="0.93" CONTENT="vid"/><SP WIDTH="19" VPOS="297" HPOS="127"/>
							<String ID="string_35" HPOS="146" VPOS="296" WIDTH="149" HEIGHT="28" WC="0.91" CONTENT="uppgörandet"/><SP WIDTH="15" VPOS="296" HPOS="295"/>
							<String ID="string_36" HPOS="310" VPOS="297" WIDTH="23" HEIGHT="21" WC="0.96" CONTENT="af"/><SP WIDTH="12" VPOS="297" HPOS="333"/>
							<String ID="string_37" HPOS="345" VPOS="297" WIDTH="8" HEIGHT="21" WC="0.96" CONTENT="i"/><SP WIDTH="15" VPOS="297" HPOS="353"/>
							<String ID="string_38" HPOS="368" VPOS="297" WIDTH="61" HEIGHT="27" WC="0.96" CONTENT="fråga"/><SP WIDTH="14" VPOS="297" HPOS="429"/>
							<String ID="string_39" HPOS="443" VPOS="298" WIDTH="93" HEIGHT="21" WC="0.93" CONTENT="varande"/><SP WIDTH="16" VPOS="298" HPOS="536"/>
							<String ID="string_40" HPOS="552" VPOS="297" WIDTH="296" HEIGHT="29" WC="0.90" CONTENT="sammanjemkningsförslag"/>
						</TextLine>
						<TextLine ID="line_5" HPOS="90" VPOS="330" WIDTH="757" HEIGHT="29">
							<String ID="string_41" HPOS="90" VPOS="332" WIDTH="74" HEIGHT="21" WC="0.95" CONTENT="ansett"/><SP WIDTH="15" VPOS="332" HPOS="164"/>
							<String ID="string_42" HPOS="179" VPOS="331" WIDTH="33" HEIGHT="27" WC="0.96" CONTENT="sig"/><SP WIDTH="14" VPOS="331" HPOS="212"/>
							<String ID="string_43" HPOS="226" VPOS="330" WIDTH="54" HEIGHT="22" WC="0.96" CONTENT="böra"/><SP WIDTH="14" VPOS="330" HPOS="280"/>
							<String ID="string_44" HPOS="294" VPOS="330" WIDTH="58" HEIGHT="28" WC="0.95" CONTENT="följa."/><SP WIDTH="30" VPOS="330" HPOS="352"/>
							<String ID="string_45" HPOS="382" VPOS="331" WIDTH="43" HEIGHT="21" WC="0.95" CONTENT="Det"/><SP WIDTH="14" VPOS="331" HPOS="425"/>
							<String ID="string_46" HPOS="439" VPOS="331" WIDTH="61" HEIGHT="22" WC="0.93" CONTENT="torde"/><SP WIDTH="15" VPOS="331" HPOS="500"/>
							<String ID="string_47" HPOS="515" VPOS="331" WIDTH="107" HEIGHT="27" WC="0.92" CONTENT="nemligen"/><SP WIDTH="15" VPOS="331" HPOS="622"/>
							<String ID="string_48" HPOS="637" VPOS="331" WIDTH="51" HEIGHT="28" WC="0.96" CONTENT="föga"/><SP WIDTH="14" VPOS="331" HPOS="688"/>
							<String ID="string_49" HPOS="702" VPOS="338" WIDTH="51" HEIGHT="16" WC="0.96" CONTENT="vara"/><SP WIDTH="9" VPOS="338" HPOS="753"/>
							<String ID="string_50" HPOS="762" VPOS="333" WIDTH="49" HEIGHT="21" WC="0.96" CONTENT="med"/><SP WIDTH="11" VPOS="333" HPOS="811"/>
							<String ID="string_51" HPOS="822" VPOS="339" WIDTH="25" HEIGHT="15" WC="0.96" CONTENT="en"/>
						</TextLine>
						<TextLine ID="line_6" HPOS="90" VPOS="365" WIDTH="758" HEIGHT="28">
							<String ID="string_52" HPOS="90" VPOS="365" WIDTH="57" HEIGHT="22" WC="0.96" CONTENT="sund"/><SP WIDTH="22" VPOS="365" HPOS="147"/>
							<String ID="string_53" HPOS="169" VPOS="365" WIDTH="133" HEIGHT="27" WC="0.95" CONTENT="lagstiftning"/><SP WIDTH="23" VPOS="365" HPOS="302"/>
							<String ID="string_54" HPOS="325" VPOS="365" WIDTH="100" HEIGHT="28" WC="0.95" CONTENT="förenligt"/><SP WIDTH="22" VPOS="365" HPOS="425"/>
							<String ID="string_55" HPOS="447" VPOS="367" WIDTH="32" HEIGHT="19" WC="0.93" CONTENT="att"/><SP WIDTH="20" VPOS="367" HPOS="479"/>
							<String ID="string_56" HPOS="499" VPOS="365" WIDTH="107" HEIGHT="27" WC="0.90" CONTENT="medgifva"/><SP WIDTH="14" VPOS="365" HPOS="606"/>
							<String ID="string_57" HPOS="620" VPOS="365" WIDTH="120" HEIGHT="28" WC="0.96" CONTENT="Kejserliga"/><SP WIDTH="15" VPOS="365" HPOS="740"/>
							<String ID="string_58" HPOS="755" VPOS="366" WIDTH="93" HEIGHT="22" WC="0.96" CONTENT="Senaten"/>
						</TextLine>
						<TextLine ID="line_7" HPOS="92" VPOS="400" WIDTH="756" HEIGHT="28">
							<String ID="string_59" HPOS="92" VPOS="406" WIDTH="28" HEIGHT="15" WC="0.96" CONTENT="en"/><SP WIDTH="20" VPOS="406" HPOS="120"/>
							<String ID="string_60" HPOS="140" VPOS="400" WIDTH="24" HEIGHT="22" WC="0.96" CONTENT="så"/><SP WIDTH="15" VPOS="400" HPOS="164"/>
							<String ID="string_61" HPOS="179" VPOS="400" WIDTH="134" HEIGHT="27" WC="0.93" CONTENT="obegränsad"/><SP WIDTH="16" VPOS="400" HPOS="313"/>
							<String ID="string_62" HPOS="329" VPOS="400" WIDTH="155" HEIGHT="27" WC="0.91" CONTENT="pröfningsrätt"/><SP WIDTH="14" VPOS="400" HPOS="484"/>
							<String ID="string_63" HPOS="498" VPOS="400" WIDTH="164" HEIGHT="22" WC="0.96" CONTENT="vidkommande"/><SP WIDTH="15" VPOS="400" HPOS="662"/>
							<String ID="string_64" HPOS="677" VPOS="400" WIDTH="171" HEIGHT="28" WC="0.95" CONTENT="ansökningarna"/>
						</TextLine>
						<TextLine ID="line_8" HPOS="90" VPOS="434" WIDTH="756" HEIGHT="28">
							<String ID="string_65" HPOS="90" VPOS="439" WIDTH="37" HEIGHT="16" WC="0.92" CONTENT="om"/><SP WIDTH="23" VPOS="439" HPOS="127"/>
							<String ID="string_66" HPOS="150" VPOS="434" WIDTH="213" HEIGHT="22" WC="0.89" CONTENT="dissentersamfunds"/><SP WIDTH="18" VPOS="434" HPOS="363"/>
							<String ID="string_67" HPOS="381" VPOS="434" WIDTH="108" HEIGHT="27" WC="0.96" CONTENT="bildande,"/><SP WIDTH="20" VPOS="434" HPOS="489"/>
							<String ID="string_68" HPOS="509" VPOS="441" WIDTH="47" HEIGHT="15" WC="0.96" CONTENT="som"/><SP WIDTH="15" VPOS="441" HPOS="556"/>
							<String ID="string_69" HPOS="571" VPOS="435" WIDTH="41" HEIGHT="21" WC="0.96" CONTENT="den"/><SP WIDTH="14" VPOS="435" HPOS="612"/>
							<String ID="string_70" HPOS="626" VPOS="434" WIDTH="78" HEIGHT="27" WC="0.93" CONTENT="nådiga"/><SP WIDTH="16" VPOS="434" HPOS="704"/>
							<String ID="string_71" HPOS="720" VPOS="436" WIDTH="126" HEIGHT="26" WC="0.92" CONTENT="propositio-"/>
						</TextLine>
						<TextLine ID="line_9" HPOS="92" VPOS="468" WIDTH="756" HEIGHT="27">
							<String ID="string_72" HPOS="92" VPOS="474" WIDTH="52" HEIGHT="16" WC="0.95" CONTENT="nens"/><SP WIDTH="28" VPOS="474" HPOS="144"/>
							<String ID="string_73" HPOS="172" VPOS="468" WIDTH="88" HEIGHT="27" WC="0.96" CONTENT="ordalag"/><SP WIDTH="26" VPOS="468" HPOS="260"/>
							<String ID="string_74" HPOS="286" VPOS="474" WIDTH="64" HEIGHT="21" WC="0.92" CONTENT="synas"/><SP WIDTH="21" VPOS="474" HPOS="350"/>
							<String ID="string_75" HPOS="371" VPOS="469" WIDTH="52" HEIGHT="21" WC="0.60" CONTENT="afse."/><SP WIDTH="37" VPOS="469" HPOS="423"/>
							<String ID="string_76" HPOS="460" VPOS="468" WIDTH="111" HEIGHT="23" WC="0.95" CONTENT="Utskottet"/><SP WIDTH="21" VPOS="468" HPOS="571"/>
							<String ID="string_77" HPOS="592" VPOS="469" WIDTH="33" HEIGHT="21" WC="0.96" CONTENT="får"/><SP WIDTH="22" VPOS="469" HPOS="625"/>
							<String ID="string_78" HPOS="647" VPOS="469" WIDTH="71" HEIGHT="22" WC="0.93" CONTENT="derför"/><SP WIDTH="22" VPOS="469" HPOS="718"/>
							<String ID="string_79" HPOS="740" VPOS="470" WIDTH="108" HEIGHT="21" WC="0.96" CONTENT="vördsamt"/>
						</TextLine>
						<TextLine ID="line_10" HPOS="92" VPOS="502" WIDTH="126" HEIGHT="22">
							<String ID="string_80" HPOS="92" VPOS="502" WIDTH="126" HEIGHT="22" WC="0.90" CONTENT="hemställa"/><SP WIDTH="-11" VPOS="502" HPOS="218"/>
							<String ID="string_81" HPOS="207" VPOS="498" WIDTH="14" HEIGHT="36" WC="0.57" CONTENT=":"/>
						</TextLine>
					</TextBlock>
					<TextBlock ID="block_2" HPOS="231" VPOS="536" WIDTH="617" HEIGHT="62">
						<TextLine ID="line_11" HPOS="299" VPOS="536" WIDTH="549" HEIGHT="29">
							<String ID="string_82" HPOS="299" VPOS="538" WIDTH="32" HEIGHT="20" WC="0.92" CONTENT="att"/><SP WIDTH="14" VPOS="538" HPOS="331"/>
							<String ID="string_83" HPOS="345" VPOS="537" WIDTH="82" HEIGHT="21" WC="0.92" CONTENT="Preste-"/><SP WIDTH="15" VPOS="537" HPOS="427"/>
							<String ID="string_84" HPOS="442" VPOS="537" WIDTH="37" HEIGHT="21" WC="0.93" CONTENT="och"/><SP WIDTH="11" VPOS="537" HPOS="479"/>
							<String ID="string_85" HPOS="490" VPOS="536" WIDTH="169" HEIGHT="23" WC="0.90" CONTENT="Bondestånden"/><SP WIDTH="9" VPOS="536" HPOS="659"/>
							<String ID="string_86" HPOS="668" VPOS="538" WIDTH="50" HEIGHT="22" WC="0.96" CONTENT="ville"/><SP WIDTH="11" VPOS="538" HPOS="718"/>
							<String ID="string_87" HPOS="729" VPOS="539" WIDTH="119" HEIGHT="26" WC="0.96" CONTENT="godkänna"/>
						</TextLine>
						<TextLine ID="line_12" HPOS="231" VPOS="572" WIDTH="286" HEIGHT="26">
							<String ID="string_88" HPOS="231" VPOS="572" WIDTH="14" HEIGHT="25" WC="0.94" CONTENT="8"/><SP WIDTH="14" VPOS="572" HPOS="245"/>
							<String ID="string_89" HPOS="259" VPOS="572" WIDTH="15" HEIGHT="22" WC="0.94" CONTENT="2"/><SP WIDTH="14" VPOS="572" HPOS="274"/>
							<String ID="string_90" HPOS="288" VPOS="572" WIDTH="67" HEIGHT="26" WC="0.95" CONTENT="enligt"/><SP WIDTH="14" VPOS="572" HPOS="355"/>
							<String ID="string_91" HPOS="369" VPOS="572" WIDTH="148" HEIGHT="22" WC="0.96" CONTENT="betänkandet."/>
						</TextLine>
					</TextBlock>
				</ComposedBlock>
				<ComposedBlock ID="cblock_2" HPOS="92" VPOS="618" WIDTH="764" HEIGHT="887">
					<TextBlock ID="block_3" HPOS="448" VPOS="618" WIDTH="49" HEIGHT="26">
						<TextLine ID="line_13" HPOS="448" VPOS="618" WIDTH="49" HEIGHT="26">
							<String ID="string_92" HPOS="448" VPOS="618" WIDTH="13" HEIGHT="20" WC="0.87" CONTENT="3"/><SP WIDTH="15" VPOS="618" HPOS="461"/>
							<String ID="string_93" HPOS="476" VPOS="618" WIDTH="21" HEIGHT="26" WC="0.87" CONTENT="8."/>
						</TextLine>
					</TextBlock>
					<TextBlock ID="block_4" HPOS="92" VPOS="657" WIDTH="757" HEIGHT="97">
						<TextLine ID="line_14" HPOS="163" VPOS="657" WIDTH="686" HEIGHT="29">
							<String ID="string_94" HPOS="163" VPOS="657" WIDTH="165" HEIGHT="29" WC="0.92" CONTENT="Ridderskapet"/><SP WIDTH="22" VPOS="657" HPOS="328"/>
							<String ID="string_95" HPOS="350" VPOS="657" WIDTH="41" HEIGHT="22" WC="0.92" CONTENT="och"/><SP WIDTH="22" VPOS="657" HPOS="391"/>
							<String ID="string_96" HPOS="413" VPOS="657" WIDTH="71" HEIGHT="23" WC="0.92" CONTENT="Adeln"/><SP WIDTH="22" VPOS="657" HPOS="484"/>
							<String ID="string_97" HPOS="506" VPOS="660" WIDTH="56" HEIGHT="20" WC="0.93" CONTENT="samt"/><SP WIDTH="19" VPOS="660" HPOS="562"/>
							<String ID="string_98" HPOS="581" VPOS="657" WIDTH="189" HEIGHT="28" WC="0.92" CONTENT="Borgareständet"/><SP WIDTH="15" VPOS="657" HPOS="770"/>
							<String ID="string_99" HPOS="785" VPOS="659" WIDTH="64" HEIGHT="22" WC="0.93" CONTENT="hafva"/>
						</TextLine>
						<TextLine ID="line_15" HPOS="92" VPOS="692" WIDTH="756" HEIGHT="28">
							<String ID="string_100" HPOS="92" VPOS="692" WIDTH="97" HEIGHT="28" WC="0.91" CONTENT="godkänt"/><SP WIDTH="15" VPOS="692" HPOS="189"/>
							<String ID="string_101" HPOS="204" VPOS="693" WIDTH="70" HEIGHT="21" WC="0.93" CONTENT="denna"/><SP WIDTH="14" VPOS="693" HPOS="274"/>
							<String ID="string_102" HPOS="288" VPOS="692" WIDTH="101" HEIGHT="27" WC="0.92" CONTENT="paragraf"/><SP WIDTH="14" VPOS="692" HPOS="389"/>
							<String ID="string_103" HPOS="403" VPOS="692" WIDTH="66" HEIGHT="27" WC="0.93" CONTENT="enligt"/><SP WIDTH="14" VPOS="692" HPOS="469"/>
							<String ID="string_104" HPOS="483" VPOS="692" WIDTH="145" HEIGHT="22" WC="0.92" CONTENT="betänkandet"/><SP WIDTH="18" VPOS="692" HPOS="628"/>
							<String ID="string_105" HPOS="646" VPOS="694" WIDTH="55" HEIGHT="20" WC="0.93" CONTENT="samt"/><SP WIDTH="11" VPOS="694" HPOS="701"/>
							<String ID="string_106" HPOS="712" VPOS="692" WIDTH="86" HEIGHT="23" WC="0.92" CONTENT="Preste-"/><SP WIDTH="11" VPOS="692" HPOS="798"/>
							<String ID="string_107" HPOS="809" VPOS="694" WIDTH="39" HEIGHT="21" WC="0.97" CONTENT="och"/>
						</TextLine>
						<TextLine ID="line_16" HPOS="93" VPOS="724" WIDTH="631" HEIGHT="30">
							<String ID="string_108" HPOS="93" VPOS="726" WIDTH="170" HEIGHT="23" WC="0.91" CONTENT="Bondeständen"/><SP WIDTH="15" VPOS="726" HPOS="263"/>
							<String ID="string_109" HPOS="278" VPOS="724" WIDTH="47" HEIGHT="24" WC="0.93" CONTENT="äter"/><SP WIDTH="15" VPOS="724" HPOS="325"/>
							<String ID="string_110" HPOS="340" VPOS="726" WIDTH="65" HEIGHT="28" WC="0.96" CONTENT="enligt"/><SP WIDTH="16" VPOS="726" HPOS="405"/>
							<String ID="string_111" HPOS="421" VPOS="726" WIDTH="40" HEIGHT="22" WC="0.97" CONTENT="den"/><SP WIDTH="16" VPOS="726" HPOS="461"/>
							<String ID="string_112" HPOS="477" VPOS="727" WIDTH="67" HEIGHT="21" WC="0.93" CONTENT="andra"/><SP WIDTH="15" VPOS="727" HPOS="544"/>
							<String ID="string_113" HPOS="559" VPOS="727" WIDTH="165" HEIGHT="21" WC="0.93" CONTENT="reservationen."/>
						</TextLine>
					</TextBlock>
					<TextBlock ID="block_5" HPOS="93" VPOS="760" WIDTH="762" HEIGHT="573">
						<TextLine ID="line_17" HPOS="162" VPOS="760" WIDTH="686" HEIGHT="28">
							<String ID="string_114" HPOS="162" VPOS="760" WIDTH="80" HEIGHT="22" WC="0.90" CONTENT="Fastän"/><SP WIDTH="22" VPOS="760" HPOS="242"/>
							<String ID="string_115" HPOS="264" VPOS="761" WIDTH="62" HEIGHT="21" WC="0.90" CONTENT="äfven"/><SP WIDTH="18" VPOS="761" HPOS="326"/>
							<String ID="string_116" HPOS="344" VPOS="760" WIDTH="75" HEIGHT="22" WC="0.92" CONTENT="härvid"/><SP WIDTH="22" VPOS="760" HPOS="419"/>
							<String ID="string_117" HPOS="441" VPOS="761" WIDTH="41" HEIGHT="21" WC="0.93" CONTENT="den"/><SP WIDTH="19" VPOS="761" HPOS="482"/>
							<String ID="string_118" HPOS="501" VPOS="761" WIDTH="78" HEIGHT="27" WC="0.93" CONTENT="nädiga"/><SP WIDTH="14" VPOS="761" HPOS="579"/>
							<String ID="string_119" HPOS="593" VPOS="761" WIDTH="167" HEIGHT="27" WC="0.96" CONTENT="propositionen,"/><SP WIDTH="16" VPOS="761" HPOS="760"/>
							<String ID="string_120" HPOS="776" VPOS="762" WIDTH="34" HEIGHT="22" WC="0.96" CONTENT="för"/><SP WIDTH="15" VPOS="762" HPOS="810"/>
							<String ID="string_121" HPOS="825" VPOS="762" WIDTH="23" HEIGHT="22" WC="0.96" CONTENT="sä"/>
						</TextLine>
						<TextLine ID="line_18" HPOS="93" VPOS="795" WIDTH="757" HEIGHT="23">
							<String ID="string_122" HPOS="93" VPOS="796" WIDTH="47" HEIGHT="22" WC="0.96" CONTENT="vidt"/><SP WIDTH="22" VPOS="796" HPOS="140"/>
							<String ID="string_123" HPOS="162" VPOS="796" WIDTH="123" HEIGHT="21" WC="0.96" CONTENT="densamma"/><SP WIDTH="22" VPOS="796" HPOS="285"/>
							<String ID="string_124" HPOS="307" VPOS="796" WIDTH="8" HEIGHT="21" WC="0.96" CONTENT="i"/><SP WIDTH="22" VPOS="796" HPOS="315"/>
							<String ID="string_125" HPOS="337" VPOS="796" WIDTH="39" HEIGHT="21" WC="0.93" CONTENT="sak"/><SP WIDTH="19" VPOS="796" HPOS="376"/>
							<String ID="string_126" HPOS="395" VPOS="795" WIDTH="82" HEIGHT="22" WC="0.90" CONTENT="afviker"/><SP WIDTH="21" VPOS="795" HPOS="477"/>
							<String ID="string_127" HPOS="498" VPOS="795" WIDTH="48" HEIGHT="22" WC="0.95" CONTENT="från"/><SP WIDTH="22" VPOS="795" HPOS="546"/>
							<String ID="string_128" HPOS="568" VPOS="796" WIDTH="145" HEIGHT="22" WC="0.96" CONTENT="betänkandet"/><SP WIDTH="23" VPOS="796" HPOS="713"/>
							<String ID="string_129" HPOS="736" VPOS="796" WIDTH="40" HEIGHT="22" WC="0.96" CONTENT="och"/><SP WIDTH="16" VPOS="796" HPOS="776"/>
							<String ID="string_130" HPOS="792" VPOS="797" WIDTH="58" HEIGHT="21" WC="0.96" CONTENT="detta"/>
						</TextLine>
						<TextLine ID="line_19" HPOS="94" VPOS="829" WIDTH="756" HEIGHT="29">
							<String ID="string_131" HPOS="94" VPOS="836" WIDTH="76" HEIGHT="16" WC="0.92" CONTENT="senare"/><SP WIDTH="22" VPOS="836" HPOS="170"/>
							<String ID="string_132" HPOS="192" VPOS="830" WIDTH="46" HEIGHT="21" WC="0.96" CONTENT="icke"/><SP WIDTH="23" VPOS="830" HPOS="238"/>
							<String ID="string_133" HPOS="261" VPOS="830" WIDTH="23" HEIGHT="21" WC="0.96" CONTENT="af"/><SP WIDTH="13" VPOS="830" HPOS="284"/>
							<String ID="string_134" HPOS="297" VPOS="830" WIDTH="99" HEIGHT="27" WC="0.93" CONTENT="samtliga"/><SP WIDTH="15" VPOS="830" HPOS="396"/>
							<String ID="string_135" HPOS="411" VPOS="829" WIDTH="95" HEIGHT="22" WC="0.92" CONTENT="Ständen"/><SP WIDTH="15" VPOS="829" HPOS="506"/>
							<String ID="string_136" HPOS="521" VPOS="830" WIDTH="112" HEIGHT="27" WC="0.96" CONTENT="godkänts,"/><SP WIDTH="15" VPOS="830" HPOS="633"/>
							<String ID="string_137" HPOS="648" VPOS="830" WIDTH="56" HEIGHT="27" WC="0.96" CONTENT="bort,"/><SP WIDTH="15" VPOS="830" HPOS="704"/>
							<String ID="string_138" HPOS="719" VPOS="830" WIDTH="28" HEIGHT="27" WC="0.97" CONTENT="pä"/><SP WIDTH="14" VPOS="830" HPOS="747"/>
							<String ID="string_139" HPOS="761" VPOS="831" WIDTH="89" HEIGHT="27" WC="0.96" CONTENT="tidigare"/>
						</TextLine>
						<TextLine ID="line_20" HPOS="94" VPOS="864" WIDTH="756" HEIGHT="28">
							<String ID="string_140" HPOS="94" VPOS="864" WIDTH="128" HEIGHT="22" WC="0.90" CONTENT="framhällna"/><SP WIDTH="14" VPOS="864" HPOS="222"/>
							<String ID="string_141" HPOS="236" VPOS="864" WIDTH="54" HEIGHT="27" WC="0.93" CONTENT="skäl,"/><SP WIDTH="16" VPOS="864" HPOS="290"/>
							<String ID="string_142" HPOS="306" VPOS="865" WIDTH="73" HEIGHT="26" WC="0.92" CONTENT="läggas"/><SP WIDTH="16" VPOS="865" HPOS="379"/>
							<String ID="string_143" HPOS="395" VPOS="864" WIDTH="33" HEIGHT="22" WC="0.96" CONTENT="till"/><SP WIDTH="14" VPOS="864" HPOS="428"/>
							<String ID="string_144" HPOS="442" VPOS="865" WIDTH="69" HEIGHT="25" WC="0.96" CONTENT="grund"/><SP WIDTH="10" VPOS="865" HPOS="511"/>
							<String ID="string_145" HPOS="521" VPOS="864" WIDTH="35" HEIGHT="22" WC="0.93" CONTENT="för"/><SP WIDTH="12" VPOS="864" HPOS="556"/>
							<String ID="string_146" HPOS="568" VPOS="864" WIDTH="235" HEIGHT="28" WC="0.92" CONTENT="sammanjemkningen,"/><SP WIDTH="9" VPOS="864" HPOS="803"/>
							<String ID="string_147" HPOS="812" VPOS="866" WIDTH="38" HEIGHT="21" WC="0.96" CONTENT="har"/>
						</TextLine>
						<TextLine ID="line_21" HPOS="96" VPOS="898" WIDTH="756" HEIGHT="29">
							<String ID="string_148" HPOS="96" VPOS="899" WIDTH="112" HEIGHT="22" WC="0.96" CONTENT="Utskottet"/><SP WIDTH="23" VPOS="899" HPOS="208"/>
							<String ID="string_149" HPOS="231" VPOS="898" WIDTH="61" HEIGHT="27" WC="0.93" CONTENT="dock,"/><SP WIDTH="22" VPOS="898" HPOS="292"/>
							<String ID="string_150" HPOS="314" VPOS="899" WIDTH="78" HEIGHT="27" WC="0.93" CONTENT="jemväl"/><SP WIDTH="22" VPOS="899" HPOS="392"/>
							<String ID="string_151" HPOS="414" VPOS="898" WIDTH="8" HEIGHT="22" WC="0.92" CONTENT="i"/><SP WIDTH="22" VPOS="898" HPOS="422"/>
							<String ID="string_152" HPOS="444" VPOS="898" WIDTH="60" HEIGHT="28" WC="0.96" CONTENT="fråga"/><SP WIDTH="22" VPOS="898" HPOS="504"/>
							<String ID="string_153" HPOS="526" VPOS="905" WIDTH="34" HEIGHT="15" WC="0.96" CONTENT="om"/><SP WIDTH="22" VPOS="905" HPOS="560"/>
							<String ID="string_154" HPOS="582" VPOS="899" WIDTH="70" HEIGHT="21" WC="0.93" CONTENT="denna"/><SP WIDTH="21" VPOS="899" HPOS="652"/>
							<String ID="string_155" HPOS="673" VPOS="900" WIDTH="105" HEIGHT="27" WC="0.95" CONTENT="paragraf,"/><SP WIDTH="20" VPOS="900" HPOS="778"/>
							<String ID="string_156" HPOS="798" VPOS="900" WIDTH="7" HEIGHT="21" WC="0.74" CONTENT="i"/><SP WIDTH="16" VPOS="900" HPOS="805"/>
							<String ID="string_157" HPOS="821" VPOS="902" WIDTH="31" HEIGHT="20" WC="0.96" CONTENT="ett"/>
						</TextLine>
						<TextLine ID="line_22" HPOS="94" VPOS="933" WIDTH="757" HEIGHT="28">
							<String ID="string_158" HPOS="94" VPOS="934" WIDTH="40" HEIGHT="22" WC="0.93" CONTENT="fall"/><SP WIDTH="14" VPOS="934" HPOS="134"/>
							<String ID="string_159" HPOS="148" VPOS="933" WIDTH="76" HEIGHT="22" WC="0.93" CONTENT="afvikit"/><SP WIDTH="15" VPOS="933" HPOS="224"/>
							<String ID="string_160" HPOS="239" VPOS="933" WIDTH="47" HEIGHT="21" WC="0.93" CONTENT="frän"/><SP WIDTH="15" VPOS="933" HPOS="286"/>
							<String ID="string_161" HPOS="301" VPOS="934" WIDTH="70" HEIGHT="20" WC="0.96" CONTENT="denna"/><SP WIDTH="14" VPOS="934" HPOS="371"/>
							<String ID="string_162" HPOS="385" VPOS="933" WIDTH="64" HEIGHT="27" WC="0.92" CONTENT="regel."/><SP WIDTH="24" VPOS="933" HPOS="449"/>
							<String ID="string_163" HPOS="473" VPOS="933" WIDTH="189" HEIGHT="27" WC="0.92" CONTENT="Bestämningarna"/><SP WIDTH="15" VPOS="933" HPOS="662"/>
							<String ID="string_164" HPOS="677" VPOS="933" WIDTH="7" HEIGHT="21" WC="0.96" CONTENT="i"/><SP WIDTH="16" VPOS="933" HPOS="684"/>
							<String ID="string_165" HPOS="700" VPOS="933" WIDTH="35" HEIGHT="22" WC="0.96" CONTENT="det"/><SP WIDTH="15" VPOS="933" HPOS="735"/>
							<String ID="string_166" HPOS="750" VPOS="940" WIDTH="42" HEIGHT="21" WC="0.93" CONTENT="nya"/><SP WIDTH="14" VPOS="940" HPOS="792"/>
							<String ID="string_167" HPOS="806" VPOS="941" WIDTH="45" HEIGHT="15" WC="0.92" CONTENT="mo-"/>
						</TextLine>
						<TextLine ID="line_23" HPOS="95" VPOS="967" WIDTH="757" HEIGHT="28">
							<String ID="string_168" HPOS="95" VPOS="969" WIDTH="60" HEIGHT="21" WC="0.95" CONTENT="ment"/><SP WIDTH="21" VPOS="969" HPOS="155"/>
							<String ID="string_169" HPOS="176" VPOS="970" WIDTH="44" HEIGHT="24" WC="0.96" CONTENT="(n:o"/><SP WIDTH="22" VPOS="970" HPOS="220"/>
							<String ID="string_170" HPOS="242" VPOS="968" WIDTH="14" HEIGHT="21" WC="0.88" CONTENT="6"/><SP WIDTH="14" VPOS="968" HPOS="256"/>
							<String ID="string_171" HPOS="270" VPOS="968" WIDTH="8" HEIGHT="21" WC="0.88" CONTENT="i"/><SP WIDTH="15" VPOS="968" HPOS="278"/>
							<String ID="string_172" HPOS="293" VPOS="967" WIDTH="161" HEIGHT="28" WC="0.96" CONTENT="betänkandet),"/><SP WIDTH="16" VPOS="967" HPOS="454"/>
							<String ID="string_173" HPOS="470" VPOS="974" WIDTH="51" HEIGHT="21" WC="0.96" CONTENT="som,"/><SP WIDTH="17" VPOS="974" HPOS="521"/>
							<String ID="string_174" HPOS="538" VPOS="968" WIDTH="65" HEIGHT="26" WC="0.93" CONTENT="enligt"/><SP WIDTH="14" VPOS="968" HPOS="603"/>
							<String ID="string_175" HPOS="617" VPOS="968" WIDTH="151" HEIGHT="27" WC="0.96" CONTENT="betänkandet,"/><SP WIDTH="15" VPOS="968" HPOS="768"/>
							<String ID="string_176" HPOS="783" VPOS="969" WIDTH="69" HEIGHT="21" WC="0.96" CONTENT="skulle"/>
						</TextLine>
						<TextLine ID="line_24" HPOS="95" VPOS="1002" WIDTH="757" HEIGHT="28">
							<String ID="string_177" HPOS="95" VPOS="1003" WIDTH="63" HEIGHT="27" WC="0.96" CONTENT="fogas"/><SP WIDTH="20" VPOS="1003" HPOS="158"/>
							<String ID="string_178" HPOS="178" VPOS="1002" WIDTH="33" HEIGHT="22" WC="0.93" CONTENT="till"/><SP WIDTH="15" VPOS="1002" HPOS="211"/>
							<String ID="string_179" HPOS="226" VPOS="1002" WIDTH="134" HEIGHT="27" WC="0.92" CONTENT="paragrafen,"/><SP WIDTH="15" VPOS="1002" HPOS="360"/>
							<String ID="string_180" HPOS="375" VPOS="1002" WIDTH="62" HEIGHT="21" WC="0.93" CONTENT="torde"/><SP WIDTH="15" VPOS="1002" HPOS="437"/>
							<String ID="string_181" HPOS="452" VPOS="1002" WIDTH="106" HEIGHT="27" WC="0.93" CONTENT="nemligen"/><SP WIDTH="15" VPOS="1002" HPOS="558"/>
							<String ID="string_182" HPOS="573" VPOS="1002" WIDTH="47" HEIGHT="21" WC="0.92" CONTENT="icke"/><SP WIDTH="15" VPOS="1002" HPOS="620"/>
							<String ID="string_183" HPOS="635" VPOS="1002" WIDTH="7" HEIGHT="21" WC="0.96" CONTENT="i"/><SP WIDTH="15" VPOS="1002" HPOS="642"/>
							<String ID="string_184" HPOS="657" VPOS="1008" WIDTH="59" HEIGHT="16" WC="0.96" CONTENT="mera"/><SP WIDTH="15" VPOS="1008" HPOS="716"/>
							<String ID="string_185" HPOS="731" VPOS="1002" WIDTH="121" HEIGHT="28" WC="0.96" CONTENT="betydande"/>
						</TextLine>
						<TextLine ID="line_25" HPOS="96" VPOS="1036" WIDTH="756" HEIGHT="29">
							<String ID="string_186" HPOS="96" VPOS="1042" WIDTH="51" HEIGHT="16" WC="0.90" CONTENT="mon"/><SP WIDTH="23" VPOS="1042" HPOS="147"/>
							<String ID="string_187" HPOS="170" VPOS="1036" WIDTH="96" HEIGHT="28" WC="0.90" CONTENT="aflägsna"/><SP WIDTH="22" VPOS="1036" HPOS="266"/>
							<String ID="string_188" HPOS="288" VPOS="1036" WIDTH="32" HEIGHT="27" WC="0.93" CONTENT="sig"/><SP WIDTH="21" VPOS="1036" HPOS="320"/>
							<String ID="string_189" HPOS="341" VPOS="1036" WIDTH="48" HEIGHT="21" WC="0.92" CONTENT="frän"/><SP WIDTH="22" VPOS="1036" HPOS="389"/>
							<String ID="string_190" HPOS="411" VPOS="1036" WIDTH="172" HEIGHT="27" WC="0.91" CONTENT="propositionens"/><SP WIDTH="20" VPOS="1036" HPOS="583"/>
							<String ID="string_191" HPOS="603" VPOS="1036" WIDTH="132" HEIGHT="28" WC="0.91" CONTENT="ständpunkt"/><SP WIDTH="15" VPOS="1036" HPOS="735"/>
							<String ID="string_192" HPOS="750" VPOS="1037" WIDTH="7" HEIGHT="21" WC="0.93" CONTENT="i"/><SP WIDTH="14" VPOS="1037" HPOS="757"/>
							<String ID="string_193" HPOS="771" VPOS="1037" WIDTH="81" HEIGHT="28" WC="0.93" CONTENT="frägan,"/>
						</TextLine>
						<TextLine ID="line_26" HPOS="96" VPOS="1070" WIDTH="757" HEIGHT="29">
							<String ID="string_194" HPOS="96" VPOS="1077" WIDTH="50" HEIGHT="16" WC="0.91" CONTENT="men"/><SP WIDTH="29" VPOS="1077" HPOS="146"/>
							<String ID="string_195" HPOS="175" VPOS="1073" WIDTH="37" HEIGHT="20" WC="0.96" CONTENT="äro"/><SP WIDTH="24" VPOS="1073" HPOS="212"/>
							<String ID="string_196" HPOS="236" VPOS="1071" WIDTH="62" HEIGHT="21" WC="0.93" CONTENT="dessa"/><SP WIDTH="22" VPOS="1071" HPOS="298"/>
							<String ID="string_197" HPOS="320" VPOS="1070" WIDTH="159" HEIGHT="28" WC="0.96" CONTENT="bestämningar"/><SP WIDTH="20" VPOS="1070" HPOS="479"/>
							<String ID="string_198" HPOS="499" VPOS="1070" WIDTH="67" HEIGHT="22" WC="0.96" CONTENT="likväl"/><SP WIDTH="21" VPOS="1070" HPOS="566"/>
							<String ID="string_199" HPOS="587" VPOS="1070" WIDTH="23" HEIGHT="22" WC="0.96" CONTENT="af"/><SP WIDTH="21" VPOS="1070" HPOS="610"/>
							<String ID="string_200" HPOS="631" VPOS="1071" WIDTH="54" HEIGHT="21" WC="0.96" CONTENT="allra"/><SP WIDTH="23" VPOS="1071" HPOS="685"/>
							<String ID="string_201" HPOS="708" VPOS="1072" WIDTH="79" HEIGHT="21" WC="0.92" CONTENT="största"/><SP WIDTH="21" VPOS="1072" HPOS="787"/>
							<String ID="string_202" HPOS="808" VPOS="1072" WIDTH="45" HEIGHT="27" WC="0.96" CONTENT="vigt"/>
						</TextLine>
						<TextLine ID="line_27" HPOS="95" VPOS="1104" WIDTH="757" HEIGHT="23">
							<String ID="string_203" HPOS="95" VPOS="1106" WIDTH="35" HEIGHT="21" WC="0.96" CONTENT="för"/><SP WIDTH="20" VPOS="1106" HPOS="130"/>
							<String ID="string_204" HPOS="150" VPOS="1107" WIDTH="32" HEIGHT="20" WC="0.93" CONTENT="att"/><SP WIDTH="21" VPOS="1107" HPOS="182"/>
							<String ID="string_205" HPOS="203" VPOS="1105" WIDTH="62" HEIGHT="22" WC="0.92" CONTENT="äfven"/><SP WIDTH="23" VPOS="1105" HPOS="265"/>
							<String ID="string_206" HPOS="288" VPOS="1105" WIDTH="83" HEIGHT="21" WC="0.93" CONTENT="mindre"/><SP WIDTH="14" VPOS="1105" HPOS="371"/>
							<String ID="string_207" HPOS="385" VPOS="1104" WIDTH="126" HEIGHT="22" WC="0.92" CONTENT="bemedlade"/><SP WIDTH="15" VPOS="1104" HPOS="511"/>
							<String ID="string_208" HPOS="526" VPOS="1105" WIDTH="116" HEIGHT="21" WC="0.92" CONTENT="dissenters"/><SP WIDTH="16" VPOS="1105" HPOS="642"/>
							<String ID="string_209" HPOS="658" VPOS="1105" WIDTH="35" HEIGHT="21" WC="0.96" CONTENT="mä"/><SP WIDTH="15" VPOS="1105" HPOS="693"/>
							<String ID="string_210" HPOS="708" VPOS="1106" WIDTH="72" HEIGHT="21" WC="0.93" CONTENT="kunna"/><SP WIDTH="14" VPOS="1106" HPOS="780"/>
							<String ID="string_211" HPOS="794" VPOS="1106" WIDTH="58" HEIGHT="21" WC="0.91" CONTENT="bilda"/>
						</TextLine>
						<TextLine ID="line_28" HPOS="96" VPOS="1139" WIDTH="758" HEIGHT="28">
							<String ID="string_212" HPOS="96" VPOS="1140" WIDTH="150" HEIGHT="27" WC="0.92" CONTENT="församlingar"/><SP WIDTH="21" VPOS="1140" HPOS="246"/>
							<String ID="string_213" HPOS="267" VPOS="1140" WIDTH="9" HEIGHT="21" WC="0.96" CONTENT="i"/><SP WIDTH="18" VPOS="1140" HPOS="276"/>
							<String ID="string_214" HPOS="294" VPOS="1139" WIDTH="80" HEIGHT="22" WC="0.92" CONTENT="landet."/><SP WIDTH="30" VPOS="1139" HPOS="374"/>
							<String ID="string_215" HPOS="404" VPOS="1139" WIDTH="168" HEIGHT="28" WC="0.92" CONTENT="Stadgandenai"/><SP WIDTH="15" VPOS="1139" HPOS="572"/>
							<String ID="string_216" HPOS="587" VPOS="1140" WIDTH="93" HEIGHT="21" WC="0.95" CONTENT="nämnda"/><SP WIDTH="14" VPOS="1140" HPOS="680"/>
							<String ID="string_217" HPOS="694" VPOS="1146" WIDTH="64" HEIGHT="16" WC="0.96" CONTENT="mom."/><SP WIDTH="14" VPOS="1146" HPOS="758"/>
							<String ID="string_218" HPOS="772" VPOS="1139" WIDTH="34" HEIGHT="22" WC="0.96" CONTENT="stä"/><SP WIDTH="14" VPOS="1139" HPOS="806"/>
							<String ID="string_219" HPOS="820" VPOS="1140" WIDTH="34" HEIGHT="21" WC="0.96" CONTENT="för"/>
						</TextLine>
						<TextLine ID="line_29" HPOS="95" VPOS="1173" WIDTH="758" HEIGHT="28">
							<String ID="string_220" HPOS="95" VPOS="1174" WIDTH="69" HEIGHT="27" WC="0.95" CONTENT="öfrigt"/><SP WIDTH="20" VPOS="1174" HPOS="164"/>
							<String ID="string_221" HPOS="184" VPOS="1175" WIDTH="8" HEIGHT="20" WC="0.96" CONTENT="i"/><SP WIDTH="22" VPOS="1175" HPOS="192"/>
							<String ID="string_222" HPOS="214" VPOS="1176" WIDTH="53" HEIGHT="19" WC="0.92" CONTENT="nära"/><SP WIDTH="27" VPOS="1176" HPOS="267"/>
							<String ID="string_223" HPOS="294" VPOS="1174" WIDTH="218" HEIGHT="21" WC="0.91" CONTENT="öfverensstämmelse"/><SP WIDTH="22" VPOS="1174" HPOS="512"/>
							<String ID="string_224" HPOS="534" VPOS="1173" WIDTH="48" HEIGHT="22" WC="0.93" CONTENT="med"/><SP WIDTH="22" VPOS="1173" HPOS="582"/>
							<String ID="string_225" HPOS="604" VPOS="1174" WIDTH="62" HEIGHT="26" WC="0.95" CONTENT="hvad,"/><SP WIDTH="23" VPOS="1174" HPOS="666"/>
							<String ID="string_226" HPOS="689" VPOS="1175" WIDTH="67" HEIGHT="26" WC="0.93" CONTENT="enligt"/><SP WIDTH="20" VPOS="1175" HPOS="756"/>
							<String ID="string_227" HPOS="776" VPOS="1174" WIDTH="77" HEIGHT="27" WC="0.91" CONTENT="Kongl."/>
						</TextLine>
						<TextLine ID="line_30" HPOS="97" VPOS="1207" WIDTH="757" HEIGHT="29">
							<String ID="string_228" HPOS="97" VPOS="1209" WIDTH="144" HEIGHT="27" WC="0.92" CONTENT="kungörelsen"/><SP WIDTH="22" VPOS="1209" HPOS="241"/>
							<String ID="string_229" HPOS="263" VPOS="1209" WIDTH="41" HEIGHT="21" WC="0.96" CONTENT="den"/><SP WIDTH="23" VPOS="1209" HPOS="304"/>
							<String ID="string_230" HPOS="327" VPOS="1208" WIDTH="28" HEIGHT="21" WC="0.96" CONTENT="24"/><SP WIDTH="22" VPOS="1208" HPOS="355"/>
							<String ID="string_231" HPOS="377" VPOS="1208" WIDTH="90" HEIGHT="21" WC="0.96" CONTENT="Januari"/><SP WIDTH="24" VPOS="1208" HPOS="467"/>
							<String ID="string_232" HPOS="491" VPOS="1208" WIDTH="61" HEIGHT="27" WC="0.96" CONTENT="1781,"/><SP WIDTH="20" VPOS="1208" HPOS="552"/>
							<String ID="string_233" HPOS="572" VPOS="1207" WIDTH="34" HEIGHT="22" WC="0.96" CONTENT="för"/><SP WIDTH="19" VPOS="1207" HPOS="606"/>
							<String ID="string_234" HPOS="625" VPOS="1209" WIDTH="132" HEIGHT="21" WC="0.96" CONTENT="närvarande"/><SP WIDTH="15" VPOS="1209" HPOS="757"/>
							<String ID="string_235" HPOS="772" VPOS="1210" WIDTH="24" HEIGHT="19" WC="0.93" CONTENT="är"/><SP WIDTH="14" VPOS="1210" HPOS="796"/>
							<String ID="string_236" HPOS="810" VPOS="1209" WIDTH="44" HEIGHT="26" WC="0.92" CONTENT="gäl-"/>
						</TextLine>
						<TextLine ID="line_31" HPOS="97" VPOS="1242" WIDTH="757" HEIGHT="28">
							<String ID="string_237" HPOS="97" VPOS="1243" WIDTH="65" HEIGHT="22" WC="0.91" CONTENT="lande"/><SP WIDTH="24" VPOS="1243" HPOS="162"/>
							<String ID="string_238" HPOS="186" VPOS="1243" WIDTH="43" HEIGHT="27" WC="0.93" CONTENT="lag."/><SP WIDTH="29" VPOS="1243" HPOS="229"/>
							<String ID="string_239" HPOS="258" VPOS="1243" WIDTH="31" HEIGHT="22" WC="0.92" CONTENT="Pä"/><SP WIDTH="23" VPOS="1243" HPOS="289"/>
							<String ID="string_240" HPOS="312" VPOS="1243" WIDTH="63" HEIGHT="21" WC="0.96" CONTENT="dessa"/><SP WIDTH="14" VPOS="1243" HPOS="375"/>
							<String ID="string_241" HPOS="389" VPOS="1242" WIDTH="47" HEIGHT="21" WC="0.96" CONTENT="skäl"/><SP WIDTH="15" VPOS="1242" HPOS="436"/>
							<String ID="string_242" HPOS="451" VPOS="1242" WIDTH="40" HEIGHT="21" WC="0.93" CONTENT="har"/><SP WIDTH="13" VPOS="1242" HPOS="491"/>
							<String ID="string_243" HPOS="504" VPOS="1242" WIDTH="111" HEIGHT="22" WC="0.93" CONTENT="Utskottet"/><SP WIDTH="14" VPOS="1242" HPOS="615"/>
							<String ID="string_244" HPOS="629" VPOS="1244" WIDTH="54" HEIGHT="20" WC="0.92" CONTENT="trott"/><SP WIDTH="15" VPOS="1244" HPOS="683"/>
							<String ID="string_245" HPOS="698" VPOS="1243" WIDTH="31" HEIGHT="26" WC="0.93" CONTENT="sig"/><SP WIDTH="15" VPOS="1243" HPOS="729"/>
							<String ID="string_246" HPOS="744" VPOS="1243" WIDTH="53" HEIGHT="22" WC="0.93" CONTENT="böra"/><SP WIDTH="14" VPOS="1243" HPOS="797"/>
							<String ID="string_247" HPOS="811" VPOS="1243" WIDTH="43" HEIGHT="21" WC="0.92" CONTENT="för-"/>
						</TextLine>
						<TextLine ID="line_32" HPOS="98" VPOS="1276" WIDTH="757" HEIGHT="28">
							<String ID="string_248" HPOS="98" VPOS="1277" WIDTH="61" HEIGHT="26" WC="0.96" CONTENT="orda,"/><SP WIDTH="16" VPOS="1277" HPOS="159"/>
							<String ID="string_249" HPOS="175" VPOS="1278" WIDTH="32" HEIGHT="20" WC="0.96" CONTENT="att"/><SP WIDTH="15" VPOS="1278" HPOS="207"/>
							<String ID="string_250" HPOS="222" VPOS="1277" WIDTH="92" HEIGHT="21" WC="0.96" CONTENT="nämnda"/><SP WIDTH="15" VPOS="1277" HPOS="314"/>
							<String ID="string_251" HPOS="329" VPOS="1277" WIDTH="94" HEIGHT="21" WC="0.93" CONTENT="moment"/><SP WIDTH="13" VPOS="1277" HPOS="423"/>
							<String ID="string_252" HPOS="436" VPOS="1276" WIDTH="66" HEIGHT="22" WC="0.92" CONTENT="mätte"/><SP WIDTH="15" VPOS="1276" HPOS="502"/>
							<String ID="string_253" HPOS="517" VPOS="1277" WIDTH="7" HEIGHT="21" WC="0.93" CONTENT="i"/><SP WIDTH="14" VPOS="1277" HPOS="524"/>
							<String ID="string_254" HPOS="538" VPOS="1276" WIDTH="128" HEIGHT="28" WC="0.92" CONTENT="paragrafen"/><SP WIDTH="10" VPOS="1276" HPOS="666"/>
							<String ID="string_255" HPOS="676" VPOS="1276" WIDTH="126" HEIGHT="22" WC="0.91" CONTENT="bibehällas."/><SP WIDTH="15" VPOS="1276" HPOS="802"/>
							<String ID="string_256" HPOS="817" VPOS="1276" WIDTH="38" HEIGHT="22" WC="0.90" CONTENT="Sä-"/>
						</TextLine>
						<TextLine ID="line_33" HPOS="97" VPOS="1306" WIDTH="333" HEIGHT="27">
							<String ID="string_257" HPOS="97" VPOS="1311" WIDTH="61" HEIGHT="22" WC="0.90" CONTENT="ledes"/><SP WIDTH="15" VPOS="1311" HPOS="158"/>
							<String ID="string_258" HPOS="173" VPOS="1310" WIDTH="89" HEIGHT="23" WC="0.92" CONTENT="föreslås"/><SP WIDTH="15" VPOS="1310" HPOS="262"/>
							<String ID="string_259" HPOS="277" VPOS="1311" WIDTH="118" HEIGHT="22" WC="0.90" CONTENT="vördsamt:"/><SP WIDTH="27" VPOS="1311" HPOS="395"/>
							<String ID="string_260" HPOS="422" VPOS="1306" WIDTH="8" HEIGHT="2" WC="0.72" CONTENT="—"/>
						</TextLine>
					</TextBlock>
					<TextBlock ID="block_6" HPOS="237" VPOS="1343" WIDTH="619" HEIGHT="63">
						<TextLine ID="line_34" HPOS="305" VPOS="1343" WIDTH="551" HEIGHT="28">
							<String ID="string_261" HPOS="305" VPOS="1346" WIDTH="32" HEIGHT="20" WC="0.92" CONTENT="att"/><SP WIDTH="22" VPOS="1346" HPOS="337"/>
							<String ID="string_262" HPOS="359" VPOS="1344" WIDTH="106" HEIGHT="27" WC="0.93" CONTENT="samtliga"/><SP WIDTH="18" VPOS="1344" HPOS="465"/>
							<String ID="string_263" HPOS="483" VPOS="1344" WIDTH="99" HEIGHT="22" WC="0.92" CONTENT="Ständen"/><SP WIDTH="14" VPOS="1344" HPOS="582"/>
							<String ID="string_264" HPOS="596" VPOS="1343" WIDTH="66" HEIGHT="22" WC="0.96" CONTENT="måtte"/><SP WIDTH="13" VPOS="1343" HPOS="662"/>
							<String ID="string_265" HPOS="675" VPOS="1344" WIDTH="79" HEIGHT="27" WC="0.96" CONTENT="förena"/><SP WIDTH="15" VPOS="1344" HPOS="754"/>
							<String ID="string_266" HPOS="769" VPOS="1345" WIDTH="35" HEIGHT="26" WC="0.95" CONTENT="sig"/><SP WIDTH="16" VPOS="1345" HPOS="804"/>
							<String ID="string_267" HPOS="820" VPOS="1350" WIDTH="36" HEIGHT="15" WC="0.95" CONTENT="om"/>
						</TextLine>
						<TextLine ID="line_35" HPOS="237" VPOS="1378" WIDTH="351" HEIGHT="28">
							<String ID="string_268" HPOS="237" VPOS="1380" WIDTH="33" HEIGHT="20" WC="0.93" CONTENT="att"/><SP WIDTH="14" VPOS="1380" HPOS="270"/>
							<String ID="string_269" HPOS="284" VPOS="1380" WIDTH="84" HEIGHT="26" WC="0.91" CONTENT="antaga"/><SP WIDTH="14" VPOS="1380" HPOS="368"/>
							<String ID="string_270" HPOS="382" VPOS="1379" WIDTH="14" HEIGHT="24" WC="0.92" CONTENT="$"/><SP WIDTH="14" VPOS="1379" HPOS="396"/>
							<String ID="string_271" HPOS="410" VPOS="1378" WIDTH="15" HEIGHT="22" WC="0.96" CONTENT="3"/><SP WIDTH="14" VPOS="1378" HPOS="425"/>
							<String ID="string_272" HPOS="439" VPOS="1378" WIDTH="28" HEIGHT="22" WC="0.93" CONTENT="sä"/><SP WIDTH="15" VPOS="1378" HPOS="467"/>
							<String ID="string_273" HPOS="482" VPOS="1378" WIDTH="106" HEIGHT="27" WC="0.91" CONTENT="lydande:"/>
						</TextLine>
					</TextBlock>
					<TextBlock ID="block_7" HPOS="237" VPOS="1412" WIDTH="619" HEIGHT="64">
						<TextLine ID="line_36" HPOS="304" VPOS="1412" WIDTH="551" HEIGHT="29">
							<String ID="string_274" HPOS="304" VPOS="1414" WIDTH="85" HEIGHT="27" WC="0.92" CONTENT="Hvarje"/><SP WIDTH="15" VPOS="1414" HPOS="389"/>
							<String ID="string_275" HPOS="404" VPOS="1412" WIDTH="73" HEIGHT="23" WC="0.92" CONTENT="sådan"/><SP WIDTH="14" VPOS="1412" HPOS="477"/>
							<String ID="string_276" HPOS="491" VPOS="1413" WIDTH="50" HEIGHT="22" WC="0.93" CONTENT="med"/><SP WIDTH="13" VPOS="1413" HPOS="541"/>
							<String ID="string_277" HPOS="554" VPOS="1412" WIDTH="142" HEIGHT="28" WC="0.96" CONTENT="vederbörligt"/><SP WIDTH="14" VPOS="1412" HPOS="696"/>
							<String ID="string_278" HPOS="710" VPOS="1412" WIDTH="101" HEIGHT="23" WC="0.93" CONTENT="tillstånd"/><SP WIDTH="8" VPOS="1412" HPOS="811"/>
							<String ID="string_279" HPOS="819" VPOS="1412" WIDTH="36" HEIGHT="22" WC="0.91" CONTENT="bil-"/>
						</TextLine>
						<TextLine ID="line_37" HPOS="237" VPOS="1447" WIDTH="619" HEIGHT="29">
							<String ID="string_280" HPOS="237" VPOS="1448" WIDTH="45" HEIGHT="22" WC="0.92" CONTENT="dad"/><SP WIDTH="19" VPOS="1448" HPOS="282"/>
							<String ID="string_281" HPOS="301" VPOS="1448" WIDTH="136" HEIGHT="28" WC="0.93" CONTENT="församling"/><SP WIDTH="21" VPOS="1448" HPOS="437"/>
							<String ID="string_282" HPOS="458" VPOS="1454" WIDTH="52" HEIGHT="16" WC="0.93" CONTENT="vare"/><SP WIDTH="21" VPOS="1454" HPOS="510"/>
							<String ID="string_283" HPOS="531" VPOS="1447" WIDTH="123" HEIGHT="27" WC="0.95" CONTENT="berättigad"/><SP WIDTH="21" VPOS="1447" HPOS="654"/>
							<String ID="string_284" HPOS="675" VPOS="1449" WIDTH="32" HEIGHT="21" WC="0.95" CONTENT="att"/><SP WIDTH="22" VPOS="1449" HPOS="707"/>
							<String ID="string_285" HPOS="729" VPOS="1448" WIDTH="54" HEIGHT="28" WC="0.96" CONTENT="sjelf"/><SP WIDTH="11" VPOS="1448" HPOS="783"/>
							<String ID="string_286" HPOS="794" VPOS="1447" WIDTH="62" HEIGHT="23" WC="0.96" CONTENT="kalla"/>
						</TextLine>
					</TextBlock>
					<TextBlock ID="block_8" HPOS="170" VPOS="1481" WIDTH="470" HEIGHT="24">
						<TextLine ID="line_38" HPOS="170" VPOS="1481" WIDTH="470" HEIGHT="24">
							<String ID="string_287" HPOS="170" VPOS="1481" WIDTH="76" HEIGHT="24" WC="0.90" CONTENT="Bihang"/><SP WIDTH="14" VPOS="1481" HPOS="246"/>
							<String ID="string_288" HPOS="260" VPOS="1482" WIDTH="29" HEIGHT="18" WC="0.93" CONTENT="till"/><SP WIDTH="11" VPOS="1482" HPOS="289"/>
							<String ID="string_289" HPOS="300" VPOS="1482" WIDTH="141" HEIGHT="23" WC="0.90" CONTENT="Lagutskottets"/><SP WIDTH="12" VPOS="1482" HPOS="441"/>
							<String ID="string_290" HPOS="453" VPOS="1481" WIDTH="116" HEIGHT="19" WC="0.96" CONTENT="betänkande"/><SP WIDTH="11" VPOS="1481" HPOS="569"/>
							<String ID="string_291" HPOS="580" VPOS="1487" WIDTH="32" HEIGHT="13" WC="0.94" CONTENT="n:o"/><SP WIDTH="12" VPOS="1487" HPOS="612"/>
							<String ID="string_292" HPOS="624" VPOS="1482" WIDTH="16" HEIGHT="18" WC="0.92" CONTENT="9."/>
						</TextLine>
					</TextBlock>
				</ComposedBlock>
			</PrintSpace>
		</Page>
	</Layout>
</alto>
