1017 1703
227 157 16 20 4
421 180 2 3 =
465 156 22 22 U.
504 155 22 22 8.
550 167 17 4 —
582 152 146 30 Prop.
665 148 28 39 Nå
706 148 27 39 1.

478 214 48 28 18
556 214 29 22 33
601 214 59 28 Kap.

271 260 158 29 Ridderskapet
451 262 37 22 och
510 261 70 23 Adeln
603 264 56 20 samt
680 261 184 29 Borgareständet
878 261 65 22 hafva

200 296 91 23 beslutit
312 298 33 20 att
368 297 27 22 de
417 297 23 22 af
453 297 114 23 Utskottet
587 298 2 21 i
612 298 5 22 1
634 304 64 16 mom.
715 297 91 28 tillagda
821 297 67 22 orden
904 296 38 28 laf,

199 339 101 21 svämpar
315 332 52 22 eller
381 332 39 22 bär
435 333 60 22 skola
511 335 58 26 utgå.

272 367 84 22 Preste-
379 368 39 22 och
441 368 166 23 Bondeständen
625 369 64 22 hafva
704 369 98 27 godkänt
817 368 126 23 Utskottets

198 403 144 22 betänkande.

270 439 98 22 Emedan
384 440 26 22 de
426 440 158 23 ofvannämnda
599 440 148 27 skogsalstren
761 440 33 21 uti
804 446 30 16 nu
844 439 100 29 gällande

200 474 36 28 lag
259 475 48 22 icke
330 475 137 23 omförmälas
490 477 70 21 såsom
584 476 90 23 föremål
689 476 34 22 för
738 476 102 28 åverkan,
855 476 34 22 får
903 475 41 22 Ut-

200 511 80 22 skottei
295 512 111 21 vördsamt
420 512 125 23 hemställa:

378 585 32 20 att
426 583 83 23 Preste-
525 585 36 21 och
577 584 167 22 Bondestånden
758 584 50 21 ville
817 583 84 28 förena
911 583 33 28 sig

342 626 33 15 om
402 620 167 29 Ridderskapets
597 621 36 21 och
656 620 81 23 Adelns
759 622 56 20 samt
838 619 106 28 Borgare-

342 655 95 22 ständets
451 655 72 22 beslut.

356 738 51 28 68
436 738 30 22 41
480 738 59 28 Kap.
555 738 24 30 (5
595 740 12 27 S
623 739 6 21 i
645 739 48 21 nåd.
710 738 78 29 prop.).

273 778 158 28 Ridderskapet
453 780 36 22 och
511 780 71 22 Adelm
605 783 57 19 samt
682 780 184 28 Borgareständet
880 780 64 22 hafva

201 816 98 26 godkänt
313 816 129 28 paragrafen
458 816 135 22 oförändrad.

272 850 84 22 Preste-
372 852 39 21 och
427 852 167 22 Bondeständen
609 852 64 22 hafva
688 852 105 22 likaledes
808 852 86 27 antagit
906 858 38 21 pa-

201 887 100 27 ragrafen
316 887 8 21 i
340 887 72 27 öfrigt,
435 889 60 20 utom
519 890 34 20 att
576 888 66 22 orden
665 889 62 27 ,med
741 888 91 27 vetskap
852 889 34 20 att
900 887 44 21 han

203 922 124 27 derigenom
343 925 47 19 stör
405 930 82 15 annans
503 923 93 22 andakt*
611 923 48 22 frän
677 924 10 21 1
705 929 63 16 mom.
784 922 119 23 uteslutits.

272 957 34 22 Då
322 958 42 21 den
379 958 82 28 lydelse
476 959 68 27 sagda
554 965 64 15 mom.
629 965 77 20 genom
718 958 94 22 nämnda
822 958 123 27 utslutning

201 993 86 22 komme
303 995 33 20 att
351 993 88 29 erhälla,
455 994 8 21 i
479 994 40 22 den
536 994 34 22 del
586 994 87 22 hvarom
683 1000 29 16 nu
723 996 24 20 är
757 994 69 27 fräga,
836 993 109 23 öfverens-

202 1030 104 21 stämmer
328 1029 50 22 med
400 1029 57 22 hvad
479 1030 34 21 för
535 1030 133 21 närvarande
684 1029 7 22 i
707 1032 74 19 ämnet
796 1031 24 20 är
835 1029 109 28 stadgadt,

201 1064 92 22 föreslär
307 1065 114 22 Utskottet
435 1066 118 21 vördsamt:

379 1132 31 19 att
434 1130 158 28 Ridderskapet
615 1131 36 21 och
674 1130 71 22 Adelm
768 1132 55 19 samt
838 1129 107 29 Borgare-

343 1166 85 21 ständet
442 1166 64 21 mätte
521 1166 84 21 biträda
621 1165 83 23 Preste-
720 1166 36 22 och
769 1165 177 22 Bondeständens

337 1200 140 28 förestående
491 1201 72 22 beslut.

373 1282 13 21 7
402 1282 20 28 8.
452 1282 29 22 41
497 1282 59 28 Kap.
572 1282 23 29 (6
611 1283 12 26 $
639 1282 7 22 i
661 1289 21 14 n.
699 1282 78 29 prop.).

275 1329 158 29 Ridderskapet
455 1329 36 23 och
513 1330 72 22 Adeln
607 1331 57 21 samt
684 1330 183 28 Borgareståndet
882 1330 64 22 hafva

202 1367 97 27 godkänt
313 1366 129 28 paragrafen
457 1366 136 22 oförändrad.

273 1402 85 23 Preste-
382 1403 39 21 och
443 1401 166 23 Bondeständen
631 1402 64 22 hafva
717 1402 92 23 beslutit
827 1403 33 22 att
876 1403 70 22 denna

203 1440 102 28 paragraf
326 1439 55 22 skall
397 1439 8 21 i
420 1439 95 28 enlighet
537 1439 50 22 med
601 1439 162 22 reservationen
779 1439 39 22 N:o
834 1439 14 22 6
864 1439 83 23 erhälla
