<?xml version="1.0" encoding="UTF-8"?>
<alto xmlns="http://www.loc.gov/standards/alto/ns-v3#" xmlns:xlink="http://www.w3.org/1999/xlink" xmlns:xsi="http://www.w3.org/2001/XMLSchema-instance" xsi:schemaLocation="http://www.loc.gov/standards/alto/ns-v3# http://www.loc.gov/alto/v3/alto-3-0.xsd">
	<Description>
		<MeasurementUnit>pixel</MeasurementUnit>
		<sourceImageInformation>
			<fileName>/tmp/tess_hgv4hxa9_input.PNG</fileName>
		</sourceImageInformation>
		<OCRProcessing ID="OCR_0">
			<ocrProcessingStep>
				<processingSoftware>
					<softwareName>tesseract 5.3.4</softwareName>
				</processingSoftware>
			</ocrProcessingStep>
		</OCRProcessing>
	</Description>
	<Layout>
		<Page WIDTH="1014" HEIGHT="1709" PHYSICAL_IMG_NR="0" ID="page_0">
			<PrintSpace HPOS="0" VPOS="0" WIDTH="1014" HEIGHT="1709">
				<ComposedBlock ID="cblock_0" HPOS="33" VPOS="1036" WIDTH="110" HEIGHT="57">
					<TextBlock ID="block_0" HPOS="33" VPOS="1036" WIDTH="110" HEIGHT="57">
						<TextLine ID="line_0" HPOS="72" VPOS="1036" WIDTH="42" HEIGHT="22">
							<String ID="string_0" HPOS="72" VPOS="1036" WIDTH="42" HEIGHT="22" WC="0.88" CONTENT="$1"/>
						</TextLine>
						<TextLine ID="line_1" HPOS="33" VPOS="1069" WIDTH="110" HEIGHT="24">
							<String ID="string_1" HPOS="33" VPOS="1070" WIDTH="12" HEIGHT="22" WC="0.93" CONTENT="$"/><SP WIDTH="13" VPOS="1070" HPOS="45"/>
							<String ID="string_2" HPOS="58" VPOS="1069" WIDTH="11" HEIGHT="18" WC="0.89" CONTENT="2"/><SP WIDTH="14" VPOS="1069" HPOS="69"/>
							<String ID="string_3" HPOS="83" VPOS="1070" WIDTH="20" HEIGHT="23" WC="0.91" CONTENT="($"/><SP WIDTH="12" VPOS="1070" HPOS="103"/>
							<String ID="string_4" HPOS="115" VPOS="1069" WIDTH="28" HEIGHT="23" WC="0.93" CONTENT="3)."/>
						</TextLine>
					</TextBlock>
				</ComposedBlock>
				<ComposedBlock ID="cblock_1" HPOS="60" VPOS="1285" WIDTH="87" HEIGHT="23">
					<TextBlock ID="block_1" HPOS="35" VPOS="1285" WIDTH="112" HEIGHT="23">
						<TextLine ID="line_2" HPOS="60" VPOS="1285" WIDTH="87" HEIGHT="23">
							<String ID="string_5" HPOS="35" VPOS="1293" WIDTH="10" HEIGHT="13" WC="0.82" CONTENT=":"/><SP WIDTH="15" VPOS="1293" HPOS="45"/>
							<String ID="string_6" HPOS="60" VPOS="1285" WIDTH="12" HEIGHT="18" WC="0.69" CONTENT="8"/><SP WIDTH="13" VPOS="1285" HPOS="72"/>
							<String ID="string_7" HPOS="85" VPOS="1286" WIDTH="20" HEIGHT="22" WC="0.54" CONTENT="($"/><SP WIDTH="14" VPOS="1286" HPOS="105"/>
							<String ID="string_8" HPOS="119" VPOS="1285" WIDTH="28" HEIGHT="23" WC="0.82" CONTENT="2)."/>
						</TextLine>
					</TextBlock>
				</ComposedBlock>
				<ComposedBlock ID="cblock_2" HPOS="192" VPOS="143" WIDTH="476" HEIGHT="27">
					<TextBlock ID="block_2" HPOS="192" VPOS="143" WIDTH="476" HEIGHT="27">
						<TextLine ID="line_3" HPOS="192" VPOS="143" WIDTH="476" HEIGHT="27">
							<String ID="string_9" HPOS="192" VPOS="144" WIDTH="27" HEIGHT="20" WC="0.96" CONTENT="26"/><SP WIDTH="176" VPOS="144" HPOS="219"/>
							<String ID="string_10" HPOS="395" VPOS="144" WIDTH="20" HEIGHT="20" WC="0.92" CONTENT="U."/><SP WIDTH="17" VPOS="144" HPOS="415"/>
							<String ID="string_11" HPOS="432" VPOS="144" WIDTH="21" HEIGHT="20" WC="0.89" CONTENT="B."/><SP WIDTH="19" VPOS="144" HPOS="453"/>
							<String ID="string_12" HPOS="472" VPOS="156" WIDTH="19" HEIGHT="2" WC="0.91" CONTENT="—"/><SP WIDTH="21" VPOS="156" HPOS="491"/>
							<String ID="string_13" HPOS="512" VPOS="143" WIDTH="57" HEIGHT="27" WC="0.96" CONTENT="Prop."/><SP WIDTH="18" VPOS="143" HPOS="569"/>
							<String ID="string_14" HPOS="587" VPOS="144" WIDTH="34" HEIGHT="20" WC="0.96" CONTENT="N:o"/><SP WIDTH="15" VPOS="144" HPOS="621"/>
							<String ID="string_15" HPOS="636" VPOS="144" WIDTH="32" HEIGHT="20" WC="0.96" CONTENT="10."/>
						</TextLine>
					</TextBlock>
				</ComposedBlock>
				<ComposedBlock ID="cblock_3" HPOS="160" VPOS="210" WIDTH="753" HEIGHT="166">
					<TextBlock ID="block_3" HPOS="160" VPOS="210" WIDTH="753" HEIGHT="166">
						<TextLine ID="line_4" HPOS="162" VPOS="210" WIDTH="750" HEIGHT="27">
							<String ID="string_16" HPOS="162" VPOS="210" WIDTH="79" HEIGHT="27" WC="0.92" CONTENT="ningen"/><SP WIDTH="8" VPOS="210" HPOS="241"/>
							<String ID="string_17" HPOS="249" VPOS="211" WIDTH="131" HEIGHT="20" WC="0.91" CONTENT="utmönstrat"/><SP WIDTH="6" VPOS="211" HPOS="380"/>
							<String ID="string_18" HPOS="386" VPOS="210" WIDTH="184" HEIGHT="26" WC="0.91" CONTENT="benämningarna"/><SP WIDTH="8" VPOS="210" HPOS="570"/>
							<String ID="string_19" HPOS="578" VPOS="226" WIDTH="9" HEIGHT="10" WC="0.0" CONTENT=","/><SP WIDTH="4" VPOS="226" HPOS="587"/>
							<String ID="string_20" HPOS="591" VPOS="210" WIDTH="131" HEIGHT="22" WC="0.0" CONTENT="främmande"/><SP WIDTH="7" VPOS="210" HPOS="722"/>
							<String ID="string_21" HPOS="729" VPOS="210" WIDTH="183" HEIGHT="23" WC="0.71" CONTENT="trosförvandter*"/>
						</TextLine>
						<TextLine ID="line_5" HPOS="162" VPOS="244" WIDTH="751" HEIGHT="28">
							<String ID="string_22" HPOS="162" VPOS="245" WIDTH="40" HEIGHT="21" WC="0.91" CONTENT="och"/><SP WIDTH="10" VPOS="245" HPOS="202"/>
							<String ID="string_23" HPOS="212" VPOS="244" WIDTH="146" HEIGHT="27" WC="0.69" CONTENT="yfrämmande"/><SP WIDTH="8" VPOS="244" HPOS="358"/>
							<String ID="string_24" HPOS="366" VPOS="244" WIDTH="109" HEIGHT="26" WC="0.67" CONTENT="troslära*,"/><SP WIDTH="9" VPOS="244" HPOS="475"/>
							<String ID="string_25" HPOS="484" VPOS="244" WIDTH="72" HEIGHT="22" WC="0.96" CONTENT="hvilka"/><SP WIDTH="9" VPOS="244" HPOS="556"/>
							<String ID="string_26" HPOS="565" VPOS="247" WIDTH="58" HEIGHT="25" WC="0.96" CONTENT="synts"/><SP WIDTH="15" VPOS="247" HPOS="623"/>
							<String ID="string_27" HPOS="638" VPOS="244" WIDTH="110" HEIGHT="22" WC="0.96" CONTENT="Utskottet"/><SP WIDTH="14" VPOS="244" HPOS="748"/>
							<String ID="string_28" HPOS="762" VPOS="245" WIDTH="48" HEIGHT="21" WC="0.96" CONTENT="icke"/><SP WIDTH="8" VPOS="245" HPOS="810"/>
							<String ID="string_29" HPOS="818" VPOS="252" WIDTH="51" HEIGHT="14" WC="0.96" CONTENT="vara"/><SP WIDTH="16" VPOS="252" HPOS="869"/>
							<String ID="string_30" HPOS="885" VPOS="246" WIDTH="28" HEIGHT="26" WC="0.96" CONTENT="pä"/>
						</TextLine>
						<TextLine ID="line_6" HPOS="162" VPOS="278" WIDTH="750" HEIGHT="29">
							<String ID="string_31" HPOS="162" VPOS="279" WIDTH="33" HEIGHT="21" WC="0.94" CONTENT="sin"/><SP WIDTH="23" VPOS="279" HPOS="195"/>
							<String ID="string_32" HPOS="218" VPOS="278" WIDTH="57" HEIGHT="28" WC="0.94" CONTENT="plats"/><SP WIDTH="22" VPOS="278" HPOS="275"/>
							<String ID="string_33" HPOS="297" VPOS="279" WIDTH="7" HEIGHT="21" WC="0.96" CONTENT="i"/><SP WIDTH="19" VPOS="279" HPOS="304"/>
							<String ID="string_34" HPOS="323" VPOS="285" WIDTH="26" HEIGHT="15" WC="0.93" CONTENT="en"/><SP WIDTH="15" VPOS="285" HPOS="349"/>
							<String ID="string_35" HPOS="364" VPOS="278" WIDTH="135" HEIGHT="28" WC="0.91" CONTENT="författning,"/><SP WIDTH="16" VPOS="278" HPOS="499"/>
							<String ID="string_36" HPOS="515" VPOS="285" WIDTH="45" HEIGHT="15" WC="0.96" CONTENT="som"/><SP WIDTH="16" VPOS="285" HPOS="560"/>
							<String ID="string_37" HPOS="576" VPOS="279" WIDTH="95" HEIGHT="21" WC="0.93" CONTENT="närmast"/><SP WIDTH="15" VPOS="279" HPOS="671"/>
							<String ID="string_38" HPOS="686" VPOS="279" WIDTH="56" HEIGHT="21" WC="0.92" CONTENT="afser"/><SP WIDTH="14" VPOS="279" HPOS="742"/>
							<String ID="string_39" HPOS="756" VPOS="279" WIDTH="85" HEIGHT="22" WC="0.93" CONTENT="landets"/><SP WIDTH="16" VPOS="279" HPOS="841"/>
							<String ID="string_40" HPOS="857" VPOS="286" WIDTH="55" HEIGHT="21" WC="0.96" CONTENT="egna"/>
						</TextLine>
						<TextLine ID="line_7" HPOS="162" VPOS="312" WIDTH="750" HEIGHT="29">
							<String ID="string_41" HPOS="162" VPOS="313" WIDTH="152" HEIGHT="27" WC="0.92" CONTENT="innebyggare,"/><SP WIDTH="24" VPOS="313" HPOS="314"/>
							<String ID="string_42" HPOS="338" VPOS="312" WIDTH="66" HEIGHT="28" WC="0.92" CONTENT="jemte"/><SP WIDTH="23" VPOS="312" HPOS="404"/>
							<String ID="string_43" HPOS="427" VPOS="314" WIDTH="36" HEIGHT="20" WC="0.93" CONTENT="det"/><SP WIDTH="27" VPOS="314" HPOS="463"/>
							<String ID="string_44" HPOS="490" VPOS="313" WIDTH="107" HEIGHT="21" WC="0.91" CONTENT="Utskottet"/><SP WIDTH="25" VPOS="313" HPOS="597"/>
							<String ID="string_45" HPOS="622" VPOS="314" WIDTH="90" HEIGHT="27" WC="0.90" CONTENT="vidtagit"/><SP WIDTH="29" VPOS="314" HPOS="712"/>
							<String ID="string_46" HPOS="741" VPOS="314" WIDTH="67" HEIGHT="27" WC="0.90" CONTENT="nägra"/><SP WIDTH="24" VPOS="314" HPOS="808"/>
							<String ID="string_47" HPOS="832" VPOS="315" WIDTH="80" HEIGHT="20" WC="0.90" CONTENT="smärre"/>
						</TextLine>
						<TextLine ID="line_8" HPOS="160" VPOS="347" WIDTH="456" HEIGHT="29">
							<String ID="string_48" HPOS="160" VPOS="347" WIDTH="111" HEIGHT="29" WC="0.91" CONTENT="spräkliga"/><SP WIDTH="14" VPOS="347" HPOS="271"/>
							<String ID="string_49" HPOS="285" VPOS="347" WIDTH="154" HEIGHT="27" WC="0.91" CONTENT="förbättringar"/><SP WIDTH="15" VPOS="347" HPOS="439"/>
							<String ID="string_50" HPOS="454" VPOS="347" WIDTH="7" HEIGHT="21" WC="0.93" CONTENT="i"/><SP WIDTH="14" VPOS="347" HPOS="461"/>
							<String ID="string_51" HPOS="475" VPOS="348" WIDTH="141" HEIGHT="26" WC="0.93" CONTENT="lagtexterna."/>
						</TextLine>
					</TextBlock>
				</ComposedBlock>
				<ComposedBlock ID="cblock_4" HPOS="231" VPOS="411" WIDTH="291" HEIGHT="22">
					<TextBlock ID="block_4" HPOS="231" VPOS="411" WIDTH="291" HEIGHT="22">
						<TextLine ID="line_9" HPOS="231" VPOS="411" WIDTH="291" HEIGHT="22">
							<String ID="string_52" HPOS="231" VPOS="412" WIDTH="62" HEIGHT="21" WC="0.91" CONTENT="Hvad"/><SP WIDTH="15" VPOS="412" HPOS="293"/>
							<String ID="string_53" HPOS="308" VPOS="413" WIDTH="66" HEIGHT="20" WC="0.93" CONTENT="sedan"/><SP WIDTH="15" VPOS="413" HPOS="374"/>
							<String ID="string_54" HPOS="389" VPOS="411" WIDTH="133" HEIGHT="22" WC="0.91" CONTENT="vidkommer"/>
						</TextLine>
					</TextBlock>
				</ComposedBlock>
				<ComposedBlock ID="cblock_5" HPOS="160" VPOS="463" WIDTH="752" HEIGHT="97">
					<TextBlock ID="block_5" HPOS="160" VPOS="463" WIDTH="752" HEIGHT="97">
						<TextLine ID="line_10" HPOS="160" VPOS="463" WIDTH="752" HEIGHT="29">
							<String ID="string_55" HPOS="160" VPOS="464" WIDTH="45" HEIGHT="25" WC="0.89" CONTENT="2:0)"/><SP WIDTH="19" VPOS="464" HPOS="205"/>
							<String ID="string_56" HPOS="224" VPOS="463" WIDTH="102" HEIGHT="28" WC="0.95" CONTENT="förslaget"/><SP WIDTH="23" VPOS="463" HPOS="326"/>
							<String ID="string_57" HPOS="349" VPOS="463" WIDTH="33" HEIGHT="21" WC="0.93" CONTENT="till"/><SP WIDTH="20" VPOS="463" HPOS="382"/>
							<String ID="string_58" HPOS="402" VPOS="463" WIDTH="131" HEIGHT="28" WC="0.93" CONTENT="förordning"/><SP WIDTH="14" VPOS="463" HPOS="533"/>
							<String ID="string_59" HPOS="547" VPOS="470" WIDTH="32" HEIGHT="15" WC="0.96" CONTENT="om"/><SP WIDTH="16" VPOS="470" HPOS="579"/>
							<String ID="string_60" HPOS="595" VPOS="465" WIDTH="47" HEIGHT="19" WC="0.80" CONTENT="rätt"/><SP WIDTH="14" VPOS="465" HPOS="642"/>
							<String ID="string_61" HPOS="656" VPOS="463" WIDTH="35" HEIGHT="27" WC="0.96" CONTENT="för"/><SP WIDTH="15" VPOS="463" HPOS="691"/>
							<String ID="string_62" HPOS="706" VPOS="463" WIDTH="58" HEIGHT="27" WC="0.96" CONTENT="finsk"/><SP WIDTH="14" VPOS="463" HPOS="764"/>
							<String ID="string_63" HPOS="778" VPOS="463" WIDTH="134" HEIGHT="29" WC="0.94" CONTENT="medborgare"/>
						</TextLine>
						<TextLine ID="line_11" HPOS="268" VPOS="497" WIDTH="538" HEIGHT="29">
							<String ID="string_64" HPOS="268" VPOS="498" WIDTH="28" HEIGHT="28" WC="0.96" CONTENT="af"/><SP WIDTH="12" VPOS="498" HPOS="296"/>
							<String ID="string_65" HPOS="308" VPOS="498" WIDTH="138" HEIGHT="27" WC="0.93" CONTENT="främmande"/><SP WIDTH="15" VPOS="498" HPOS="446"/>
							<String ID="string_66" HPOS="461" VPOS="498" WIDTH="82" HEIGHT="22" WC="0.93" CONTENT="kristen"/><SP WIDTH="18" VPOS="498" HPOS="543"/>
							<String ID="string_67" HPOS="561" VPOS="498" WIDTH="92" HEIGHT="21" WC="0.92" CONTENT="troslära"/><SP WIDTH="16" VPOS="498" HPOS="653"/>
							<String ID="string_68" HPOS="669" VPOS="500" WIDTH="35" HEIGHT="20" WC="0.93" CONTENT="att"/><SP WIDTH="14" VPOS="500" HPOS="704"/>
							<String ID="string_69" HPOS="718" VPOS="497" WIDTH="88" HEIGHT="23" WC="0.62" CONTENT="bekläda"/>
						</TextLine>
						<TextLine ID="line_12" HPOS="356" VPOS="532" WIDTH="364" HEIGHT="28">
							<String ID="string_70" HPOS="356" VPOS="532" WIDTH="93" HEIGHT="22" WC="0.90" CONTENT="embeten"/><SP WIDTH="15" VPOS="532" HPOS="449"/>
							<String ID="string_71" HPOS="464" VPOS="533" WIDTH="37" HEIGHT="21" WC="0.93" CONTENT="och"/><SP WIDTH="16" VPOS="533" HPOS="501"/>
							<String ID="string_72" HPOS="517" VPOS="533" WIDTH="88" HEIGHT="27" WC="0.87" CONTENT="tjenster"/><SP WIDTH="15" VPOS="533" HPOS="605"/>
							<String ID="string_73" HPOS="620" VPOS="532" WIDTH="9" HEIGHT="21" WC="0.96" CONTENT="i"/><SP WIDTH="16" VPOS="532" HPOS="629"/>
							<String ID="string_74" HPOS="645" VPOS="532" WIDTH="75" HEIGHT="22" WC="0.96" CONTENT="landet"/>
						</TextLine>
					</TextBlock>
				</ComposedBlock>
				<ComposedBlock ID="cblock_6" HPOS="158" VPOS="583" WIDTH="754" HEIGHT="890">
					<TextBlock ID="block_6" HPOS="158" VPOS="583" WIDTH="754" HEIGHT="437">
						<TextLine ID="line_13" HPOS="161" VPOS="583" WIDTH="751" HEIGHT="29">
							<String ID="string_75" HPOS="161" VPOS="586" WIDTH="39" HEIGHT="20" WC="0.93" CONTENT="har"/><SP WIDTH="8" VPOS="586" HPOS="200"/>
							<String ID="string_76" HPOS="208" VPOS="584" WIDTH="111" HEIGHT="22" WC="0.93" CONTENT="Utskottet"/><SP WIDTH="8" VPOS="584" HPOS="319"/>
							<String ID="string_77" HPOS="327" VPOS="584" WIDTH="7" HEIGHT="22" WC="0.89" CONTENT="i"/><SP WIDTH="8" VPOS="584" HPOS="334"/>
							<String ID="string_78" HPOS="342" VPOS="584" WIDTH="110" HEIGHT="28" WC="0.89" CONTENT="ingressen"/><SP WIDTH="9" VPOS="584" HPOS="452"/>
							<String ID="string_79" HPOS="461" VPOS="584" WIDTH="32" HEIGHT="22" WC="0.96" CONTENT="till"/><SP WIDTH="8" VPOS="584" HPOS="493"/>
							<String ID="string_80" HPOS="501" VPOS="585" WIDTH="42" HEIGHT="21" WC="0.96" CONTENT="den"/><SP WIDTH="8" VPOS="585" HPOS="543"/>
							<String ID="string_81" HPOS="551" VPOS="584" WIDTH="122" HEIGHT="27" WC="0.93" CONTENT="föreslagna"/><SP WIDTH="8" VPOS="584" HPOS="673"/>
							<String ID="string_82" HPOS="681" VPOS="584" WIDTH="155" HEIGHT="27" WC="0.87" CONTENT="författningen"/><SP WIDTH="10" VPOS="584" HPOS="836"/>
							<String ID="string_83" HPOS="846" VPOS="583" WIDTH="66" HEIGHT="22" WC="0.96" CONTENT="infört"/>
						</TextLine>
						<TextLine ID="line_14" HPOS="161" VPOS="618" WIDTH="750" HEIGHT="29">
							<String ID="string_84" HPOS="161" VPOS="619" WIDTH="86" HEIGHT="28" WC="0.92" CONTENT="uppgift"/><SP WIDTH="15" VPOS="619" HPOS="247"/>
							<String ID="string_85" HPOS="262" VPOS="620" WIDTH="82" HEIGHT="24" WC="0.92" CONTENT="derom,"/><SP WIDTH="13" VPOS="620" HPOS="344"/>
							<String ID="string_86" HPOS="357" VPOS="619" WIDTH="7" HEIGHT="20" WC="0.93" CONTENT="i"/><SP WIDTH="16" VPOS="619" HPOS="364"/>
							<String ID="string_87" HPOS="380" VPOS="618" WIDTH="85" HEIGHT="22" WC="0.92" CONTENT="hvilken"/><SP WIDTH="17" VPOS="618" HPOS="465"/>
							<String ID="string_88" HPOS="482" VPOS="619" WIDTH="34" HEIGHT="21" WC="0.93" CONTENT="del"/><SP WIDTH="15" VPOS="619" HPOS="516"/>
							<String ID="string_89" HPOS="531" VPOS="618" WIDTH="76" HEIGHT="28" WC="0.92" CONTENT="Kongl."/><SP WIDTH="16" VPOS="618" HPOS="607"/>
							<String ID="string_90" HPOS="623" VPOS="618" WIDTH="143" HEIGHT="28" WC="0.92" CONTENT="kungörelsen"/><SP WIDTH="16" VPOS="618" HPOS="766"/>
							<String ID="string_91" HPOS="782" VPOS="619" WIDTH="41" HEIGHT="21" WC="0.96" CONTENT="den"/><SP WIDTH="14" VPOS="619" HPOS="823"/>
							<String ID="string_92" HPOS="837" VPOS="619" WIDTH="28" HEIGHT="21" WC="0.93" CONTENT="24"/><SP WIDTH="11" VPOS="619" HPOS="865"/>
							<String ID="string_93" HPOS="876" VPOS="618" WIDTH="35" HEIGHT="22" WC="0.92" CONTENT="Ja-"/>
						</TextLine>
						<TextLine ID="line_15" HPOS="162" VPOS="653" WIDTH="750" HEIGHT="28">
							<String ID="string_94" HPOS="162" VPOS="654" WIDTH="62" HEIGHT="21" WC="0.91" CONTENT="nuari"/><SP WIDTH="16" VPOS="654" HPOS="224"/>
							<String ID="string_95" HPOS="240" VPOS="654" WIDTH="53" HEIGHT="22" WC="0.96" CONTENT="1781"/><SP WIDTH="17" VPOS="654" HPOS="293"/>
							<String ID="string_96" HPOS="310" VPOS="660" WIDTH="76" HEIGHT="21" WC="0.96" CONTENT="genom"/><SP WIDTH="16" VPOS="660" HPOS="386"/>
							<String ID="string_97" HPOS="402" VPOS="653" WIDTH="153" HEIGHT="28" WC="0.93" CONTENT="förordningen"/><SP WIDTH="16" VPOS="653" HPOS="555"/>
							<String ID="string_98" HPOS="571" VPOS="653" WIDTH="85" HEIGHT="21" WC="0.92" CONTENT="komme"/><SP WIDTH="16" VPOS="653" HPOS="656"/>
							<String ID="string_99" HPOS="672" VPOS="656" WIDTH="32" HEIGHT="18" WC="0.96" CONTENT="att"/><SP WIDTH="16" VPOS="656" HPOS="704"/>
							<String ID="string_100" HPOS="720" VPOS="654" WIDTH="84" HEIGHT="25" WC="0.93" CONTENT="ändras,"/><SP WIDTH="16" VPOS="654" HPOS="804"/>
							<String ID="string_101" HPOS="820" VPOS="654" WIDTH="52" HEIGHT="20" WC="0.93" CONTENT="enär"/><SP WIDTH="11" VPOS="654" HPOS="872"/>
							<String ID="string_102" HPOS="883" VPOS="654" WIDTH="29" HEIGHT="20" WC="0.92" CONTENT="el-"/>
						</TextLine>
						<TextLine ID="line_16" HPOS="158" VPOS="687" WIDTH="754" HEIGHT="29">
							<String ID="string_103" HPOS="158" VPOS="689" WIDTH="35" HEIGHT="26" WC="0.92" CONTENT="jes"/><SP WIDTH="7" VPOS="689" HPOS="193"/>
							<String ID="string_104" HPOS="200" VPOS="688" WIDTH="117" HEIGHT="28" WC="0.91" CONTENT="ingressen,"/><SP WIDTH="7" VPOS="688" HPOS="317"/>
							<String ID="string_105" HPOS="324" VPOS="687" WIDTH="94" HEIGHT="29" WC="0.92" CONTENT="jemförd"/><SP WIDTH="8" VPOS="687" HPOS="418"/>
							<String ID="string_106" HPOS="426" VPOS="689" WIDTH="49" HEIGHT="21" WC="0.93" CONTENT="med"/><SP WIDTH="8" VPOS="689" HPOS="475"/>
							<String ID="string_107" HPOS="483" VPOS="691" WIDTH="10" HEIGHT="23" WC="0.92" CONTENT="$"/><SP WIDTH="10" VPOS="691" HPOS="493"/>
							<String ID="string_108" HPOS="503" VPOS="689" WIDTH="12" HEIGHT="21" WC="0.92" CONTENT="2"/><SP WIDTH="9" VPOS="689" HPOS="515"/>
							<String ID="string_109" HPOS="524" VPOS="689" WIDTH="19" HEIGHT="26" WC="0.91" CONTENT="($"/><SP WIDTH="9" VPOS="689" HPOS="543"/>
							<String ID="string_110" HPOS="552" VPOS="689" WIDTH="23" HEIGHT="27" WC="0.94" CONTENT="3)"/><SP WIDTH="8" VPOS="689" HPOS="575"/>
							<String ID="string_111" HPOS="583" VPOS="688" WIDTH="7" HEIGHT="20" WC="0.93" CONTENT="i"/><SP WIDTH="9" VPOS="688" HPOS="590"/>
							<String ID="string_112" HPOS="599" VPOS="687" WIDTH="108" HEIGHT="28" WC="0.96" CONTENT="förslaget,"/><SP WIDTH="10" VPOS="687" HPOS="707"/>
							<String ID="string_113" HPOS="717" VPOS="688" WIDTH="72" HEIGHT="21" WC="0.93" CONTENT="kunde"/><SP WIDTH="8" VPOS="688" HPOS="789"/>
							<String ID="string_114" HPOS="797" VPOS="688" WIDTH="59" HEIGHT="27" WC="0.96" CONTENT="gifva"/><SP WIDTH="7" VPOS="688" HPOS="856"/>
							<String ID="string_115" HPOS="863" VPOS="688" WIDTH="49" HEIGHT="20" WC="0.96" CONTENT="stöd"/>
						</TextLine>
						<TextLine ID="line_17" HPOS="160" VPOS="722" WIDTH="751" HEIGHT="29">
							<String ID="string_116" HPOS="160" VPOS="723" WIDTH="34" HEIGHT="21" WC="0.95" CONTENT="för"/><SP WIDTH="16" VPOS="723" HPOS="194"/>
							<String ID="string_117" HPOS="210" VPOS="724" WIDTH="41" HEIGHT="20" WC="0.93" CONTENT="den"/><SP WIDTH="16" VPOS="724" HPOS="251"/>
							<String ID="string_118" HPOS="267" VPOS="722" WIDTH="104" HEIGHT="28" WC="0.91" CONTENT="tolkning,"/><SP WIDTH="16" VPOS="722" HPOS="371"/>
							<String ID="string_119" HPOS="387" VPOS="725" WIDTH="33" HEIGHT="19" WC="0.96" CONTENT="att"/><SP WIDTH="15" VPOS="725" HPOS="420"/>
							<String ID="string_120" HPOS="435" VPOS="724" WIDTH="94" HEIGHT="27" WC="0.93" CONTENT="nämnda"/><SP WIDTH="16" VPOS="724" HPOS="529"/>
							<String ID="string_121" HPOS="545" VPOS="722" WIDTH="127" HEIGHT="28" WC="0.92" CONTENT="kungörelse"/><SP WIDTH="17" VPOS="722" HPOS="672"/>
							<String ID="string_122" HPOS="689" VPOS="729" WIDTH="50" HEIGHT="16" WC="0.92" CONTENT="vore"/><SP WIDTH="16" VPOS="729" HPOS="739"/>
							<String ID="string_123" HPOS="755" VPOS="724" WIDTH="83" HEIGHT="20" WC="0.92" CONTENT="ändrad"/><SP WIDTH="10" VPOS="724" HPOS="838"/>
							<String ID="string_124" HPOS="848" VPOS="722" WIDTH="63" HEIGHT="22" WC="0.92" CONTENT="äfven"/>
						</TextLine>
						<TextLine ID="line_18" HPOS="161" VPOS="757" WIDTH="750" HEIGHT="28">
							<String ID="string_125" HPOS="161" VPOS="758" WIDTH="34" HEIGHT="21" WC="0.96" CONTENT="för"/><SP WIDTH="15" VPOS="758" HPOS="195"/>
							<String ID="string_126" HPOS="210" VPOS="759" WIDTH="24" HEIGHT="21" WC="0.93" CONTENT="sä"/><SP WIDTH="15" VPOS="759" HPOS="234"/>
							<String ID="string_127" HPOS="249" VPOS="758" WIDTH="45" HEIGHT="22" WC="0.92" CONTENT="vidt"/><SP WIDTH="15" VPOS="758" HPOS="294"/>
							<String ID="string_128" HPOS="309" VPOS="758" WIDTH="83" HEIGHT="21" WC="0.93" CONTENT="kristna"/><SP WIDTH="15" VPOS="758" HPOS="392"/>
							<String ID="string_129" HPOS="407" VPOS="758" WIDTH="169" HEIGHT="22" WC="0.91" CONTENT="trosbekännare"/><SP WIDTH="16" VPOS="758" HPOS="576"/>
							<String ID="string_130" HPOS="592" VPOS="757" WIDTH="25" HEIGHT="21" WC="0.96" CONTENT="af"/><SP WIDTH="12" VPOS="757" HPOS="617"/>
							<String ID="string_131" HPOS="629" VPOS="764" WIDTH="73" HEIGHT="15" WC="0.96" CONTENT="annan"/><SP WIDTH="16" VPOS="764" HPOS="702"/>
							<String ID="string_132" HPOS="718" VPOS="759" WIDTH="27" HEIGHT="20" WC="0.93" CONTENT="än"/><SP WIDTH="17" VPOS="759" HPOS="745"/>
							<String ID="string_133" HPOS="762" VPOS="757" WIDTH="149" HEIGHT="28" WC="0.89" CONTENT="statskyrkaus"/>
						</TextLine>
						<TextLine ID="line_19" HPOS="160" VPOS="792" WIDTH="751" HEIGHT="28">
							<String ID="string_134" HPOS="160" VPOS="793" WIDTH="47" HEIGHT="21" WC="0.91" CONTENT="lära"/><SP WIDTH="15" VPOS="793" HPOS="207"/>
							<String ID="string_135" HPOS="222" VPOS="792" WIDTH="46" HEIGHT="22" WC="0.92" CONTENT="deri"/><SP WIDTH="14" VPOS="792" HPOS="268"/>
							<String ID="string_136" HPOS="282" VPOS="792" WIDTH="112" HEIGHT="28" WC="0.91" CONTENT="förbjudas"/><SP WIDTH="15" VPOS="792" HPOS="394"/>
							<String ID="string_137" HPOS="409" VPOS="794" WIDTH="32" HEIGHT="19" WC="0.93" CONTENT="att"/><SP WIDTH="15" VPOS="794" HPOS="441"/>
							<String ID="string_138" HPOS="456" VPOS="793" WIDTH="81" HEIGHT="21" WC="0.93" CONTENT="inrätta"/><SP WIDTH="15" VPOS="793" HPOS="537"/>
							<String ID="string_139" HPOS="552" VPOS="792" WIDTH="88" HEIGHT="24" WC="0.93" CONTENT="kloster,"/><SP WIDTH="16" VPOS="792" HPOS="640"/>
							<String ID="string_140" HPOS="656" VPOS="792" WIDTH="93" HEIGHT="22" WC="0.92" CONTENT="anställa"/><SP WIDTH="15" VPOS="792" HPOS="749"/>
							<String ID="string_141" HPOS="764" VPOS="792" WIDTH="147" HEIGHT="27" WC="0.92" CONTENT="processioner"/>
						</TextLine>
						<TextLine ID="line_20" HPOS="161" VPOS="826" WIDTH="751" HEIGHT="28">
							<String ID="string_142" HPOS="161" VPOS="834" WIDTH="27" HEIGHT="14" WC="0.92" CONTENT="m."/><SP WIDTH="27" VPOS="834" HPOS="188"/>
							<String ID="string_143" HPOS="215" VPOS="834" WIDTH="34" HEIGHT="18" WC="0.84" CONTENT="m.,"/><SP WIDTH="14" VPOS="834" HPOS="249"/>
							<String ID="string_144" HPOS="263" VPOS="826" WIDTH="73" HEIGHT="22" WC="0.96" CONTENT="hvilka"/><SP WIDTH="15" VPOS="826" HPOS="336"/>
							<String ID="string_145" HPOS="351" VPOS="826" WIDTH="78" HEIGHT="22" WC="0.96" CONTENT="förbud"/><SP WIDTH="15" VPOS="826" HPOS="429"/>
							<String ID="string_146" HPOS="444" VPOS="826" WIDTH="103" HEIGHT="27" WC="0.96" CONTENT="förslaget"/><SP WIDTH="16" VPOS="826" HPOS="547"/>
							<String ID="string_147" HPOS="563" VPOS="826" WIDTH="32" HEIGHT="22" WC="0.93" CONTENT="till"/><SP WIDTH="15" VPOS="826" HPOS="595"/>
							<String ID="string_148" HPOS="610" VPOS="826" WIDTH="126" HEIGHT="27" WC="0.95" CONTENT="förordning"/><SP WIDTH="16" VPOS="826" HPOS="736"/>
							<String ID="string_149" HPOS="752" VPOS="827" WIDTH="112" HEIGHT="27" WC="0.93" CONTENT="angående"/><SP WIDTH="16" VPOS="827" HPOS="864"/>
							<String ID="string_150" HPOS="880" VPOS="833" WIDTH="32" HEIGHT="14" WC="0.92" CONTENT="re-"/>
						</TextLine>
						<TextLine ID="line_21" HPOS="160" VPOS="861" WIDTH="751" HEIGHT="27">
							<String ID="string_151" HPOS="160" VPOS="861" WIDTH="179" HEIGHT="27" WC="0.91" CONTENT="ligionssamfund"/><SP WIDTH="15" VPOS="861" HPOS="339"/>
							<String ID="string_152" HPOS="354" VPOS="861" WIDTH="7" HEIGHT="21" WC="0.96" CONTENT="i"/><SP WIDTH="15" VPOS="861" HPOS="361"/>
							<String ID="string_153" HPOS="376" VPOS="861" WIDTH="93" HEIGHT="21" WC="0.96" CONTENT="Finland"/><SP WIDTH="16" VPOS="861" HPOS="469"/>
							<String ID="string_154" HPOS="485" VPOS="862" WIDTH="22" HEIGHT="20" WC="0.96" CONTENT="af"/><SP WIDTH="15" VPOS="862" HPOS="507"/>
							<String ID="string_155" HPOS="522" VPOS="868" WIDTH="72" HEIGHT="14" WC="0.95" CONTENT="annan"/><SP WIDTH="17" VPOS="868" HPOS="594"/>
							<String ID="string_156" HPOS="611" VPOS="861" WIDTH="155" HEIGHT="27" WC="0.92" CONTENT="protestantisk"/><SP WIDTH="16" VPOS="861" HPOS="766"/>
							<String ID="string_157" HPOS="782" VPOS="861" WIDTH="92" HEIGHT="21" WC="0.92" CONTENT="troslära"/><SP WIDTH="11" VPOS="861" HPOS="874"/>
							<String ID="string_158" HPOS="885" VPOS="862" WIDTH="26" HEIGHT="20" WC="0.96" CONTENT="än"/>
						</TextLine>
						<TextLine ID="line_22" HPOS="161" VPOS="895" WIDTH="751" HEIGHT="28">
							<String ID="string_159" HPOS="161" VPOS="897" WIDTH="42" HEIGHT="20" WC="0.93" CONTENT="den"/><SP WIDTH="15" VPOS="897" HPOS="203"/>
							<String ID="string_160" HPOS="218" VPOS="895" WIDTH="245" HEIGHT="28" WC="0.91" CONTENT="evangelisk-lutherska"/><SP WIDTH="15" VPOS="895" HPOS="463"/>
							<String ID="string_161" HPOS="478" VPOS="895" WIDTH="158" HEIGHT="28" WC="0.96" CONTENT="upprätthåller"/><SP WIDTH="10" VPOS="895" HPOS="636"/>
							<String ID="string_162" HPOS="646" VPOS="896" WIDTH="33" HEIGHT="21" WC="0.96" CONTENT="för"/><SP WIDTH="11" VPOS="896" HPOS="679"/>
							<String ID="string_163" HPOS="690" VPOS="895" WIDTH="170" HEIGHT="28" WC="0.93" CONTENT="protestantiska"/><SP WIDTH="10" VPOS="895" HPOS="860"/>
							<String ID="string_164" HPOS="870" VPOS="896" WIDTH="42" HEIGHT="20" WC="0.93" CONTENT="dis-"/>
						</TextLine>
						<TextLine ID="line_23" HPOS="161" VPOS="930" WIDTH="751" HEIGHT="28">
							<String ID="string_165" HPOS="161" VPOS="933" WIDTH="88" HEIGHT="19" WC="0.89" CONTENT="senters."/><SP WIDTH="31" VPOS="933" HPOS="249"/>
							<String ID="string_166" HPOS="280" VPOS="930" WIDTH="68" HEIGHT="22" WC="0.89" CONTENT="Deraf"/><SP WIDTH="12" VPOS="930" HPOS="348"/>
							<String ID="string_167" HPOS="360" VPOS="937" WIDTH="49" HEIGHT="15" WC="0.96" CONTENT="vore"/><SP WIDTH="17" VPOS="937" HPOS="409"/>
							<String ID="string_168" HPOS="426" VPOS="931" WIDTH="45" HEIGHT="21" WC="0.96" CONTENT="åter"/><SP WIDTH="16" VPOS="931" HPOS="471"/>
							<String ID="string_169" HPOS="487" VPOS="930" WIDTH="87" HEIGHT="28" WC="0.96" CONTENT="följden,"/><SP WIDTH="16" VPOS="930" HPOS="574"/>
							<String ID="string_170" HPOS="590" VPOS="932" WIDTH="32" HEIGHT="19" WC="0.96" CONTENT="att"/><SP WIDTH="16" VPOS="932" HPOS="622"/>
							<String ID="string_171" HPOS="638" VPOS="931" WIDTH="62" HEIGHT="21" WC="0.96" CONTENT="dessa"/><SP WIDTH="11" VPOS="931" HPOS="700"/>
							<String ID="string_172" HPOS="711" VPOS="936" WIDTH="76" HEIGHT="16" WC="0.96" CONTENT="senare"/><SP WIDTH="11" VPOS="936" HPOS="787"/>
							<String ID="string_173" HPOS="798" VPOS="930" WIDTH="68" HEIGHT="21" WC="0.93" CONTENT="skulle"/><SP WIDTH="11" VPOS="930" HPOS="866"/>
							<String ID="string_174" HPOS="877" VPOS="930" WIDTH="35" HEIGHT="21" WC="0.92" CONTENT="be-"/>
						</TextLine>
						<TextLine ID="line_24" HPOS="160" VPOS="964" WIDTH="752" HEIGHT="28">
							<String ID="string_175" HPOS="160" VPOS="966" WIDTH="60" HEIGHT="20" WC="0.96" CONTENT="finna"/><SP WIDTH="20" VPOS="966" HPOS="220"/>
							<String ID="string_176" HPOS="240" VPOS="965" WIDTH="32" HEIGHT="27" WC="0.95" CONTENT="sig"/><SP WIDTH="20" VPOS="965" HPOS="272"/>
							<String ID="string_177" HPOS="292" VPOS="965" WIDTH="6" HEIGHT="21" WC="0.96" CONTENT="i"/><SP WIDTH="16" VPOS="965" HPOS="298"/>
							<String ID="string_178" HPOS="314" VPOS="971" WIDTH="26" HEIGHT="15" WC="0.96" CONTENT="en"/><SP WIDTH="16" VPOS="971" HPOS="340"/>
							<String ID="string_179" HPOS="356" VPOS="965" WIDTH="83" HEIGHT="21" WC="0.93" CONTENT="mindre"/><SP WIDTH="15" VPOS="965" HPOS="439"/>
							<String ID="string_180" HPOS="454" VPOS="965" WIDTH="114" HEIGHT="27" WC="0.92" CONTENT="förmonlig"/><SP WIDTH="15" VPOS="965" HPOS="568"/>
							<String ID="string_181" HPOS="583" VPOS="965" WIDTH="102" HEIGHT="27" WC="0.96" CONTENT="ställning"/><SP WIDTH="17" VPOS="965" HPOS="685"/>
							<String ID="string_182" HPOS="702" VPOS="966" WIDTH="27" HEIGHT="20" WC="0.96" CONTENT="än"/><SP WIDTH="17" VPOS="966" HPOS="729"/>
							<String ID="string_183" HPOS="746" VPOS="964" WIDTH="68" HEIGHT="28" WC="0.96" CONTENT="öfriga"/><SP WIDTH="14" VPOS="964" HPOS="814"/>
							<String ID="string_184" HPOS="828" VPOS="964" WIDTH="84" HEIGHT="22" WC="0.96" CONTENT="kristna"/>
						</TextLine>
						<TextLine ID="line_25" HPOS="161" VPOS="999" WIDTH="174" HEIGHT="21">
							<String ID="string_185" HPOS="161" VPOS="999" WIDTH="174" HEIGHT="21" WC="0.92" CONTENT="trosförvandter."/>
						</TextLine>
					</TextBlock>
					<TextBlock ID="block_7" HPOS="230" VPOS="1033" WIDTH="513" HEIGHT="27">
						<TextLine ID="line_26" HPOS="230" VPOS="1033" WIDTH="513" HEIGHT="27">
							<String ID="string_186" HPOS="230" VPOS="1035" WIDTH="13" HEIGHT="25" WC="0.74" CONTENT="8"/><SP WIDTH="19" VPOS="1035" HPOS="243"/>
							<String ID="string_187" HPOS="262" VPOS="1036" WIDTH="8" HEIGHT="19" WC="0.96" CONTENT="1"/><SP WIDTH="18" VPOS="1036" HPOS="270"/>
							<String ID="string_188" HPOS="288" VPOS="1034" WIDTH="38" HEIGHT="20" WC="0.95" CONTENT="har"/><SP WIDTH="16" VPOS="1034" HPOS="326"/>
							<String ID="string_189" HPOS="342" VPOS="1033" WIDTH="109" HEIGHT="22" WC="0.96" CONTENT="Utskottet"/><SP WIDTH="16" VPOS="1033" HPOS="451"/>
							<String ID="string_190" HPOS="467" VPOS="1034" WIDTH="96" HEIGHT="26" WC="0.96" CONTENT="godkänt"/><SP WIDTH="14" VPOS="1034" HPOS="563"/>
							<String ID="string_191" HPOS="577" VPOS="1035" WIDTH="52" HEIGHT="19" WC="0.96" CONTENT="utan"/><SP WIDTH="16" VPOS="1035" HPOS="629"/>
							<String ID="string_192" HPOS="645" VPOS="1034" WIDTH="98" HEIGHT="26" WC="0.96" CONTENT="ändring."/>
						</TextLine>
					</TextBlock>
					<TextBlock ID="block_8" HPOS="160" VPOS="1067" WIDTH="752" HEIGHT="198">
						<TextLine ID="line_27" HPOS="228" VPOS="1067" WIDTH="684" HEIGHT="27">
							<String ID="string_193" HPOS="228" VPOS="1068" WIDTH="31" HEIGHT="21" WC="0.96" CONTENT="På"/><SP WIDTH="15" VPOS="1068" HPOS="259"/>
							<String ID="string_194" HPOS="274" VPOS="1074" WIDTH="82" HEIGHT="15" WC="0.95" CONTENT="samma"/><SP WIDTH="15" VPOS="1074" HPOS="356"/>
							<String ID="string_195" HPOS="371" VPOS="1067" WIDTH="47" HEIGHT="21" WC="0.96" CONTENT="skäl"/><SP WIDTH="14" VPOS="1067" HPOS="418"/>
							<String ID="string_196" HPOS="432" VPOS="1075" WIDTH="45" HEIGHT="13" WC="0.96" CONTENT="som"/><SP WIDTH="9" VPOS="1075" HPOS="477"/>
							<String ID="string_197" HPOS="486" VPOS="1068" WIDTH="109" HEIGHT="21" WC="0.96" CONTENT="Utskottet"/><SP WIDTH="9" VPOS="1068" HPOS="595"/>
							<String ID="string_198" HPOS="604" VPOS="1068" WIDTH="71" HEIGHT="20" WC="0.96" CONTENT="anfört"/><SP WIDTH="7" VPOS="1068" HPOS="675"/>
							<String ID="string_199" HPOS="682" VPOS="1068" WIDTH="33" HEIGHT="20" WC="0.96" CONTENT="till"/><SP WIDTH="8" VPOS="1068" HPOS="715"/>
							<String ID="string_200" HPOS="723" VPOS="1068" WIDTH="48" HEIGHT="20" WC="0.96" CONTENT="stöd"/><SP WIDTH="6" VPOS="1068" HPOS="771"/>
							<String ID="string_201" HPOS="777" VPOS="1067" WIDTH="33" HEIGHT="21" WC="0.96" CONTENT="för"/><SP WIDTH="10" VPOS="1067" HPOS="810"/>
							<String ID="string_202" HPOS="820" VPOS="1068" WIDTH="92" HEIGHT="26" WC="0.95" CONTENT="ändring"/>
						</TextLine>
						<TextLine ID="line_28" HPOS="163" VPOS="1102" WIDTH="749" HEIGHT="28">
							<String ID="string_203" HPOS="163" VPOS="1102" WIDTH="24" HEIGHT="22" WC="0.92" CONTENT="af"/><SP WIDTH="5" VPOS="1102" HPOS="187"/>
							<String ID="string_204" HPOS="192" VPOS="1102" WIDTH="117" HEIGHT="26" WC="0.0" CONTENT="ingressen,"/><SP WIDTH="9" VPOS="1102" HPOS="309"/>
							<String ID="string_205" HPOS="318" VPOS="1102" WIDTH="39" HEIGHT="21" WC="0.96" CONTENT="har"/><SP WIDTH="9" VPOS="1102" HPOS="357"/>
							<String ID="string_206" HPOS="366" VPOS="1102" WIDTH="109" HEIGHT="21" WC="0.96" CONTENT="Utskottet"/><SP WIDTH="8" VPOS="1102" HPOS="475"/>
							<String ID="string_207" HPOS="483" VPOS="1104" WIDTH="43" HEIGHT="24" WC="0.95" CONTENT="ur"/><SP WIDTH="-7" VPOS="1104" HPOS="526"/>
							<String ID="string_208" HPOS="519" VPOS="1098" WIDTH="9" HEIGHT="36" WC="0.89" CONTENT="$"/><SP WIDTH="9" VPOS="1098" HPOS="528"/>
							<String ID="string_209" HPOS="537" VPOS="1103" WIDTH="13" HEIGHT="20" WC="0.92" CONTENT="2"/><SP WIDTH="8" VPOS="1103" HPOS="550"/>
							<String ID="string_210" HPOS="558" VPOS="1102" WIDTH="23" HEIGHT="28" WC="0.85" CONTENT="($"/><SP WIDTH="12" VPOS="1102" HPOS="581"/>
							<String ID="string_211" HPOS="593" VPOS="1102" WIDTH="22" HEIGHT="27" WC="0.96" CONTENT="3)"/><SP WIDTH="11" VPOS="1102" HPOS="615"/>
							<String ID="string_212" HPOS="626" VPOS="1102" WIDTH="98" HEIGHT="20" WC="0.96" CONTENT="uteslutit"/><SP WIDTH="10" VPOS="1102" HPOS="724"/>
							<String ID="string_213" HPOS="734" VPOS="1102" WIDTH="73" HEIGHT="27" WC="0.92" CONTENT="hvarje"/><SP WIDTH="10" VPOS="1102" HPOS="807"/>
							<String ID="string_214" HPOS="817" VPOS="1103" WIDTH="95" HEIGHT="19" WC="0.91" CONTENT="omnäm-"/>
						</TextLine>
						<TextLine ID="line_29" HPOS="160" VPOS="1135" WIDTH="752" HEIGHT="28">
							<String ID="string_215" HPOS="160" VPOS="1137" WIDTH="71" HEIGHT="21" WC="0.95" CONTENT="nande"/><SP WIDTH="16" VPOS="1137" HPOS="231"/>
							<String ID="string_216" HPOS="247" VPOS="1136" WIDTH="25" HEIGHT="21" WC="0.93" CONTENT="af"/><SP WIDTH="12" VPOS="1136" HPOS="272"/>
							<String ID="string_217" HPOS="284" VPOS="1136" WIDTH="176" HEIGHT="27" WC="0.91" CONTENT="dissenterlagen,"/><SP WIDTH="15" VPOS="1136" HPOS="460"/>
							<String ID="string_218" HPOS="475" VPOS="1142" WIDTH="44" HEIGHT="15" WC="0.93" CONTENT="som"/><SP WIDTH="9" VPOS="1142" HPOS="519"/>
							<String ID="string_219" HPOS="528" VPOS="1136" WIDTH="109" HEIGHT="21" WC="0.91" CONTENT="utomdess"/><SP WIDTH="8" VPOS="1136" HPOS="637"/>
							<String ID="string_220" HPOS="645" VPOS="1135" WIDTH="46" HEIGHT="22" WC="0.96" CONTENT="icke"/><SP WIDTH="9" VPOS="1135" HPOS="691"/>
							<String ID="string_221" HPOS="700" VPOS="1136" WIDTH="63" HEIGHT="21" WC="0.96" CONTENT="berör"/><SP WIDTH="8" VPOS="1136" HPOS="763"/>
							<String ID="string_222" HPOS="771" VPOS="1137" WIDTH="26" HEIGHT="20" WC="0.96" CONTENT="de"/><SP WIDTH="8" VPOS="1137" HPOS="797"/>
							<String ID="string_223" HPOS="805" VPOS="1136" WIDTH="107" HEIGHT="21" WC="0.96" CONTENT="enskildes"/>
						</TextLine>
						<TextLine ID="line_30" HPOS="160" VPOS="1170" WIDTH="752" HEIGHT="28">
							<String ID="string_224" HPOS="160" VPOS="1170" WIDTH="171" HEIGHT="28" WC="0.95" CONTENT="medborgerliga"/><SP WIDTH="21" VPOS="1170" HPOS="331"/>
							<String ID="string_225" HPOS="352" VPOS="1170" WIDTH="132" HEIGHT="27" WC="0.93" CONTENT="rättigheter,"/><SP WIDTH="23" VPOS="1170" HPOS="484"/>
							<String ID="string_226" HPOS="507" VPOS="1170" WIDTH="118" HEIGHT="27" WC="0.91" CONTENT="hvarjemte"/><SP WIDTH="23" VPOS="1170" HPOS="625"/>
							<String ID="string_227" HPOS="648" VPOS="1170" WIDTH="116" HEIGHT="26" WC="0.96" CONTENT="Utskottet,"/><SP WIDTH="22" VPOS="1170" HPOS="764"/>
							<String ID="string_228" HPOS="786" VPOS="1170" WIDTH="4" HEIGHT="20" WC="0.96" CONTENT="i"/><SP WIDTH="15" VPOS="1170" HPOS="790"/>
							<String ID="string_229" HPOS="805" VPOS="1171" WIDTH="107" HEIGHT="21" WC="0.93" CONTENT="anseende"/>
						</TextLine>
						<TextLine ID="line_31" HPOS="161" VPOS="1204" WIDTH="751" HEIGHT="28">
							<String ID="string_230" HPOS="161" VPOS="1205" WIDTH="31" HEIGHT="21" WC="0.96" CONTENT="till"/><SP WIDTH="12" VPOS="1205" HPOS="192"/>
							<String ID="string_231" HPOS="204" VPOS="1206" WIDTH="35" HEIGHT="20" WC="0.96" CONTENT="det"/><SP WIDTH="19" VPOS="1206" HPOS="239"/>
							<String ID="string_232" HPOS="258" VPOS="1205" WIDTH="52" HEIGHT="21" WC="0.96" CONTENT="nära"/><SP WIDTH="16" VPOS="1205" HPOS="310"/>
							<String ID="string_233" HPOS="326" VPOS="1204" WIDTH="111" HEIGHT="25" WC="0.93" CONTENT="samband,"/><SP WIDTH="16" VPOS="1204" HPOS="437"/>
							<String ID="string_234" HPOS="453" VPOS="1205" WIDTH="60" HEIGHT="21" WC="0.92" CONTENT="hvari"/><SP WIDTH="16" VPOS="1205" HPOS="513"/>
							<String ID="string_235" HPOS="529" VPOS="1206" WIDTH="28" HEIGHT="26" WC="0.65" CONTENT="$$"/><SP WIDTH="18" VPOS="1206" HPOS="557"/>
							<String ID="string_236" HPOS="575" VPOS="1206" WIDTH="9" HEIGHT="20" WC="0.96" CONTENT="1"/><SP WIDTH="18" VPOS="1206" HPOS="584"/>
							<String ID="string_237" HPOS="602" VPOS="1204" WIDTH="40" HEIGHT="22" WC="0.96" CONTENT="och"/><SP WIDTH="15" VPOS="1204" HPOS="642"/>
							<String ID="string_238" HPOS="657" VPOS="1205" WIDTH="12" HEIGHT="21" WC="0.95" CONTENT="3"/><SP WIDTH="17" VPOS="1205" HPOS="669"/>
							<String ID="string_239" HPOS="686" VPOS="1205" WIDTH="34" HEIGHT="20" WC="0.96" CONTENT="stä"/><SP WIDTH="15" VPOS="1205" HPOS="720"/>
							<String ID="string_240" HPOS="735" VPOS="1204" WIDTH="32" HEIGHT="22" WC="0.96" CONTENT="till"/><SP WIDTH="17" VPOS="1204" HPOS="767"/>
							<String ID="string_241" HPOS="784" VPOS="1205" WIDTH="128" HEIGHT="24" WC="0.96" CONTENT="hvarandra,"/>
						</TextLine>
						<TextLine ID="line_32" HPOS="160" VPOS="1239" WIDTH="590" HEIGHT="26">
							<String ID="string_242" HPOS="160" VPOS="1240" WIDTH="22" HEIGHT="20" WC="0.93" CONTENT="åt"/><SP WIDTH="15" VPOS="1240" HPOS="182"/>
							<String ID="string_243" HPOS="197" VPOS="1239" WIDTH="178" HEIGHT="20" WC="0.92" CONTENT="bestämmelsena"/><SP WIDTH="15" VPOS="1239" HPOS="375"/>
							<String ID="string_244" HPOS="390" VPOS="1239" WIDTH="7" HEIGHT="19" WC="0.93" CONTENT="i"/><SP WIDTH="16" VPOS="1239" HPOS="397"/>
							<String ID="string_245" HPOS="413" VPOS="1240" WIDTH="13" HEIGHT="24" WC="0.92" CONTENT="$"/><SP WIDTH="16" VPOS="1240" HPOS="426"/>
							<String ID="string_246" HPOS="442" VPOS="1240" WIDTH="13" HEIGHT="19" WC="0.93" CONTENT="2"/><SP WIDTH="14" VPOS="1240" HPOS="455"/>
							<String ID="string_247" HPOS="469" VPOS="1239" WIDTH="62" HEIGHT="25" WC="0.92" CONTENT="gifvit"/><SP WIDTH="16" VPOS="1239" HPOS="531"/>
							<String ID="string_248" HPOS="547" VPOS="1239" WIDTH="56" HEIGHT="26" WC="0.96" CONTENT="plats"/><SP WIDTH="16" VPOS="1239" HPOS="603"/>
							<String ID="string_249" HPOS="619" VPOS="1240" WIDTH="67" HEIGHT="20" WC="0.96" CONTENT="under"/><SP WIDTH="16" VPOS="1240" HPOS="686"/>
							<String ID="string_250" HPOS="702" VPOS="1240" WIDTH="13" HEIGHT="24" WC="0.71" CONTENT="$"/><SP WIDTH="16" VPOS="1240" HPOS="715"/>
							<String ID="string_251" HPOS="731" VPOS="1239" WIDTH="19" HEIGHT="20" WC="0.96" CONTENT="3."/>
						</TextLine>
					</TextBlock>
					<TextBlock ID="block_9" HPOS="160" VPOS="1272" WIDTH="752" HEIGHT="96">
						<TextLine ID="line_33" HPOS="229" VPOS="1272" WIDTH="683" HEIGHT="27">
							<String ID="string_252" HPOS="229" VPOS="1272" WIDTH="33" HEIGHT="20" WC="0.96" CONTENT="Då"/><SP WIDTH="19" VPOS="1272" HPOS="262"/>
							<String ID="string_253" HPOS="281" VPOS="1272" WIDTH="32" HEIGHT="20" WC="0.92" CONTENT="uti"/><SP WIDTH="22" VPOS="1272" HPOS="313"/>
							<String ID="string_254" HPOS="335" VPOS="1273" WIDTH="13" HEIGHT="25" WC="0.90" CONTENT="$"/><SP WIDTH="24" VPOS="1273" HPOS="348"/>
							<String ID="string_255" HPOS="372" VPOS="1273" WIDTH="10" HEIGHT="19" WC="0.96" CONTENT="1"/><SP WIDTH="25" VPOS="1273" HPOS="382"/>
							<String ID="string_256" HPOS="407" VPOS="1272" WIDTH="91" HEIGHT="21" WC="0.95" CONTENT="omtalas"/><SP WIDTH="15" VPOS="1272" HPOS="498"/>
							<String ID="string_257" HPOS="513" VPOS="1272" WIDTH="59" HEIGHT="21" WC="0.93" CONTENT="såväl"/><SP WIDTH="16" VPOS="1272" HPOS="572"/>
							<String ID="string_258" HPOS="588" VPOS="1272" WIDTH="97" HEIGHT="20" WC="0.92" CONTENT="embeten"/><SP WIDTH="17" VPOS="1272" HPOS="685"/>
							<String ID="string_259" HPOS="702" VPOS="1278" WIDTH="44" HEIGHT="14" WC="0.93" CONTENT="som"/><SP WIDTH="16" VPOS="1278" HPOS="746"/>
							<String ID="string_260" HPOS="762" VPOS="1272" WIDTH="96" HEIGHT="27" WC="0.92" CONTENT="tjenster,"/><SP WIDTH="14" VPOS="1272" HPOS="858"/>
							<String ID="string_261" HPOS="872" VPOS="1272" WIDTH="40" HEIGHT="21" WC="0.97" CONTENT="har"/>
						</TextLine>
						<TextLine ID="line_34" HPOS="160" VPOS="1306" WIDTH="751" HEIGHT="28">
							<String ID="string_262" HPOS="160" VPOS="1306" WIDTH="110" HEIGHT="22" WC="0.96" CONTENT="Utskottet"/><SP WIDTH="21" VPOS="1306" HPOS="270"/>
							<String ID="string_263" HPOS="291" VPOS="1306" WIDTH="71" HEIGHT="27" WC="0.96" CONTENT="utbytt"/><SP WIDTH="23" VPOS="1306" HPOS="362"/>
							<String ID="string_264" HPOS="385" VPOS="1306" WIDTH="108" HEIGHT="27" WC="0.92" CONTENT="uttrycket"/><SP WIDTH="23" VPOS="1306" HPOS="493"/>
							<String ID="string_265" HPOS="516" VPOS="1308" WIDTH="89" HEIGHT="25" WC="0.62" CONTENT=",tjenst&lt;"/><SP WIDTH="27" VPOS="1308" HPOS="605"/>
							<String ID="string_266" HPOS="632" VPOS="1306" WIDTH="7" HEIGHT="19" WC="0.92" CONTENT="i"/><SP WIDTH="22" VPOS="1306" HPOS="639"/>
							<String ID="string_267" HPOS="661" VPOS="1308" WIDTH="11" HEIGHT="24" WC="0.91" CONTENT="$"/><SP WIDTH="24" VPOS="1308" HPOS="672"/>
							<String ID="string_268" HPOS="696" VPOS="1306" WIDTH="12" HEIGHT="21" WC="0.93" CONTENT="3"/><SP WIDTH="24" VPOS="1306" HPOS="708"/>
							<String ID="string_269" HPOS="732" VPOS="1307" WIDTH="21" HEIGHT="26" WC="0.92" CONTENT="($"/><SP WIDTH="24" VPOS="1307" HPOS="753"/>
							<String ID="string_270" HPOS="777" VPOS="1306" WIDTH="23" HEIGHT="28" WC="0.96" CONTENT="2)"/><SP WIDTH="16" VPOS="1306" HPOS="800"/>
							<String ID="string_271" HPOS="816" VPOS="1309" WIDTH="44" HEIGHT="18" WC="0.96" CONTENT="mot"/><SP WIDTH="16" VPOS="1309" HPOS="860"/>
							<String ID="string_272" HPOS="876" VPOS="1307" WIDTH="35" HEIGHT="20" WC="0.96" CONTENT="det"/>
						</TextLine>
						<TextLine ID="line_35" HPOS="160" VPOS="1340" WIDTH="505" HEIGHT="28">
							<String ID="string_273" HPOS="160" VPOS="1347" WIDTH="60" HEIGHT="15" WC="0.95" CONTENT="mera"/><SP WIDTH="15" VPOS="1347" HPOS="220"/>
							<String ID="string_274" HPOS="235" VPOS="1340" WIDTH="133" HEIGHT="22" WC="0.96" CONTENT="omfattande"/><SP WIDTH="16" VPOS="1340" HPOS="368"/>
							<String ID="string_275" HPOS="384" VPOS="1340" WIDTH="110" HEIGHT="28" WC="0.93" CONTENT="uttrycket"/><SP WIDTH="16" VPOS="1340" HPOS="494"/>
							<String ID="string_276" HPOS="510" VPOS="1357" WIDTH="11" HEIGHT="11" WC="0.51" CONTENT=",,"/><SP WIDTH="4" VPOS="1357" HPOS="521"/>
							<String ID="string_277" HPOS="525" VPOS="1340" WIDTH="140" HEIGHT="27" WC="0.74" CONTENT="befattning&quot;."/>
						</TextLine>
					</TextBlock>
					<TextBlock ID="block_10" HPOS="161" VPOS="1374" WIDTH="751" HEIGHT="63">
						<TextLine ID="line_36" HPOS="228" VPOS="1374" WIDTH="684" HEIGHT="28">
							<String ID="string_278" HPOS="228" VPOS="1375" WIDTH="162" HEIGHT="27" WC="0.93" CONTENT="Benämningen"/><SP WIDTH="26" VPOS="1375" HPOS="390"/>
							<String ID="string_279" HPOS="416" VPOS="1374" WIDTH="146" HEIGHT="26" WC="0.87" CONTENT=",främmande"/><SP WIDTH="16" VPOS="1374" HPOS="562"/>
							<String ID="string_280" HPOS="578" VPOS="1374" WIDTH="104" HEIGHT="22" WC="0.86" CONTENT="troslära*"/><SP WIDTH="18" VPOS="1374" HPOS="682"/>
							<String ID="string_281" HPOS="700" VPOS="1375" WIDTH="39" HEIGHT="21" WC="0.95" CONTENT="har"/><SP WIDTH="15" VPOS="1375" HPOS="739"/>
							<String ID="string_282" HPOS="754" VPOS="1374" WIDTH="111" HEIGHT="23" WC="0.90" CONTENT="Utskottet"/><SP WIDTH="15" VPOS="1374" HPOS="865"/>
							<String ID="string_283" HPOS="880" VPOS="1376" WIDTH="32" HEIGHT="20" WC="0.84" CONTENT="ät-"/>
						</TextLine>
						<TextLine ID="line_37" HPOS="161" VPOS="1410" WIDTH="560" HEIGHT="27">
							<String ID="string_284" HPOS="161" VPOS="1416" WIDTH="40" HEIGHT="16" WC="0.96" CONTENT="ven"/><SP WIDTH="15" VPOS="1416" HPOS="201"/>
							<String ID="string_285" HPOS="216" VPOS="1410" WIDTH="7" HEIGHT="21" WC="0.96" CONTENT="i"/><SP WIDTH="16" VPOS="1410" HPOS="223"/>
							<String ID="string_286" HPOS="239" VPOS="1410" WIDTH="71" HEIGHT="22" WC="0.96" CONTENT="denna"/><SP WIDTH="15" VPOS="1410" HPOS="310"/>
							<String ID="string_287" HPOS="325" VPOS="1410" WIDTH="126" HEIGHT="27" WC="0.96" CONTENT="förordning"/><SP WIDTH="16" VPOS="1410" HPOS="451"/>
							<String ID="string_288" HPOS="467" VPOS="1412" WIDTH="67" HEIGHT="19" WC="0.96" CONTENT="ersatt"/><SP WIDTH="15" VPOS="1412" HPOS="534"/>
							<String ID="string_289" HPOS="549" VPOS="1416" WIDTH="78" HEIGHT="21" WC="0.96" CONTENT="genom"/><SP WIDTH="16" VPOS="1416" HPOS="627"/>
							<String ID="string_290" HPOS="643" VPOS="1416" WIDTH="78" HEIGHT="15" WC="0.95" CONTENT="annan."/>
						</TextLine>
					</TextBlock>
					<TextBlock ID="block_11" HPOS="228" VPOS="1449" WIDTH="327" HEIGHT="24">
						<TextLine ID="line_38" HPOS="228" VPOS="1449" WIDTH="327" HEIGHT="24">
							<String ID="string_291" HPOS="228" VPOS="1450" WIDTH="133" HEIGHT="23" WC="0.90" CONTENT="Lagutskottets"/><SP WIDTH="11" VPOS="1450" HPOS="361"/>
							<String ID="string_292" HPOS="372" VPOS="1450" WIDTH="109" HEIGHT="18" WC="0.96" CONTENT="betänkande"/><SP WIDTH="11" VPOS="1450" HPOS="481"/>
							<String ID="string_293" HPOS="492" VPOS="1449" WIDTH="35" HEIGHT="19" WC="0.95" CONTENT="N:o"/><SP WIDTH="14" VPOS="1449" HPOS="527"/>
							<String ID="string_294" HPOS="541" VPOS="1450" WIDTH="14" HEIGHT="17" WC="0.96" CONTENT="9."/>
						</TextLine>
					</TextBlock>
				</ComposedBlock>
				<GraphicalElement ID="cblock_7" HPOS="1011" VPOS="1408" WIDTH="3" HEIGHT="301"></GraphicalElement >
			</PrintSpace>
		</Page>
	</Layout>
</alto>
