1017 1700
215 144 41 21 142
405 142 65 24 Ständ.
491 143 30 24 $v.
537 155 27 4 —
580 142 55 30 Prop.
651 142 38 24 N:o.
704 143 15 23 1.

186 208 84 21 återfall
285 208 7 21 i
307 208 65 26 något
389 208 24 20 af
425 209 92 21 nämnda
534 208 65 27 brott,
615 208 33 21 för
662 210 47 25 nytt
723 209 83 21 återfall
822 209 48 21 med
885 209 56 21 tukt-

186 241 40 22 hus
241 241 46 22 från
304 242 39 21 och
358 242 48 21 med
421 244 31 19 ett
467 243 32 21 till
515 242 39 22 och
569 243 48 20 med
632 249 38 15 sex
685 243 30 21 år.

255 281 12 22 7
283 281 18 27 8.
331 282 45 21 Har
397 282 69 26 någon
485 283 14 21 &
517 282 104 22 särskilda
637 282 76 22 ställen
728 283 52 21 eller
794 283 56 21 tider
865 282 74 27 begått

186 316 95 25 snatteri,
304 315 56 22 stöld
382 316 51 21 eller
454 316 87 27 inbrott,
564 316 52 21 eller
638 317 55 21 varit
715 316 94 28 delaktig
824 317 46 21 deri
885 317 53 21 eller

186 350 56 27 gjort
262 350 74 21 försök
353 350 34 21 till
406 350 76 21 sådant
501 351 64 25 brott,
581 350 40 21 och
635 351 76 20 varder
726 351 42 20 han
783 350 72 22 derför
869 351 27 26 på
911 357 26 15 en

185 383 55 28 gång
258 383 93 27 lagförd;
373 384 56 27 gälle
452 384 55 21 hvad
522 385 6 21 i
549 385 13 21 2
578 384 53 21 eller
646 385 13 20 3
674 384 11 27 $
701 384 11 21 7
728 385 48 27 kap.
793 387 24 19 är
832 385 106 27 stadgadt.

255 424 12 21 8
283 424 18 27 &.
331 424 54 27 Den,
408 431 45 15 som
473 424 56 27 gjort
545 425 32 26 sig
599 424 98 22 förfallen
712 425 33 20 till
760 424 62 22 straff
834 424 34 22 för
884 424 56 22 stöld

187 459 51 21 eller
260 459 87 26 inbrott,
369 459 64 22 varde
456 459 39 22 ock
518 459 63 22 dömd
603 459 98 28 förlustig
716 459 165 28 medborgerligt
896 459 42 22 för-

186 494 95 21 troende.

503 588 36 20 29
557 590 68 23 Kap.

475 636 31 23 Om
522 636 127 28 försnillning.

255 700 11 21 1
283 699 18 27 8.
331 699 106 27 Tillegnar
459 705 48 16 man
529 700 38 27 sig,
589 701 52 20 utan
662 699 49 27 laga
729 701 49 25 rätt,
801 707 81 15 annans
896 700 42 21 lös-

186 734 109 28 egendom,
311 733 84 22 hvilken
411 740 48 15 man
479 734 39 21 har
536 734 8 21 i
559 734 32 21 sin
605 733 71 27 värjo;
699 733 83 23 straffes
797 733 33 22 för
845 734 92 23 försnill-

185 771 50 26 ning
250 769 47 21 med
312 769 61 22 böter
388 769 51 20 eller
455 768 94 28 fängelse
564 769 7 20 i
585 769 64 26 högst
664 769 31 20 ett
710 769 31 21 år.

255 809 44 22 Var
319 809 130 28 egendomen
467 809 133 27 förbrytaren
618 808 125 22 anförtrodd
762 809 68 22 under
844 809 38 28 lås,
898 810 42 21 för-

186 845 87 27 segling,
297 844 52 21 eller
370 846 65 19 annat
459 843 99 28 stängsel,
583 843 52 22 eller
656 843 81 27 bergad
759 843 72 22 undan
853 850 85 21 uppror,

185 879 75 26 fiende,
275 879 74 26 brand,
369 878 109 27 vattunöd,
499 877 137 28 skeppsbrott
656 878 51 21 eller
721 885 70 15 annan
806 878 66 21 sådan
885 879 53 26 fara,

186 913 50 22 eller
258 915 37 19 äro
318 912 208 27 omständigheterna
551 912 60 27 eljest
633 913 135 26 synnerligen
789 912 148 27 försvårande;

184 954 50 15 vare
249 947 83 22 straffet
346 947 95 27 fängelse
456 947 47 21 från
519 947 39 21 och
573 947 48 21 med
635 947 36 21 två
686 947 100 21 månader
800 947 33 22 till
841 947 39 21 och
888 948 48 21 med

185 984 33 19 tre
233 982 23 21 år
272 981 52 22 eller
337 982 89 21 tukthus
445 982 6 20 i
466 982 63 26 högst
543 983 32 19 tre
591 981 29 22 år.

252 1023 14 22 2
281 1022 18 28 &.
329 1023 64 26 Hvar,
413 1028 45 16 som
472 1022 69 22 finner
556 1022 53 21 eller
627 1022 67 21 hittar
708 1022 70 27 något,
794 1022 52 21 eller
860 1027 76 22 genom

184 1063 69 15 annan
268 1057 66 21 sådan
349 1057 130 26 tillfällighet
493 1057 95 21 kommer
603 1057 7 20 i
625 1057 115 25 besittning
755 1056 22 22 af
791 1057 64 27 något
870 1057 40 21 och
920 1057 18 27 ej

184 1091 54 21 låter
252 1092 24 20 så
291 1091 102 26 kungöra,
414 1096 45 16 som
481 1092 7 20 i
503 1091 34 27 lag
555 1093 24 19 är
594 1091 105 26 stadgadt,
709 1090 89 22 straffes
812 1090 49 22 med
876 1090 62 22 böter

184 1125 62 28 högst
261 1125 119 22 tvåhundra
395 1125 67 22 mark.

252 1160 97 26 Förtiger
370 1160 43 21 han
435 1159 72 26 fyndet
526 1160 52 21 eller
597 1159 135 26 hittegodset,
752 1159 27 21 då
793 1165 77 20 egaren
885 1159 53 21 eller

184 1200 69 15 annan
276 1195 71 20 dertill
368 1194 121 26 berättigad
511 1194 67 27 gifver
595 1194 32 25 sig
646 1193 111 26 tillkänna,
772 1193 52 22 eller
839 1193 98 27 tillegnar

183 1229 43 20 han
245 1229 33 26 sig
297 1229 37 20 det
351 1228 138 25 annorlunda,
508 1230 51 19 utan
574 1228 49 25 laga
637 1229 53 24 rätt;
712 1233 50 15 vare
778 1227 84 22 straffet
875 1227 61 21 böter

184 1261 51 22 eller
250 1261 93 27 fängelse
358 1261 19 27 ej
395 1261 58 22 öfver
468 1262 31 20 ett
515 1261 29 21 år.
711 1258 5 2 N

252 1295 10 21 I
281 1295 42 22 alla
343 1295 61 21 dessa
423 1295 38 21 fall
480 1301 50 15 vare
550 1295 91 21 hittelön
656 1295 39 21 och
710 1295 49 27 laga
773 1295 62 21 andel
850 1295 7 21 i
872 1294 63 22 hitte-

182 1330 75 28 godset
271 1329 133 23 förverkade.

252 1365 41 22 Om
307 1365 52 28 fynd
373 1365 24 21 af
409 1364 110 23 fornsaker
534 1367 24 20 är
573 1364 101 23 särskildt
689 1364 105 29 stadgadt.
