1017 1711
243 144 27 22 92
551 144 38 21 N:o
605 143 18 22 1.

216 208 65 19 borde
297 207 93 26 aflägsna
406 207 89 25 hindret,
512 207 34 20 det
562 207 36 20 der
614 206 127 27 qvarblifva;
757 206 48 21 böte
816 207 61 26 högst
887 206 72 20 femtio

217 242 66 19 mark.

283 281 45 26 Lag
350 286 79 14 samma
452 286 56 19 vare,
523 287 33 13 om
580 281 68 25 någon
664 279 23 20 af
699 280 76 26 illvilja
790 280 52 20 eller
857 280 101 20 öfverdåd

216 315 86 20 hindrar
316 321 68 13 annan
400 317 31 17 att
446 314 70 20 färdas
532 314 12 20 å
559 314 78 20 allmän
653 316 48 24 väg,
717 316 49 24 gata
781 314 54 20 eller
850 317 53 24 torg.

287 350 24 19 15
327 348 20 29 $.
377 345 85 30 Öppnar
481 355 46 13 man
548 354 80 14 annans
648 348 59 26 grind
725 348 52 20 eller
792 348 42 23 led,
850 348 39 20 och
905 350 55 18 stän-

217 391 36 20 ger
275 385 19 25 ej
313 384 55 24 åter;
384 383 55 25 böte,
460 389 33 13 om
510 382 147 27 målseganden
679 382 52 20 derå
751 382 60 26 talar,
827 382 61 27 högst
902 383 58 26 tjugu

217 418 66 20 mark,

288 459 22 19 16
326 458 20 26 &.
376 458 52 24 Den,
443 464 43 14 som
502 458 7 19 i
524 458 54 25 stad,
593 457 78 27 köping
687 457 51 21 eller
754 457 28 27 by
801 457 51 21 åker
866 458 53 20 eller
935 458 26 19 ri-

216 493 37 20 der
268 492 133 26 öfverdädigt
421 492 13 19 å
453 494 57 24 gata,
526 495 46 24 torg
587 492 52 20 eller
655 492 76 20 allmän
748 495 47 23 väg,
811 492 52 20 eller
879 492 37 20 der
930 492 30 20 öf-

215 534 38 13 var
268 528 19 19 in
304 527 54 24 häst,
374 527 48 19 böte
437 526 63 27 högst
515 526 71 21 femtio
602 526 65 20 mark.

286 568 23 19 17
326 566 20 28 &.
376 567 88 19 Lemnar
486 573 46 13 man
556 568 6 19 i
585 566 53 25 stad,
661 567 79 26 köping
758 567 53 20 eller
833 566 28 28 by
877 568 13 18 &
904 569 57 24 gata,

216 605 46 23 torg
277 601 52 20 eller
346 604 46 24 väg,
409 604 49 17 utan
475 601 71 25 tillsyn
563 601 47 20 häst
624 600 52 21 eller
687 603 64 18 annat
761 601 93 26 kreatur,
865 607 43 14 som
919 601 42 20 kan

215 636 68 21 skada
298 636 127 23 menniskor,
442 635 48 20 böte
506 635 62 27 högst
583 635 70 20 femtio
670 635 65 20 mark.

287 677 23 19 18
326 674 19 29 8.
376 672 85 29 Öppnar
484 675 57 21 smed
566 675 36 25 läs,
618 674 51 21 eller
692 675 109 20 tillverkar
823 675 40 20 han
883 675 78 27 nyckel

217 711 76 25 dertill,
313 713 49 18 utan
382 710 93 20 tillständ
494 710 23 19 af
534 711 46 25 den,
596 716 44 14 som
661 710 38 19 har
714 712 43 18 rätt
771 712 32 18 att
818 713 70 24 öppna
902 710 61 27 läset,

216 747 53 19 eller
284 745 104 20 anförtror
407 745 41 20 han
468 745 53 26 dyrk
538 745 51 20 eller
605 744 54 21 falsk
675 744 78 28 nyckel
769 745 21 20 ät
805 745 47 26 den,
868 745 42 20 han
924 746 39 19 har

216 780 46 21 skäl
278 782 31 17 att
324 780 92 24 misstro;
432 779 48 20 böte
496 779 61 28 högst
572 779 119 20 tvähundra
707 780 65 21 mark.

283 814 127 20 Missvärdar
432 813 41 21 han
497 813 54 27 dyrk
571 814 52 20 eller
638 814 55 20 falsk
710 814 83 27 nyckel,
809 814 24 21 sä
847 817 32 18 att
893 821 69 14 annan

217 849 41 21 kan
274 849 107 19 ätkomma
396 849 52 25 den;
464 848 49 20 böte
528 849 62 25 högst
604 848 113 20 etthundra
732 848 66 20 mark.

286 888 24 20 19
327 887 19 29 8.
376 888 91 20 Innehar
481 888 33 20 lös
524 895 74 19 person
610 888 53 26 dyrk
674 888 53 20 eller
737 888 54 20 falsk
802 888 89 27 nyckel;
902 888 60 21 straf-

216 924 30 20 fes
266 922 47 21 med
335 923 58 19 böter
411 922 62 27 högst
491 923 111 19 etthundra
618 922 58 20 mark
692 922 53 20 eller
761 922 94 27 fängelse
869 923 19 26 ej
904 922 60 22 öfver

216 958 59 26 tjugu
291 957 71 27 dagar.

284 997 44 27 Lag
350 1004 80 13 samma
453 1003 55 20 vare,
524 1004 33 13 om
578 997 133 27 tjenstehjon,
727 1000 50 16 utan
793 997 119 21 husbondes
926 997 37 25 lof,

216 1032 89 20 innehar
321 1032 60 26 dyrk,
396 1032 56 20 falsk
470 1032 83 26 nyckel,
564 1032 76 20 dubbel
655 1032 76 26 nyckel
743 1032 52 20 eller
805 1032 159 27 hufvudnyckel

217 1067 31 20 till
264 1066 37 25 lås,
317 1073 44 14 som
377 1069 23 18 är
416 1066 5 20 i
439 1066 133 21 husbondens
587 1065 65 29 värjo.

284 1108 27 19 20
327 1106 19 29 &.
376 1107 63 25 Hvar,
461 1113 44 14 som
527 1107 6 20 i
556 1107 54 26 stad,
633 1107 85 27 köping,
741 1107 27 26 by
789 1107 53 20 eller
857 1107 52 27 gård
924 1109 40 24 gör

216 1141 31 26 sig
263 1141 85 26 skyldig
363 1141 32 19 till
412 1141 93 20 vanvård
521 1141 23 19 af
558 1142 32 19 eld
607 1141 51 20 eller
673 1142 39 19 lätt
727 1141 110 26 eldfängdt
852 1144 68 22 ämne,
930 1141 34 19 så-

216 1181 43 14 som
283 1177 31 17 att
336 1175 41 19 han
400 1175 50 25 sjelf
470 1176 36 19 bär
524 1175 52 20 eller
591 1175 111 27 tillstädjer
717 1182 70 13 annan
803 1175 51 20 bära
869 1177 23 17 ut
906 1174 56 21 brin-

216 1209 69 20 nande
304 1208 39 26 ljus
362 1212 48 16 utan
426 1208 67 27 lykta,
509 1209 53 20 eller
577 1216 69 13 annan
662 1210 33 19 eld
713 1210 6 19 i
735 1210 61 19 uthus
811 1209 52 20 eller
879 1209 13 20 å
906 1209 58 25 vind,

215 1242 53 20 eller
283 1242 32 19 till
331 1246 64 15 annat
409 1249 53 19 rum,
477 1243 37 19 der
532 1244 38 18 lätt
588 1244 131 19 antändbara
735 1243 44 25 ting
795 1242 101 26 förvaras,
912 1242 52 20 eller

216 1278 37 22 gör
269 1276 34 19 eld
318 1275 7 19 i
341 1282 40 19 ugn
399 1275 53 19 eller
466 1276 64 25 spisel
546 1276 40 20 och
602 1276 40 20 den
658 1278 19 24 ej
693 1276 84 24 vårdar,
792 1274 52 22 eller
859 1276 63 19 röker
932 1277 30 18 to-

215 1308 43 21 bak
280 1310 6 18 i
309 1308 111 20 foderlada
442 1309 54 20 eller
518 1309 27 26 på
561 1312 65 17 annat
640 1310 76 20 sådant
731 1309 68 26 ställe,
816 1308 52 21 eller
883 1312 81 23 uppgör

215 1343 53 21 eller
283 1343 54 20 låter
352 1346 95 24 uppgöra
465 1343 35 21 eld
516 1343 6 20 i
538 1344 91 25 eldstad,
643 1344 86 20 hvilken
745 1344 40 20 han
802 1346 37 18 vet
852 1349 51 14 vara
918 1343 45 20 eld-

215 1378 70 27 farlig,
301 1378 49 20 böte
364 1378 62 26 högst
441 1378 72 20 femtio
525 1378 64 22 mark.

283 1411 125 21 Vanvårdar
432 1419 46 13 man
494 1412 34 20 eld
552 1413 12 19 å
582 1412 76 27 fartyg,
674 1412 59 20 hvari
749 1414 65 18 annat
829 1412 44 21 folk
890 1411 72 27 finnes,

216 1447 52 20 eller
284 1446 81 21 hvilket
379 1446 68 27 ligger
462 1447 7 19 i
485 1446 73 26 hamn;
575 1452 48 14 vare
638 1446 35 27 lag
689 1452 86 14 samma.
