1025 1703
64 204 46 20 Strfi.
118 204 23 16 19
148 204 45 22 Kap.

219 143 27 31 54
453 147 22 19 U.
490 147 21 19 B.
527 157 21 4 —
563 147 61 23 Prop.
636 147 36 19 N:o
684 149 16 17 1.

269 203 39 20 För
329 204 61 25 öfrigt
412 204 31 20 må
461 207 86 22 nämnas,
565 207 30 17 att
613 204 7 19 i
636 204 104 20 Utskottet
754 205 113 25 föreslagits
882 204 69 20 sådant

201 238 72 24 tillägg
293 238 33 18 till
348 237 128 20 förevarande
496 238 19 25 &,
533 240 30 17 att
581 238 101 19 horsbrott
700 238 52 26 finge
767 238 62 20 åtalas
844 238 22 19 af
879 238 72 19 allmän

201 271 94 25 åklagare
320 271 59 20 äfven
400 272 6 19 i
430 272 33 19 det
484 272 42 25 fall,
549 272 25 19 då
595 272 74 20 brottet
691 272 53 20 skett
766 272 115 26 offentligen
904 272 49 20 eller

201 305 60 19 väckt
289 306 73 18 allmän
388 306 115 25 förargelse,
529 312 43 13 men
597 308 30 17 att
652 305 104 21 Utskottet
781 308 64 18 ansett
871 312 23 13 en
919 306 34 20 be-

201 340 97 24 stämning
316 340 22 18 af
355 339 61 20 denna
435 340 136 19 beskaffenhet
589 340 44 19 med
651 340 91 19 afseende
760 340 13 19 å
787 340 44 19 dess
846 340 107 19 sväfvande

201 373 36 19 och
256 373 112 25 uttänjbara
386 373 106 26 affattning
507 373 65 20 kunna
587 373 44 20 leda
646 374 31 19 till
693 373 97 26 obefogad
805 374 128 25 inblandning
947 374 7 19 i

201 407 132 25 familjelifvet
355 407 36 20 och
415 407 59 20 äfven
496 407 56 26 eljest
574 407 70 20 hindra
665 407 128 26 möjligheten
816 408 21 19 af
854 408 101 25 försoning

201 441 83 19 emellan
305 441 99 24 makarne,
427 441 92 20 hvarföre
541 442 96 25 förslaget
658 441 22 20 af
696 441 104 20 Utskottet
818 442 44 19 icke
880 442 75 19 kunnat

201 475 98 20 omfattas.

270 509 12 21 4
296 508 18 29 8.
336 509 11 20 I
362 510 62 19 denna
439 510 19 26 $,
474 517 40 12 som
529 510 83 20 handlar
627 516 31 13 om
673 510 83 25 tvegifte
772 510 22 19 af
807 510 39 26 gift
858 517 43 12 man
913 510 43 19 med

202 544 51 25 ogift
275 545 79 25 gvinna,
373 544 79 25 stadgas
471 545 64 25 straff,
555 545 30 18 för
600 544 37 19 den
653 545 49 24 gifte
718 544 82 19 tukthus
816 545 6 18 i
838 544 58 25 högst
911 544 46 25 fyra

202 579 22 19 år
243 578 54 26 eller,
314 579 6 18 i
336 578 36 20 fall
387 579 192 25 omständigheterna
594 581 33 17 äro
643 579 126 25 synnerligen
784 579 114 25 mildrande,
914 579 42 19 fän-

201 613 55 25 gelse
274 613 44 20 frän
337 613 36 20 och
391 613 43 19 med
454 614 34 19 tvä
507 613 91 20 mänader
616 613 32 19 till
666 613 36 19 och
717 613 44 20 med
776 613 35 20 tvä
825 613 23 20 är
862 615 50 17 samt
926 613 31 20 för

202 647 37 20 den
257 648 62 25 ogifte
337 647 88 26 fängelse
444 647 6 20 i
470 647 58 26 högst
546 648 35 19 tvä
599 648 28 19 är.
656 648 32 19 Dä
704 647 36 20 den
755 648 61 25 ogifte
832 651 22 16 är
868 647 89 26 medger-

202 682 101 25 ningsman
322 681 32 19 till
373 684 28 17 ett
418 682 60 25 brott,
497 682 30 19 för
545 682 78 19 hvilket
642 682 36 19 den
698 681 70 20 andras
787 682 112 25 personliga
917 682 40 19 för-

202 716 91 19 hällande
308 718 23 17 är
345 722 24 13 en
384 716 99 25 väsentlig
497 716 115 25 betingelse,
628 716 23 19 sä
665 718 23 17 är
703 716 37 19 den
756 718 52 17 stora
824 716 77 19 skilnad
917 722 40 13 som

202 750 8 18 i
228 750 44 19 näd.
291 756 56 19 prop.
365 750 63 25 gjorts
448 750 82 20 emellan
551 750 37 19 den
606 750 72 25 ogiftes
698 750 35 19 och
751 750 60 25 giftes
826 750 133 20 straffbarhet

203 784 62 25 enligt
287 784 113 19 Utskottets
419 784 59 19 tanke
497 784 79 20 stäende
595 784 7 19 i
621 784 50 19 strid
689 784 43 19 med
748 784 188 25 grundprinciperna
951 784 7 18 i

203 818 12 19 5
235 818 46 25 kap.
303 818 102 25 Riktigast
420 824 46 14 vore
481 818 40 25 väl,
536 820 29 18 att
579 818 7 19 i
601 818 54 20 detta
670 818 36 19 och
722 818 62 20 andra
800 818 99 20 likartade
915 818 42 24 fall,

202 859 41 13 som
265 853 7 18 i
294 852 129 20 förevarande
446 852 46 26 kap.
515 852 127 25 förekomma,
661 852 37 20 den
716 852 50 26 gifte
786 852 36 20 och
842 853 36 19 den
897 853 61 25 ogifte

203 886 72 20 stäldes
293 886 62 20 under
372 892 73 14 samma
463 886 133 25 strafflatitud,
613 886 52 20 inom
682 886 84 20 hvilken
782 886 36 20 den
834 887 63 19 förres
914 894 44 18 per-

202 920 77 26 sonliga
293 920 123 20 förhållande
430 920 52 26 finge
497 920 62 20 verka
573 921 64 19 såsom
651 920 208 26 straffh&jningsskäl;
875 928 43 13 men
934 922 25 20 dä

201 954 65 20 likväl
284 954 79 20 straffet
380 954 30 20 för
430 955 35 19 den
481 955 49 25 gifte
545 956 7 18 i
567 955 40 19 alla
622 955 36 19 fall
673 956 61 18 mäste
750 956 51 19 inom
816 956 96 20 latituden
927 958 31 17 ut-

203 991 61 17 mätas
281 988 143 26 jemförelsevis
444 991 108 23 strängare,
572 989 37 19 har
628 989 104 20 Utskottet
746 992 65 17 ansett
833 990 5 19 2
854 992 105 18 momentet

203 1022 66 20 kunna
290 1022 121 25 godkännas,
428 1022 44 20 ifall
487 1023 124 19 straffsatsen
630 1023 82 25 skärpes
727 1023 89 26 sålunda,
832 1026 29 17 att
875 1024 83 20 tukthus

203 1056 18 25 ej
237 1056 56 19 öfver
308 1056 34 19 två
357 1056 22 19 år
393 1056 100 25 tillägges,
510 1057 35 19 och
560 1056 36 19 har
611 1057 69 19 sådant
695 1057 72 26 tillägg
778 1057 54 26 förty
844 1058 21 19 af
875 1058 82 20 Utskot-

202 1091 29 18 tet
245 1090 69 25 gjorts.

271 1122 12 21 6
305 1122 12 29 &
339 1123 83 20 handlar
440 1130 30 13 om
489 1124 36 19 den
545 1124 131 19 förberedelse
696 1125 31 19 till
746 1125 90 26 tvegifte,
856 1132 41 13 som
912 1126 47 20 sker

203 1164 69 19 genom
291 1160 29 17 att
337 1157 39 26 gift
393 1164 70 19 person
479 1158 95 20 trolofvar
589 1159 31 24 sig
635 1159 44 19 med
694 1165 69 14 annan.
794 1159 82 20 Straffet
891 1163 22 16 är
927 1161 32 19 för

203 1191 56 19 såväl
275 1191 36 19 den
326 1191 50 25 gifte
391 1198 42 12 som
443 1192 36 19 den
495 1192 60 25 ogifte
570 1194 61 18 utsatt
642 1192 31 20 till
683 1193 117 25 ovilkorligt
810 1194 93 25 fängelse.
926 1194 33 20 Då

203 1225 110 20 emellertid
335 1226 13 18 4
370 1225 36 20 och
426 1225 11 20 5
456 1226 33 25 $$,
508 1226 70 20 hvilka
594 1226 100 20 innehålla
712 1228 60 19 straff
789 1228 31 19 för
838 1228 120 20 fullbordadt

203 1258 90 25 tvegifte,
313 1258 72 25 stadga
404 1261 30 17 att
453 1259 54 19 detta
525 1260 60 18 straff
602 1260 34 18 vid
654 1260 127 26 synnerligen
796 1261 107 20 mildrande
919 1268 39 13 om-

203 1292 135 25 ständigheter
360 1292 38 19 kan
421 1292 65 25 nedgä
503 1293 32 19 till
553 1293 94 25 fängelse,
663 1300 57 13 anser
737 1294 102 20 Utskottet
855 1295 103 26 möjlighet

203 1326 48 20 böra
273 1326 82 20 beredas
378 1326 90 20 domaren
486 1329 29 17 att
533 1328 30 18 för
581 1328 253 27 förberedelsehandlingen
853 1330 50 19 efter
917 1336 40 14 om-

202 1360 161 25 ständigheterna
384 1360 66 20 kunna
468 1363 74 18 utsätta
560 1362 79 19 straffet
657 1362 58 19 äfven
735 1363 7 18 i
760 1363 62 26 böter,
841 1363 36 20 och
896 1363 61 21 hafva

204 1395 10 18 1
231 1394 37 21 och
283 1394 13 20 2
311 1397 108 17 momenten
434 1395 22 20 af
470 1395 11 20 6
498 1395 13 26 &
525 1395 7 20 i
547 1395 69 20 sådant
631 1396 52 25 syfte
699 1397 87 20 ändrats.

271 1462 177 23 Straflagsutskottets
460 1464 102 17 betänkande
575 1464 35 17 N:o
627 1465 16 16 1.
