1011 1706
53 1341 12 23 $
77 1341 18 19 8.

175 145 27 21 20
380 144 20 20 U.
417 143 21 21 B.
454 154 28 3 —
498 143 55 26 Prop.
571 143 34 21 N:o
620 142 31 21 10.

144 206 79 21 landen
246 206 72 26 angår,
341 205 40 21 bör
399 204 88 21 införas.
518 204 72 21 Under
605 204 60 20 tiden
680 203 35 21 må
730 202 164 27 församlingens

145 240 139 28 presterskap
300 240 77 20 endast
392 240 28 26 på
436 238 54 21 hans
501 244 52 20 egen
565 238 93 26 begäran
669 236 135 28 tillhandagå
815 237 80 21 honom

146 274 48 22 med
216 273 114 28 presterlig
351 273 87 27 tjenst.*
468 272 68 22 Dessa
559 272 161 22 bestämmelser
739 271 56 21 hade
810 271 84 27 ingifvit

146 308 140 28 Kyrkomötet
301 307 173 27 betänkligheter
489 308 49 20 med
549 306 101 22 afseende
660 307 13 20 å
683 307 40 20 den
735 306 45 21 lösa
791 305 104 28 ställning

145 344 7 20 i
167 342 94 28 kyrkligt
277 342 40 21 och
331 342 97 26 religiöst
444 341 130 26 hänseende,
589 341 60 21 hvari
661 341 25 20 de
696 346 103 22 personer
809 340 86 21 komme

145 379 31 19 att
198 376 89 22 befinna
310 376 37 27 sig,
363 376 74 21 hvilka
452 376 47 21 icke
514 376 67 21 hörde
596 375 33 21 till
645 375 65 27 nägot
725 374 170 28 kyrkosamfund

143 412 7 20 i
173 412 79 20 landet.
283 410 116 28 Upptagna
422 410 7 20 i
444 410 111 21 lutherska
570 410 94 27 kyrkans
678 409 86 27 böcker,
779 409 72 21 kunde
867 410 26 20 de

144 447 52 26 göra
218 445 94 27 anspräk
328 445 28 27 pä
371 445 79 21 valrätt
465 445 39 21 och
519 444 113 22 valbarhet
647 444 8 21 i
669 443 159 28 församlingen,
844 450 49 15 men

145 480 65 21 likväl
232 486 50 15 vore
306 480 26 21 de
347 479 137 28 berättigade
500 481 31 20 att
547 481 14 20 t.
579 486 32 14 ex.
628 479 133 21 undanhålla
776 479 46 21 sina
838 479 55 20 barn

143 514 49 21 frän
215 515 64 26 dopet
302 514 39 21 och
365 514 261 27 religionsundervisning.
656 513 111 26 Personer,
786 513 107 28 likgiltiga

143 549 35 21 för
200 549 29 21 all
252 549 95 27 religion,
363 549 73 20 kunde
452 555 75 21 genom
543 549 164 26 ifrägavarande
722 548 171 28 lagstadganden

145 583 79 22 bereda
241 583 32 27 sig
289 589 26 15 en
331 583 232 28 undantagsställning,
579 583 83 26 skadlig
678 583 17 27 ej
712 583 55 21 blott
782 583 34 21 för
830 584 63 20 deras

144 620 48 25 eget
208 619 52 19 utan
276 617 40 22 ock
332 617 33 22 för
380 618 63 20 deras
458 617 103 28 familjers
573 617 88 27 andliga
671 617 41 26 väl,
724 620 55 19 samt
790 617 103 28 derjemte

144 652 70 27 egnad
236 654 31 19 att
290 652 68 21 väcka
377 651 118 28 förargelse
510 652 39 21 hos
565 651 158 27 församlingen.
752 651 141 28 Kyrkomötet

144 686 40 21 har
206 685 72 22 derför
300 688 71 19 ansett
395 687 59 20 detta
469 688 94 19 moment
577 685 53 22 böra
645 685 129 26 modifieras,
792 685 100 28 förslags-

143 721 31 21 vis
185 721 97 24 sälunda,
294 723 32 19 att
337 721 52 21 sista
400 722 71 19 satsen
487 721 2 20 i
500 722 116 20 momentet
627 722 90 19 ersattes
728 721 48 20 med
786 720 105 28 följande:

144 772 8 11 »
157 755 71 28 Under
238 755 59 21 tiden
309 755 56 21 skall
376 755 42 21 han
429 762 51 14 vara
491 755 147 22 underkastad
648 754 142 28 kyrkolagens
801 755 92 21 bestäm-

143 791 85 26 ningar;
244 797 48 14 men
308 789 80 22 valrätt
403 790 40 21 och
459 790 110 21 valbarhet
584 790 35 21 mä
634 789 78 21 honom
728 790 18 27 ej
761 790 32 20 uti
803 789 89 22 försam-

143 824 73 27 lingen
225 824 138 21 tillkomma.*
375 824 114 26 Utskottet,
499 831 52 18 som,
560 825 29 27 pä
597 825 42 20 sätt
647 824 91 27 tidigare
746 824 90 25 anförts,
844 825 47 21 icke

144 859 61 20 delar
215 859 150 27 Kyrkomötets
376 859 103 26 farhägor
490 859 134 21 beträffande
635 858 210 27 religionslöshetens
855 859 37 21 be-

142 893 120 27 främjande
279 900 77 21 genom
371 894 142 26 stadganden,
528 900 45 15 som
588 893 71 20 tilläta
673 893 67 21 finske
751 893 140 28 medborgare

143 929 33 19 att
192 928 33 20 stä
240 929 60 19 utom
315 927 74 27 hvarje
405 927 6 20 i
427 927 73 21 landet
515 928 107 21 inrättadt
633 927 208 26 religionssamfund,
852 928 40 21 har

141 961 34 20 för
190 961 32 20 sin
238 961 34 20 del
288 963 69 18 ansett
372 961 151 27 Kyrkomötets
535 961 121 26 fordringar
666 961 46 20 icke
723 968 53 14 vara
786 961 105 28 förenliga

142 995 48 20 med
212 995 42 20 den
276 994 173 28 fördragsamhet
471 998 44 18 mot
538 995 56 21 olika
617 994 116 27 tänkande,
756 1002 52 19 som,
825 996 66 27 enligt

144 1029 120 22 Utskottets
280 1029 73 24 tanke,
368 1029 40 22 bör
419 1030 69 21 uttala
504 1030 31 27 sig
545 1030 7 21 i
562 1030 140 21 förevarande
718 1029 41 28 lag.
790 1030 101 21 Tvärtom

142 1065 40 20 har
197 1064 110 21 Utskottet
322 1066 53 19 trott
396 1065 5 26 &
418 1065 10 20 7
447 1065 51 21 böra
513 1065 78 20 ändras
607 1064 6 20 i
629 1065 36 19 det
678 1063 54 28 syfte
743 1065 33 20 att
786 1064 105 21 dissenter

143 1098 54 21 efter
212 1098 41 21 den
264 1099 69 20 andra
344 1099 101 20 anmälan
457 1105 34 14 om
502 1099 85 20 utträde
598 1105 24 14 ur
632 1098 160 27 församlingen,
803 1099 88 20 hvarom

143 1132 129 27 paragrafen
295 1131 61 28 talar,
380 1132 57 21 skall
460 1139 61 14 anses
545 1133 70 20 säsom
637 1132 41 21 löst
695 1131 48 22 frän
759 1132 131 27 evangelisk-

141 1165 110 22 lutherska
266 1166 94 27 kyrkans
376 1166 137 27 gemenskap.
544 1166 84 27 Nödiga
643 1165 134 22 föreskrifter
788 1173 33 14 om
832 1166 57 21 civil-

143 1201 154 26 registraturen
313 1200 35 20 vid
363 1201 78 20 sådant
456 1201 85 20 utträde
557 1200 70 25 hafva,
643 1200 70 21 såsom
728 1201 88 20 stående
827 1201 7 20 i
844 1202 46 19 när-

143 1236 67 19 maste
233 1234 131 26 gemenskap
383 1235 49 19 med
448 1235 114 20 enahanda
577 1233 134 22 föreskrifter
726 1234 164 21 vidkommande

143 1267 117 27 öfvergång
275 1267 48 20 från
339 1269 31 18 ett
386 1267 207 21 dissentersamfund
608 1267 33 20 till
655 1269 73 23 annat,
745 1267 24 21 af
780 1268 109 21 Utskottet

141 1301 88 27 intagits
244 1301 7 20 i
266 1308 27 13 en
310 1301 91 21 särskild
418 1301 109 26 paragraf,
542 1308 47 14 som
603 1301 42 20 fått
659 1301 57 27 plats
732 1301 53 21 efter
800 1304 10 23 $
827 1303 19 20 8.

209 1335 33 22 De
258 1335 123 28 ändringar,
397 1335 110 22 Utskottet
517 1335 90 28 vidtagit
618 1335 6 21 i
636 1335 134 22 sistnämnda
780 1337 109 27 paragraf,

140 1371 63 22 hafva
212 1371 110 27 påkallats
328 1370 148 27 förnämligast
483 1370 24 21 af
513 1371 119 21 Utskottets
639 1370 44 21 ofta
691 1371 97 21 uttalade
794 1371 57 28 åsigt
857 1374 32 19 att

140 1407 44 21 rätt
195 1406 38 21 bör
241 1405 118 28 medgifvas
370 1407 54 23 dem,
434 1413 45 14 som
495 1407 34 20 det
545 1406 75 25 önska,
636 1407 31 20 att
678 1407 88 20 utträda
776 1413 26 14 ur
812 1407 77 27 kyrko-

208 1449 133 23 Lagutskottets
353 1449 108 17 betänkande
477 1450 34 17 N:o
525 1449 15 18 9.
