1014 1706
296 130 66 32 Ständ.
377 130 32 24 Sv.
423 142 28 4 —
467 130 54 31 Prop.
536 130 61 31 Ko
579 125 21 41 1.
768 130 29 22 65

146 196 15 22 5
175 195 18 29 &.
222 196 34 22 Då
276 196 26 22 de
321 196 85 28 vanliga
425 196 144 27 myntbrotten
585 196 66 28 enligt
670 196 12 21 1
698 194 12 28 $
724 196 37 21 äro
776 195 49 22 full-

75 230 103 28 bordade,
196 230 25 23 sä
239 232 60 20 snart
318 231 36 21 det
368 230 70 22 falska
453 232 79 26 myntet
546 231 141 27 färdiggjorts,
703 236 61 21 synes
779 230 47 22 skäl

75 265 18 27 ej
109 264 116 22 förefinnas
240 266 33 20 att
287 265 8 21 i
309 264 101 23 afseende
425 264 13 22 å
452 264 123 22 minskande
589 264 23 22 af
625 266 59 26 mynt
697 264 72 22 afvika
778 264 47 22 från

75 299 67 28 sagda
156 299 131 27 ståndpunkt
302 299 40 22 och
357 299 33 21 till
404 299 90 22 brottets
508 299 121 21 fullbordan
643 298 72 22 fordra
725 300 33 20 att
766 305 60 21 myn-

75 335 32 20 tet
121 333 101 28 utgifvits.
238 332 120 23 Ständerna
372 333 65 22 hafva
447 332 130 23 fördenskull
588 333 141 27 omredigerat
740 334 10 20 1
762 340 64 15 mom.

75 368 95 29 sålunda,
190 370 32 20 att
242 368 56 22 skild
320 368 210 22 straffbestämmelse
545 370 77 20 utsatts
637 368 33 22 för
685 368 36 22 det
735 368 44 27 fall,
794 370 32 20 att

75 404 81 26 myntet
170 403 111 26 minskats,
296 408 48 16 men
359 404 57 20 ännu
431 403 19 27 ej
465 402 103 28 utgifvits.

144 437 42 21 Det
200 438 7 20 i
222 438 13 21 2
250 443 63 15 mom.
328 436 103 28 stadgade
446 436 63 23 straff
526 443 61 21 synes
603 436 45 22 afse
662 437 41 22 den
718 436 107 28 händelse,

75 472 33 21 att
122 471 151 27 utpränglaren
288 472 54 20 varit
356 472 23 20 in
393 471 56 21 mala
464 471 41 22 fide
521 471 26 21 dä
562 471 41 22 han
618 471 50 27 sjelf
680 472 95 26 emottog
790 472 36 21 det

75 505 112 23 minskade
206 508 87 25 myntet.
323 506 80 21 Härtill
422 506 42 22 kan
483 512 48 16 man
550 506 56 22 sluta
626 506 66 27 deraf,
708 508 32 20 att
754 506 72 22 straff-

76 542 72 20 satsen
163 540 19 27 ej
198 542 104 26 upptager
316 540 62 22 böter
393 540 27 27 pä
435 542 42 20 sätt
491 540 60 22 fallet
566 542 23 20 är
604 541 7 21 i
624 541 9 21 3
645 542 17 25 &,
670 541 87 22 hvarest
766 540 61 28 fråga

75 577 25 19 är
115 581 35 15 om
166 575 46 27 den,
234 582 45 14 som
294 575 56 21 bona
364 574 42 22 fide
421 576 110 27 emottagit
545 575 127 27 eftergjordt
686 576 52 21 eller
751 581 76 16 annor-

77 610 67 22 lunda
159 609 127 23 förfalskadt
300 611 66 26 mynt.
389 610 33 21 Dä
437 610 46 22 skäl
498 610 19 28 ej
533 616 61 22 synes
608 610 114 22 förefinnas
737 612 32 20 att
784 610 44 21 läta

76 644 132 23 strafflöshet
222 644 57 28 gälla
294 645 33 21 för
342 644 47 26 den,
409 650 46 16 som
470 645 7 21 i
492 645 41 27 god
548 647 33 19 tro
596 646 111 26 emottagit
720 644 108 23 minskadt

76 680 66 26 mynt,
164 684 48 16 men
232 678 53 22 efter
304 680 32 20 att
356 678 63 22 hafva
437 679 70 21 märkt
521 679 147 27 minskningen
683 680 45 20 äter
743 679 85 27 utgifvit

77 713 124 26 detsamma,
217 713 39 21 har
271 720 27 14 en
314 712 55 22 skild
384 712 209 23 straffbestämmelse
607 712 34 22 för
656 713 58 22 detta
728 713 38 22 fall
775 719 53 21 upp-

76 748 73 26 tagits.

146 781 14 22 6
175 782 21 25 $.
225 781 50 21 Med
290 782 100 21 afseende
406 781 13 21 å
433 782 126 26 stadgandet
574 782 7 21 i
605 782 4 21 2
625 787 63 15 mom.
703 782 13 20 3
732 782 8 26 $
754 782 10 21 4
778 782 50 26 kap.

77 816 64 22 hafva
156 815 118 23 Ständerna
288 818 71 20 ansett
373 816 7 21 i
395 815 138 22 förevarande
549 816 13 26 $
577 816 52 22 böra
644 816 86 26 uttalas,
746 817 32 20 att
789 816 39 22 här

77 850 93 22 nämnda
184 850 126 28 handlingar
324 850 103 22 innefatta
441 850 148 22 förberedelse.

364 940 37 20 38
413 940 126 24 Kapitlet.

147 989 48 26 28.
225 988 11 21 I
256 988 194 22 öfvensstämmelse
469 988 48 22 med
532 988 148 28 lagförslagets
695 989 135 27 terminologi

77 1023 28 27 på
125 1023 67 22 andra
212 1023 76 21 ställen
308 1023 39 21 har
367 1023 61 21 ordet
444 1040 11 10 ,,
457 1023 146 27 synnerligen"
618 1024 108 26 inskjutits
741 1023 89 22 framför

78 1074 5 10 ,
86 1057 165 27 försvärande''.

147 1092 15 21 4
176 1092 22 26 8.
228 1091 32 22 En
275 1092 81 21 mindre
371 1091 253 28 redaktionsförändring,
635 1092 100 21 afseende
746 1093 32 20 att
788 1091 42 22 för-

77 1126 82 27 tydliga
174 1126 66 21 orden
261 1143 5 10 ,
269 1132 77 20 annan
366 1126 33 21 till
414 1126 86 27 skada",
516 1128 24 19 är
554 1126 23 21 af
590 1126 118 22 Ständerna
723 1127 106 26 vidtagen.

148 1160 12 21 8
176 1161 13 26 &
204 1160 131 22 bestämmer
350 1160 63 22 straff
426 1160 34 22 för
475 1161 35 22 det
524 1161 65 26 brott,
605 1166 46 16 som
665 1160 115 23 benämnes
796 1167 33 15 0c-

77 1196 46 25 ker,
140 1194 40 22 och
195 1194 80 22 hvilket
289 1194 59 22 brott
363 1195 66 27 enligt
444 1195 141 28 lagförslaget,
595 1195 90 22 likasom
695 1195 62 22 äfven
766 1195 65 28 enligt

78 1236 30 15 nu
127 1229 98 27 gällande
243 1229 41 28 lag,
303 1229 73 22 bestär
391 1229 50 27 deri,
457 1231 32 20 att
504 1230 69 27 nägon
587 1231 61 25 tager
663 1230 53 21 eller
729 1230 57 21 läter
798 1231 33 20 ut-

79 1263 56 22 fästa
150 1263 23 22 ät
187 1263 32 27 sig
234 1263 66 28 högre
314 1265 62 20 ränta
391 1266 26 19 än
433 1264 14 21 6
461 1265 14 26 $
490 1264 13 21 9
518 1264 48 27 kap.
581 1264 28 21 H.
619 1263 25 22 B.
654 1264 115 27 medgifver
779 1264 52 22 eller

79 1304 37 16 sex
130 1297 33 22 för
183 1297 110 22 hundrade
308 1305 34 14 om
357 1298 53 22 äret.
440 1299 33 21 Dä
489 1298 117 21 emellertid
621 1304 76 21 genom
711 1299 119 21 förordnin-

78 1338 41 21 gen
139 1331 41 21 den
203 1331 13 20 6
236 1332 51 20 Juni
307 1332 55 20 1883
385 1332 102 26 stadgats,
507 1334 32 19 att
558 1332 92 21 nämnda
667 1333 110 20 föreskrift
797 1338 34 15 om

78 1366 88 21 räntans
185 1365 115 21 maximum
325 1365 19 27 ej
369 1367 25 19 är
418 1365 111 28 tillämplig
547 1365 36 22 vid
602 1364 162 28 försträckning,
786 1371 45 16 som

78 1400 82 30 lemnas
179 1398 34 22 för
228 1399 42 22 viss
285 1399 38 27 tid,
338 1399 63 27 högst
415 1399 35 21 nio
465 1399 107 27 månader,
587 1401 37 19 äro
640 1399 76 22 hittills
730 1399 100 28 gällande

78 1433 161 28 bestämningar
258 1440 34 15 om
312 1433 64 22 ocker
394 1433 47 22 icke
460 1439 58 16 mera
537 1433 203 28 tillfyllestgörande.
770 1433 62 23 Erfa-

752 1475 12 18 5
