1023 1706
190 148 26 20 76
403 148 24 20 U.
443 148 23 20 B.
485 158 22 4 —
524 147 59 25 Prop,
599 146 38 21 N:o
652 147 16 20 1.

161 210 51 26 ning
227 210 24 19 af
264 215 61 13 varor
341 209 32 19 till
389 209 118 26 uppenbart
522 208 109 26 underpris
647 208 53 20 eller
715 208 27 27 pä
757 210 65 18 annat
837 208 76 20 sädant

160 245 43 19 sätt
226 243 73 20 beredt
321 243 32 25 sig
375 242 203 28 penningetillgäng,
599 242 58 26 eller,
672 242 8 21 i
695 242 64 27 afsigt
774 245 30 17 att
819 242 94 26 fördröja

160 278 133 20 konkursens
315 277 133 25 inträdande,
472 276 84 21 fortsatt
578 276 91 21 handeln
686 276 53 21 eller
753 277 103 26 näringen
872 277 39 20 och

162 312 104 21 derunder
281 312 103 26 upplänat
399 312 119 26 penningar
533 311 53 21 eller
601 317 74 19 varor;

229 354 19 18 4.
280 353 65 19 under
361 352 26 20 de
403 353 52 19 sista
470 353 72 19 trettio
558 352 94 26 dagarne
668 351 44 21 före
723 352 131 20 konkursens
866 352 45 20 bör-

158 389 37 25 jan
216 388 93 26 indragit
329 387 124 27 penningar,
470 387 98 26 mottagit
585 393 68 20 varor,
669 387 52 20 eller
737 386 98 27 föryttrat
850 393 63 20 egen-

160 422 55 26 dom,
238 424 49 18 utan
312 423 31 18 att
366 422 69 20 derför
458 422 107 26 nöjaktigt
580 421 104 26 redovisa,
699 421 52 21 eller
767 421 66 21 under
848 422 65 26 sagde

160 456 30 22 tid
207 458 80 25 gynnat
303 456 68 26 någon
389 456 104 27 borgenär
509 456 47 20 med
576 456 116 27 betalning,
708 458 51 24 pant
774 456 52 20 eller
841 462 70 14 annan

160 490 99 21 säkerhet
273 491 33 19 för
321 490 92 26 fordran,
429 497 44 14 som
489 491 18 26 ej
524 491 55 19 varit
594 490 108 26 förfallen;
717 490 52 21 eller

230 532 18 19 5.
279 531 31 20 för
332 531 32 26 sig
387 531 52 20 eller
464 530 126 20 annorledes
613 533 56 17 emot
689 530 114 27 föreskrift,
819 530 94 21 användt

159 566 118 26 penningar
299 564 53 21 eller
375 571 67 19 varor,
469 571 44 14 som
535 565 76 20 honom
635 564 31 21 för
690 565 103 20 bestämdt
813 565 99 20 ändamål

159 600 71 20 blifvit
246 600 122 24 förtrodda
361 596 12 33 ;

229 640 71 25 varde,
317 640 37 20 der
370 640 39 20 han
427 640 18 26 ej
462 640 84 26 styrker
562 642 31 17 att
608 640 41 19 han
665 640 33 20 till
714 638 53 22 fullo
778 640 79 26 förnöjt
866 640 45 20 sine

160 674 136 27 borgenärer,
311 674 87 20 straffad
419 674 67 20 såsom
508 674 95 20 vårdslös
618 674 52 20 eller
686 674 109 27 lättsinnig
809 674 104 26 gäldenär

160 710 47 19 med
224 708 93 27 fängelse
333 710 6 18 i
356 708 62 28 högst
433 711 30 17 ett
479 709 30 19 år.

230 757 12 18 4
258 757 17 22 5.
306 755 99 26 Rymmer
421 755 103 25 gäldenär
540 754 32 20 för
587 754 69 26 skuld,
671 754 39 21 och
727 755 95 20 kommer
837 756 19 26 ej
868 756 45 19 åter

160 790 56 20 inom
239 789 47 26 fyra
309 789 99 19 mänader
432 790 44 18 frän
497 790 37 19 det
548 789 41 20 han
606 789 85 25 rymde;
708 790 70 25 varde,
794 790 7 19 i
816 789 38 20 fall
870 789 41 20 han

160 826 98 24 ertappas
273 824 40 19 och
329 824 18 25 ej
365 823 82 26 styrker
463 825 31 18 att
510 824 40 19 han
567 823 32 20 till
617 823 51 21 fullo
685 823 77 27 förnöjt
777 824 44 20 sine
836 823 75 27 borge-

160 861 68 20 närer,
244 858 86 20 straffad
348 858 45 20 med
409 858 96 26 fängelse
520 858 7 20 i
543 858 62 26 högst
621 858 35 20 tvä
671 858 30 21 är.

228 905 11 19 5
255 906 17 22 $.
304 903 81 21 Varder
408 904 110 26 egendom,
541 903 86 20 hvilken
651 903 72 21 tillhör
745 904 95 25 stiftelse,
857 903 53 21 före-

159 938 58 26 ning,
233 938 100 26 sällskap,
350 938 69 26 bolag,
435 938 52 20 eller
503 938 74 20 idkare
596 938 23 20 af
633 938 78 20 handel
727 938 53 20 eller
795 945 70 13 annan
873 941 36 18 nä-

158 973 55 25 ring,
228 979 44 13 som
288 972 42 20 han
346 972 49 27 sjelf
414 974 18 24 ej
454 972 94 25 förestär,
564 972 101 26 uppläten
681 973 33 19 till
729 972 104 26 konkurs;
849 972 62 21 skola

158 1007 147 26 stadgandena
320 1013 33 13 om
369 1006 159 21 bankruttbrott
551 1007 107 27 tillämpas
675 1006 12 21 å
703 1008 48 25 den,
766 1007 87 21 hvilken
869 1007 40 20 för-

157 1041 123 26 valtningen
297 1041 24 19 af
334 1040 130 27 egendomen
480 1048 38 13 var
534 1041 131 20 ombetrodd.

226 1087 11 19 6
254 1088 17 22 $.
301 1086 44 19 Har
367 1087 6 18 i
394 1086 94 20 konkurs
510 1086 105 26 borgenär
631 1086 32 20 för
678 1087 31 19 sin
725 1089 44 18 röst
784 1087 35 19 vid
837 1087 72 27 borge-

157 1123 99 17 närernes
277 1120 166 20 sammankomst
468 1120 95 26 betingat
578 1121 31 26 sig
625 1120 91 21 särskild
731 1121 81 20 förmän
827 1121 24 20 af
864 1121 44 26 gäl-

157 1155 101 22 denären,
281 1154 52 20 eller
353 1154 22 20 af
397 1161 68 14 annan
489 1155 28 26 pä
538 1155 141 26 gäldenärens
701 1158 86 24 vägnar,
803 1156 53 20 eller
871 1155 38 21 har

156 1189 131 26 borgenären
310 1189 61 26 eljest
391 1189 46 20 med
453 1189 130 27 gäldenären
598 1189 106 28 hemligen
721 1189 72 21 träffat
807 1190 52 21 aftal
873 1196 34 16 om

156 1223 90 20 särskild
269 1223 81 20 förmän
375 1223 31 21 för
429 1223 42 26 sig;
487 1223 82 21 straffes
586 1224 46 20 med
649 1223 60 22 böter
725 1224 52 21 eller
791 1224 96 26 fängelse
902 1225 7 20 i

155 1257 63 26 högst
234 1258 30 18 ett
279 1257 29 20 är.

224 1303 11 18 7
252 1305 17 22 8.
299 1302 47 21 Med
370 1303 107 26 undantag
500 1303 23 19 af
544 1303 61 25 brott,
629 1309 43 14 som
689 1305 86 18 nämnes
790 1304 7 19 i
815 1304 7 19 1
841 1305 16 24 $,
874 1303 34 20 mä

154 1336 68 27 öfriga
245 1337 6 20 i
276 1337 59 20 detta
351 1337 79 26 kapitel
447 1337 140 20 omförmälda
603 1337 55 20 brott
673 1339 18 25 ej
709 1338 67 20 åtalas
791 1337 23 21 af
827 1337 79 21 allmän

154 1371 109 27 åklagare,
280 1371 36 20 der
331 1371 47 21 icke
394 1371 149 27 mälseganden
560 1372 80 20 anmält
656 1372 46 20 dem
720 1372 31 20 till
768 1372 50 21 åtal.
