1017 1703
296 142 64 24 Ständ.
374 142 30 25 $v.
421 156 24 4 —
462 145 54 28 Prop.
531 145 32 24 N:o
578 145 15 23 1.
777 146 13 21 9

136 206 34 22 Då
184 207 13 21 å
211 208 67 27 några
292 209 76 22 ställen
382 210 8 21 i
404 210 143 28 lagförslaget,
562 211 128 27 exempelvis
711 212 7 21 2
733 217 63 16 mom.
811 212 8 21 i

68 241 14 20 2
104 240 11 27 8
138 241 14 21 3
174 241 55 27 kap.,
250 242 11 21 7
282 242 11 27 8
310 243 28 22 27
357 243 55 28 kap.,
433 245 13 21 2
462 245 12 27 $
488 245 27 21 38
530 245 49 27 kap.
595 247 55 20 samt
664 245 13 21 8
692 245 12 27 $
718 245 29 22 43
761 245 57 27 kap,

67 277 57 19 ännu
142 276 67 21 andra
227 275 104 28 påföljder
348 277 33 22 för
398 279 59 21 brott
473 279 68 21 finnas
561 280 86 25 utsatta,
667 281 27 19 än
710 279 26 22 de
750 286 46 15 som
811 281 7 20 i

68 309 12 21 2
95 309 49 27 kap.
160 311 36 20 äro
212 310 143 27 uppräknade,
370 312 64 21 hafva
449 312 118 22 Ständerna
577 313 33 20 för
620 313 198 27 fallständighetens

67 342 56 22 skull
145 345 71 20 ansett
237 350 27 15 en
286 344 93 28 antydan
401 346 73 22 derom
496 347 53 21 böra
563 346 7 21 i
586 347 104 26 sistsagda
705 347 49 27 kap.
769 347 49 27 ingå

59 375 48 23 "och
123 377 71 22 derför
208 378 32 21 till
256 379 58 22 detta
329 379 48 27 kap.
392 379 59 28 fogat
466 388 26 14 en
507 387 27 21 ny
549 381 11 27 $
576 381 51 27 (18).

363 487 17 20 3
392 488 126 24 Kapitlet.

136 551 45 27 18.
210 552 11 20 I
244 552 68 22 denna
333 552 11 28 $
366 553 84 27 stadgas
473 554 64 21 bland
557 555 70 25 annat,
643 555 33 20 att
690 554 128 26 minderärig

65 585 126 28 förbrytare,
208 592 44 16 som
266 586 40 28 fylt
321 586 33 28 sju
368 587 30 26 är,
414 587 33 21 för
460 588 105 27 begänget
574 588 59 21 brott
642 587 42 22 kan
695 588 23 21 af
727 588 91 21 domstol

66 620 74 22 dömas
162 622 32 20 att
215 621 65 21 varda
302 621 55 27 agad
375 622 7 20 i
397 622 92 22 vittnens
504 624 90 20 närvaro
610 622 51 22 eller
676 622 40 21 ock
730 622 66 22 insatt
810 622 8 22 i

66 654 229 28 uppfostringsanstalt,
316 658 54 19 samt
390 658 37 24 att,
443 663 35 15 om
492 657 158 21 vederbörande
665 657 103 21 mälsman
783 662 34 16 ur-

66 689 92 22 aktläter
173 690 32 20 att
219 689 82 22 tilldela
316 696 60 21 agan,
392 690 156 22 verkställande
555 691 123 27 myndighet
687 697 49 21 eger
746 691 72 21 derom

66 723 66 28 draga
146 723 88 28 försorg.

134 758 70 21 Jemte
219 759 36 20 det
271 758 117 22 Ständerna
402 759 95 27 godkänt
512 759 61 22 dessa
587 759 158 28 bestämningar
755 759 63 22 hafva

65 793 7 22 i
88 793 98 22 afseende
201 793 13 21 å
228 793 43 27 $:ns
286 793 134 22 föreskrifter
435 800 34 15 om
484 801 54 20 agan
554 794 65 27 några
634 794 82 21 mindre
732 794 84 21 ändrin-

65 833 38 22 gar
126 828 58 26 synts
206 827 54 22 böra
281 828 96 27 vidtagas
400 828 8 21 i
430 828 23 22 så
474 829 74 26 måtto,
564 829 32 20 att
612 829 66 20 orden
692 829 18 26 ,i
724 829 92 21 vittnens

66 863 100 21 närvaro"
189 862 82 27 utbytts
293 863 45 21 mot
360 863 36 21 det
418 863 27 26 på
466 863 59 22 detta
540 863 61 22 ställe
616 863 124 26 lämpligare
756 863 61 21 ordet

66 896 142 28 nbevisligen*,
224 899 55 19 samt
294 899 31 19 att
344 897 52 22 sista
411 897 161 28 åldersgränsen
586 897 34 21 för
635 904 64 20 agans
714 897 103 22 verkstäl-

65 931 63 22 lande
147 931 121 22 förändrats
289 931 46 22 från
356 931 26 22 15
396 932 33 21 till
446 933 26 20 16
486 932 29 27 år,
532 932 27 27 på
574 932 35 21 det
624 933 68 20 större
708 931 110 28 möjlighet

65 965 66 22 måtte
146 965 114 22 förefinnas
276 967 32 20 att
323 966 75 27 bringa
414 967 128 21 domstolens
557 966 70 27 utslag
642 966 32 21 till
685 966 133 27 verkställig-

65 1000 37 21 het
122 999 37 22 der
177 999 43 22 åtal
240 1000 57 21 skett
311 1000 54 22 först
380 1000 27 21 då
422 1001 85 21 barnets
523 1000 59 22 ålder
596 1002 85 19 närmar
696 1001 32 25 sig
744 1001 26 20 15
786 1000 30 21 år.

134 1033 131 27 Stadgandet
292 1040 34 15 om
348 1034 140 27 minderårige
509 1034 131 27 förbrytares
664 1034 121 22 insättande
809 1034 7 22 i

66 1067 223 28 uppfostringsanstalt
303 1070 25 20 är
342 1074 26 16 en
383 1068 119 28 betydande
517 1068 72 22 faktor
604 1068 33 21 för
646 1067 170 28 förverkligande

66 1101 22 23 af
102 1101 161 28 straffjustisens
278 1102 104 22 ändamål.
407 1103 46 21 Den
468 1102 128 27 erfarenhet,
612 1108 45 16 som
672 1103 84 21 vunnits
767 1102 7 21 i
784 1104 32 20 ut-

66 1136 78 27 landet,
160 1136 55 22 talar
230 1136 33 22 för
278 1138 32 20 att
324 1137 28 27 på
367 1138 69 20 denna
450 1140 40 24 väg
506 1137 86 22 säkrare
608 1137 39 21 och
662 1137 82 21 mindre
758 1136 58 22 kost-

66 1177 81 16 samma
166 1171 90 21 resultat
275 1172 72 20 kunna
366 1172 74 21 vinnas
456 1174 27 18 än
497 1178 76 20 genom
588 1171 41 21 den
644 1170 54 27 tukt,
714 1177 46 15 som
775 1171 41 21 den

64 1205 67 21 redan
146 1205 49 21 fullt
209 1205 125 21 utvecklade
344 1205 134 27 förbrytaren
488 1206 7 20 i
505 1205 191 21 straffanstalterna
706 1207 24 19 är
740 1205 76 21 under-

64 1239 84 21 kastad.
171 1239 43 21 Det
228 1239 68 27 ligger
310 1239 66 21 likväl
390 1240 7 20 i
412 1239 76 22 sakens
503 1241 69 25 natur,
588 1240 32 20 att
630 1245 24 15 en
664 1238 154 27 uppfostrings-

65 1273 79 21 anstalt
159 1273 47 21 icke
220 1273 8 21 i
243 1272 42 22 allo
300 1274 43 20 kan
358 1274 80 20 ersätta
452 1275 31 19 ett
498 1274 51 26 godt
564 1272 92 22 enskildt
670 1273 54 26 hem,
736 1272 38 22 der
782 1273 36 21 det

65 1306 121 28 personliga
199 1306 143 22 förhållandet
356 1307 61 21 alltid
433 1308 75 20 varder
524 1307 126 26 innerligare
666 1306 39 22 och
720 1306 61 22 faran
796 1306 22 22 af

66 1340 66 26 dåligt
146 1339 108 22 föredöme
270 1340 22 21 af
306 1340 66 21 andra
386 1340 54 22 barn
455 1341 89 25 mindre,
560 1340 39 21 och
614 1346 48 15 man
677 1340 40 20 har
732 1339 85 21 derföre

64 1374 7 21 i
86 1373 98 22 utlandet
198 1373 48 21 med
261 1373 110 27 framgång
386 1373 109 22 förbundit
509 1374 49 21 med
568 1373 249 27 uppfostringsanstalten

65 1409 31 21 ett
112 1408 56 27 slags
188 1408 254 27 utackorderingssystem
458 1408 94 27 sålunda,
568 1409 32 20 att
614 1414 26 15 en
656 1407 34 22 del
704 1413 56 21 unge
775 1406 42 22 för-

64 1443 86 28 brytare
174 1442 149 23 öfverlemnats
346 1442 22 23 åt
390 1443 97 22 enskilda
508 1443 71 21 dertill
598 1442 100 27 lämpliga
716 1441 50 22 hem
784 1442 33 22 att
