1014 1703
292 138 65 24 Ständ.
372 138 32 24 Sv.
420 150 27 4 —
463 139 54 29 Prop.
533 138 32 24 N:o
580 139 15 23 1.
761 140 28 21 43

64 203 77 21 sådant
162 204 132 22 förhållande
316 204 40 22 bör
371 205 14 21 3
400 210 62 16 mom.
478 206 7 21 i
499 205 15 21 4
529 204 10 28 $
555 204 107 28 bortfalla,
678 211 48 15 men
740 205 24 21 af
778 205 39 22 den

63 237 128 22 förändrade
210 238 158 26 ståndpunkten
387 238 62 27 följer
468 239 67 26 äfven,
551 241 32 19 att
598 238 84 22 straffet
696 239 40 21 bör
750 240 67 21 sättas

63 271 58 27 lägre
144 274 28 19 än
194 272 76 27 nådiga
292 273 158 27 propositionen
473 272 123 27 innehåller,
617 280 35 14 om
670 273 36 21 det
721 274 40 20 ock
775 273 42 21 kan

63 312 50 15 vara
135 306 65 26 något
222 308 108 26 strängare
354 308 26 20 än
402 307 7 21 i
432 307 13 21 3
461 307 10 27 8
486 308 29 20 44
528 307 48 27 kap.
591 309 26 19 är
631 307 105 27 stadgadt,
752 308 65 21 bland

63 341 64 20 annat
143 340 89 21 emedan
247 340 132 22 förstörande
395 340 24 21 af
432 340 66 22 foster
516 341 100 21 stundom
631 341 49 21 sker
694 342 28 26 på
736 343 30 20 ett
783 347 33 15 om

63 375 106 26 synnerlig
191 375 62 20 råhet
274 375 110 21 vittnande
407 377 49 20 sätt.
486 375 119 22 Ständerna
620 375 63 22 hafva
698 375 72 22 derför
784 377 33 19 ut-

63 410 42 19 satt
125 408 83 22 straffet
226 409 34 21 till
278 409 95 27 fängelse
389 409 6 22 i
411 410 62 27 högst
488 416 37 15 sex
539 409 101 22 månader
656 410 51 21 eller
722 410 61 21 böter
798 410 18 26 ej

63 442 59 22 öfver
136 443 126 22 femhundra
277 443 67 22 mark.

132 477 46 27 5$.
208 477 13 21 2
236 484 63 15 mom.
315 483 61 22 synes
392 479 46 20 med
455 478 80 27 hänsyn
551 478 33 22 till
593 477 94 28 lydelsen
697 478 24 21 af
729 479 13 20 3
753 484 64 16 mom.

62 511 63 22 hafva
140 512 32 21 sin
187 513 57 20 rätta
259 512 57 27 plats
332 511 69 23 såsom
417 513 137 21 slutmoment
568 513 8 21 i
591 512 39 27 8:n.

131 546 38 21 Uti
184 546 13 21 3
212 552 62 16 mom.
290 546 24 22 af
320 545 78 29 nädiga
405 547 159 27 propositionen
573 547 99 27 belägges
680 547 49 21 med
738 553 80 15 samma

63 580 66 28 straff,
153 586 45 16 som
221 583 23 19 är
267 581 99 27 stadgadt
387 581 34 21 för
443 582 83 26 gvinna,
542 581 85 22 hvilken
642 587 75 21 genom
733 581 85 22 fördrif-

62 615 68 23 vande
146 616 52 21 eller
213 616 7 21 i
235 615 133 23 moderlifvet
385 616 64 21 dödat
465 616 51 22 eller
530 615 49 22 lätit
594 616 56 21 döda
666 617 36 21 sitt
716 616 73 27 foster,
798 616 18 27 ej

62 650 91 22 allenast
168 650 47 27 den,
231 657 45 15 som
291 650 49 22 med
354 650 79 22 hennes
448 650 51 28 vilja
513 650 67 22 utfört
588 650 66 22 sädan
661 651 94 27 gerning,
764 652 52 20 utan

63 685 39 21 ock
117 685 47 26 den,
180 684 86 22 hvilken
280 684 70 27 hulpit
364 685 33 21 till
412 685 87 21 brottet.
521 685 33 21 Dä
569 685 119 21 emellertid
698 684 65 27 nägot
771 685 46 22 skäl

63 720 46 21 icke
124 718 114 23 förefinnes
254 720 32 20 att
301 719 7 21 i
324 719 58 22 detta
397 719 44 26 fall,
457 719 48 22 med
519 719 112 22 afvikande
647 719 47 21 frän
704 719 113 27 grundsat-

63 759 61 16 serna
147 754 7 20 i
173 754 14 20 5
206 753 55 27 kap.,
285 753 63 22 ställa
370 754 148 27 gerningsman
533 753 40 22 och
588 753 145 28 medhjelpare
748 754 68 21 under

61 787 44 22 lika
120 787 63 22 straff
196 799 27 3 —
238 787 70 22 såsom
322 788 119 26 meningen,
457 788 127 21 åtminstone
599 790 31 19 att
646 788 62 21 döma
722 788 24 21 af
755 788 60 21 orda-

63 822 101 27 lydelsen,
186 829 60 20 synes
261 828 51 15 vara
327 834 27 3 —
370 822 23 21 sä
408 828 51 16 anse
475 822 117 22 Ständerna
608 823 66 20 orden
690 822 65 27 ,eller
770 822 47 21 hul-

64 857 32 27 pit
110 857 34 21 till
158 857 76 22 sådant
248 857 72 22 brott"
336 857 53 21 böra
403 857 57 26 utgå.

136 891 12 21 8
172 891 11 28 8
204 891 117 22 innehåller
343 890 62 23 straff
424 891 33 22 för
477 892 47 26 den,
540 897 46 16 som
601 893 66 20 sätter
682 893 24 19 ut
720 891 96 27 nyssfödt

63 926 52 21 barn
131 926 7 21 i
153 926 63 27 afsigt
232 927 31 20 att
277 925 80 28 frigöra
372 926 32 27 sig
419 926 52 21 eller
485 932 70 15 annan
569 926 47 21 från
631 926 80 21 vården
727 932 34 15 om
772 926 44 21 det-

64 967 86 15 samma.
181 961 33 20 Då
231 960 89 22 härmed
338 959 101 28 jemföres
459 961 14 20 3
489 960 10 27 $
514 961 28 20 25
557 960 56 27 kap.,
629 960 85 21 hvilken
730 960 87 27 stadgar

64 994 61 22 straff
146 995 32 21 för
202 995 46 25 den,
272 1001 44 15 som
339 994 134 27 uppsåtligen
492 995 8 20 i
514 994 100 27 hjelplöst
629 994 47 26 läge
692 994 125 26 öfvergifver

63 1028 52 21 eller
135 1028 81 21 lemnar
236 1028 40 21 den
291 1028 43 21 han
348 1030 24 19 är
387 1027 84 28 skyldig
486 1030 31 19 att
531 1027 117 27 fortskaffa,
664 1027 86 27 ledsaga
765 1028 52 21 eller

63 1062 72 26 vårda,
151 1063 23 20 så
190 1063 42 20 kan
247 1064 65 19 annat
326 1062 91 21 resultat
432 1063 46 20 icke
493 1062 67 27 ernås,
576 1065 27 18 än
619 1064 37 24 att,
672 1069 35 14 om
721 1061 96 28 nyssfödt

63 1097 53 20 barn
131 1102 76 21 genom
221 1097 77 26 positiv
313 1096 100 27 handling
430 1097 84 26 bringas
529 1097 7 21 i
551 1096 100 28 hjelplöst
665 1096 54 27 läge,
735 1095 83 22 straffet

63 1131 40 21 bör
117 1132 93 20 utmätas
226 1131 65 26 enligt
306 1130 13 21 8
334 1130 11 27 $
360 1131 27 20 22
403 1130 56 27 kap.,
474 1131 117 26 hvaremot,
608 1137 33 14 om
658 1130 85 22 barnets
751 1130 66 27 hjelp-

63 1165 46 22 lösa
123 1165 49 27 läge
188 1164 132 22 framkallats
336 1171 75 20 genom
426 1165 48 22 dess
489 1164 163 28 öfvergifvande,
669 1165 13 20 3
698 1164 10 27 $
724 1164 29 21 25
768 1164 48 27 kap.

63 1200 40 21 bör
124 1200 114 27 tillämpas.
268 1199 41 22 Vid
332 1200 76 21 sådant
430 1199 132 22 förhållande
581 1199 43 21 kan
640 1198 36 23 det
691 1199 46 21 icke
753 1199 63 26 inses,

63 1234 87 22 hvarför
172 1233 88 26 straffet,
284 1240 45 16 som
352 1235 65 26 enligt
439 1235 38 20 det
494 1234 57 22 förra
566 1234 126 27 lagrummet
707 1233 63 27 högst
785 1233 33 22 får

64 1269 70 27 uppgå
153 1269 33 21 till
205 1269 36 22 två
261 1269 35 22 års
311 1269 95 26 tukthus,
422 1275 48 15 men
485 1269 66 26 enligt
566 1269 36 20 det
617 1274 75 15 senare
706 1268 42 21 kan
764 1269 54 26 stiga

63 1303 56 22 ända
135 1303 33 21 till
183 1303 45 27 fyra
243 1304 35 21 års
293 1303 96 27 tukthus,
405 1304 7 21 i
427 1303 58 21 förra
499 1303 61 22 fallet
575 1302 54 22 skall
644 1309 51 15 vara
702 1303 116 26 lindrigare

64 1339 26 19 än
112 1337 8 20 i
142 1337 36 20 det
200 1343 83 15 senare:
306 1343 49 15 man
378 1337 70 21 skulle
470 1337 67 21 hellre
557 1338 64 19 vänta
636 1337 32 26 sig
683 1338 31 19 ett
730 1337 87 20 alldeles

63 1372 89 20 motsatt
167 1371 122 26 stadgande,
306 1370 26 21 då
345 1370 24 27 ju
385 1377 25 14 en
426 1372 58 19 emot
499 1371 74 20 barnet
584 1370 70 21 riktad
665 1370 77 26 positiv
752 1370 66 20 hand-

64 1405 44 27 ling
123 1405 57 27 röjer
195 1411 26 15 en
236 1411 58 15 mera
309 1405 99 27 brottslig
423 1404 56 27 vilja,
495 1407 27 19 än
537 1410 26 15 en
578 1404 56 21 blott
648 1403 170 22 underlåtenhet.

64 1435 31 26 Är
116 1440 47 22 åter
184 1440 78 27 nådiga
284 1440 169 27 propositionens
475 1440 84 26 mening
582 1438 47 27 den,
652 1440 32 20 att
706 1438 62 22 äfven
788 1440 30 20 ett
