1023 1703
302 135 65 25 Ständ.
382 137 31 23 Sv.
428 149 27 4 —
471 137 54 30 Prop.
541 137 62 25 Ike:
585 131 21 41 4.
761 139 43 21 201

78 202 90 28 husdjur
182 203 36 22 det
233 205 34 24 är;
282 203 44 22 låte
340 203 51 27 lysa,
408 209 45 16 som
468 204 7 21 i
490 203 13 22 9
519 203 10 28 $
544 207 55 25 sägs,
615 206 55 20 samt
684 205 59 26 njute
753 205 24 21 af
785 211 49 21 ega-

78 241 37 17 ren
130 237 97 21 foderlön
249 237 40 22 och
305 238 29 21 all
353 244 70 15 annan
442 239 65 26 nödig
525 239 98 27 kostnad,
638 239 65 22 sedan
719 239 40 21 den
773 241 62 24 nytta

77 273 25 19 är
116 271 89 26 räknad,
221 277 45 16 som
281 271 42 22 han
337 271 47 22 haft
399 272 66 21 deraf.
480 272 102 22 Kommer
596 273 19 26 ej
626 274 55 20 rätte
691 279 77 20 egaren
776 273 57 21 inom

78 305 32 21 ett
124 305 24 21 är
163 305 64 21 sedan
243 305 42 27 lyst
299 306 34 25 är;
347 306 86 21 tillhöre
449 306 69 26 djuret
533 307 48 26 den,
596 313 46 15 som
657 307 88 21 hittade.
776 307 58 20 Inta-

77 344 38 21 ger
128 339 71 27 nägon
213 346 80 15 annans
309 340 93 26 husdjur,
419 346 45 15 som
479 340 41 22 han
535 341 72 21 funnit
622 341 13 21 &
649 341 47 21 sina
710 346 59 22 egor;
783 346 51 16 vare

77 374 41 26 lag,
134 380 46 15 som
195 374 7 21 i
216 374 123 27 förordning
359 380 34 15 om
413 380 61 21 egors
489 374 103 22 fredande
607 376 44 20 mot
667 375 67 22 skada
749 375 23 21 af
784 375 50 21 hus-

78 407 48 27 djur
141 408 92 27 stadgas.
359 429 2 4 ,

148 443 24 20 11
189 442 18 27 8.
237 442 106 22 Klandras
366 443 41 27 det,
429 450 45 15 som
495 444 57 21 visas
573 450 52 15 vara
646 450 76 21 genom
736 444 97 26 snatteri,

78 476 62 27 stöld,
164 477 38 21 rän
219 478 52 20 eller
290 478 135 27 utpressning
447 478 89 22 afhändt
554 479 49 21 dess
619 478 56 22 förre
690 478 143 27 innehafvare,

78 512 40 21 och
132 512 83 26 styrker
231 512 46 26 den,
293 518 45 16 som
353 512 157 22 omhänderfätt
525 513 74 27 tinget,
615 515 32 19 att
661 513 43 21 han
713 513 27 27 pä
750 513 42 27 god
799 515 34 19 tro

78 546 84 22 erhällit
177 547 47 24 det;
239 546 56 28 gifve
310 546 55 22 ändä
380 548 25 20 ut
419 548 42 26 det,
477 554 45 15 som
538 548 106 26 klandras,
657 549 52 20 utan
719 548 66 26 lösen,
793 548 40 21 och

78 580 52 22 söke
152 581 129 22 skadeständ
303 582 23 20 af
346 582 32 21 sin
398 582 122 27 fängesman
543 582 52 22 eller
617 583 47 25 den,
679 588 76 21 genom
770 582 63 21 hvars

78 615 58 22 brott
150 615 43 22 han
209 615 86 22 erhällit
309 617 72 26 tinget.

148 649 59 28 128.
237 650 24 27 Ej
285 650 35 21 mä
339 650 70 27 någon
429 651 116 27 sjelfvilligt
560 650 97 28 ätertaga
673 651 41 26 det,
730 656 46 16 som
791 650 41 21 han

77 684 123 26 vidkännes,
222 684 68 22 ehvad
313 684 36 22 det
368 687 23 19 är
411 691 75 20 genom
505 685 59 21 brott
578 685 78 21 honom
671 684 95 26 afhändt,
781 684 52 21 eller

77 718 42 21 han
138 719 77 25 tappat
236 718 43 26 det,
299 720 51 20 utan
373 719 66 21 anlite
460 719 179 27 polismyndighet
653 719 52 21 eller
720 719 112 25 domaren
823 714 12 36 ;

78 752 54 21 dock
148 752 34 21 mä
197 752 41 21 han
253 752 97 27 ätertaga
365 752 36 21 det
415 753 23 21 af
451 752 32 22 lös
498 754 52 20 eller
565 752 70 22 okänd
650 759 83 20 person,
749 752 52 21 eller
811 752 24 21 af

78 786 47 26 den,
148 792 45 15 som
215 787 126 21 misstänkes
364 787 50 27 vilja
435 793 88 21 rymma,
542 787 53 21 eller
609 786 14 22 &
637 786 58 22 färsk
709 787 88 27 gerning
812 786 23 21 af

77 820 126 28 förbrytare.

148 856 26 21 13
190 855 17 27 $.
237 856 45 21 Har
297 856 68 26 någon
381 855 68 28 skälig
465 856 122 26 misstanke,
604 856 51 21 eller
670 857 41 25 vet,
721 855 53 21 hvar
789 856 44 20 stu-

77 890 30 21 let
122 890 52 21 eller
188 892 66 19 annat
268 896 77 21 genom
359 890 60 22 brott
433 891 78 21 honom
525 891 90 21 afhändt
629 890 52 27 gods
696 890 79 26 finnes;
796 890 36 21 be-

77 926 50 25 gäre
150 924 28 22 dä
199 924 32 22 lof
250 924 23 22 af
294 924 132 27 kronofogde
447 925 51 21 eller
512 926 96 20 länsman
623 925 13 21 &
651 924 78 26 landet,
745 924 52 21 eller
811 923 24 22 af

77 959 116 26 magistrat,
209 959 163 26 poliskammare
388 959 51 21 eller
455 960 150 26 ordningsrätt,
621 958 52 22 eller
681 959 151 26 borgmästare,

77 993 147 27 polismästare
243 993 53 21 eller
314 993 149 27 ordningsman
482 994 7 20 i
508 994 54 26 stad,
579 995 31 19 att
625 994 38 20 der
678 994 99 25 ransaka,
792 992 41 22 och

77 1028 51 25 säge
150 1027 53 21 hvar
225 1027 39 21 och
286 1027 107 21 hurudant
407 1027 42 21 han
467 1028 71 25 minst,
553 1029 55 20 samt
623 1027 45 21 sina
682 1027 47 21 skäl
744 1027 32 20 till
792 1027 40 21 den

76 1061 101 26 begäran,
192 1061 70 22 såsom
277 1063 32 20 att
324 1062 39 21 den
379 1062 125 21 misstänkte
519 1062 45 21 förr
574 1061 66 26 stulit,
651 1061 52 21 eller
711 1063 32 19 att
753 1061 80 21 sådana

76 1095 63 23 saker
153 1097 37 20 äro
207 1096 65 21 sedda
287 1096 38 21 hos
340 1096 85 26 honom,
445 1096 52 21 eller
515 1097 33 21 att
562 1096 43 21 han
620 1096 75 21 försålt
710 1096 54 25 dem,
780 1095 52 21 eller

76 1131 32 21 att
122 1131 43 20 han
180 1130 68 21 håller
263 1131 32 26 sig
310 1130 71 22 undan
396 1131 40 21 och
451 1137 61 20 synes
528 1133 51 24 taga
593 1131 39 20 sak
647 1130 12 21 å
675 1130 48 27 bak,
734 1130 51 21 eller
795 1136 36 15 va-

76 1165 28 22 rit
118 1165 7 21 i
140 1164 94 27 sällskap
250 1165 49 21 med
313 1165 74 26 andra,
406 1165 71 21 hvilka
491 1166 81 21 brottet
587 1165 49 21 med
650 1165 47 21 skäl
711 1165 42 21 kan
768 1165 64 21 tillvi-

76 1201 40 20 tas.
146 1199 10 21 I
179 1199 63 22 dessa
264 1199 39 22 och
325 1200 66 21 andra
411 1200 79 21 sådana
507 1199 37 22 fall
559 1199 35 22 må
609 1199 106 21 ransakan
731 1199 18 26 ej
765 1199 66 21 nekas

75 1234 89 26 honom;
187 1236 51 19 utan
254 1234 83 27 begifve
357 1234 42 22 han
418 1235 31 26 sig
465 1235 30 20 dit
509 1234 49 21 med
573 1234 36 21 två
624 1234 141 21 nämndemän
780 1233 52 21 eller

75 1269 104 20 edsvurne
202 1269 148 27 stadstjenare,
373 1269 52 21 eller
447 1269 40 21 ock
505 1269 67 21 andra
593 1269 55 26 gode
662 1271 56 23 män,
734 1268 40 21 och
789 1267 42 22 för-

76 1303 70 20 kunne
162 1303 38 20 der
214 1309 119 20 grannarne
353 1303 53 21 eller
426 1303 130 26 husbonden,
572 1304 33 20 att
619 1303 26 21 de
661 1304 36 20 äro
713 1303 32 21 dit
759 1302 72 21 sände.

77 1332 30 25 Är
129 1336 124 21 husbonden
275 1336 18 26 ej
313 1336 49 27 sjelf
381 1337 90 25 hemma,
487 1338 51 19 utan
553 1336 98 26 hustrun,
666 1336 57 26 eller,
740 1341 33 15 om
789 1336 42 20 han

76 1372 24 19 är
114 1369 58 27 ogift,
188 1370 41 21 den
244 1371 42 20 han
301 1370 55 21 låter
370 1370 79 21 förestå
463 1370 71 25 huset;
550 1369 69 27 gånge
634 1370 105 21 ransakan
751 1369 33 21 för
799 1371 32 26 sig

75 1403 44 22 lika
141 1403 56 22 fullt.
225 1404 78 22 Finnes
325 1405 18 26 ej
360 1404 36 22 det
414 1411 50 15 man
479 1405 103 22 ransakar
597 1404 62 27 efter;
681 1404 44 21 vise
741 1404 27 21 då
783 1405 48 26 den,

76 1444 46 17 som
136 1439 101 27 begärde:
243 1439 113 27 ransakan,
372 1439 51 22 eller
439 1439 81 28 aflägge
535 1439 32 28 ed,
584 1441 32 20 att
630 1439 42 22 han
687 1439 39 22 har
736 1439 51 22 mist
794 1440 37 21 sitt
