1025 1709
208 144 26 19 42
417 144 24 20 U.
455 144 22 19 B.
493 154 27 2 —
534 143 59 25 Prop.
608 143 38 19 N:o
661 144 15 18 1

180 200 35 20 två
231 199 31 20 till
278 199 39 20 och
334 199 46 20 med
396 199 47 21 åtta
459 200 29 24 år,
504 198 57 26 eller,
578 206 33 12 om
628 198 90 20 aftaladt
733 205 43 19 var,
793 200 30 17 att
843 197 84 26 enviget

180 234 18 26 ej
214 233 68 21 skulle
304 233 67 20 slutas
393 236 50 17 utan
466 234 88 19 enderas
574 233 48 26 död,
639 232 47 20 med
709 232 94 27 fängelse
821 231 46 20 från
887 230 40 21 och

179 268 46 20 med
241 274 39 14 sex
297 267 30 20 till
344 267 39 20 och
401 268 46 19 med
463 268 41 20 tolf
517 268 29 20 år.

246 302 52 20 Fick
314 302 35 19 vid
366 303 62 25 envig
451 302 122 26 någondera
595 302 48 20 svår
667 301 155 27 kroppsskada;
845 300 83 20 straffes

178 336 189 26 gerningsmannen
391 336 47 20 med
457 336 95 26 fängelse
567 338 19 24 ej
606 336 66 20 under
687 342 38 14 sex
745 336 107 20 månader.
882 334 49 20 Blef

180 371 80 20 skadan
277 371 91 25 mindre;
389 377 49 13 vare
454 370 80 21 straffet
548 370 34 21 för
602 371 191 26 gerningsmannen
810 369 94 27 fängelse
922 369 7 19 i

179 406 63 25 högst
258 405 35 20 två
308 405 29 21 år.
368 405 53 25 Den,
437 412 44 13 som
497 406 18 26 ej
532 405 93 26 tillfogat
645 406 31 19 sin
699 404 141 21 motståndare
859 404 69 26 någon

180 439 154 27 kroppsskada,
349 439 87 27 strafes
451 440 48 20 med
509 439 103 27 fängelse
630 440 20 27 ej
666 439 61 27 öfver
742 442 29 18 ett
787 439 31 21 år.

248 474 42 20 Har
313 473 121 27 någondera
449 475 6 18 i
471 475 85 26 enviget
572 474 132 26 uppsåtligen
723 474 76 20 afvikit
813 474 46 19 från
876 472 53 20 afta-

180 508 48 20 lade
244 508 53 20 eller
312 508 130 26 vedertagna
465 509 75 26 regler,
556 508 38 20 och
611 508 75 20 varder
707 508 40 20 den
766 508 65 20 andre
848 507 80 26 derige-

179 549 48 14 nom
244 542 71 20 dödad
331 542 52 20 eller
405 542 88 27 skadad,
509 543 52 20 eller
584 543 80 19 skedde
687 543 84 26 enviget
787 545 48 17 utan
855 540 74 22 sekun-

180 577 90 26 danter;
286 577 27 20 då
328 576 55 21 skall
399 577 48 25 den,
463 584 44 13 som
523 577 65 20 dödat
603 577 53 20 eller
671 577 77 20 skadat
764 576 165 26 motståndaren,

180 612 82 19 straffas
284 611 69 20 såsom
369 618 33 13 om
419 612 65 26 mord,
501 611 51 27 dräp
568 612 53 20 eller
640 612 128 20 misshandel
785 614 22 18 är
823 610 105 26 stadgadt.

248 647 13 19 2
276 648 17 22 &.
323 646 64 25 Hvar,
403 652 44 14 som
466 646 53 20 låter
534 646 68 21 bruka
617 647 32 26 sig
664 648 31 18 att
711 646 98 20 framföra
821 646 108 25 utmaning

180 681 33 19 till
235 682 69 26 envig,
320 681 88 26 straffes,
425 682 37 19 der
485 682 85 26 enviget
592 680 54 26 sker,
663 680 47 20 med
731 680 95 26 fängelse
845 680 6 20 i
867 680 62 26 högst

179 722 37 14 sex
232 716 100 20 månader
347 715 89 28 (utesl.).

247 750 44 20 Har
313 750 41 20 han
377 749 125 29 allvarligen
519 751 47 19 sökt
582 750 80 26 afstyra
678 750 94 26 enviget;
797 750 32 20 må
852 750 41 20 han
909 750 19 25 ej

180 785 31 20 till
227 785 62 20 straff
303 785 79 20 dömas.

249 819 11 20 3
276 820 18 26 8.
326 818 155 28 Sekundanter,
499 820 79 19 vittnen
595 820 39 19 och
652 819 79 25 läkare,
751 826 44 13 som
818 819 33 19 för
868 819 62 25 envig

180 854 83 26 anlitas,
280 861 49 14 vare
345 854 114 20 strafflöse.

499 934 36 20 24
548 934 67 22 Kap.

471 981 34 23 Om
520 981 112 22 fridsbrott.

250 1034 7 18 1
276 1035 16 23 $.
323 1032 64 26 Hvar,
403 1039 51 19 som,
471 1036 49 17 utan
536 1033 49 26 laga
600 1033 54 25 skäl,
665 1035 57 18 emot
737 1039 80 14 annans
830 1032 58 28 vilja,
899 1034 30 18 in-

183 1069 84 24 tränger
282 1068 6 18 i
305 1067 52 20 hans
373 1066 94 26 hemvist,
483 1073 50 15 vare
548 1068 33 26 sig
597 1074 51 19 rum,
667 1067 44 25 hus,
728 1068 52 26 gård
791 1068 52 19 eller
854 1068 77 26 fartyg,

181 1102 101 26 antingen
298 1102 41 20 han
356 1102 46 20 dem
419 1102 49 26 sjelf
482 1109 49 19 eger
546 1102 52 19 eller
618 1102 37 19 har
670 1102 33 20 lof
716 1102 51 20 eller
784 1102 47 26 lega
846 1103 32 19 för
893 1102 38 26 sig,

181 1136 52 20 eller
249 1138 49 18 utan
315 1137 35 25 fog
365 1136 121 20 underläter
502 1138 30 18 att
547 1136 27 26 pä
591 1136 115 26 tillsägelse
728 1136 91 20 derifrän
837 1136 95 26 aflägsna

182 1171 39 26 sig,
237 1170 52 20 eller
305 1172 50 18 utan
371 1170 68 26 skälig
455 1170 116 27 anledning
588 1170 108 26 insmyger
712 1171 32 25 sig
761 1171 30 19 dit
805 1170 53 20 eller
873 1174 58 23 göm-

181 1212 43 12 mer
239 1205 31 25 sig
286 1205 37 19 der
338 1205 79 26 undan,
433 1205 81 20 straffes
526 1205 33 19 för
569 1204 160 21 hemfridsbrott
739 1205 47 20 med
799 1206 59 19 böter
869 1205 63 26 högst

182 1238 124 20 femhundra
322 1239 59 19 mark
397 1239 53 19 eller
466 1240 94 24 fängelse
576 1240 18 24 ej
612 1240 58 18 öfver
686 1246 37 12 sex
741 1240 107 19 mänader.

248 1272 99 24 Hvilken,
363 1272 70 19 säsom
449 1278 27 13 nu
492 1275 22 17 är
530 1272 68 26 sagdt,
616 1272 71 26 bryter
703 1272 40 20 frid
754 1272 6 19 i
772 1272 45 25 hus,
833 1272 51 26 gärd
901 1273 28 19 el-

180 1306 31 19 ler
226 1306 77 26 fartyg,
320 1306 37 19 der
371 1305 102 26 Kejsaren
490 1306 38 19 och
545 1306 128 20 Storfursten
690 1306 124 26 uppehäller
829 1306 39 26 sig,
879 1306 53 20 eller

179 1340 7 20 i
202 1340 44 22 hus,
262 1340 37 20 der
314 1340 83 20 landets
414 1339 94 26 Ständer,
524 1340 52 20 eller
591 1340 60 20 ständ
668 1340 54 20 eller
737 1340 82 20 utskott
832 1340 13 20 &
861 1340 71 20 landt-

180 1376 42 24 dag
242 1374 64 20 hafva
328 1374 163 26 sammanträde,
511 1373 51 21 eller
581 1375 3 19 i
600 1375 133 24 embetsrum,
751 1374 52 21 eller
826 1382 53 19 rum,
895 1375 37 20 der

183 1410 202 26 tjensteförrättning
401 1409 54 25 sker,
477 1409 81 21 straffes
580 1410 45 19 med
642 1409 62 21 böter
719 1409 84 27 (utesl.)
819 1410 51 20 eller
887 1410 44 20 fän-

182 1444 58 27 gelse
256 1445 19 25 ej
291 1444 59 20 öfver
367 1447 30 17 ett
413 1444 28 20 är.
