1036 1703
804 130 28 23 69

251 200 23 14 re
290 194 30 25 af
331 201 75 14 annan
417 194 157 28 protestantisk
589 194 95 20 troslära
699 195 29 19 än
743 193 41 21 den
799 200 61 14 evan-

250 228 195 27 gelisk-lutherska,
467 228 83 21 ändock
572 228 70 27 dagen
657 228 67 27 enligt
739 227 55 21 hans
809 228 50 20 lära

251 262 53 20 eller
318 261 122 28 kyrkobruk
454 262 45 20 icke
514 262 69 20 hålles
598 261 62 27 helig.

522 331 15 26 $
552 331 34 20 16.

323 381 84 21 Varder
415 381 104 28 rättighet
528 381 34 21 till
571 380 96 28 offentlig
675 380 184 29 religionsöfning

249 415 30 27 af
286 415 136 28 församling
437 415 136 22 missbrukad
588 416 31 25 så,
635 417 33 19 att
684 415 122 27 derigenom
822 415 36 27 lag

251 448 38 21 och
311 448 103 28 sedlighet
438 448 94 21 kränkes
556 449 52 20 eller
622 448 43 27 god
680 448 94 27 ordning
789 449 69 25 öjver-

249 482 80 27 trädes,
344 483 51 20 eller
410 483 78 20 varder
502 483 68 20 sädan
581 482 142 28 regelbunden
731 481 127 29 gudstjenst,

248 523 45 14 som
308 517 46 21 dess
369 517 209 27 samfundsordning
593 516 93 26 kräfver,
701 516 45 21 icke
761 517 96 26 upprätt-

250 550 81 27 hällen,
353 551 41 25 mä,
418 550 55 27 efter
491 551 103 21 anmälan
609 550 79 26 derom,
701 550 158 27 församlingen

249 584 30 27 af
289 584 93 22 Senaten
392 585 118 27 förklaras
525 592 53 14 vara
593 586 93 27 upplöst.

319 618 86 22 Samma
422 620 35 27 lag
472 626 56 19 vare,
544 620 30 20 dä
583 618 146 28 föreskriften
749 620 4 20 i
767 619 15 27 $
796 620 15 19 3
826 624 32 14 om

248 654 138 20 anställande
412 654 29 27 af
449 654 156 27 föreständare
621 654 52 20 eller
684 656 68 24 prest,
768 652 89 22 oaktadt

248 687 105 22 särskildt
362 687 193 29 förständigande,
571 688 45 21 icke
627 687 116 28 fullgöres.

317 722 36 21 Då
368 721 137 29 församling
518 722 95 21 sålunda
628 722 104 28 upplösts,
748 721 110 28 öfvertage

250 757 116 27 magistrat
388 757 53 20 eller
463 757 153 28 ordningsrätt
637 757 8 20 i
660 757 49 20 stad
724 759 62 24 samt,
802 755 56 28 efter

248 790 106 22 Senatens
369 793 101 19 närmare
486 791 163 26 bestämmande,
664 791 133 27 kronofogde
806 791 53 20 eller

249 825 99 21 länsman
356 826 32 27 på
398 825 75 21 landet
481 825 179 26 föreståndarens
670 825 132 28 åligganden
812 825 48 21 med

249 859 103 27 afseende
366 860 14 20 å
391 859 25 21 de
422 859 173 28 förteckningar,
605 859 88 21 hvarom
701 860 9 20 i
721 859 11 28 $
740 861 14 19 3
762 861 98 23 nämnes;

249 893 37 21 och
297 894 72 27 åligge
378 894 41 21 den
429 894 101 27 upplösta
537 893 174 28 församlingens
723 893 136 22 medlemmar

249 930 32 18 att
297 928 57 21 inom
369 935 37 13 sex
420 928 105 21 månader
540 927 96 28 derefter
642 927 40 28 för
691 927 92 21 Senaten
786 927 73 28 förete

248 962 61 27 intyg
332 961 59 28 öfver
414 965 32 18 att
468 963 25 20 de
508 962 114 27 behörigen
637 962 85 21 inträdt
738 962 32 20 uti
784 968 75 15 annan

243 995 137 27 församling
395 996 51 20 eller
461 999 67 17 annat
543 995 175 28 kyrkosamfund,
727 1003 45 13 som
786 996 9 20 i
811 997 49 19 lan-

249 1028 34 21 det
305 1027 14 22 i
335 1029 94 27 stadgad
444 1029 93 28 ordning
553 1029 87 26 bildats,
656 1029 51 21 eller
722 1029 36 21 ock
773 1030 9 19 i
796 1036 63 14 evan-

248 1063 189 26 gelisk-lutherska
459 1063 90 28 kyrkan.
579 1063 128 21 Försumma
730 1064 62 20 dessa
813 1063 45 21 dis-

248 1099 82 19 senters
352 1098 34 20 sin
408 1097 120 28 skyldighet
544 1097 142 27 härutinnan,
701 1105 49 20 eger
764 1097 94 22 Senaten

249 1130 46 22 dem
311 1131 73 22 dertill
399 1138 73 21 genom
489 1131 104 28 lämpliga
608 1132 68 21 medel
691 1132 101 21 tillhälla.

520 1195 16 27 8
551 1196 35 19 17.

322 1232 64 28 Viger
401 1233 249 28 dissenterförsamlings
662 1236 61 25 prest
734 1240 45 14 som
788 1233 72 21 tillika

249 1269 27 18 är
297 1267 152 26 föreständare
464 1268 8 20 i
491 1268 163 27 församlingen
669 1268 51 25 dem,
732 1267 40 28 för
787 1267 73 21 hvilka

250 1301 44 21 han
316 1301 70 21 säsom
406 1301 156 27 föreständare
584 1303 26 19 är
624 1301 86 28 skyldig
726 1304 32 18 att
774 1301 86 28 lysning

250 1335 35 20 till
307 1335 118 26 äktenskap
447 1335 99 26 utfärda,
566 1335 90 20 oaktadt
679 1336 61 19 dessa
762 1335 45 20 icke
822 1336 39 19 äro

251 1368 34 20 till
307 1368 116 27 äktenskap
445 1369 48 20 med
515 1368 126 21 hvarandra
656 1368 138 27 berättigade,
811 1368 51 22 eller

249 1404 54 19 utan
319 1404 32 19 att
368 1402 50 28 laga
434 1403 86 27 lysning
535 1402 52 22 eller
603 1402 211 28 tillkännagifvande
829 1408 33 15 om
