1045 1709
390 124 23 22 U.
428 125 23 20 B.
467 137 27 3 —
508 125 59 27 Prop.
581 126 37 20 N:o
633 126 15 20 L
813 125 38 20 103

138 186 50 27 kap.
204 189 37 18 äro
257 186 108 21 bestämda
380 187 32 21 för
427 188 92 25 tukthus,
535 188 59 20 skola
609 188 210 27 fängafdelningarna
831 189 51 26 jem-

138 221 34 20 väl
199 221 33 21 för
254 221 63 27 öfrigt
338 221 102 28 särsiljas
464 223 28 26 pä
507 223 75 20 sådant
596 225 48 23 sätt,
659 225 21 18 at
695 222 101 26 fängarne
812 222 70 20 kunna

135 256 59 20 finna
216 258 138 23 uppmuntran
382 258 30 18 att
434 259 50 24 göra
499 257 32 27 sig
545 257 96 25 förtjente
657 257 21 19 af
692 257 143 26 uppflyttning
850 256 32 20 till

136 290 66 25 högre
217 289 113 27 afdelning.

208 323 25 20 12
253 323 13 27 8
289 323 55 28 (13).
376 324 78 27 Fänge,
477 330 43 14 som
543 324 66 20 utstär
631 324 160 27 fängelsestraff,
815 324 33 20 mä
863 325 18 25 ej

139 358 105 20 förmenas
259 360 31 18 att
305 358 94 26 begagna
415 364 54 21 egna
484 358 81 23 kläder,
581 358 36 21 der
628 358 40 20 han
680 358 77 21 förmär
767 358 58 20 hälla
835 358 46 20 dem

137 392 8 20 i
170 391 61 21 skick
252 393 56 20 samt
322 392 123 22 säkerheten
460 392 9 21 i
484 392 54 22 hans
552 392 54 22 vård
619 392 119 28 derigenom
752 392 45 22 icke
812 391 70 29 äfven-

137 428 66 26 tyras.

208 461 25 20 13
249 460 82 30 8'(14).
361 462 82 20 Varder
465 462 69 28 fånge,
556 469 43 13 som
620 462 71 20 blifvit
706 462 61 21 dömd
783 462 32 20 till
831 462 50 20 ovil-

140 496 79 26 korligt
236 496 160 26 fängelsestraff,
412 496 56 28 änyo
484 498 23 19 af
521 497 88 20 domstol
625 497 62 20 dömd
704 496 32 20 till
751 496 66 26 straff,
832 496 51 20 eller

137 530 39 21 har
199 530 68 27 fånge,
291 530 84 20 hvilken
399 531 84 26 åtnjutit
505 531 98 26 vilkorlig
625 531 69 26 frihet,
710 531 107 20 förverkat
833 531 48 25 den;

137 565 57 20 skall
217 566 40 19 ock
279 565 13 19 &
310 565 84 26 honom,
410 566 54 19 efter
480 566 211 26 omständigheterna,
708 565 104 26 tillämpas
827 565 54 19 hvad

137 600 34 20 för
186 599 65 20 sädan
267 599 101 20 händelse
384 602 22 18 är
422 600 100 26 stadgadt
536 600 6 18 i
559 600 11 20 3
587 600 47 26 kap.

464 677 16 21 5
494 677 67 23 Kap.

333 724 35 22 Om
384 724 60 22 böter
458 725 38 21 och
512 724 98 22 förbrutet
625 724 57 28 gods.

211 772 5 18 1
235 770 20 27 8.
286 770 136 27 Kronofogde
445 771 27 26 pä
492 771 72 20 landet
578 772 54 18 samt
646 770 110 26 magistrat
771 770 52 20 eller
838 770 45 21 ord-

138 806 105 25 ningsrätt
257 806 7 19 i
280 806 45 20 stad
341 806 63 20 hafve
419 806 93 20 värdnad
529 806 76 24 derom,
616 808 30 17 att
657 805 59 20 böter
726 805 95 27 erläggas
833 805 51 20 eller

141 840 102 20 indrifvas
257 840 66 26 enligt
339 840 47 20 dom
402 840 52 20 eller
465 839 158 27 saköreslängd,
634 840 53 20 eller
697 842 32 18 att
739 840 40 20 den
791 839 92 21 bötfälde

139 874 34 20 för
188 875 46 19 dem
250 876 64 18 sättes
329 874 7 20 i
352 874 100 26 fängelse.

207 909 13 20 2
235 907 20 29 8.
286 908 114 28 Uppgifver
423 908 39 20 den
486 908 102 24 sakfälde,
611 911 37 17 när
671 908 88 20 böterna
778 908 60 20 skola
853 908 30 20 in-

141 943 88 25 drifvas,
252 946 31 17 att
304 943 40 20 han
368 944 48 19 sökt
431 944 89 24 ändring
535 944 6 18 i
558 943 82 26 domen,
656 949 45 13 men
719 943 40 19 kan
775 944 19 25 ej
810 945 75 24 genast

139 978 76 27 styrka
231 978 44 26 det;
291 978 107 26 förelägge
414 978 217 26 utmätningsmannen
647 977 76 20 honom
740 979 30 18 att
779 978 56 19 inom
847 984 37 14 sex

141 1012 78 21 veckor
243 1012 90 20 derefter
356 1012 66 20 förete
444 1012 65 26 högre
529 1014 50 18 rätts
595 1012 48 20 dom
659 1011 52 21 eller
726 1011 58 21 bevis
799 1018 33 14 om
849 1014 35 18 än-

142 1047 183 26 dringssökandet.
362 1047 44 20 Gör
427 1047 41 20 han
494 1048 35 19 det
544 1048 26 24 ej,
586 1047 52 20 eller
653 1046 38 20 har
705 1046 48 25 han,
769 1053 33 13 om
818 1046 65 27 högre

141 1084 54 18 rätts
210 1081 48 21 dom
274 1082 62 26 fallit,
351 1082 47 20 icke
415 1082 73 19 vunnit
505 1081 96 21 befrielse
617 1081 44 20 från
678 1081 99 26 böterna;
787 1080 55 20 skall
853 1083 32 18 ut-

141 1116 204 26 mätningsmannen,
368 1116 37 20 der
424 1116 19 26 ej
460 1116 59 25 eljest
535 1116 47 26 laga
596 1115 75 20 hinder
686 1117 72 24 möter,
774 1118 48 20 taga
839 1115 45 20 dem

141 1154 30 23 ut,
187 1150 52 20 eller
259 1151 96 20 befordra
372 1151 39 19 den
427 1150 97 20 sakfälde
539 1150 31 19 till
586 1150 148 25 undergående
749 1150 23 19 af
785 1150 100 25 fängelse.

213 1184 88 27 Styrker
320 1185 38 19 den
375 1184 103 25 sakfälde,
494 1186 32 18 att
541 1184 39 19 han
596 1184 48 20 sökt
659 1184 99 24 ändring;
773 1186 60 24 göres
849 1190 36 13 an-

138 1219 63 21 stånd
225 1219 47 20 med
297 1219 142 26 utmätningen
459 1218 43 20 tills
517 1218 65 26 högre
597 1220 51 18 rätts
664 1218 47 20 dom
727 1218 5 18 i
749 1218 64 19 målet
827 1217 58 21 kom-

140 1254 45 25 mit,
201 1254 54 19 dock
271 1252 47 21 icke
335 1253 71 26 längre
422 1256 26 16 än
464 1255 30 17 ett
510 1252 23 20 år
548 1252 44 20 från
609 1252 40 20 den
665 1252 47 25 dag,
729 1252 26 20 då
769 1252 88 20 böterne
865 1252 24 20 af

142 1288 136 19 underrätten
302 1287 107 26 ådömdes,
433 1287 36 19 der
492 1288 19 24 ej
535 1287 22 19 så
580 1290 29 21 är,
624 1288 31 18 att
671 1286 39 19 den
727 1285 96 21 sakfälde
839 1285 47 20 med

141 1324 48 24 nytt
204 1321 58 20 bevis
278 1322 90 24 utreder,
384 1323 30 18 att
431 1321 63 20 målet
509 1320 7 20 i
532 1320 64 26 högre
611 1321 42 19 rätt
669 1323 22 16 är
706 1319 112 27 oafgjordt.

209 1354 11 20 3
237 1355 17 25 8.
284 1353 68 21 Orkar
375 1354 39 20 den
437 1354 97 19 sakfälde
556 1353 63 27 gälda
642 1353 94 25 böterna,
751 1359 46 13 men
813 1352 38 20 har
866 1351 19 28 ej

140 1388 55 20 reda
209 1388 119 26 penningar
344 1388 81 24 dertill;
441 1387 61 20 skola
517 1386 88 21 böterna
621 1389 82 23 uttagas
719 1387 22 19 af
755 1392 68 14 annan
835 1386 52 20 hans

140 1422 99 20 enskilda
261 1422 101 26 egendom
386 1422 51 20 eller
459 1421 38 21 lott
518 1421 5 19 i
540 1421 32 26 bo,
590 1421 67 20 säsom
673 1427 33 13 om
723 1421 118 26 utmätning
855 1420 32 21 för
