1020 1703
221 135 46 38 202
418 141 66 24 Stänk
499 141 30 24 Sv.
545 152 28 4 —
588 141 55 28 Prog
659 140 32 25 Ko
705 141 16 23 1.

196 208 41 21 och
259 207 19 26 ej
301 207 23 22 af
343 207 74 27 illvilja
434 207 49 21 sökt
500 206 136 27 ransakning.
666 206 24 27 Ej
706 206 34 22 mä
755 212 48 16 man
818 206 133 21 annorlunda

197 241 92 22 ransaka
304 241 22 22 af
340 241 111 28 sjelftagen
466 242 64 26 magt.
561 240 43 22 Gör
620 241 36 21 det
669 241 79 26 någon;
764 240 82 23 straffes
862 239 88 23 såsom
936 235 17 38 i

196 277 30 21 24
239 276 49 27 kap.
304 275 123 28 straftlagen
442 277 56 25 sägs.

266 311 27 21 14
308 310 18 27 8.
357 310 128 21 Misstänkes
505 309 69 27 någon
594 309 27 27 på
636 309 112 22 sannolika
762 309 48 22 skäl
824 309 34 22 för
872 311 78 25 stämp-

196 344 45 28 ling
264 346 44 20 mot
331 346 80 20 statens
431 343 99 22 säkerhet
551 343 52 21 eller
621 345 65 19 annat
700 342 57 28 groft
771 343 64 27 brott,
851 343 52 21 eller
917 343 34 21 för

196 380 99 26 döljande
309 378 23 22 af
352 378 125 26 brottsling;
500 377 33 22 mä
548 377 154 27 husransakan,
718 377 38 22 der
770 378 42 21 den
827 378 33 21 för
873 377 78 22 sakens

196 414 141 27 uppdagande
360 412 66 22 finnes
448 412 71 28 nödig,
540 412 39 22 hos
601 412 78 22 honom
694 412 102 22 anställas
812 412 23 22 af
848 412 103 28 Kejsaren

196 448 40 22 och
251 448 143 22 Storfurstens
409 446 239 28 befallningshafvande,
669 446 52 22 eller
740 447 22 21 af
775 447 131 27 kronofogde
921 446 30 22 el-

196 483 33 21 ler
243 482 96 22 länsman
354 481 28 28 pä
396 481 79 27 landet,
495 481 52 22 eller
564 482 205 26 magistratsperson,
785 481 121 22 stadsfiskal
922 481 30 22 el-

195 518 33 20 ler
248 517 104 27 polisman
367 517 7 21 i
389 516 54 22 stad.
480 516 11 21 I
506 516 42 22 mål
564 522 32 15 om
612 515 72 28 oloflig
699 515 142 28 tillverkning,
856 516 95 28 forsling,

195 551 84 27 upplag.
297 550 53 22 eller
370 550 123 27 försäljning
511 550 23 21 af
551 550 73 22 starka
639 550 90 27 drycker
744 550 40 22 och
799 552 7 20 i
819 550 84 22 tullmä]
916 552 35 20 mä

195 585 147 22 husransakan
358 585 39 21 ock
411 585 43 26 ske,
470 585 70 21 säsom
556 584 73 22 derom
648 586 23 20 är
687 584 100 22 särskildt
802 584 106 28 stadgadt.

264 620 116 26 Företager
394 619 127 26 tjensteman
535 618 148 22 husransakan
697 620 51 20 utan
758 619 60 27 giltig
828 619 122 28 anledning;

195 654 84 22 straffes
294 654 66 26 enligt
377 652 128 28 strafflagen.

266 687 26 22 15
307 687 19 28 8.
355 687 84 21 Allmän
454 687 99 27 åklagare
569 687 54 21 skall
642 686 58 22 åtala
715 686 65 27 brott,
796 693 46 16 som
857 687 40 21 hör
911 693 39 16 un-

195 722 38 21 der
248 722 89 22 allmänt
352 722 49 26 åtal,
417 721 55 22 ändå
486 723 33 20 att
533 721 150 27 mälseganden
698 721 46 22 icke
759 722 81 21 anmält
854 722 36 21 det
904 722 46 22 der-

194 756 41 22 till.
265 756 64 22 Utför
343 756 135 27 mälsegande
493 755 49 28 sjelf
555 756 44 21 åtal
618 755 34 22 för
665 756 75 21 sådant
754 756 70 27 brott;
848 763 50 15 vare
912 757 39 22 all-

194 793 50 20 män
259 791 101 27 åklagare
374 790 56 22 ändå
444 790 84 28 skyldig
545 792 31 20 att
591 790 82 22 bevaka
687 791 37 21 det
739 790 116 23 allmännas
870 791 59 22 talan
944 792 7 21 i

195 825 72 22 saken.

264 859 54 22 Sker
340 859 115 27 angifvelse
477 859 33 22 för
532 859 163 27 ärekränkning,
710 859 85 22 hvilken
810 861 62 27 utgör
886 861 64 27 maje-

194 895 120 25 stätsbrott,
330 893 53 22 eller
397 893 34 21 för
445 900 70 15 annan
530 893 65 22 sådan
610 895 164 26 ärekränkning,
790 901 46 15 som
846 896 8 21 i
866 895 26 22 13
900 895 49 28 kap.

195 928 123 27 straftlagen
334 928 144 26 omförmäles;
501 928 56 22 skall
577 928 99 21 anmälan
690 935 35 15 om
740 930 76 21 sakens
831 929 119 22 beskaffen-

194 963 37 21 het
245 964 63 26 göras
324 963 38 21 hos
378 962 103 27 Kejsaren
497 962 39 22 och
552 961 142 24 Storfurstens
709 962 240 28 befallningshafvande,

194 997 86 22 hvilken
295 997 39 21 bör
356 997 73 21 derom
448 997 107 21 inberätta
570 997 32 21 till
618 997 98 26 Senaten,
732 997 28 27 på
775 997 63 22 hvars
852 998 96 22 Justitie-

193 1032 147 26 departement
355 1031 37 21 det
407 1030 122 22 ankommer
545 1032 30 20 att
590 1031 38 21 hos
644 1031 104 27 Kejsaren
763 1032 39 21 och
817 1032 132 22 Storfursten

193 1066 113 22 hemställa
321 1071 34 16 om
369 1066 44 21 åtal
429 1065 65 27 deraf,
509 1068 40 19 när
564 1065 46 22 skäl
626 1066 71 22 dertill
711 1065 72 23 finnes.

264 1100 26 22 16
305 1100 19 27 8.
354 1100 74 21 Under
442 1100 89 22 allmänt
546 1100 42 22 åtal
603 1100 53 21 höra
671 1101 42 21 alla
728 1101 26 21 de
770 1101 64 27 brott,
851 1102 71 21 hvilka
930 1103 19 26 ej

192 1136 9 20 i
215 1135 36 27 lag
265 1134 52 22 eller
332 1134 125 27 författning
473 1136 37 20 äro
525 1134 143 27 uttryckligen
683 1135 143 27 undantagna.
856 1136 93 22 Innefat-

192 1171 36 19 tar
242 1175 26 15 en
284 1168 39 22 och
338 1175 81 15 samma
434 1168 100 28 handling
549 1168 53 22 flera
616 1169 59 21 brott
691 1169 38 21 och
744 1170 40 21 hör
795 1170 65 27 något
870 1170 23 22 af
902 1170 47 22 dem

193 1203 68 21 under
276 1203 88 21 allmänt
379 1203 53 25 åtal;
447 1202 54 22 skall
517 1202 76 22 sådant
607 1202 44 22 åtal
667 1204 40 20 ock
722 1203 34 22 för
771 1204 26 21 de
813 1204 67 27 öfriga
891 1205 58 21 brot-

193 1239 36 19 ten
244 1243 40 20 ega
298 1242 54 20 rum,
368 1236 55 21 ändå
438 1238 32 19 att
485 1237 26 20 de
527 1237 61 25 eljest
602 1243 52 14 vore
669 1237 93 21 derifrån
777 1239 143 26 undantagna.

262 1270 11 20 I
288 1268 100 23 brottmål
403 1270 34 20 må
452 1270 115 26 förlikning
581 1270 48 21 med
644 1270 136 27 målsegande
796 1272 18 26 ej
830 1272 57 26 ligga
896 1272 7 20 i
913 1274 36 19 vä-

192 1310 42 20 gen
249 1304 34 21 för
298 1303 104 27 åtalsrätt,
418 1310 45 15 som
479 1304 78 21 allmän
577 1303 100 28 åklagare
695 1305 54 21 efter
763 1305 35 28 lag
813 1306 135 22 tillkommer.

192 1338 44 22 Vill
252 1338 133 27 målsegande
400 1338 88 22 förlikas
504 1344 34 16 om
553 1338 138 27 skadestånd;
707 1339 63 22 hafve
785 1340 31 22 lof
829 1340 78 22 dertill.

263 1373 25 22 17
304 1373 18 27 8.
352 1372 45 22 Har
417 1373 78 22 allmän
515 1373 100 27 åklagare
634 1373 46 22 före
695 1374 41 22 den
752 1375 47 27 dag,
815 1375 27 21 dä
857 1374 91 23 straffla-

192 1415 41 21 gen
248 1407 45 22 blef
306 1407 104 28 gällande,
430 1407 67 22 ätalat
518 1408 64 27 brott,
598 1408 81 22 hvilket
694 1409 66 28 enligt
774 1410 58 21 äldre
847 1410 35 27 lag
897 1410 51 23 eller

192 1443 126 27 författning
334 1442 49 22 hört
398 1442 67 22 under
483 1442 88 22 allmänt
590 1443 49 27 åtal,
658 1449 48 16 men
722 1444 53 21 efter
790 1443 123 29 strafflagen
928 1445 19 28 ej
