1042 1703
174 153 14 20 2
358 151 69 21 Ständ.
442 151 32 21 Sv.
488 162 30 8 —
532 151 57 26 Prop.
605 151 34 21 N:o
654 151 32 21 10.

145 214 80 26 nådiga
247 212 165 28 godkännande,
436 219 50 15 men
508 213 100 22 hbehofvet
631 213 24 21 af
674 213 222 27 lagstiftningsätgärd

145 248 31 21 till
192 246 112 23 ordnande
320 246 22 22 af
356 247 105 21 särskilda
476 247 89 21 ilandet
574 248 109 26 befintliga
693 247 136 22 främmande
838 250 57 19 tros-

145 282 137 22 bekännares
304 281 212 27 rättsförhällanden,
537 282 8 20 i
567 282 116 28 synnerhet
706 282 57 21 hvad
777 282 119 22 beträffade

145 316 125 22 bekännare
293 316 23 20 af
337 316 68 20 andra
420 316 50 21 med
485 316 42 22 den
542 316 245 27 evangelisk-lutherska
801 316 95 27 kyrkans

145 351 94 21 troslära
260 350 48 21 icke
332 349 242 28 öfverensstämmande,
591 357 36 14 om
642 350 41 21 ock
697 351 29 26 pä
741 351 155 26 protestantisk

144 385 70 27 grund
236 384 97 26 stäende,
356 384 123 27 lärosatser,
502 384 131 21 fortfarande
656 384 157 21 oförminskadt
831 391 64 20 gvar-

145 419 68 26 stode,
233 419 40 20 har
288 418 66 21 Eders
369 417 119 28 Kejserliga
503 418 99 27 Majestät
617 418 46 21 lätit
677 418 101 21 utarbeta
793 425 43 21 nya
851 418 44 21 för-

145 453 47 27 slag
206 453 31 20 till
252 452 151 27 författningar
418 453 7 20 i
441 454 73 20 ämnet
529 455 63 24 samt,
609 452 67 21 sedan
692 453 36 20 det
743 453 24 20 är
784 453 54 21 1886
852 452 44 22 för-

144 487 99 22 samlade
258 487 144 28 Kyrkomötet
416 487 135 26 lagstadgadt
565 487 111 21 utlåtande
691 487 7 20 i
708 486 90 22 ärendet
808 487 87 27 afgifvit,

144 522 50 22 med
223 521 122 22 beaktande
375 521 23 21 af
417 521 151 27 Kyrkomötets
591 521 126 21 uttalanden
738 521 7 20 i
767 521 128 26 hufvudsak,

145 557 142 22 öfverlemnat
308 555 31 21 till
363 554 131 23 Ständernas
508 550 188 37 grundlagsenliga
710 555 131 28 behandling
856 555 39 22 föl-

144 591 67 28 jande
233 593 33 18 tre
287 589 223 28 författningsförslag,
529 590 118 27 nemligen:
664 591 32 21 1:0
712 589 80 28 förslag
807 591 30 20 till
851 590 44 21 för-

144 625 93 27 ordning
252 624 113 27 angäende
380 625 83 20 kristna
477 624 201 27 religionssamfund
693 625 7 20 i
715 624 91 22 Finland
821 624 24 21 af
856 631 39 14 an-

144 667 45 14 nan
211 659 155 28 protestantisk
383 659 93 21 troslära
491 661 28 19 än
535 659 41 22 den
592 659 253 26 evangelisk-lutherska;
860 659 34 21 2:o

144 694 82 27 förslag
240 694 31 20 till
286 693 125 27 förordning
426 700 37 14 om
478 695 44 19 rätt
536 693 33 21 för
579 693 55 21 finsk
643 693 143 27 medborgare
798 693 23 21 af
828 692 66 22 främ-

145 729 79 21 mande
246 728 82 21 kristen
349 728 93 20 troslära
458 730 31 18 att
504 728 91 21 bekläda
610 728 101 21 embeten
727 728 42 21 och
784 728 89 26 tjenster
888 728 7 20 i

144 763 82 26 landet;
248 764 57 19 samt
323 762 33 21 3:o
372 762 80 27 förslag
466 762 30 21 till
511 762 125 27 förordning
651 768 36 15 om
703 768 80 15 ansvar
797 762 34 21 för
847 762 47 26 den,

144 804 48 15 som
215 796 99 28 olofligen
337 796 81 22 förmår
433 797 73 27 någon
520 797 31 21 till
565 796 117 28 öivergäng
697 796 48 22 från
760 803 28 15 en
801 796 94 22 troslära

143 832 31 21 till
196 838 79 20 annan,
294 831 86 21 hvilken
395 831 135 21 sistnämnda
545 830 135 28 förordnings
696 830 127 22 utfärdande
839 830 56 22 dock

144 873 52 15 vore
212 866 69 21 afsedt
296 868 32 19 att
342 865 92 27 förfalla,
450 866 7 20 i
472 866 102 21 händelse
590 866 41 20 den
647 865 123 27 föreslagna
785 865 110 21 allmänna

144 901 130 26 strafflagen,
290 900 62 21 hvari
367 900 152 21 motsvarande
529 900 163 26 bestämningar
702 900 93 27 inginge,
806 900 89 20 komme

143 937 30 21 till
190 935 68 21 ständ.

212 969 42 21 Vid
276 968 159 27 behandlingen
458 968 24 21 af
501 968 142 22 förevarande
658 968 79 27 nädiga
752 968 142 27 proposition,

144 1005 65 21 hafva
224 1004 128 25 Ständerna,
369 1010 47 14 som
432 1003 66 21 äfven
513 1003 32 21 för
560 1004 33 20 sin
609 1003 34 20 del
658 1009 59 20 anse,
734 1005 31 18 att
773 1009 28 14 en
811 1003 84 21 dissen-

144 1039 69 26 terlag
230 1037 36 22 för
281 1037 77 22 endast
373 1037 168 27 protestantiska
555 1037 171 22 trosbekännare
741 1036 82 21 förmär
838 1039 57 19 mot-

144 1079 65 16 svara
232 1072 35 21 det
289 1071 33 22 för
344 1071 87 22 handen
453 1071 94 22 varande
563 1071 101 22 behofvet
679 1071 23 21 af
715 1077 28 16 en
758 1071 57 27 dylik
829 1071 42 27 lag,
887 1071 8 20 i

144 1106 120 22 hufvudsak
280 1106 96 27 godkänt
391 1106 27 21 de
432 1105 146 27 föreliggande
589 1105 150 27 lagförslagen.
759 1105 61 21 Dock
830 1105 65 20 hafva

144 1141 122 22 Ständerna
280 1140 134 21 beträffande
430 1140 58 21 vissa
503 1139 163 27 bestämningar
680 1140 7 20 i
703 1140 112 21 desamma
825 1139 70 21 funnit

144 1176 117 26 ändringar
276 1174 118 28 päkallade,
411 1174 33 21 för
458 1173 71 22 hvilka
545 1174 122 21 Ständerna
681 1173 88 27 utbedja
784 1174 33 26 sig
831 1173 64 21 attfä

143 1210 40 21 här
198 1209 78 26 nedan,
292 1208 65 21 skildt
371 1208 33 21 för
418 1208 74 27 hvarje
508 1208 215 27 författningsförslag
739 1207 112 28 redogöra.

350 1265 31 19 1:o
396 1263 111 27 Förslaget
519 1264 33 20 till
555 1263 132 27 förordning
695 1263 109 27 angående
811 1263 83 20 kristna

280 1297 205 28 religionssamfund
506 1297 9 20 i
537 1297 141 27 Finland
647 1293 32 36 af
690 1303 74 14 annan
775 1298 119 26 protestan-

280 1332 42 21 tisk
337 1332 91 21 troslära
443 1334 29 18 än
486 1332 40 20 den
541 1330 240 28 evangelisk-lutherska.

211 1385 71 27 Enligt
304 1384 42 21 den
368 1383 80 27 nådiga
470 1383 162 28 propositionen
655 1383 87 21 komme
760 1383 7 20 i
782 1383 111 26 ingressen

143 1421 31 21 till
189 1419 154 28 förordningen
358 1421 31 19 att
404 1420 98 25 nämnas,
514 1420 31 19 att
553 1417 152 28 författningen
715 1417 96 22 ändrade
818 1417 75 28 Kongl.

143 1455 144 27 kungörelsen
310 1454 42 21 den
367 1455 27 20 24
409 1453 90 21 Januari
516 1453 61 25 1781,
595 1453 32 26 11,
645 1453 25 20 12
687 1453 41 20 och
744 1453 26 21 13
786 1452 25 28 $$
826 1452 7 21 i
849 1451 44 22 för-

910 425 8 10 *
