1025 1709
794 142 29 21 43

102 212 44 14 mar
161 204 7 21 i
184 204 45 22 vårt
244 204 49 21 land
308 212 26 13 en
351 204 65 21 sådan
431 203 63 23 frihet
509 204 7 20 i
532 204 97 21 afseende
644 204 13 22 &
671 204 60 22 deras
742 205 61 21 barns
812 213 37 13 un-

102 238 120 28 dervisning
237 238 7 21 i
259 238 94 28 religion,
370 238 72 21 kunna
457 238 21 22 vi
493 237 19 28 ej
528 238 67 21 heller
609 238 53 28 yrka
677 238 27 28 på
719 238 108 22 införande
843 239 6 21 i

102 272 163 28 dissenterlagen
280 272 23 21 af
316 274 30 20 ett
360 272 79 21 derhän
454 272 97 28 syftande
566 272 119 27 stadgande.

170 306 29 22 Vi
221 306 115 21 inskränka
359 313 33 14 oss
406 306 61 21 alltså
482 308 30 19 att
527 305 76 22 föreslå
618 305 92 28 följande
726 306 124 22 förändrade

102 340 79 27 lydelse
197 339 22 21 af
239 341 6 20 2
262 347 61 14 mom.
339 340 14 20 6
368 340 14 26 $
397 340 31 21 uti
444 347 28 13 nu
488 339 142 28 föreliggande
644 339 120 29 lagförslag:

283 397 29 28 Ej
328 397 68 21 heller
410 397 35 21 mä
461 397 33 21 uti
508 396 73 22 skolor
596 396 52 22 eller
663 397 72 21 andra
750 397 101 28 uppfost-

238 432 178 27 ringsanstalter,
427 438 44 14 som
480 431 141 22 underhällas
630 431 27 28 af
664 432 123 26 dissenters,
797 432 54 21 barn

237 466 31 27 af
280 466 244 28 evangelisk-lutherska
540 466 111 20 trosläran
660 467 88 26 intagas
756 470 53 17 utan
818 469 32 18 att

233 500 121 27 föräldrar
376 501 52 21 eller
443 501 107 21 mälsmän
567 500 74 21 dertill
656 501 70 21 lemna
742 501 37 21 sitt
794 508 57 14 sam-

239 536 65 27 tycke,
321 535 38 21 och
374 536 36 20 mä
425 536 7 20 i
448 535 44 21 icke
508 535 8 20 i
531 535 72 27 nägon
619 534 101 22 händelse
735 536 23 20 ät
766 536 84 20 sädana

238 569 54 21 barn
314 570 159 26 undervisning
496 570 8 19 i
526 570 41 20 den
581 569 143 27 främmande
739 570 112 21 trosläran

238 603 33 21 uti
293 603 76 21 skolan
391 604 117 20 meddelas.
541 603 54 21 Sker
617 604 129 21 annorledes
765 612 17 14 o.
798 612 15 14 s.
831 613 18 13 v.

238 638 67 28 enligt
319 638 151 22 betänkandet:

171 691 12 27 8
199 692 27 20 10
242 691 8 20 i
265 690 114 22 utskottets
394 690 134 21 betänkande
543 690 23 27 ($
581 691 13 19 9
608 690 8 21 i
632 690 40 22 den
688 690 51 22 nåd.
752 692 99 27 proposi-

102 726 89 27 tionen).

171 760 62 22 Såväl
255 760 8 21 i
285 760 40 22 den
346 759 48 23 nåd.
410 760 155 28 propositionen
582 766 45 16 som
642 760 67 28 enligt
724 761 25 21 de
764 761 87 29 tidigare

101 794 138 30 lagförslagen
261 794 8 22 i
291 796 73 20 ämnet
385 794 95 22 innehöll
503 794 68 22 denna
594 794 13 22 8
630 802 25 14 en
675 796 131 28 bestämning
821 798 31 20 att

101 829 132 23 främmande
256 829 168 26 trosbekännare,
447 829 32 21 för
494 831 31 19 att
539 828 80 23 erhålla
634 829 83 29 lysning
732 830 32 22 till
779 831 73 21 äkten-

102 866 58 28 skap,
184 865 18 28 ej
225 864 89 23 behöfde
337 864 67 22 förete
426 864 59 22 bevis
509 872 33 14 om
566 864 40 28 dop
630 866 38 20 och
683 866 167 28 nattvardsgäng.

103 900 76 22 Denna
194 900 132 27 bestämning
340 899 45 21 blef
398 906 75 21 genom
489 899 130 28 omröstning
633 900 7 20 i
656 900 103 22 utskottet
774 901 78 22 uteslu-

102 938 36 18 ten
161 942 25 14 ur
205 935 46 21 dess
265 934 83 28 förslag.
380 933 50 22 Som
446 933 36 23 det
496 933 66 23 likväl
577 934 113 28 ingalunda
705 935 43 21 kan
763 936 90 27 godkän-

101 977 37 14 nas
167 972 31 18 att
227 969 127 27 rättigheten
377 970 31 20 att
432 968 49 28 ingå
506 968 121 29 äktenskap,
650 968 87 23 hvilken
768 970 35 22 bör
821 971 31 21 stä

102 1008 68 24 öppen
187 1003 32 22 för
234 1003 119 23 bekännare
368 1003 23 21 af
404 1003 40 22 alla
460 1004 103 25 trosläror,
579 1007 62 25 göres
657 1004 103 22 beroende
776 1004 22 22 af
811 1006 40 21 den

102 1046 40 14 ena
158 1038 51 22 eller
223 1038 64 22 andra
303 1037 96 29 religiösa
414 1038 135 28 handlingen,
565 1045 50 15 anse
631 1038 27 26 vi,
675 1039 35 21 det
725 1040 63 22 borde
802 1040 48 22 ifrå-

100 1073 120 28 gavarande
249 1072 133 28 bestämning
404 1072 66 22 såsom
494 1072 133 29 synnerligen
652 1074 119 28 nödvändig
794 1074 58 22 bibe-

102 1108 74 27 hållas,
192 1110 55 20 samt
264 1108 26 21 10
305 1108 13 26 S
333 1107 57 28 förty
405 1106 79 22 erhålla
499 1106 92 29 följande
606 1107 92 27 lydelse:

273 1159 69 22 Innan
366 1159 116 28 äktenskap
505 1167 18 14 o.
542 1167 15 13 s.
574 1168 19 13 v.
610 1159 65 29 enligt
690 1160 112 23 utskottets
819 1162 33 21 be-

239 1194 106 22 tänkande
365 1206 22 3 —-
415 1206 15 2 —
454 1206 19 2 —
498 1206 18 2 —
541 1206 16 2 —
580 1206 22 3 —
616 1193 22 22 åt
653 1194 63 22 sådan
725 1195 127 28 uppdragits,

239 1228 92 21 hvarvid
349 1228 41 27 för
414 1226 120 23 bekännare
558 1228 28 26 af
605 1234 74 15 annan
695 1230 159 26 protestantisk

241 1262 94 21 troslära
352 1264 28 19 än
396 1262 41 21 den
452 1261 242 28 evangelisk-lutherska
706 1262 56 21 bevis
770 1270 32 14 om
812 1264 41 27 dop

240 1296 36 21 och
292 1296 173 27 nattvardsgång
481 1296 19 26 ej
517 1295 120 28 erfordras.

238 1330 46 22 Vill
299 1330 67 27 någon
382 1338 18 13 o.
416 1338 16 13 s.
449 1338 18 13 v.
484 1330 66 27 enligt
565 1331 111 20 utskottets
692 1331 136 21 betänkande.

172 1382 11 26 8
200 1382 27 20 11
243 1382 7 19 i
266 1380 143 22 betänkandet
424 1381 24 27 (8
465 1381 26 20 10
506 1381 9 19 i
528 1381 180 27 propositionen.)

172 1420 77 22 Denna
272 1422 11 27 $
307 1421 87 22 handlar
416 1429 34 13 om
466 1421 80 21 formen
562 1420 32 22 för
609 1421 127 29 äktenskaps
752 1421 102 29 ingående
