1017 1698
209 134 33 41 98
411 139 66 25 Stim.
491 139 32 30 fr:
533 152 34 9 —
581 139 54 29 Prop.
649 139 63 24 kad

183 204 33 22 att
229 209 95 21 rymma,
345 203 53 24 eller
419 205 68 21 sätter
504 204 43 21 han
561 205 32 26 sig
607 204 35 22 till
654 206 97 20 motvärn
766 206 57 20 emot
836 204 102 28 fängvak-

182 239 46 22 tare
244 237 51 24 eller.
310 242 77 21 annan,
397 243 57 17 som:
463 237 37 24 vill.
522 233 75 37 hindra.
609 233 127 37 rymningen,
752 238 52 22 eller
819 241 57 19 emot
890 239 48 24 den,

181 271 69 22 under
264 271 64 26 hvars.
347 271 87 28 uppsigt:
455 272 42 23 han
511 272 47 23 står
571 271 168 27 i:straffanstalt,
754 272 64 22 häkte
832 273 54 21 eller
900 279 38 15 an-

183 306 39 21 nat
234 305 79 26 förvar,
329 305 52 22 eller
400 306 69 29 under
485 306 95 27 forsling,
595 306 28 22 dä
637 306 69 22 denne
720 306 54 22 skall
787 306 59 22 hälla
860 307 78 21 honom

183 339 34 22 till
232 339 99 27 ordning;
345 339 54 23 eller
413 341 114 26 sätter.sig
540 340 79 27 någon,
634 346 46 17 som
687 340 40 23 bör
736 340 76 22 häktas
823 341 53 21 eller
883 343 56 24 rymt

183 380 25 16 ur
229 373 100 27 fängelse,
352 374 33 23 till
406 376 97 21 motvärn
523 376 63 21 emot
595 375 48 25 den,
658 374 89 23 hvilken
759 381 49 20 eger
821 375 118 22 verkställa

183 408 128 27 häktningen
326 408 52 24 eller
400 409 117 27 gripa..den
532 409 79 26 rymde,
627 409 53 22 eller
695 409 193 26 dervid:biträder;
911 409 27 22 då

182 443 36 22 må
231 443 40 22 ock.
286 442 37 25 det
337 442 49 23 våld
401 443 86 28 brukas,
502 449 46 16 som
563 446 24 19 är
602 443 75 27 nödigt
692 443 33 22 till
741 444 134 27 tymningens
882 444 56 21 före-

182 476 133 27 kommande,
331 477 128 27 ordningens
473 477 156 27 bibehållande,
644 477 140 28 häktningens
799 477 139 23 verkställan-

183 512 33 26 de,
231 511 52 23 eller
299 511 38 24 den
354 512 84 26 rymdes
453 512 109 27 gripande.

250 545 45 28 Lag
310 552 81 15 samma
406 552 57 20 vare,
477 552 36 16 om
528 553 70 15 annan
612 552 77 21 person
705 546 67 22 sätter
786 547 32 27 sig
830 547 49 21 med
888 546 50 22 väld

182 580 53 21 eller
249 580 39 21 hot
303 586 34 15 om
351 580 50 21 våld
421 581 58 20 emot
493 580 47 27 den,
556 587 46 15 som
616 580 37 22 vill
668 581 77 21 hindra
759 581 131 27 rymningen,
905 581 32 21 bi-

182 614 85 25 behålla
273 614 125 27 ordningen,
406 614 116 23 verkställa
534 615 136 27 häktningen,
678 615 53 21 eller
738 616 61 26 gripa
810 615 40 23 den
857 615 80 27 rymde.

250 649 13 21 9
278 648 18 27 8.
306 644 10 37 -
325 648 46 23 Har
390 648 70 28 någon
475 649 7 21 i
496 649 45 27 fall,
556 656 47 15 som
616 650 8 21 i
639 650 20 26 6,
675 649 12 21 7
704 649 53 21 eller
770 649 13 21 8
799 649 10 27 $
825 648 113 23 omförmä-

182 684 38 26 les,
234 683 56 27 gjort
309 684 69 20 större
398 683 55 27 våld,
469 686 27 19 än
513 684 70 22 nöden
598 684 86 26 kräfde;
706 690 51 15 -vare
771 684 33 21 till
818 683 64 23 straff
893 684 44 21 för-

181 717 77 27 fallen;
279 717 56 21 dock
348 717 41 26 må,
405 717 54 22 efter
474 718 213 27 omständigheterna,
703 718 83 22 straffet
800 718 71 22 kunna
885 718 52 21 ned-

181 748 66 36 sättas
262 748 73 36 såsom
350 752 8 22 i
378 752 11 21 1
406 758 63 16 mom.
483 752 14 23 2
512 752 12 27 $
539 754 55 25 sägs.
623 752 44 22 Var
681 752 25 22 så
720 752 117 27 trängande
851 752 44 22 nöd
909 752 29 22 el-

181 786 31 22 ler
227 786 47 21 fara
287 785 34 21 för
336 786 91 26 handen,
442 788 32 20 att
488 786 43 22 han
545 787 47 21 icke
606 786 71 22 kunde
691 786 90 22 besinna
794 787 42 53 mä
850 786 35 22 mä
894 786 43 22 han

182 820 19 27 ej
217 820 74 23 dömas
305 820 33 23 till
353 820 68 22 straff.

249 853 61 28 10.8.
340 854 46 22 Har
406 854 76 27 någon,
504 855 34 21 för
552 856 33 21 att
599 855 66 22 rädda
681 855 32 22 sin
727 830 56 56 aller
794 861 80 16 annans
889 861 48 21 per-

182 895 38 16 son
231 888 55 22 eller
305 888 104 27 egendom
423 894 32 17 .ur
474 889 117 26 trängande
606 888 53 27 fara,
674 888 74 28 begått
762 889 48 21 med
825 889 63 22 straff
900 889 37 21 be-

180 923 50 27 lagd
245 922 108 27 handling,
369 923 39 21 och
423 929 38 15 var
476 923 123 21 derförutan
613 923 105 27 räddning
732 923 19 27 ej
766 923 82 27 möjlig;
864 923 73 27 pröfve

181 956 129 27 domstolen,
331 956 56 22 efter
409 962 45 18 som.
476 958 66 22 saken
561 958 40 21 och
619 958 209 26 omständigheterna
842 960 44 24 äro,
902 964 35 15 om

181 991 43 21 han
239 990 35 22 må
288 990 71 27 undgå
374 990 63 23 straff
443 990 40 23 för
497 992 128 26 handlingen
639 991 53 22 eller
707 991 72 22 derför
788 991 56 27 gjort
854 992 33 26 sig
894 992 44 21 för-

181 1025 65 21 fallen
267 1024 33 22 till
320 1024 62 22 straff
400 1025 7 21 i
427 1025 48 23 fullt
489 1026 54 21 mått
557 1026 52 21 eller
623 1026 86 21 nedsatt
723 1025 28 27 på
764 1027 44 20 sätt
822 1026 8 21 i
852 1026 5 20 I
873 1031 64 16 mom.

180 1060 14 20 2
210 1058 15 28 $
233 1061 59 25 sägs.

250 1092 59 28 11
292 1087 26 37 8.
339 1093 46 22 Har
407 1076 51 43 den,
478 1099 45 16 som
545 1093 57 27 gjort.
623 1094 32 26 sig
677 1093 84 27 skyldig
771 1093 36 22 till
820 1093 66 27 brott,
901 1093 34 22 för

182 1128 120 30 detsamma:
313 1129 51 21 utan
379 1129 49 24 eget
441 1127 131 23 förvållande
582 1128 62 26 länge
655 1127 87 23 hållits
738 1123 11 39 i
753 1127 71 27 häkte,
835 1127 35 22 må
879 1127 55 22 ifrån

182 1152 49 34 det.
237 1161 70 27 straff;
328 1161 88 23 hvartill
438 1161 43 23 han
495 1161 34 22 för
549 1162 81 22 brottet
644 1162 63 26 gjort
713 1162 34 25 sig
761 1161 104 46 förgallen;
880 1161 55 23 efter

182 1192 208 60 omstägdigheterna
406 1197 63 25 göras.
484 1196 79 26 skäligt
577 1196 81 27 afdrag.

512 1300 20 20 4
543 1300 69 24 Kap.

476 1342 57 39 Om
549 1338 74 53 försök.

251 1409 10 21 1
278 1388 31 47 8
326 1407 34 22 Dä
381 1384 80 46 försök
478 1377 68 58 p
565 1408 35 27 lag
615 1409 24 20 är
657 1406 110 23 straffbart
781 1407 39 22 och
834 1407 102 22 särskildt

181 1443 63 23 straff
255 1443 34 22 för
303 1443 95 22 försöket
413 1443 18 27 ej
447 1443 71 22 finnes
529 1441 78 28 utsatt;
622 1442 65 22 varde
702 1441 83 23 straffet
799 1441 87 22 ädömdt
900 1449 36 14 en-
