1017 1706
232 136 29 21 80
427 134 64 24 Ständ.
507 134 30 24 Sv.
552 146 29 4 —
595 134 54 28 Prop.
665 133 30 23 N:o
711 134 14 22 1.

204 203 61 24 säges
280 200 74 22 arbeta
368 200 34 21 för
416 206 54 20 egen
484 200 95 26 räkning,
595 199 46 21 icke
655 200 33 20 att
702 199 120 21 inkomsten
836 198 23 22 af
870 198 83 22 arbetet

204 235 8 21 i
227 234 48 22 dess
290 234 72 21 helhet
371 234 84 21 komme
469 234 78 21 honom
562 233 32 22 till
609 233 62 27 godo,
686 234 53 20 utan
754 232 55 22 skall
824 232 129 27 tredjedelen

204 268 24 22 af
248 269 72 27 priset,
343 274 45 16 som
410 274 76 21 genom
504 267 123 27 försäljning
645 267 23 21 af
685 267 36 21 det
735 266 149 28 förfärdigade,
900 266 54 22 efter

204 302 76 28 afdrag
299 303 23 21 af
339 302 210 22 arbetstillbehörens
567 302 71 26 värde,
654 301 96 27 erhålles,
766 301 84 21 tillfalla
864 301 89 26 kronan,

204 337 76 22 staden
297 337 53 21 eller
369 337 120 27 tingslaget.
518 337 74 21 Ehuru
607 336 119 22 Ständerna
740 338 38 19 äro
793 342 49 15 ense
856 336 48 21 med
918 335 37 21 nå-

205 372 49 26 diga
272 372 160 26 propositionen
452 372 78 26 derom,
549 372 32 21 att
601 377 26 15 en
645 370 84 22 skilnad
747 370 90 22 emellan
856 370 98 22 tukthus-

205 406 39 21 och
263 405 182 28 fängelsestraffen
461 406 40 21 bör
518 412 39 21 ega
575 412 46 15 rum
640 405 84 21 också
716 401 14 36 i
739 405 24 21 så
776 405 68 21 måtto
859 406 38 25 att,
912 411 43 14 me-

206 441 41 21 dan
265 441 50 21 hela
334 441 81 21 vinsten
436 440 23 21 af
479 439 160 28 tukthusfånges
659 439 73 22 arbete
754 439 96 22 tillfaller
867 439 87 25 kronan,

205 475 41 21 den
264 475 33 21 till
315 474 158 28 fängelsestraff
490 474 75 22 dömde
583 475 115 26 berättigas
717 473 33 22 till
769 473 63 22 andel
846 474 7 21 i
868 473 41 22 den
923 473 32 21 in-

205 509 72 22 komst
291 509 52 21 hans
359 509 72 22 arbete
445 509 114 27 inbringar,
574 509 63 21 hafva
652 509 118 21 Ständerna
783 507 54 22 dock
846 509 47 20 icke
902 507 53 22 kun-

205 546 37 19 nat
264 543 112 28 godkänna
396 543 41 21 den
457 544 7 21 i
478 544 77 27 nådiga
569 543 159 27 propositionen
742 543 121 26 föreslagna
877 542 78 21 fördel-

205 579 78 26 ningen
298 577 23 22 af
333 577 198 22 arbetsinkomsten.
553 577 78 27 Många
647 577 178 27 omständigheter
839 577 45 21 tala
898 583 56 15 nem-

205 612 56 26 ligen
282 612 67 27 enligt
368 611 129 22 Ständernas
515 611 65 22 tanke
600 613 56 20 emot
673 611 73 28 fånges
761 611 147 27 berättigande
923 611 33 21 till

206 646 24 21 så
249 648 45 19 stor
313 646 62 21 andel
393 647 7 20 i
418 646 125 27 inkomsten,
564 652 45 15 som
628 646 35 21 två
681 645 134 28 tredjedelar.
844 645 66 22 Utom
924 647 32 20 att

205 681 145 26 ersättningen
371 680 34 21 för
424 681 231 21 arbetsmaterialernas
670 679 144 27 anskaffande,
828 680 128 27 produkter-

205 721 39 15 nas
259 714 124 28 försäljning
403 715 39 21 och
457 715 200 26 arbetsredskapens
673 715 86 26 slitning
772 715 36 21 vid
823 715 76 21 sådant
914 714 42 21 för-

208 749 99 21 hållande
325 749 70 21 blefve
415 749 63 27 högst
496 749 113 27 obetydlig,
627 755 50 15 vore
697 749 36 22 det
747 749 65 27 enligt
827 748 129 22 Ständernas

205 783 65 22 tanke
289 783 46 22 icke
354 783 228 22 öfverensstämmande
597 784 48 21 med
660 784 93 26 rättvisa,
770 785 32 20 att
816 783 25 22 de
852 783 104 27 fängelse-

206 817 81 28 fångar,
303 824 44 15 som
362 818 75 27 sjelfva
451 819 72 20 kunna
538 819 72 21 anvisa
625 818 79 27 arbete,
715 819 137 21 tillerkändes
862 818 94 22 tvåtred-

203 853 83 26 jedelar
301 853 23 21 af
337 853 197 26 arbetsinkomsten,
550 853 74 21 medan
640 853 32 26 de,
688 853 71 21 hvilka
774 853 134 26 sysselsättas
922 852 33 21 för

205 888 93 21 kronans
318 887 95 27 räkning,
433 887 54 27 finge
507 887 71 27 åtnöja
600 888 31 26 sig
654 888 48 21 med
725 894 27 15 en
774 888 60 26 ringa
856 894 100 21 sparpen-

205 922 58 26 ning.
293 921 107 27 Derjemte
415 921 73 21 befara
503 921 124 27 Ständerna,
647 923 32 19 att
696 921 178 27 fängelsestraffet
892 922 8 20 i
919 922 37 20 nå-

205 962 42 20 gon
269 956 49 21 mån
340 956 65 20 bland
426 956 82 26 menige
527 962 48 15 man
594 956 71 21 kunde
683 956 96 27 upphöra
796 957 32 20 att
847 956 108 21 betraktas

205 990 71 21 såsom
296 991 30 20 ett
347 989 154 23 afskräckande
523 990 66 26 straff,
612 990 70 21 derest
699 990 62 26 fånge
783 992 59 19 utom
861 990 93 26 husrum,

205 1024 51 22 föda
278 1024 39 22 och
339 1024 74 22 kläder
428 1024 71 22 kunde
513 1024 67 22 räkna
595 1024 28 27 på
637 1026 32 20 ett
686 1024 24 22 så
724 1031 49 21 pass
788 1024 103 28 betydligt
905 1030 51 22 pen-

205 1058 149 28 ningeförvärf,
377 1065 45 15 som
443 1059 35 21 två
493 1059 128 27 tredjedelar
635 1058 23 22 af
671 1058 197 22 arbetsinkomsten.
882 1071 28 3 —
924 1059 31 21 På

205 1094 68 26 grund
288 1093 23 21 af
324 1094 36 20 det
374 1093 89 21 anförda
477 1094 63 21 hafva
555 1094 119 21 Ständerna
688 1093 76 21 ändrat
783 1093 139 22 förevarande
943 1094 11 27 $

206 1128 80 21 derhän
305 1129 39 25 att,
364 1128 27 21 då
409 1128 62 26 fånge
485 1129 86 21 arbetar
585 1127 34 21 för
633 1134 53 20 egen
701 1128 95 26 räkning,
815 1128 140 27 tvåtredjede-

205 1162 32 22 lar
248 1162 23 22 af
279 1162 193 22 arbetsinkomsten
482 1162 96 22 tillfaller
587 1162 82 22 kronan
679 1162 52 21 eller
740 1162 158 22 vederbörande
908 1164 47 20 stad

205 1196 53 22 eller
273 1196 96 28 tingslag.

274 1230 70 21 Slutet
367 1230 22 21 af
413 1230 126 27 paragrafen
564 1230 39 21 har
625 1230 24 21 af
669 1230 119 28 Ständerna
808 1230 146 26 bortlemnats,

205 1264 90 21 emedan
310 1264 36 20 det
360 1264 8 20 i
383 1263 126 27 ordningens
525 1263 40 21 och
579 1263 229 27 fängelsedisciplinens
823 1264 89 21 intresse
922 1270 32 20 sy-

204 1304 38 15 nes
258 1298 122 26 önskvärdt,
396 1299 32 20 att
443 1297 64 27 något
521 1298 74 21 arbete
609 1298 19 26 ej
643 1298 33 21 får
691 1297 131 22 förekomma
837 1298 67 21 under
918 1297 37 22 fri-

204 1333 123 22 stunderna.

275 1368 27 21 10
317 1368 20 26 8.
366 1367 42 21 För
426 1368 33 20 att
477 1369 58 19 ännu
554 1367 8 21 i
580 1367 69 27 någon
668 1367 49 22 mån
736 1367 94 27 utjemna
844 1367 110 23 skilnaden

204 1402 91 22 emellan
310 1402 183 28 fängelsefångens
508 1402 75 28 vilkor,
599 1402 27 22 då
640 1402 41 22 han
695 1402 87 22 arbetar
796 1402 34 22 för
844 1409 53 21 egen
906 1402 48 22 räk-
