1025 1703
212 153 22 18 76
447 151 22 18 U.
481 151 23 18 B.
518 161 21 3 —
551 150 61 23 Prop.
625 150 37 19 N:o
675 151 16 17 1.

52 211 77 20 Strf.
112 202 20 37 27
143 211 39 20 Kap.
191 210 57 25 gifvit
271 211 20 18 åt
313 209 34 19 der
370 209 82 19 nämnda
471 208 155 19 smädelsebrott.
656 207 69 24 Enligt
743 207 105 24 nästsagda
863 206 76 25 lagrum

188 247 23 16 är
229 243 98 25 nemligen
343 243 95 19 smädelse
454 243 16 25 ej
487 242 107 19 förhanden
610 248 30 13 om
656 240 102 20 sannolika
773 240 43 19 skäl
832 240 31 19 för
877 239 61 20 tillvi-

188 278 62 19 telsen
270 277 48 20 eller
336 277 68 24 ryktet
424 277 65 19 kunna
507 277 67 18 förtes.
605 275 121 20 Inskränker
745 275 30 24 sig
790 281 25 12 nu
831 273 109 20 svaranden

188 312 31 19 till
238 314 30 17 att
286 311 69 20 endast
374 311 96 25 genmäla,
486 313 29 16 att
533 311 38 19 han
591 310 36 19 har
642 309 103 20 sannolika
761 309 44 20 skäl
820 309 31 18 för
865 308 38 25 sig,
919 308 22 19 så

188 346 64 20 skulle
267 346 70 19 honom
353 346 6 18 i
375 346 58 24 ingen
448 345 92 19 händelse
557 345 64 18 kunna
636 344 81 24 betagas
733 345 40 17 rätt
787 345 29 17 att
831 342 110 20 framställa

188 380 56 20 dessa
263 380 44 19 skäl
326 380 6 18 i
349 379 138 25 injuriemålet.
517 379 29 19 De
563 378 101 20 sannolika
680 378 69 19 skälen
766 378 55 18 bestå
832 376 109 20 emellertid

190 414 96 25 vanligen
302 414 28 18 uti
346 413 135 25 hvarjehanda
497 415 50 17 emot
564 412 108 25 klaganden
689 411 157 20 förekommande
861 410 80 20 indicier

189 448 65 20 derom
273 450 29 17 att
322 448 35 18 den
377 447 100 19 tillvitade
497 447 104 25 handligen
622 446 20 19 af
660 446 71 19 honom
750 446 67 18 blifvit
833 445 107 25 begången,

189 482 62 19 ehuru
267 482 107 18 indicierna
389 481 93 25 möjligen
499 481 43 19 icke
557 482 135 24 representera
707 480 47 19 fullt
764 480 61 18 bevis.
855 478 85 20 Svaran-

190 516 36 19 den
241 522 59 18 synes
315 516 25 18 då
355 516 42 18 lika
410 522 61 18 gerna
485 515 66 19 kunna
562 514 108 25 medgifvas
681 516 40 16 rätt
732 516 29 16 att
771 514 28 18 uti
810 512 131 26 injuriemålet

188 550 70 25 styrka
269 549 88 25 genmäle
369 549 71 25 derom,
452 551 28 17 att
491 549 33 19 det
531 548 99 20 tillvitade
639 549 72 18 brottet
719 548 103 24 verkligen
830 547 21 19 af
859 546 81 26 klagan-

189 584 37 20 den
241 584 103 19 föröfvats.

258 618 45 19 Med
318 618 105 24 anledning
438 618 21 18 af
473 617 52 20 hvad
540 625 26 12 nu
582 618 74 19 anförts
671 617 37 19 har
723 616 128 20 förevarande
867 616 12 26 &
894 615 45 19 blif-

190 652 21 20 af
224 652 103 20 Utskottet
343 652 117 19 omarbetad.

258 685 12 21 6
286 685 17 28 $.
327 686 85 19 Emedan
427 692 24 13 ur
465 686 64 19 denna
544 686 13 25 8
572 686 16 25 ej
606 685 43 20 med
664 685 59 25 nödig
736 685 101 25 tydlighet
847 683 93 26 framgår,

190 722 30 18 att
235 721 111 23 tillvitelse,
363 727 29 12 om
409 721 35 18 ock
461 720 153 25 sanningsenlig,
630 721 35 18 bör
676 720 77 19 straffas
764 720 62 19 såsom
837 718 104 25 förolämp-

190 755 54 25 ning,
267 755 77 18 såsnart
366 754 43 19 dess
432 754 49 19 form
505 757 21 16 är
548 754 66 24 sådan,
638 756 29 17 att
686 754 36 19 den
742 754 75 18 utvisar
837 753 60 24 afsigt
912 754 29 17 att

191 788 81 25 kränka,
288 788 36 19 har
339 788 103 19 Utskottet
457 788 6 19 i
479 788 69 19 sådant
563 788 91 19 afseende
668 787 120 25 förtydligat
803 787 40 26 &:n,
859 786 82 19 hvilken

190 822 113 25 härigenom
329 822 86 19 kommer
437 824 29 17 att
488 823 31 18 till
542 822 88 25 lydelsen
654 822 173 19 öfverensstämma
849 821 44 19 med
916 827 25 12 nu

190 857 91 25 gällande
296 857 39 24 lag.

261 890 11 21 8
288 889 17 29 8.
334 890 69 25 Enligt
421 891 62 19 denna
499 890 13 26 &
530 890 74 25 skulle,
619 891 6 18 i
641 893 81 16 motsats
738 889 31 20 till
785 889 52 20 hvad
852 889 31 20 för
897 891 44 16 när-

191 925 85 20 varande
298 928 22 16 är
342 925 98 25 stadgadt,
463 925 147 25 ärekränkning
628 927 51 17 emot
698 924 115 25 myndighet
832 923 109 25 underlyda

190 960 81 19 allmänt
286 959 47 20 åtal.
364 959 103 20 Utskottet
482 965 57 13 anser
554 959 63 20 likväl
633 966 25 12 nu
673 959 91 25 gällande
780 959 33 25 lag
823 958 118 20 härutinnan

190 1000 47 13 vara
253 996 29 17 att
297 994 111 25 föredraga,
424 993 80 20 emedan
521 994 73 19 brottet
610 994 40 19 ofta
666 993 38 20 kan
721 1000 48 13 vara
784 994 22 19 så
820 993 57 25 ringa
893 992 48 19 eller

190 1028 57 25 eljest
258 1028 21 19 så
289 1026 118 26 beskaffadt,
417 1030 28 17 att
455 1028 40 19 åtal
505 1028 15 25 ej
530 1030 50 17 emot
588 1028 150 24 myndighetens
747 1027 49 25 vilja
804 1028 35 18 bör
847 1033 36 19 ega
891 1032 49 13 rum.

190 1051 190 40 Åklagareståndets
400 1062 111 19 nuvarande
530 1062 113 24 utbildning
661 1065 22 15 är
698 1062 44 18 icke
757 1061 64 19 heller
836 1061 59 19 sådan
911 1062 30 18 att

190 1096 58 25 nödig
272 1096 217 24 urskiljningsförmåga
510 1096 7 18 i
539 1102 26 12 nu
588 1095 151 25 ifrågavarande
758 1095 109 20 hänseende
883 1094 57 20 alltid

191 1130 37 19 kan
244 1130 120 18 förutsättas.
394 1126 65 23 Äfven
475 1130 62 24 enligt
552 1130 105 18 utländska
672 1130 57 24 lagar
743 1129 36 19 hör
794 1129 146 25 ärekränkning

190 1166 40 17 mot
244 1164 115 25 tjensteman
376 1164 91 25 vanligen
483 1164 43 19 icke
542 1164 60 18 under
617 1164 80 19 allmänt
709 1164 40 19 åtal
759 1166 46 16 utan
816 1164 124 24 tjensteman-

190 1205 47 13 nens
253 1198 48 20 eller
317 1198 129 19 öfverordnad
461 1198 125 25 myndighets
602 1198 95 19 anmälan.

258 1232 63 20 Sedan
336 1232 104 19 Utskottet
458 1233 3 18 i
478 1232 11 19 8
507 1233 45 24 kap.
568 1233 90 24 upptagit
672 1232 97 19 allmänna
780 1232 119 24 stadganden
911 1239 30 12 om

190 1266 108 18 succession
318 1266 22 18 af
357 1266 195 24 målseganderätten,
567 1266 58 24 följer
640 1265 56 19 deraf
713 1267 29 17 att
757 1265 52 19 hvad
824 1265 6 19 i
850 1265 63 19 denna
927 1265 13 25 8

190 1299 94 19 särskildt
306 1299 31 19 för
360 1299 195 25 ärekränkningsmål
576 1299 79 25 stadgas
674 1299 35 19 bör
727 1299 48 25 utgå
790 1299 5 18 i
811 1299 62 25 öfrigt
887 1301 53 17 utom

189 1334 65 19 såvidt
270 1334 105 18 detsamma
390 1333 61 25 angår
466 1332 116 26 skymfande
598 1333 21 19 af
632 1333 37 19 död
684 1340 54 12 mans
753 1333 70 19 minne.

257 1470 179 22 Straflagsutskottets
448 1470 103 17 betänkande
564 1470 34 16 N:o
611 1471 15 15 1.
