1003 1703
75 208 44 23 Strfi.
131 209 10 16 8
151 209 46 22 Kap.

230 152 23 18 38
458 152 23 18 U.
493 152 22 18 B.
529 162 19 3 —
561 151 60 24 Prop.
634 151 37 19 N:o
682 151 18 19 1.

276 210 73 19 Vidare
367 216 57 18 synes
443 210 32 19 det
493 210 145 25 oundgängligt,
657 211 28 18 att
703 209 112 25 strafflagen
830 210 50 18 inom
896 209 52 19 vissa

208 244 100 20 bestämda
326 248 80 21 gränser
424 244 107 26 medgifver
548 243 114 21 succession
679 243 8 20 i
705 243 199 27 mälseganderätten
919 244 30 18 för

209 278 35 20 den
260 278 99 26 händelse,
374 281 28 17 att
416 279 136 25 mälseganden
562 279 50 19 inom
624 278 34 20 den
670 278 30 20 för
709 280 40 18 rätt
759 278 31 19 till
800 278 40 19 åtal
850 278 99 20 bestämda

208 313 28 19 tid
251 312 73 25 aflider,
337 315 46 17 utan
399 314 28 18 att
442 316 49 16 ännu
507 312 60 20 hafva
581 313 61 19 åtalat
657 312 48 20 eller
719 313 32 19 till
766 312 80 20 allmänt
861 312 39 20 åtal
916 318 32 13 an-

208 346 47 19 mält
273 347 78 24 brottet,
368 350 45 16 enär
430 347 145 24 mälsegandens
593 347 37 19 död
646 347 55 24 eljest
716 346 64 20 skulle
795 346 59 19 hafva
869 346 31 19 till
916 346 33 25 pä-

208 380 48 25 följd
271 383 29 17 att
314 381 122 25 förbrytaren
451 381 98 25 undginge
565 381 36 20 allt
615 381 61 25 straff,
687 381 76 19 hvilket
778 386 46 14 vore
839 381 21 19 sä
872 380 79 26 mycket

208 415 141 25 betänkligare,
364 422 40 13 som
422 415 58 20 bland
499 415 22 20 de
536 416 59 24 brott,
610 415 78 19 hvilkas
704 415 99 19 beifrande
818 415 62 25 gjorts
895 415 55 19 bero-

209 449 47 20 ende
273 449 22 19 af
308 449 145 25 mälsegandens
467 449 91 26 initiativ,
574 450 57 19 äfven
646 450 46 25 ingä
707 450 22 19 sä
744 449 56 20 svära
816 449 134 25 förbrytelser,

209 490 40 12 som
267 483 23 19 de
308 484 7 18 i
333 484 19 24 4,
368 483 19 25 5,
403 483 18 25 6,
439 483 10 19 7
466 483 35 20 och
517 483 11 19 8
545 483 25 27 88
585 484 25 19 25
627 484 45 24 kap.
688 483 131 20 omförmälda.
849 483 103 19 Utskottet

209 517 35 19 har
263 519 63 18 ansett
341 517 59 20 sädan
415 517 107 20 succession
539 518 5 19 i
560 517 186 25 mälseganderätten
761 518 47 19 böra
823 517 128 20 tillerkännas

209 551 69 19 afliden
296 558 80 18 persons
395 551 136 20 anförvandter
549 552 6 19 i
575 558 71 13 samma
665 551 83 25 omfång,
764 558 40 13 som
819 552 69 18 sådant
902 551 7 19 i
924 553 29 17 ett

209 586 93 19 särskildt
324 586 42 22 fall,
389 586 95 25 nemligen
506 586 33 19 vid
558 586 143 25 ärekränkning
719 586 43 26 (27:
782 586 28 26 8),
829 585 98 20 allaredan
944 586 8 18 i

209 620 94 25 förslaget
321 620 62 25 ingår,
399 621 47 18 eller
461 620 36 20 den
512 620 79 20 aflidnes
608 620 62 25 maka,
686 620 55 24 barn,
757 620 96 20 föräldrar
868 620 36 20 och
919 626 32 19 sy-

208 654 55 25 skon,
279 654 49 20 dock
343 654 43 20 med
401 655 36 19 den
452 654 147 26 inskränkning,
611 658 28 16 att
654 655 59 19 sädan
729 655 108 19 succession
852 654 44 20 icke
907 660 45 19 eger

208 695 49 18 rum,
272 688 35 19 der
321 688 136 25 mälseganden
475 689 6 18 i
499 689 87 19 lifstiden
604 691 62 22 yttrat
684 689 29 19 sin
732 689 49 25 vilja
799 695 53 18 vara,
868 690 29 18 att
912 688 40 19 ätal

208 723 43 20 icke
269 723 64 19 skulle
349 723 98 21 anställas,
477 722 105 27 Sjelffallet
596 726 22 16 är
632 723 30 20 för
678 723 65 26 öfrigt,
759 725 29 18 att
803 723 150 25 ifrågavarande

209 757 138 20 anförvandter
359 757 118 20 tillkommer
492 758 99 19 enahanda
606 759 39 18 rätt
660 759 29 18 att
704 757 85 25 fullfölja
801 758 61 19 ätalet
873 757 57 20 äfven
946 757 7 19 i

208 792 35 19 fall
258 791 136 26 mälseganden
405 792 46 25 sjelf
464 792 89 25 påbörjat
567 792 33 19 det
614 798 78 19 samma,
705 799 43 12 men
763 792 62 19 aflidit
840 793 58 18 innan
913 792 39 19 mä-

209 826 28 19 let
252 826 88 25 afgjorts.

278 859 44 29 58
353 861 20 26 (6
393 862 12 25 8
423 861 6 18 i
443 861 59 20 Utsk.
518 861 63 26 försl.)
597 861 54 20 ordet
666 861 89 26 ,,afvita'
771 861 35 20 har
821 862 77 25 utbytts
913 864 39 17 mot

209 897 60 17 annat
283 895 80 25 uttryck
381 895 29 20 för
428 896 95 19 vinnande
539 896 21 19 af
573 896 200 19 öfverensstämmelse
787 896 43 19 med
848 896 8 18 1
874 902 55 13 mom.
946 896 6 19 i

211 929 11 20 3
242 929 13 26 &
273 929 12 20 3
301 929 52 26 kap.;
369 930 35 19 och
418 930 55 19 ordet
488 945 11 10 ,,
501 930 105 26 omyndig"
623 930 35 19 har
672 930 79 19 ändrats
766 930 31 19 till
812 930 51 26 ,,den
878 936 41 13 som
934 931 16 24 ej

209 964 82 25 uppnått
307 964 80 25 myndig
397 964 73 25 älder'',
486 965 78 19 emedan
579 964 37 19 här
630 965 16 24 ej
663 964 37 19 kan
717 971 47 12 vara
779 965 55 24 fråga
845 971 29 12 om
886 965 65 23 sådan,

210 1004 39 12 som
267 997 20 19 af
302 997 82 19 domstol
399 998 104 20 förklarats
515 998 98 25 omyndig.

277 1029 12 22 6
300 1030 19 29 8.
333 1031 20 26 (7
365 1031 14 26 8
389 1032 6 18 i
406 1031 59 20 Utsk.
473 1032 62 25 försl.)
544 1032 30 19 De
582 1032 139 25 rättsgrunder,
729 1032 70 19 hvilka
808 1032 88 25 uppbära
908 1039 42 18 pre-

209 1065 122 26 skriptionen
343 1065 21 20 af
373 1065 120 25 åtalsrätten,
505 1069 69 22 utgöra
585 1067 36 18 ock
634 1066 42 19 stöd
687 1067 30 19 för
729 1067 36 19 den
777 1073 60 19 nyare
849 1067 102 19 kriminal-

209 1101 74 18 rättens
293 1100 48 25 lära,
351 1102 30 17 att
388 1100 57 19 äfven
453 1102 28 17 ett
489 1100 76 19 ådömdt
573 1100 56 19 straff
634 1101 35 19 bör
677 1101 85 24 förfalla,
771 1107 30 13 om
809 1101 33 19 det
849 1101 44 19 icke
901 1101 50 19 inom

209 1133 40 19 viss
261 1133 49 19 efter
320 1133 81 20 brottets
411 1133 74 20 storlek
495 1134 77 25 lämpad
583 1134 27 19 tid
621 1137 49 16 satts
680 1135 6 18 i
697 1135 161 25 verkställighet;
868 1135 36 19 och
912 1135 38 19 för-

209 1167 64 25 slaget
290 1167 37 19 har
345 1167 119 20 fördenskull
485 1168 59 19 under
558 1168 127 20 förevarande
700 1169 13 25 &
728 1169 90 25 upptagit
832 1169 119 25 stadganden

209 1201 74 24 härom,
299 1201 68 19 hvilka
385 1201 30 19 för
435 1201 34 20 vår
487 1208 26 13 nu
531 1202 90 25 gällande
639 1204 40 17 rätt
697 1205 33 16 äro
745 1202 101 20 obekanta.
877 1202 75 21 Dervid

209 1235 36 18 har
259 1235 95 24 förslaget
369 1235 164 25 hufvudsakligen
549 1236 57 19 hållit
622 1237 30 24 sig
666 1237 31 18 till
712 1243 71 12 samma
795 1237 155 19 tidsbestämnin-

209 1274 42 19 gar,
263 1274 40 13 som
316 1268 119 19 beträffande
450 1269 154 24 preskriptionen
619 1270 22 18 af
654 1269 114 20 åtalsrätten
784 1270 118 19 förekomma
916 1270 8 19 i
941 1271 8 18 1

209 1301 19 26 $;
251 1307 42 14 men
315 1301 25 20 då
357 1301 76 20 brotten
451 1303 7 18 i
477 1302 117 20 sistnämnde
612 1303 13 25 &
642 1306 34 17 äro
694 1303 143 20 klassificerade
855 1303 49 20 efter
918 1304 34 19 det

208 1336 71 25 högsta
297 1336 60 25 straff,
373 1343 40 12 som
428 1337 7 18 i
450 1337 57 25 lagen
522 1339 22 17 är
559 1337 11 20 å
585 1337 43 20 dem
642 1339 67 22 utsatt,
724 1338 6 19 i
747 1338 11 19 6
774 1338 12 26 &
802 1338 85 20 deremot
902 1339 49 19 efter

209 1370 32 20 det
256 1370 61 26 straff,
333 1376 38 14 som
387 1370 67 20 blifvit
469 1370 36 20 den
519 1370 91 27 skyldige
626 1372 83 22 ådömdt,
725 1372 74 20 komme
814 1372 7 19 i
836 1372 70 26 många
915 1373 36 20 fall

208 1404 52 20 tiden
276 1405 31 19 för
321 1405 153 25 preskriptionen
489 1406 21 19 af
520 1406 229 26 straffverkställigheten
760 1409 29 17 att
801 1407 61 20 blifva
872 1408 78 20 kortare

209 1442 24 16 än
251 1439 36 20 den
306 1439 35 24 tid,
356 1440 50 19 inom
425 1440 80 20 hvilken
523 1442 63 18 rätten
601 1443 29 17 att
644 1441 53 20 åtala
711 1448 72 13 samma
798 1442 52 20 brott
864 1442 86 26 preskri-

275 1472 176 23 Straflagsutskottets
463 1473 102 17 betänkande
578 1473 34 17 N:o
625 1475 14 16 1.
