1020 1703
227 150 42 21 140
426 148 64 24 Ständ.
505 149 30 23 $v.
550 161 28 4 —
593 149 55 28 Prop.
663 149 33 22 N:o
710 149 15 22 1.

197 214 33 21 till
244 214 62 21 böter
320 214 64 27 högst
398 213 120 22 tvåhundra
532 215 67 25 mark,
618 214 58 26 eller,
692 214 38 21 der
744 213 208 27 omständigheterna

197 251 38 19 äro
257 248 132 27 synnerligen
411 247 144 28 försvårande,
578 248 33 21 till
632 247 95 28 fängelse
748 248 19 27 ej
788 247 59 22 öfver
861 249 32 20 tre
908 247 44 22 må-

196 283 75 21 nader.

266 322 82 21 Försök
362 322 32 21 till
409 323 65 25 brott,
490 328 45 15 som
549 323 7 20 i
575 322 70 21 denna
660 321 11 27 &
686 324 94 24 nämnes,
796 324 24 19 är
835 321 116 22 straffbart.

267 362 13 21 2
295 361 18 27 8.
343 361 53 27 Stjäl
411 368 54 20 man,
482 362 68 21 ehvad
568 362 74 20 värdet
657 362 66 27 stiger
737 362 59 21 öfver
810 362 61 26 tjugu
885 362 66 26 mark,

198 396 51 22 eller
265 396 28 26 ej:

269 437 18 20 1.
316 437 8 20 i
338 436 68 27 kyrka
420 436 71 26 något,
507 442 45 16 som
567 436 72 22 tillhör
654 436 81 27 kyrkan
750 436 51 22 eller
816 438 24 20 är
856 437 37 21 der
908 438 43 20 satt

197 471 8 21 i
221 470 82 26 förvar;

267 510 20 22 2.
316 510 71 27 något,
403 516 44 16 som
462 510 33 22 till
509 511 87 26 forsling
614 512 24 20 är
652 510 92 22 förtrodt
758 511 23 21 åt
796 511 105 21 allmänna
916 517 37 20 po-

199 546 47 21 sten
261 545 51 21 eller
328 551 69 15 annan
413 544 77 22 allmän
505 545 123 27 inrättning;

268 585 19 21 3.
317 584 71 28 något,
403 592 45 14 som
463 585 95 22 förvaras
574 586 7 20 i
596 585 95 27 offentlig
701 586 52 22 bok-
763 586 52 21 eller
824 585 129 22 handskrift-

199 620 96 26 samling,
311 620 52 20 eller
376 620 8 20 i
400 619 94 27 offentlig
509 620 89 27 samling
613 620 23 21 af
650 620 159 27 vetenskapliga
823 620 89 21 föremål
925 620 29 21 el-

199 654 32 21 ler
245 654 65 21 alster
329 653 47 21 utaf
389 654 63 21 konst
467 654 52 22 eller
535 654 64 27 slöjd;

267 694 22 21 4.
318 700 25 15 ur
358 694 97 21 tillslutet
470 694 49 21 bref
532 695 51 20 eller
598 694 99 22 tillslutet
713 694 90 27 omslag;

268 728 20 21 5.
317 727 65 28 något
400 729 48 20 med
463 729 90 26 inbrott;

269 762 20 21 6.
317 763 92 20 nattetid
424 763 7 21 i
446 763 39 22 hus
501 763 53 22 eller
569 763 76 27 fartyg,
661 769 46 16 som
722 763 22 22 af
753 770 70 15 annan
833 763 73 27 bebos,
915 763 39 22 och

200 797 37 21 der
256 797 197 26 gerningsmannen,
477 798 6 21 i
503 797 64 27 afsigt
586 799 32 20 att
633 797 62 28 stjäla
711 797 51 22 eller
777 797 57 27 råna,
850 799 59 26 gömt
923 797 32 27 sig

200 831 78 26 undan,
294 831 52 20 eller
361 831 31 21 dit
407 831 41 21 han
464 831 98 28 olofligen
578 832 119 23 inkommit;

269 865 20 21 7.
318 865 47 21 från
380 865 48 27 den,
441 872 44 15 som
497 866 32 21 för
537 872 85 21 uppror,
632 866 81 21 fiendes
728 866 137 27 åträngande,
878 866 74 27 brand,

198 899 111 26 vattunöd,
330 899 142 27 skeppsbrott,
493 900 78 22 allmän
585 900 74 27 farsot,
675 901 52 20 eller
742 907 69 14 annan
826 900 67 22 sådan
907 901 46 21 fara

200 933 18 27 ej
233 933 43 22 kan
291 934 59 26 värja
364 934 32 21 sin
412 935 113 26 egendom;

269 967 20 22 8.
318 967 48 22 från
388 967 75 28 fartyg,
491 975 46 16 som
558 971 24 19 är
604 969 112 21 strandadt
738 969 52 21 eller
813 969 60 27 eljest
896 969 56 22 föro-

198 1002 99 27 lyckadt;

268 1036 20 21 9.
317 1036 47 21 frän
386 1036 33 26 fyr
441 1037 52 21 eller
507 1036 148 28 känningsbäk
669 1038 71 26 nägot,
756 1043 45 16 som
817 1038 71 21 dertill
903 1038 48 26 hör;

269 1071 33 21 10.
318 1070 54 26 häst,
392 1071 36 26 ko,
448 1077 37 15 ren
500 1072 53 20 eller
574 1074 65 18 annat
661 1072 93 26 kreatur,
770 1078 45 15 som
830 1072 38 26 gär
883 1072 7 21 i
905 1072 48 21 bete

198 1106 37 20 ute
250 1105 13 21 &
277 1104 72 26 mark;

268 1139 34 21 11.
331 1139 66 26 nägot
411 1139 24 21 af
447 1140 97 20 badande
559 1140 51 20 eller
625 1140 116 21 simmande
755 1140 52 21 eller
821 1140 23 21 af
852 1140 101 22 sofvande

199 1174 36 20 ute
251 1172 13 21 &
278 1173 66 26 mark,
361 1173 53 21 eller
429 1173 22 21 af
465 1174 46 26 den,
528 1179 45 15 som
587 1174 67 26 ligger
669 1174 7 21 i
692 1174 47 21 svår
755 1174 104 26 sjukdom,
871 1174 52 21 eller
933 1174 19 27 ej

199 1208 35 20 vet
247 1206 34 22 till
296 1206 37 27 sig,
349 1206 51 21 eller
415 1206 23 22 af
457 1207 54 21 barn
526 1207 68 21 under
609 1208 41 20 tolf
664 1207 30 26 är,
710 1208 52 21 eller
777 1208 23 21 af
813 1208 72 26 afvita,
901 1208 52 21 eller

198 1240 48 20 frän
262 1240 41 20 död
318 1240 116 26 menniska,
451 1241 52 20 eller
517 1248 26 13 ur
560 1241 72 21 likhus
647 1242 52 20 eller
713 1242 56 26 graf;
785 1242 51 20 eller

269 1273 32 21 12.
332 1273 65 26 något
413 1279 24 15 ur
451 1274 82 26 kläder,
549 1280 45 15 som
609 1280 70 15 annan
694 1275 40 21 bär
752 1274 28 27 pä
795 1275 41 26 sig;

268 1306 84 22 straffes
370 1306 34 22 för
422 1307 65 22 sädan
508 1308 49 26 grof
570 1308 56 22 stöld
640 1308 49 22 med
704 1308 88 22 tukthus
807 1309 7 21 i
829 1309 64 27 högst
907 1308 46 28 fyra

198 1342 31 26 år,
250 1341 57 27 eller,
330 1342 38 20 der
390 1342 208 27 omständigheterna
618 1344 36 19 äro
675 1343 134 27 synnerligen
828 1343 123 27 mildrande,

198 1376 49 21 med
261 1375 95 28 fängelse
371 1376 19 27 ej
405 1376 68 21 under
487 1377 36 21 två
537 1377 108 21 månader.

267 1410 45 27 Lag
327 1417 80 14 samma
422 1417 55 20 vare,
493 1417 34 16 om
547 1411 42 27 tjuf
602 1411 33 21 för
650 1411 90 23 brottets
756 1412 108 27 begående
877 1412 76 22 försett

198 1445 32 26 sig
245 1445 48 21 med
308 1451 68 20 vapen
391 1445 52 21 eller
458 1445 108 28 lifsfarligt
580 1445 107 28 tillhygge,
703 1447 52 21 eller
771 1453 33 15 om
817 1447 82 27 tjufnad
910 1447 42 22 för-
