1017 1703
214 149 42 22 124
410 147 65 24 Ständ.
490 147 31 24 $v.
536 159 29 5 —
579 147 55 30 Proj.
648 146 64 25 ot

184 214 48 22 från
247 214 39 21 och
297 207 54 29 med
369 213 78 28 fyratio
467 213 33 22 till
521 213 40 22 och
576 214 49 21 med
639 213 120 22 tvåhundra
772 214 68 21 mark.
870 213 70 23 Hafva

186 249 26 22 de
226 249 55 27 tagit
296 248 121 22 hvarandra
430 247 33 22 till
478 247 62 27 äkta;
555 247 36 22 må
605 247 18 28 ej
639 247 34 22 till
687 247 62 22 straff
762 248 79 22 dömas.

254 283 13 21 6
283 282 18 29 8.
330 283 54 26 Den,
399 289 47 15 som
459 283 40 20 har
513 282 113 27 lägersmål
640 282 49 21 med
703 282 38 21 sitt
750 282 127 27 fosterbarn,
888 282 53 22 eller

186 319 32 21 sin
240 317 114 27 myndling,
377 317 53 22 eller
451 317 49 21 med
515 317 48 26 den,
578 317 63 21 hvars
656 316 125 27 uppfostran
796 317 52 21 eller
863 317 77 21 under-

185 352 82 26 visning
287 354 24 19 är
331 351 77 23 honom
429 351 97 27 betrodd,
542 350 85 22 straffes
641 351 49 21 med
704 350 88 22 tukthus
807 351 8 21 i
829 351 63 27 högst
906 353 34 20 tre

185 387 25 21 år
232 386 52 22 eller
305 385 94 27 fängelse
421 386 47 21 från
490 385 40 21 och
551 386 50 20 med
615 387 34 19 tre
669 385 101 22 månader
789 386 32 20 till
837 386 40 21 och
892 386 48 21 med

185 424 33 19 tre
232 421 31 21 år.

254 455 85 22 Samma
353 454 35 27 lag
402 460 57 21 vare,
479 460 34 16 om
528 454 125 27 tjensteman
671 454 36 22 vid
723 454 77 22 allmän
815 454 80 22 anstalt
910 455 29 21 el-

185 491 32 21 ler
231 488 118 28 inrättning
363 488 39 22 har
419 488 113 28 lägersmål
550 488 49 22 med
618 489 47 26 den,
681 494 46 16 som
741 490 25 20 är
781 488 37 22 der
832 489 87 27 intagen
934 490 6 21 i

186 525 52 21 vård
252 524 53 22 eller
319 524 78 21 förvar.

254 559 12 21 7
283 558 18 28 8.
330 558 65 26 Hvar,
410 564 46 15 som
470 558 40 21 har
524 558 113 26 lägersmäl
652 558 52 21 eller
719 558 60 21 öfvar
793 564 71 15 annan
879 558 63 22 otukt

186 593 48 21 med
249 593 69 26 flicka,
334 592 86 22 hvilken
435 592 19 27 ej
469 592 40 27 fylt
529 591 41 22 tolf
585 591 30 28 är,
631 592 82 22 straffes
729 592 46 22 med
790 592 90 22 tukthus
894 592 47 22 frän

186 627 39 22 och
240 628 49 21 med
303 627 36 22 tvä
353 626 33 22 till
401 627 39 21 och
456 627 49 21 med
520 627 45 21 ätta
579 626 24 21 är
617 627 53 20 eller
684 626 95 27 fängelse
794 627 18 26 ej
826 627 67 21 under
903 633 38 16 sex

185 661 107 22 mänader.

254 695 55 21 Sker
331 696 36 20 det
385 694 49 22 med
453 694 69 28 flicka,
542 701 45 15 som
603 694 40 27 fylt
657 694 46 27 tolf,
719 701 47 15 men
782 695 18 27 ej
815 694 80 23 femton
910 696 31 27 år,

186 730 40 21 och
240 730 58 21 förut
312 729 47 21 icke
373 729 70 21 blifvit
457 729 84 27 lägrad;
557 734 50 16 vare
623 728 83 22 straffet
722 730 102 21 tukthusi
836 724 57 36 högst
906 731 36 21 tvä

186 764 24 22 år
226 764 51 21 eller
291 763 95 27 fängelse
401 762 47 22 från
464 763 39 21 och
511 763 49 21 med
574 765 33 19 tre
615 762 102 22 månader
723 763 35 22 till
765 764 40 21 och
813 764 48 21 med
869 764 35 22 två
911 765 31 22 år.

255 793 65 27 Öfvar
342 798 69 28 nägon
433 797 113 27 lägersmäl
568 797 49 22 med
639 798 83 26 gvinna,
743 804 44 16 som
807 799 40 27 fylt
861 798 80 23 femton

186 840 49 14 men
250 833 18 27 ej
284 833 81 27 sjutton
384 833 30 25 år,
435 832 39 21 och
494 832 59 22 förut
566 833 47 21 icke
628 831 69 22 blifvit
712 832 84 28 lägrad;
822 834 72 21 dömes
909 834 34 22 till

186 868 94 26 fängelse
302 868 7 20 i
328 867 63 27 högst
410 868 33 20 tre
459 867 101 21 månader
575 867 53 21 eller
643 866 61 22 böter
719 868 19 26 ej
754 867 58 22 öfver
826 868 117 22 trehundra

186 902 67 22 mark.

254 937 25 27 Ej
295 936 36 22 må
345 936 65 27 brott,
425 942 45 16 som
484 937 8 21 i
506 936 14 22 2
535 936 53 22 eller
610 937 7 21 3
631 942 63 16 mom.
709 936 24 22 af
747 936 67 22 denna
825 936 11 28 $
847 939 95 25 nämnes,

186 971 67 22 åtalas
275 970 24 22 af
319 970 78 22 allmän
420 970 107 27 åklagare,
551 976 34 16 om
605 970 19 27 ej
647 970 150 27 målseganden
812 972 80 21 anmält
907 971 36 22 det

186 1006 35 21 till
236 1004 53 22 åtal.

254 1039 13 21 8
282 1039 19 27 8.
331 1039 44 21 Har
390 1038 70 28 någon
474 1039 113 26 lägersmål
601 1039 49 21 med
665 1039 65 22 afvita
745 1039 87 27 qvinna;
857 1039 84 23 straffes

185 1074 49 22 med
248 1073 89 22 tukthus
352 1074 8 21 i
375 1073 64 27 högst
453 1073 47 27 fyra
515 1073 24 22 år
553 1073 53 21 eller
620 1073 101 28 fängelse.

253 1108 14 22 9
281 1107 18 28 8.
330 1103 65 26 Öfvar
414 1107 53 27 ogift
486 1113 48 16 man
549 1107 7 22 i
574 1109 65 20 annat
654 1108 44 27 fall,
714 1109 27 20 än
757 1107 61 22 ofvan
834 1111 24 18 är
873 1109 68 28 sagdt,

185 1142 112 28 lägersmål
312 1141 48 22 med
375 1141 54 28 ogift
444 1142 88 27 qvinna;
557 1141 57 26 böte,
630 1141 33 22 för
678 1141 129 28 lönskaläge,
823 1142 42 22 han
879 1143 64 28 högst

184 1177 77 27 fyratio
275 1176 67 26 mark,
359 1177 39 20 och
413 1176 42 21 hon
471 1176 18 27 ej
505 1176 59 21 öfver
577 1176 61 27 tjugu
658 1177 68 21 mark.

253 1211 82 28 Lägrar
349 1210 111 22 husbonde
475 1211 32 21 sin
521 1211 165 26 tjensteqvinna;
702 1211 51 22 böte
760 1211 42 22 han
813 1211 33 22 för
856 1212 86 22 lönska-

184 1247 47 25 läge
246 1245 47 21 från
307 1245 40 20 och
362 1245 49 20 med
426 1244 75 26 fyratio
517 1244 34 21 till
566 1245 40 20 och
621 1245 52 20 med
689 1245 121 21 tvåhundra
824 1246 68 21 mark.

253 1278 70 22 Hafva
345 1277 33 27 de,
401 1283 45 16 som
465 1277 74 28 begått
558 1277 131 27 lönskaläge,
705 1279 55 26 tagit
775 1278 119 22 hvarandra
908 1279 33 22 till

185 1313 61 25 äkta;
261 1313 36 22 må
311 1312 20 28 ej
346 1312 33 22 till
394 1311 63 22 straff
471 1312 80 22 dömas.

254 1348 27 21 10
296 1347 18 28 8.
343 1347 66 27 Hvar,
432 1354 45 15 som
499 1347 68 22 håller
583 1347 40 22 hus
643 1348 33 21 för
690 1348 139 22 bedrifvande
842 1348 24 21 af
880 1348 62 22 otukt

185 1383 52 21 eller
251 1382 94 22 förleder
359 1382 78 27 gvinna
451 1381 34 22 till
501 1381 129 28 skörlefnad,
645 1382 84 23 straffes
743 1383 33 21 för
786 1383 95 26 koppleri
892 1383 50 22 med

185 1417 88 22 tukthus
295 1417 7 21 i
324 1417 63 27 högst
409 1417 32 20 tre
465 1416 24 21 år
511 1417 39 22 och
572 1417 77 21 förlust
671 1417 24 22 af
714 1417 166 28 medborgerligt
898 1417 44 22 för-

185 1451 94 22 troende.
