998 1703
387 139 53 24 N:o
456 139 25 24 9.

325 440 64 22 Hans
409 441 148 27 Kejserliga
577 441 137 27 Majestäts
729 441 73 27 nådiga

258 475 124 27 proposition
393 475 29 21 till
434 475 93 21 Finlands
536 475 94 26 Ständer,
639 474 104 28 angående
752 476 49 21 hvad

258 509 5 21 i
287 509 97 21 afseende
406 508 13 22 å
441 509 103 27 hingstars
567 509 133 27 utsläppande
722 509 13 21 å
757 510 46 21 bete

258 543 50 21 skall
325 543 109 27 iakttagas.

120 617 62 21 Efter
201 618 36 20 det
252 617 60 21 Hans
327 617 120 27 Kejserliga
462 617 101 27 Majestät
577 618 32 20 till
625 619 73 19 senast
713 618 89 21 försam-

52 652 49 21 lade
124 652 92 22 Ständer
238 652 70 22 aflåtit
326 652 66 27 nådig
406 652 132 27 proposition
554 653 48 21 med
617 652 80 28 förslag
711 653 33 21 till
759 653 43 21 för-

53 686 96 27 ordning,
172 687 111 26 angående
306 688 44 19 rätt
373 686 31 21 för
426 687 215 21 kommunalstämma
657 689 32 19 att
704 687 97 22 meddela

51 721 77 20 förbud
143 724 45 18 mot
203 721 73 21 alltför
292 727 56 21 unga
364 721 52 21 eller
426 721 103 26 felaktiga
540 721 108 26 hingstars
658 722 142 27 utsläppande

52 756 13 20 å
84 762 120 20 gemensam
224 755 128 26 betesmark,
368 756 64 21 hafva
448 756 121 21 Ständerna
584 756 30 21 uti
630 756 170 22 svarsskrifvelse

52 789 24 22 af
97 790 40 21 den
158 791 12 20 2
186 790 43 27 Maj
247 791 53 20 1885
316 790 7 21 i
339 790 172 27 underdånighet
527 790 88 27 anmält,
631 791 32 20 att
679 790 122 22 Ständerna

52 823 70 22 funnit
144 824 36 21 det
202 825 7 20 i
232 825 94 20 nämnda
345 825 132 26 proposition
496 824 121 27 föreslagna
635 825 166 27 lagstadgandet

52 858 47 22 icke
114 861 110 20 motsvara
239 859 35 21 det
291 859 86 21 dermed
394 859 97 26 åsyftade
507 859 106 27 ändamål,
629 859 99 22 hvarföre
740 859 61 22 Stän-

52 893 66 21 derna
133 893 34 22 för
182 893 32 21 sin
230 893 34 21 del
281 893 83 27 antagit
380 895 32 20 ett
426 893 81 27 förslag
521 894 33 21 till
569 893 126 28 förordning
710 894 7 21 i
728 896 72 20 ämnet

52 927 23 22 af
89 928 40 21 den
145 928 89 27 lydelse,
250 928 63 21 deras
329 928 156 21 ofvanberörda
501 928 112 21 skrifvelse
628 928 125 22 innehåller.

121 963 66 21 Detta
209 963 86 27 förslag,
318 963 100 21 hvarmed
442 963 73 22 afsetts
534 963 129 22 utfärdande
679 963 23 22 af
715 965 32 20 ett
762 964 38 21 all-

51 999 59 20 mänt
133 997 76 22 förbud
232 997 33 21 för
285 997 59 22 öfver
363 999 31 20 ett
410 999 24 20 år
450 998 71 26 gamla
536 998 107 26 hingstars
659 998 141 27 utsläppande

52 1031 12 21 å
86 1032 54 26 bete,
161 1032 38 21 der
214 1032 26 21 de
255 1032 73 21 kunna
344 1032 86 21 komma
445 1032 7 21 i
468 1032 84 21 tillfälle
568 1034 32 19 att
616 1038 75 21 genom
707 1033 92 27 parning

51 1066 149 22 åstadkomma
222 1067 68 21 skada
310 1066 33 22 för
357 1067 118 27 hästrasen,
490 1066 119 22 innehåller
625 1066 6 21 i
649 1068 9 20 1
676 1069 123 25 momentet,

50 1102 33 20 att
101 1101 72 27 hingst
192 1101 24 21 af
228 1101 126 21 omförmäld
370 1101 60 21 ålder
446 1102 18 26 ej
481 1102 34 20 mä
531 1101 111 26 utsläppas
657 1102 28 25 pä
701 1108 98 20 ,,gemen-

51 1137 55 19 samt
129 1136 56 27 bete,
206 1136 122 20 hvarunder
350 1136 122 26 inbegripas
492 1136 79 26 jemväl
587 1136 76 21 odlade
678 1136 39 21 och
729 1136 73 27 inhäg-

49 1171 55 20 nade
120 1176 56 21 egor,
193 1170 27 21 då
236 1170 62 21 dessa
313 1170 71 21 härtill
402 1170 129 21 användas."
562 1170 29 21 Af
603 1170 60 21 detta
673 1171 126 26 stadgande,

47 1204 103 27 jemfördt
173 1204 47 21 med
244 1205 93 21 motiven
359 1204 33 22 till
414 1204 147 27 lagförslaget,
585 1211 63 20 synes
668 1204 83 28 framgå
767 1207 34 19 att

50 1239 128 26 stadgandet
200 1238 56 22 afser
279 1239 55 21 både
350 1239 92 21 oskiftad
458 1239 61 21 mark
535 1239 38 21 och
589 1239 68 21 sådan
673 1239 126 21 storskiftad

46 1272 56 27 jord,
125 1279 44 15 som
193 1273 66 27 enligt
282 1274 13 20 4
318 1273 11 27 8
350 1273 7 21 i
371 1274 79 26 nådiga
465 1273 152 27 förordningen
633 1279 34 15 om
683 1279 60 20 egors
758 1274 42 20 fre-

49 1307 69 21 dande
134 1309 44 19 mot
194 1308 66 20 skada
276 1307 22 21 af
311 1307 97 28 husdjur,
424 1308 70 26 gifven
511 1308 40 20 den
568 1308 25 20 19
608 1307 118 21 December
737 1308 61 26 1864,

49 1341 53 20 eller
118 1341 39 20 ock
172 1341 76 20 endast
263 1341 27 26 pä
305 1342 67 25 grund
389 1341 23 20 af
427 1341 107 26 sedvänja,
550 1341 70 20 säsom
635 1340 28 26 pä
678 1342 77 25 mänga
766 1347 33 14 or-

48 1376 33 19 ter
104 1374 6 21 i
133 1374 73 21 landet
229 1376 25 19 är
269 1374 67 26 fallet,
352 1374 110 27 begagnas
477 1374 33 21 till
526 1376 131 25 gemensamt
671 1374 56 21 bete.
757 1374 41 21 Det

48 1411 25 19 är
95 1409 40 21 ock
148 1409 44 26 just
208 1409 25 26 pä
251 1409 82 20 sädana
348 1409 109 26 omräden,
474 1408 89 21 hvarest
579 1407 44 22 ofta
637 1414 43 21 nog
695 1408 50 21 flere
761 1408 38 27 by-

48 1450 35 15 ars
106 1443 90 27 husdjur
214 1443 50 22 beta
279 1443 148 27 tillsammans,
443 1443 99 27 hingstar
557 1443 112 21 törorsaka
686 1443 41 21 den
744 1444 54 20 stör-
