1017 1706
306 118 65 32 Ständ.
386 118 31 23 Sv.
432 130 29 4 —
475 117 54 30 Prop.
545 117 30 24 Wo
590 118 15 23 1.
774 117 28 22 55

79 184 57 22 lärer
150 184 112 22 underlåta
278 185 32 21 att
324 184 36 22 vid
374 184 183 28 straffmätningen
571 184 58 22 inom
643 183 104 22 latituden
762 184 67 26 taga
816 179 17 38 i

79 217 141 22 betraktande
242 219 32 20 att
295 218 191 27 gerningsmannen
507 218 56 21 förut
581 218 57 26 gjort
652 218 32 26 sig
698 217 84 27 skyldig
796 217 34 21 till

79 252 99 26 döljande
200 252 22 20 af
242 252 100 27 tjufgods,
365 252 118 21 Ständerna
503 253 70 20 ansett
588 252 68 20 denna
671 250 11 28 &
697 252 73 20 kunna
784 251 46 21 helt

79 285 40 22 och
134 285 68 21 hället
216 286 57 26 utgä.

150 318 13 22 8
186 318 11 28 8
218 321 24 19 är
264 319 90 21 affattad
376 319 8 21 i
399 319 92 27 enlighet
506 319 48 21 med
569 325 29 15 nu
613 318 98 27 gällande
725 318 41 28 lag,
782 324 48 15 men

78 353 40 22 har
136 353 23 21 af
176 352 119 22 Ständerna
315 353 46 22 icke
379 353 81 21 kunnat
474 353 130 27 godkännas.
633 352 42 22 Det
689 355 24 19 är
728 352 57 22 klart
799 354 32 19 att

80 394 33 16 om
134 387 25 22 de
178 388 105 21 särskilda
297 387 202 27 tillereppsakterna
514 388 33 21 stä
561 387 7 21 i
583 387 42 21 den
639 386 128 28 gemenskap
782 386 48 22 med

79 422 125 26 hvarandra,
224 424 31 20 att
275 422 26 22 de
319 423 77 26 utgöra
415 424 32 20 ett
466 429 16 15 s.
502 423 21 21 k.
538 422 86 21 fortsatt
638 421 64 27 brott,
717 422 70 21 såsom
803 420 27 22 dä

79 457 68 27 nägon
162 456 32 22 tid
209 456 53 22 efter
277 463 70 15 annan
361 457 99 27 tillgripit
474 457 117 27 penningar
605 456 46 22 frän
667 462 80 16 samma
757 456 73 21 kassa-

79 491 61 27 kista,
161 491 26 22 de
202 491 105 22 särskilda
321 491 92 22 värdena
427 492 27 21 dä
469 492 52 21 böra
536 491 137 22 sammansläs
693 490 45 27 och,
754 496 34 16 om
803 489 27 21 de

80 526 114 27 öfverstiga
211 526 60 27 tjugu
292 526 67 26 mark,
382 526 63 22 straff
465 526 34 21 för
518 525 56 23 stöld
589 531 40 21 ega
644 532 53 14 rum.
727 524 51 22 Men
793 524 37 21 der

79 560 85 22 fortsatt
178 560 60 22 brott
252 560 47 22 icke
313 560 120 28 föreligger,
448 560 68 22 finnes
524 560 63 27 ingen
595 560 113 26 anledning
717 561 32 19 att
756 557 74 28 frångå

80 594 26 22 de
128 594 84 28 vanliga
233 594 98 27 reglerna
353 594 33 22 för
408 595 45 21 reel
474 594 139 22 konkurrens.
641 594 100 21 Tvärtom
756 594 24 20 är
795 592 36 22 det

80 630 97 21 orättvist
199 630 32 20 att
254 629 40 21 den
316 634 45 16 som
383 629 74 27 begått
475 629 50 21 flere
540 629 119 26 snatterier,
674 629 52 21 utan
741 629 32 20 att
787 628 43 22 han

79 669 74 21 genom
168 663 177 22 mellankommen
361 663 140 27 bestraffning
515 662 70 23 blifvit
599 663 85 26 varnad,
700 662 55 22 skall
768 662 62 22 straf-

80 697 32 23 fas
135 698 68 22 såsom
225 698 40 22 den
289 698 37 21 der
348 698 91 22 föröfvat
454 698 122 27 tillgreppet
591 698 75 21 endast
680 703 26 15 en
721 696 55 28 gång
791 696 39 22 och

80 732 81 23 således
183 732 55 28 gjort
261 733 32 26 sig
307 732 88 28 skyldig
418 732 33 22 till
470 732 74 23 stöld..
563 732 113 22 Dessutom
691 731 68 23 skulle
773 731 58 23 stad-

80 768 78 27 gandet
173 767 94 21 medföra
288 767 130 27 svårigheter
433 767 39 21 och
487 767 178 27 inkonseqvenser
679 766 6 21 i
700 766 130 27 lagskipnin-

78 808 52 22 gen:
150 802 87 22 sålunda
252 802 75 26 skulle,
343 802 65 21 bland
423 803 71 25 annat,
509 801 46 22 ifall
569 802 70 26 någon
653 801 35 21 vid
704 800 52 22 flera
772 802 58 20 dom-

80 836 67 22 stolar
165 836 115 22 förklarats
299 836 118 22 förvunnen
437 842 33 14 om
490 836 104 22 särskilda
613 835 111 22 snatterier
740 835 40 21 och
795 835 35 21 det

79 871 119 27 tillgripnas
217 870 159 28 sammanlagda
398 870 64 22 värde
485 870 117 27 öfverstege
625 870 60 27 tjugu
705 870 68 26 mark,
789 870 41 20 den

80 905 91 21 domstol
186 911 45 15 som
246 906 39 21 sist
300 906 7 20 i
322 905 65 22 saken
403 906 74 20 dömer
491 906 80 26 nödgas
586 904 34 21 för
634 904 95 22 straffets
738 904 92 21 bestäm-

80 940 76 21 mande
176 940 48 26 ingå
242 940 8 21 i
269 940 98 26 pröfning
382 939 61 21 äfven
458 939 23 22 af
495 940 26 21 de
535 939 36 22 vid
586 939 67 27 öfriga
668 938 117 22 domstolar
800 939 31 21 in-

80 974 66 27 lupna
168 974 185 28 omständigheter,
375 974 82 21 hvilket
478 974 121 22 förfarande
621 974 60 21 stode
696 974 8 21 i
719 974 53 21 strid
787 974 45 20 mot

81 1008 37 22 det
133 1008 107 27 sakenliga
256 1008 123 28 stadgande,
394 1014 45 16 som
455 1008 118 22 Ständerna
587 1008 98 27 upptagit
700 1008 68 22 under
781 1007 49 27 44
817 1003 16 37 $

80 1042 24 21 af
122 1042 101 27 förslaget
241 1043 34 21 till
294 1043 123 26 förordning
437 1049 34 15 om
493 1042 135 27 strafflagens
643 1042 116 22 införande.
789 1042 43 21 För

81 1077 63 26 öfrigt
160 1077 99 26 erbjuder
274 1077 103 22 latituden
393 1077 34 21 för
440 1077 173 22 snatteristraffet
627 1077 66 27 enligt
707 1078 4 20 1
728 1076 3 28 $
749 1077 4 21 3
761 1083 70 20 mom.,

80 1111 77 22 sädant
176 1111 59 22 detta
254 1111 24 22 af
294 1111 119 22 Ständerna
433 1112 92 26 ändrats,
541 1111 124 28 tillräckligt
679 1113 105 25 utrymme
798 1110 34 21 för

80 1145 124 22 utmätande
222 1145 24 22 af
264 1145 63 22 straff
339 1145 34 21 för
388 1145 53 22 flera
455 1146 54 21 reelt
523 1145 173 22 konkurrerande
712 1145 120 22 snatterier.

81 1179 118 22 Ständerna
214 1179 63 22 hafva
292 1179 132 22 fördenskull
439 1180 140 27 omredigerat
594 1179 139 22 förevarande
748 1179 11 27 $
774 1179 8 21 i
792 1179 40 21 den

81 1213 94 28 riktning
190 1213 135 22 förestäende
340 1215 163 26 anmärkningar
518 1214 183 27 vidhandengifva.

372 1333 37 18 29
422 1332 127 23 Kapitlet.

154 1392 11 21 1
182 1390 18 28 8.
229 1390 96 22 Emedan
341 1391 60 22 ordet
416 1391 75 26 ,gods*
508 1391 7 21 i
530 1390 149 27 lagförslagets
689 1390 90 21 svenska
789 1391 46 20 text

83 1427 21 26 (1
126 1425 10 30 $
155 1426 27 22 28
202 1426 50 27 kap.
268 1425 39 22 och
324 1426 11 21 1
352 1425 10 28 $
377 1425 27 22 31
420 1425 59 28 kap.)
493 1425 107 22 användes
615 1425 8 20 i
637 1425 42 21 den
693 1423 141 28 bemärkelse,
