1020 1711
216 130 50 50 200
416 143 223 30 Ständ.
501 127 35 51 Sv.
549 127 13 51 —
577 143 62 30 Prop.
654 142 32 24 10
701 143 16 22 1.

190 209 100 27 vandling
305 209 33 22 till
359 209 140 28 kroppsstrafi
517 209 52 22 eller
587 210 33 21 till
637 209 74 22 arbete
726 210 7 21 i
747 209 78 22 allmän
840 209 103 22 arbetsin-

190 244 96 26 rättning
301 244 46 21 icke
360 244 34 21 fär
409 243 112 28 tillämpas.

261 279 12 20 7
289 278 18 27 $.
336 279 45 20 Har
396 279 69 26 någon
480 278 65 27 enligt
560 279 58 21 äldre
632 279 36 26 lag
683 279 76 21 utstätt
774 278 62 22 straff
849 279 7 21 i
867 278 77 22 allmän

192 311 94 23 straffart
300 312 34 21 för
348 312 76 22 sädant
438 312 65 27 brott,
519 318 45 16 som
579 312 65 28 enligt
659 312 124 28 strafflagen
797 313 40 21 bör
847 313 35 21 vid
890 313 55 22 äter-

191 346 38 22 fall
243 346 101 28 beläggas
359 347 48 21 med
422 347 65 27 högre
503 347 70 27 straff;
588 347 56 22 skall
659 348 48 25 han,
723 349 38 19 när
776 347 42 22 han
832 347 49 22 med
895 354 50 15 ena-

191 381 72 22 handa
277 381 58 21 brott
350 381 105 27 beträdes,
471 381 85 22 straffas
571 381 33 22 för
619 382 85 21 äterfall
720 382 52 21 deri.

261 415 12 21 8
289 415 17 27 &
336 415 76 22 Finnes
434 416 69 27 någon
523 416 56 27 ligga
602 416 48 26 död,
666 418 52 20 utan
740 417 32 20 att
786 416 67 22 kändt
868 418 29 26 är,
913 417 32 21 att

191 450 43 22 han
249 450 23 22 af
285 450 98 27 sjukdom
398 450 76 26 aflidit;
488 450 54 22 skall
558 450 177 27 polismyndighet
750 452 76 25 genast
840 451 7 21 i
862 452 81 20 trovär-

192 486 49 26 diga
263 486 59 20 mäns
344 486 90 20 närvaro
456 485 126 27 undersöka,
602 490 34 16 om
657 485 41 21 den
713 486 55 20 döde
786 486 124 21 omkommit
924 485 23 23 af

192 526 52 21 egen
267 519 52 22 eller
341 525 79 15 annans
442 519 155 27 handaverkan,
618 521 61 25 samt,
700 520 27 22 dä
741 520 77 22 minsta
833 520 114 27 anledning

192 554 70 21 dertill
277 554 147 26 förekommer,
444 554 124 27 skyndsamt
586 555 107 20 inberätta
708 561 34 15 om
756 555 143 21 förhällandet
913 555 34 21 till

191 588 104 27 Kejsaren
310 588 39 21 och
365 587 141 23 Storfurstens
525 589 239 26 befallningshafvande,
785 589 91 26 hvilken,
892 589 55 22 efter

192 623 213 27 omständigheterna,
426 629 50 21 eger
495 623 107 27 förordna,
623 623 104 22 huruvida
746 623 120 28 besigtning
880 623 23 22 af
916 624 31 21 lä-

192 658 51 21 kare
259 658 38 21 och
312 657 159 28 undersökning
485 658 35 21 vid
536 658 90 21 domstol
642 658 34 21 mä
685 659 133 25 verkställas,
830 658 51 21 eller
892 658 54 27 icke,

192 693 65 21 innan
280 693 41 20 den
344 691 54 22 döde
420 691 33 22 fär
473 692 117 27 begrafvas.
625 692 136 28 Kronofogde
777 693 13 21 &
804 692 73 22 landet
892 693 55 21 samt

192 727 153 27 borgmästare,
365 726 146 27 polismästare
531 727 40 22 och
592 727 150 27 ordningsman
757 728 7 21 i
780 727 47 22 stad
842 733 49 16 vare
907 727 40 22 ock

192 761 79 22 tillätet
285 763 37 25 att,
342 761 48 22 med
409 761 97 22 anmälan
527 767 33 16 om
583 761 65 22 saken
663 762 38 21 hos
717 761 101 28 Kejsaren
834 761 39 22 och
889 761 58 23 Stor-

192 796 93 22 furstens
306 796 241 27 befallningshafvande,
568 796 91 22 anmoda
678 797 133 28 vederbörlig
825 797 74 22 läkare
913 802 34 16 om

192 832 120 26 besigtning
328 831 22 22 af
364 832 41 21 den
420 831 65 22 dödes
501 831 68 27 kropp
584 833 55 20 samt
654 831 83 22 anmäla
752 831 65 23 saken
827 831 33 22 till
870 831 77 22 under-

192 866 90 26 sökning
301 866 39 21 hos
360 866 107 26 domaren,
483 872 45 16 som
549 866 39 22 ock
608 872 50 21 eger
675 866 101 22 förordna
791 866 32 22 till
837 866 58 28 dylik
910 866 37 22 be-

192 901 97 27 sigtning.

261 936 14 20 9
290 935 17 27 8.
338 936 64 26 Hvar,
425 941 45 16 som
493 935 68 22 finner
580 936 52 21 eller
652 935 65 21 hittar
730 934 72 28 något,
817 936 39 21 bör
871 935 76 23 sådant

192 972 75 26 genast
281 970 161 26 tillkännagifva
457 970 39 21 och
511 971 57 21 inom
582 970 78 28 fjorton
676 970 65 27 dagar
756 970 44 22 läta
815 970 74 22 derom
901 970 46 26 lysa

192 1006 8 20 i
214 1006 107 20 närmaste
336 1004 68 27 kyrka
418 1005 14 21 å
445 1004 79 27 landet,
541 1005 51 21 eller
607 1005 7 21 i
629 1005 87 21 stadens
731 1004 85 28 kyrkor,
825 1005 51 21 eller
887 1006 8 20 i
905 1004 41 21 tid-

192 1040 57 27 ning,
272 1045 34 15 om
328 1039 66 21 sådan
414 1040 7 20 i
441 1039 76 22 staden
539 1039 96 27 utgifves.
669 1038 102 22 Kommer
785 1039 47 27 den,
848 1046 45 15 som
908 1039 39 21 har

192 1075 56 26 mist,
272 1074 39 21 och
332 1074 63 27 visar,
418 1075 32 21 att
472 1074 37 21 det
528 1074 72 21 tillhör
616 1074 87 27 honom;
724 1076 48 25 tage
788 1074 36 22 sitt
840 1074 51 27 äter,
907 1073 40 22 och

192 1109 55 27 gifve
263 1109 68 26 skälig
346 1108 96 22 hittelön.
472 1108 101 22 Kommer
587 1109 41 21 han
644 1109 18 26 ej
678 1109 56 21 inom
750 1110 30 20 ett
794 1109 30 26 är,
832 1109 65 21 sedan
905 1108 42 28 lyst

192 1145 34 25 är;
240 1142 85 22 behälle
340 1142 72 27 fyndet
428 1143 47 26 den,
491 1148 45 16 som
551 1142 88 22 hittade.

261 1178 45 25 Lag
320 1183 81 15 samma
415 1183 50 15 vare
479 1184 34 14 om
528 1177 51 27 fynd
594 1176 22 22 af
629 1176 94 22 forntida
738 1178 65 26 mynt,
813 1183 76 21 vapen,
899 1178 48 20 red-

193 1212 59 27 skap,
267 1211 102 27 prydnad,
384 1211 54 27 kärl,
453 1212 52 21 eller
519 1218 69 15 annan
603 1211 96 26 fornsak;
715 1211 54 21 dock
780 1211 56 27 gälle
846 1216 35 16 om
889 1211 58 21 hem-

192 1246 44 20 bud
251 1245 61 21 deraf
330 1246 33 19 till
382 1246 83 20 kronan
484 1246 39 20 och
545 1246 59 20 lösen
619 1245 34 20 för
667 1245 123 26 fornfyndet
804 1245 56 20 hvad
875 1246 72 20 derom

192 1278 67 22 finnes
279 1278 100 22 särskildt
398 1278 106 27 stadgadt.
538 1278 29 21 Af
585 1284 70 14 annan
674 1278 131 26 nedgrafven
820 1279 64 25 skatt,
901 1278 46 21 bot-

192 1313 87 27 tenfynd
294 1312 52 22 eller
361 1314 63 19 annat
439 1312 73 27 dylikt,
528 1312 84 21 hvartill
627 1318 63 20 egare
705 1312 19 27 ej
739 1312 74 26 finnes,
829 1314 48 25 tage
889 1312 58 27 jord-

192 1353 78 21 egaren
285 1347 81 22 hälften
382 1346 39 22 och
435 1347 67 21 andra
517 1346 80 22 hälften
618 1346 47 26 den,
681 1352 46 16 som
741 1346 88 22 hittade.

261 1382 41 22 Om
317 1382 97 22 anmälan
430 1381 39 22 och
483 1381 137 27 kungörande
640 1381 108 27 angäende
764 1381 129 28 skeppsfynd
908 1381 40 22 och

194 1417 125 22 strandvrak
334 1418 54 20 samt
403 1416 101 27 rättighet
519 1416 33 22 till
567 1416 76 22 sädant
658 1416 50 27 fynd
723 1416 86 27 stadgas
824 1417 8 20 i
846 1416 101 27 sjölagen.

263 1453 27 21 10
304 1451 18 28 8.
352 1451 72 22 Hittar
445 1458 49 15 man
516 1451 55 28 häst,
591 1457 45 20 oxe,
656 1451 34 27 ko,
707 1451 40 28 får,
768 1453 42 26 get,
826 1451 51 23 eller
891 1452 56 22 hvad
