1025 1703
356 133 22 20 U.
393 133 22 20 B.
431 144 26 4 —
472 133 59 25 Prop.
546 133 37 20 N:o
598 134 16 19 1.
805 134 25 21 67

179 195 12 20 5
207 196 16 23 $.
255 194 63 27 Hvar,
333 201 44 13 som
394 194 125 26 falskeligen
538 194 127 28 förfärdigar
680 196 52 20 eller
748 196 113 21 förfalskar

108 230 111 26 köpebref,
230 231 133 23 testamente,
372 230 106 26 kontrakt,
488 230 129 24 skuldebref,
625 230 70 25 vexel,
702 230 98 26 gvittens,
809 232 50 20 han-

109 264 97 24 delsbok,
214 264 52 20 eller
278 270 69 14 annan
356 264 64 20 sädan
430 264 83 20 enskild
523 264 108 26 handling,
640 264 38 20 och
688 267 38 23 gör
735 264 54 21 bruk
800 266 62 20 deraf

102 296 42 28 för
158 299 32 20 att
203 296 76 23 bereda
295 298 32 26 sig
343 298 51 21 eller
410 304 71 14 annan
497 300 61 23 nytta
568 298 53 20 eller
631 298 67 20 skada
709 304 75 20 annan,
796 300 64 19 straf-

107 331 31 20 fes
162 331 47 20 med
233 332 86 19 tukthus
334 333 7 18 i
357 332 61 26 högst
440 332 48 25 fyra
503 332 23 19 är
541 332 39 19 och
596 332 75 19 förlust
687 332 23 19 af
723 328 134 36 medborger-

108 365 38 27 ligt
166 365 129 26 förtroende,
315 366 58 27 eller,
396 365 37 20 der
448 365 207 27 omständigheterna
671 369 35 17 äro
722 367 137 26 synnerligen

108 400 125 25 mildrande,
249 400 52 20 eller
316 400 129 26 handlingen
462 403 23 16 är
500 400 132 26 orlofssedel,
648 400 93 21 enskildt
752 401 60 27 intyg
824 408 33 13 om

108 434 61 26 fräjd,
192 434 52 21 eller
266 437 65 17 annat
354 434 70 27 dylikt
447 435 64 24 bevis,
532 435 47 19 med
600 434 94 27 fängelse
712 436 18 25 ej
747 435 58 21 öfver
820 443 38 13 sex

107 469 102 20 mänader
224 469 52 20 eller
292 469 60 20 böter
368 469 62 26 högst
444 469 124 20 femhundra
583 469 66 20 mark.

176 503 11 20 6
205 505 16 23 &
251 503 43 20 Har
315 510 76 19 annan,
413 506 25 17 än
460 504 47 25 den,
527 503 86 20 hvilken
637 503 102 20 verkstält
758 504 98 21 förfalsk-

106 538 58 26 ning,
175 537 40 28 för
229 539 32 20 att
275 537 75 22 bereda
365 538 34 27 sig
413 537 51 22 eller
478 544 75 15 annan
567 539 60 26 nytta
636 537 51 22 eller
696 537 69 22 skada
775 545 82 19 annan,

106 573 56 26 gjort
179 572 52 20 bruk
247 572 24 20 af
284 572 109 27 handling,
409 578 44 14 som
470 573 40 19 han
527 573 64 19 visste
607 578 52 14 vara
674 572 66 25 falsk;
751 573 60 20 varde
822 579 36 14 an-

106 607 51 20 sedd
174 606 31 27 sä,
221 613 43 14 som
280 607 55 20 hade
352 607 40 20 han
408 607 49 26 sjelf
470 606 74 27 begått
559 606 175 27 förfalskningen.

176 641 45 26 78.
251 641 44 20 Har
315 641 77 27 någon,
406 639 41 29 för
460 642 31 21 att
504 640 77 22 bereda
596 641 32 25 sig
643 640 52 21 eller
710 647 68 14 annan
797 643 61 25 nytta

106 675 52 20 eller
172 675 69 21 skada
256 682 77 20 annan,
349 676 131 26 uppsåtligen
498 675 98 20 vilseledt
611 675 47 25 den,
674 675 87 20 hvilken
778 676 81 26 åligger

106 710 46 20 föra
167 710 121 25 kyrkobok,
303 709 231 27 mantalsförteckning,
550 709 53 21 eller
617 715 70 14 annan
704 709 61 26 dylik
780 710 79 19 allmän

106 744 109 26 handling,
240 744 40 20 och
303 743 89 21 sälunda
417 743 106 21 föranledt
550 744 76 26 origtig
649 744 129 26 anteckning
802 744 54 25 deri;

107 778 83 21 straffes
211 778 47 20 med
281 778 85 20 tukthus
384 778 6 19 i
406 778 63 27 högst
484 778 47 26 fyra
546 778 23 20 är
580 778 39 20 och
635 778 75 20 förlust
724 778 24 20 af
761 778 97 21 medbor-

106 814 75 26 gerligt
201 813 129 26 förtroende,
350 813 58 26 eller,
425 813 36 20 der
476 813 208 27 omständigheterna
700 816 36 17 äro
752 813 104 27 synnerli-

105 854 40 20 gen
169 848 125 25 mildrande,
318 848 47 19 med
388 847 93 27 fängelse
501 847 9 21 i
529 846 61 28 högst
610 847 36 20 två
661 848 23 19 år
699 846 50 23 eller
764 846 58 22 böter
835 847 22 27 ej

104 882 69 22 under
187 881 78 29 femtio
283 881 69 23 mark.
382 881 79 27 Gjorde
482 882 41 20 han
545 882 52 20 bruk
620 881 23 20 af
656 882 40 20 den
712 882 92 26 oriktiga
820 888 36 13 an-

106 917 137 26 teckningen;
264 924 49 13 vare
333 916 82 20 straffet
434 916 86 20 tukthus
536 916 45 20 från
597 916 40 20 och
653 916 47 20 med
716 916 36 20 två
768 916 31 20 till
816 916 40 20 och

105 952 48 20 med
169 951 45 21 åtta
230 952 22 20 år
268 951 40 21 och
323 951 74 20 förlust
412 951 24 20 af
450 950 164 27 medborgerligt
629 950 127 21 förtroende.

173 986 91 26 Begicks
279 986 81 20 brottet
374 986 50 19 utan
438 985 70 21 sådan
522 984 79 29 afsigt;
611 991 51 14 vare
671 984 82 21 straffet
762 985 95 27 fängelse

105 1022 6 18 i
128 1021 61 26 högst
204 1022 28 19 ett
247 1021 23 19 år
285 1020 53 20 eller
353 1020 60 20 böter
428 1019 89 27 (utesl.).

175 1054 43 21 Gör
233 1061 69 14 annan
318 1055 7 19 i
340 1053 74 28 afsigt,
429 1059 45 16 som
488 1053 8 22 i
511 1055 13 19 1
539 1059 60 16 mom.
610 1053 57 27 sägs,
682 1053 53 20 bruk
751 1053 23 20 af
789 1053 67 20 sådan

105 1089 78 26 oriktig
199 1089 140 27 anteckning;
354 1088 64 20 varde
434 1088 78 20 ansedd
529 1088 30 25 så,
574 1094 44 14 som
634 1087 56 20 hade
704 1087 42 20 han
757 1083 47 37 sjelf
814 1087 41 20 för-

105 1124 73 21 anledt
193 1124 163 25 anteckningen.

174 1159 12 22 8
202 1161 17 22 $.
248 1158 61 21 Hvad
333 1157 63 21 ofvan
418 1157 7 20 i
448 1157 58 20 detta
529 1156 80 27 kapitel
632 1156 86 27 stadgas
740 1156 56 27 gälle
816 1156 41 21 ock

105 1193 111 27 handling,
231 1199 44 14 som
292 1196 23 16 är
330 1192 93 20 skrifven
440 1191 52 21 eller
508 1190 94 27 utgifven
617 1190 7 19 i
640 1192 65 18 annat
720 1190 57 20 land.

174 1228 11 19 9
202 1230 17 22 8.
249 1227 54 26 Den,
326 1232 44 14 som
388 1225 41 28 för
450 1227 31 20 alt
502 1224 76 22 bereda
595 1224 32 26 sig
643 1224 51 20 eller
709 1230 68 14 annan
794 1226 61 24 nytta

105 1263 52 20 eller
179 1261 70 22 skada
271 1267 77 20 annan,
371 1260 133 26 uppsåtligen
527 1260 115 25 borttager,
665 1258 83 26 förstör,
771 1258 83 26 rubbar,

104 1298 74 26 flyttar
199 1296 52 20 eller
270 1295 127 27 falskeligen
417 1296 65 18 sätter
501 1294 24 20 rå
545 1293 52 21 eller
611 1295 41 24 rör,
668 1292 52 20 eller
736 1293 72 20 märke
823 1293 33 20 för

105 1330 132 25 vattenhöjd,
253 1330 51 19 eller
320 1331 65 17 annat
399 1328 103 19 likartadt
516 1328 79 23 märke,
611 1326 81 20 straffes
708 1328 46 18 med
771 1327 86 19 tukthus

104 1365 6 18 i
128 1364 61 26 högst
205 1363 46 26 fyra
267 1362 23 20 år
305 1362 40 20 och
361 1361 73 19 förlust
450 1361 23 19 af
481 1360 166 25 medborgerligt
657 1359 128 26 förtroende,
797 1359 59 26 eller,

106 1399 38 19 der
166 1395 208 26 omständigheterna
396 1397 36 17 äro
455 1394 135 27 synnerligen
607 1393 125 26 mildrande,
746 1393 48 20 med
811 1393 45 20 fän-

105 1432 58 27 gelse
179 1430 19 28 ej
215 1429 59 22 öfver
290 1431 36 19 två
341 1429 29 21 är.
