1017 1709
215 149 34 25 92
286 148 32 1 —
418 152 65 24 Ständ.
499 152 30 23 Sv.
543 165 27 3 —
586 152 54 29 Prop.
656 151 32 24 H:o
703 152 15 22 1.

261 218 14 21 5
289 218 18 27 8.
337 218 45 21 Har
397 218 47 26 den,
464 224 45 16 som
523 218 89 22 tilltalas
626 218 34 20 för
674 218 65 26 brott,
754 217 34 21 till
802 224 26 14 en
844 216 34 22 del
893 216 52 22 eller

193 252 33 21 till
240 251 52 22 fullo
307 252 76 22 utstått
394 252 76 21 honom
479 252 71 22 derför
560 254 58 20 utom
627 251 73 22 landet
710 251 87 22 ådömdt
806 250 69 26 straff;
891 250 55 22 skall

194 287 36 20 det
249 286 151 27 undergångna
418 286 88 27 straffet,
526 286 54 22 efter
599 286 104 27 pröfning,
723 285 99 22 afräknas
841 285 54 22 ifrån
911 285 35 22 det

195 320 66 27 straff,
276 320 87 22 hvartill
382 321 42 21 han
442 320 34 22 för
495 321 79 21 brottet
592 320 66 22 borde
672 321 8 21 i
694 320 91 22 Finland
800 320 79 26 dömas,
895 319 51 22 eller

195 355 40 21 ock
248 355 57 27 gälla
319 355 69 21 såsom
403 354 62 22 straff
477 355 33 21 för
524 355 87 21 brottet.
627 354 59 22 Dock
701 355 39 20 bör
753 353 121 27 afsättning,
886 356 60 19 ovär-

196 389 73 27 dighet
283 389 32 20 att
330 389 77 27 nyttjas
426 390 8 20 i
451 389 83 22 landets
550 389 70 27 tjenst,
636 389 103 26 skiljande
754 388 46 22 från
815 388 97 27 utöfning
926 387 22 22 af

195 423 71 26 tjenst,
289 423 51 21 eller
360 422 76 23 förlust
458 423 23 21 af
494 423 164 27 medborgerligt
676 423 130 25 förtroende,
822 429 44 15 som
882 422 66 27 enligt

196 457 54 22 finsk
264 457 36 27 lag
314 457 40 22 bör
368 457 13 21 å
393 457 81 22 brottet
488 457 57 27 följa,
561 457 77 21 honom
654 457 38 21 här
708 457 93 21 ädömas.

264 490 107 23 Utländsk
394 491 48 22 dom
461 492 7 21 i
487 492 101 21 brottmål
607 491 34 22 må
655 492 7 21 i
677 491 91 22 Finland
782 491 18 27 ej
815 491 134 22 verkställas.

266 526 13 21 6
294 525 18 28 $.
341 525 82 22 Varder
441 526 47 27 den,
508 532 45 16 som
572 526 7 21 i
598 526 90 21 Finland
706 526 89 21 innehar
809 527 65 20 annat
888 525 61 22 lands

197 560 71 27 tjenst,
284 559 39 22 här
342 560 92 21 tilltalad
449 559 33 22 för
496 561 59 21 brott
570 562 56 19 emot
642 560 77 22 allmän
734 560 40 27 lag,
790 560 81 21 hvilket
885 559 43 22 han
943 560 6 21 i

199 595 41 21 den
258 595 66 26 tjenst
342 595 83 26 begått;
450 594 55 23 skall
524 595 42 21 han
587 595 56 21 blott
656 595 34 21 för
704 595 82 21 brottet
801 595 56 20 emot
872 594 77 22 allmän

198 630 35 26 lag
247 629 33 21 till
295 628 62 22 straff
370 629 80 22 dömas.
465 623 18 27 Å
498 629 136 27 skadestånd,
650 636 45 15 som
710 629 100 27 härflyter
825 629 23 22 af
856 629 28 21 fel
899 629 7 21 i
916 628 34 23 så-

200 664 40 21 dan
255 663 71 27 tjenst,
342 663 34 22 må
390 663 55 22 finsk
460 664 35 26 lag
509 664 113 26 tillämpas.

268 697 45 28 78.
344 697 39 22 Om
403 697 59 22 brott
476 697 23 22 af
516 698 130 22 främmande
661 700 67 25 magts
744 698 137 27 beskickning
895 697 55 28 gälle

199 732 56 22 hvad
264 733 87 20 allmänt
361 735 23 18 är
394 733 122 26 vedertaget
524 733 52 21 eller
586 739 76 20 genom
672 733 86 26 fördrag
768 732 69 22 blifvit
844 732 106 27 stadgadt.

532 829 16 20 2
560 829 67 23 Kap.

510 877 30 23 Om
555 877 86 23 straffen.

271 934 45 27 18.
346 935 112 21 Allmänna
473 935 118 22 straffarter
606 937 48 19 äro:

270 970 20 20 1.
320 968 126 23 Dödsstraff.

269 1003 21 22 2.
320 1003 103 22 Tukthus.

270 1038 20 21 3.
319 1038 110 26 Fängelse.

268 1072 21 21 4.
318 1072 71 21 Böter.

270 1105 109 22 Särskilda
394 1105 62 22 straff
468 1105 33 22 för
516 1106 126 27 tjenstemän
657 1108 47 19 äro:

270 1141 19 21 1.
320 1140 128 27 Afsättning.

269 1175 20 22 2.
320 1174 107 27 Skiljande
442 1174 46 21 frän
502 1175 97 26 utöfning
614 1174 22 22 af
649 1175 71 26 tjenst.

268 1210 14 20 2
297 1208 17 27 8.
344 1208 158 22 Tukthussttaff
516 1209 84 21 ädömes
616 1209 99 27 antingen
729 1209 28 26 pä
772 1208 73 28 lifstid,
861 1209 53 21 eller
926 1209 28 26 pä

200 1243 42 21 viss
256 1243 38 25 tid,
311 1243 18 26 ej
344 1243 67 20 under
426 1249 36 14 sex
477 1243 100 21 mänader
593 1243 39 20 och
647 1243 18 25 ej
682 1243 58 20 öfver
754 1243 42 20 tolf
808 1243 30 25 är,
848 1245 60 18 utom
917 1243 37 20 vid

200 1275 195 27 sammanläggning
409 1275 23 21 af
446 1275 67 22 straff.

269 1308 87 23 Straffet
371 1310 89 21 utsättes
479 1309 8 21 i
501 1309 49 22 hela
564 1309 106 27 mänader,
686 1309 53 22 eller
754 1309 30 27 är,
800 1309 52 22 eller
866 1309 50 22 hela
930 1309 24 22 är

201 1343 38 22 och
253 1343 107 22 mänader.
376 1343 44 22 När
435 1344 35 21 vid
485 1344 193 27 sammanläggning
693 1344 23 22 af
730 1344 62 22 straff
804 1343 95 28 fängelse
914 1344 40 21 bör

199 1378 86 28 öfvergå
299 1378 34 21 till
347 1379 94 26 tukthus,
456 1378 35 22 mä
506 1379 40 21 ock
560 1379 73 22 dömas
648 1379 32 21 till
692 1379 89 22 tukthus
796 1380 7 21 i
817 1379 49 22 hela
881 1379 71 27 dagar.

268 1415 14 20 3
297 1414 17 27 8.
344 1413 41 22 Till
398 1414 120 26 ovilkorligt
537 1414 158 27 fängelsestraff
716 1415 73 21 dömes
811 1415 28 27 pä
856 1415 43 21 viss
913 1415 39 26 tid,

199 1448 19 28 ej
234 1449 66 21 under
315 1448 77 28 fjorton
408 1448 65 28 dagar
488 1448 39 21 och
543 1449 18 27 ej
578 1448 59 22 öfver
651 1448 47 28 fyra
712 1449 30 27 är,
758 1450 59 21 utom
831 1451 39 19 när
880 1449 73 27 längre
