1042 1706
420 135 38 21 N:o
474 134 18 22 1.
777 137 27 21 31

80 196 87 22 tukthus
190 198 6 18 i
219 197 61 25 högst
305 197 44 20 åtta
373 198 28 24 år,
425 198 58 25 eller,
507 198 34 20 vid
565 199 134 26 synnerligen
717 200 116 20 mildrande

81 231 186 26 omständigheter,
284 232 31 18 till
332 232 93 26 fängelse
441 233 19 25 ej
476 232 67 20 under
559 238 37 14 sex
612 232 109 25 månader,
736 236 55 17 samt
806 240 25 13 en

81 265 53 20 hvar
156 264 23 20 af
201 265 25 19 de
249 264 68 27 öfrige
340 265 31 20 till
395 266 93 25 fängelse
507 266 6 19 i
533 265 62 27 högst
611 272 37 14 sex
665 267 100 20 månader
780 267 52 20 eller

80 299 67 21 böter.

150 334 10 18 7
178 332 19 28 8.
229 333 41 20 Har
287 333 121 27 folkmängd
425 333 114 27 ådagalagt
555 334 75 26 uppsåt
646 338 30 16 att
691 338 52 23 göra
755 342 77 20 uppror

80 368 52 20 eller
147 370 56 17 störa
222 368 76 20 allmän
316 367 98 21 säkerhet
430 368 52 20 ellev
498 368 101 27 ordning;
616 375 37 19 ege
670 369 48 19 civil
736 371 95 26 myndig-

81 402 37 20 het
137 402 27 26 på
179 402 76 24 stället,
271 408 44 14 som
332 404 22 18 är
370 402 100 26 Kejsaren
486 403 39 20 och
542 403 138 20 Storfurstens
697 403 134 27 befallnings-

81 436 113 21 hafvande,
218 436 137 26 kronofogde,
380 436 101 25 länsman,
504 436 151 26 borgmästare,
675 437 157 28 ordningsman,

81 471 151 26 polismästare,
249 470 53 20 eller
318 470 39 19 den
374 470 5 19 i
396 470 65 20 sådan
479 472 134 25 tjenstemans
629 471 62 21 ställe
707 474 42 18 satt
759 475 30 24 är,
801 475 31 19 tre

81 505 80 26 gånger
184 504 114 26 ljudeligen
322 504 6 19 i
348 504 99 27 Kejsaren
464 505 40 20 och
520 505 139 21 Storfurstens
676 512 60 14 namn
754 506 78 22 befalla

80 539 151 27 folkmängden
248 541 31 17 att
294 540 75 26 genast
384 538 102 27 ätskiljas.
516 539 102 27 Skingrar
633 540 32 26 sig
680 540 151 28 folkmängden

80 573 58 25 ieke;
154 573 35 20 må
204 573 128 26 vapenmakt
347 572 31 20 till
394 575 111 24 upprorets
520 574 53 19 eller
588 574 126 26 upploppets
729 574 102 22 stillande

81 607 116 21 användas.
228 604 104 29 Öfvergår
354 606 150 28 folkmängden
525 608 24 20 så
571 608 81 26 hastigt
673 608 31 20 till
729 608 56 27 våld,
801 612 31 18 att

82 641 125 27 myndighet
222 642 18 24 ej
258 641 41 20 kan
316 640 78 22 förfara
408 642 31 25 så,
454 648 44 14 som
515 648 27 13 nu
559 645 23 17 är
597 642 71 27 sagdt;
685 649 39 20 ege
735 644 95 26 myndig-

80 675 62 21 heten
159 676 105 25 förordna,
280 678 32 18 att
326 675 150 27 folkmängden
491 679 75 23 genast
581 676 54 20 skall
646 677 46 20 med
703 678 128 26 vapenmakt

80 710 104 26 skingras.
214 710 24 26 Ej
263 710 34 20 må
316 711 6 19 i
338 710 122 27 någondera
475 710 114 20 händelsen
605 711 78 26 skarpa
697 718 70 20 vapen
783 712 48 20 tidi-

80 750 58 20 gare,
162 744 52 21 eller
237 750 67 20 vapen
327 745 74 25 längre
424 744 84 23 brukas,
531 747 26 17 än
578 745 76 20 sådant
674 745 32 20 för
722 749 109 23 upprorets

80 778 52 21 eller
148 779 124 25 upploppets
288 778 98 20 stillande
402 781 23 16 är
441 778 170 26 oundgängligen
628 779 80 26 nödigt.

147 812 44 20 Har
211 814 128 24 vapenmagt
360 812 93 26 lagligen
478 812 104 20 användts
597 812 28 26 på
640 815 47 24 sätt,
703 820 44 14 som
764 821 27 13 nu
807 817 23 17 är

80 847 68 26 sagdt,
158 847 38 19 och
215 847 43 20 blef
268 846 73 20 dervid
353 847 69 25 någon
433 846 6 20 i
452 846 149 27 folkmängden
613 847 61 20 sårad
686 848 52 20 eller
749 848 80 26 dödad;

81 881 57 27 ligge
153 881 64 27 ogild.

149 916 11 18 8
176 916 18 24 $.
226 915 82 20 Samlar
329 914 70 26 någon
422 914 122 26 beväpnadt
566 915 109 27 manskap,
694 916 51 20 eller
763 917 68 20 håller

81 950 69 26 någon
167 949 102 25 krigsfolk
285 955 102 19 samman,
403 954 44 14 som
464 948 80 21 hemlof
555 948 46 27 fått,
616 952 31 17 att
663 950 85 21 dermed
762 952 69 20 utföra

80 983 58 21 brott
153 986 56 17 emot
224 984 77 19 allmän
318 982 98 21 säkerhet
431 982 52 20 eller
499 983 100 27 ordning;
620 984 89 25 straffes,
725 991 33 13 om
775 986 56 19 brot-

80 1020 31 18 tet
133 1018 19 25 ej
176 1018 38 20 bör
238 1018 66 26 enligt
329 1018 21 18 11
370 1017 48 26 kap.
434 1023 68 19 anses,
518 1017 48 21 med
583 1018 86 20 tukthus
685 1018 7 20 i
708 1019 61 25 högst
784 1020 47 26 fyra

80 1052 23 20 år
118 1052 52 19 eller
186 1052 100 25 fängelse,

149 1086 11 20 9
177 1088 17 22 $.
216 1085 53 26 Den,
278 1092 44 14 som
332 1085 123 28 offentligen
465 1086 4 19 i
480 1085 136 26 folksamling
625 1086 52 20 eller
685 1093 75 20 genom
769 1088 61 19 skrift

80 1121 52 20 eller
143 1127 69 13 annan
223 1120 159 27 framställning,
393 1120 85 20 hvilken
488 1121 40 20 ban
543 1120 95 26 utspridt,
647 1121 52 20 eller
707 1121 123 27 offentligen

79 1155 93 26 anslagit
187 1155 52 20 eller
250 1155 80 25 utstält,
341 1155 49 20 sökt
405 1154 81 21 förleda
502 1155 30 20 till
549 1155 63 24 brott,
623 1155 79 25 dömes,
713 1161 32 14 om
762 1156 6 19 i
779 1156 51 25 följd

81 1189 62 20 deraf
156 1189 78 20 brottet
250 1189 52 20 eller
318 1189 110 20 straffbart
439 1189 71 20 försök
522 1189 70 20 dertill
604 1189 100 25 utfördes,
715 1189 68 20 såsom
794 1197 37 13 an-

80 1223 88 21 stiftare.
187 1223 45 20 Blef
237 1223 156 27 uppmaningen
403 1226 49 17 utan
464 1224 63 19 sådan
535 1223 94 27 påföljd
622 1219 9 36 ;
639 1223 81 20 straffes
727 1223 39 20 den
773 1224 57 27 skyl-

80 1258 56 25 dige,
152 1258 5 19 i
174 1257 37 20 fall
230 1257 40 20 han
288 1258 48 20 sökt
351 1257 83 20 förleda
450 1257 31 21 till
497 1257 146 28 högförräderi
659 1258 52 20 eller
727 1258 103 20 landsför-

79 1292 77 25 räderi,
174 1291 46 20 med
243 1292 85 20 tukthus
351 1291 45 21 från
420 1292 39 20 och
476 1292 44 19 med
538 1295 30 17 ett
584 1291 32 21 till
633 1292 39 19 och
689 1292 47 21 med
752 1292 41 20 fem
809 1293 22 20 år

80 1326 53 19 eller
156 1325 94 26 fängelse
274 1327 19 24 ej
317 1326 66 19 under
402 1328 30 17 ett
446 1326 30 25 år,
492 1332 54 18 men,
563 1333 32 12 om
611 1325 41 20 han
669 1329 114 22 uppmanat
799 1327 31 18 till

80 1361 66 18 annat
165 1359 62 25 brott,
243 1359 47 20 med
306 1359 95 26 fängelse
417 1358 7 20 i
440 1359 62 26 högst
517 1359 35 19 två
568 1359 22 19 år
607 1358 52 20 eller
673 1359 66 21 böter.
770 1359 60 20 Dock

80 1393 35 19 må
138 1393 18 26 ej
173 1393 85 19 svårare
274 1392 60 20 straff
348 1392 76 20 honom
441 1393 93 25 ådömas,
551 1395 25 16 än
593 1393 12 19 &
621 1393 101 19 anstiftan
737 1393 23 20 af
773 1393 58 20 brot-

78 1429 34 18 tet
127 1427 47 20 bort
190 1427 57 26 följa.
