1050 1703
322 143 22 23 U.
365 129 27 52 B:
404 154 18 15 —
433 143 152 29 Prop.
526 129 33 52 No
574 129 37 52 ko
629 173 3 2 -
808 146 15 21 3

107 201 90 27 höjning
220 202 22 20 at
265 202 96 22 straffets
376 202 117 24 maximum
511 204 120 27 ästundats,
651 203 24 21 af
690 204 160 27 Ridderskapet

108 237 39 21 och
169 236 71 22 Adeln
263 237 34 21 för
320 244 99 22 mannen,
442 239 39 21 och
497 239 23 21 af
538 239 164 22 Presteständet
725 239 34 21 för
781 240 68 26 begge

106 271 213 29 konkumbenterna;
343 274 50 20 med
407 274 56 22 hvad
479 274 148 22 förstnämnda
643 275 64 21 ständ
723 275 75 21 härom
813 275 37 21 be-

108 308 67 20 stämt
191 313 62 21 synes
269 309 36 20 stä
319 308 8 21 i
343 309 136 27 oskiljaktigt
494 309 103 22 samband
607 310 49 21 med
667 310 101 22 ständets
778 310 73 21 beslut

108 344 33 19 att
164 343 78 23 endast
264 349 94 16 mannen
382 345 69 21 skulle
475 345 91 21 drabbas
589 345 24 22 af
627 344 67 29 straff,
711 345 39 22 och
766 345 84 22 Preste-

107 378 97 22 ständets
227 378 72 22 beslut
322 381 70 20 måste
415 381 52 27 åter,
485 381 70 21 såsom
576 381 131 22 härledande
722 380 34 27 sig
771 381 24 21 af
809 381 41 21 den

106 413 50 23 utaf
176 415 87 21 ståndet
279 415 66 27 nödig
366 416 95 21 ansedda
477 415 178 28 straffhöjningen
670 416 8 21 i
694 417 13 21 1
723 416 12 27 $
752 417 27 21 19
795 417 54 27 kap,

106 455 63 16 anses
182 446 73 25 hafva
278 450 92 22 förfallit
393 451 66 22 sedan
479 452 145 27 nyssnämnda
643 452 84 27 lagrum
743 451 24 22 af
781 451 69 28 öfriga

107 485 64 21 ständ
181 486 117 26 godkänts;
309 486 113 22 hvarutom
433 487 163 28 ifrågavarande
607 487 176 28 straffhöjningar
791 494 60 15 mera

106 523 28 19 än
149 521 148 22 betänkandet
312 523 40 20 och
368 523 48 21 nåd.
432 529 60 22 prop.
504 522 94 28 aflägsna
609 523 33 28 sig
651 523 48 22 från
709 530 30 15 nu
750 523 100 27 gällande

106 557 41 28 lag.
177 557 115 23 Utskottet
307 558 34 21 får
356 558 133 23 fördenskull
505 559 110 22 vördsamt
629 559 126 22 hemställa:

283 620 33 19 att
332 617 158 29 Ridderskapet
505 619 36 22 och
557 619 70 21 Adeln
642 621 55 19 samt
713 619 84 22 Preste-
813 619 36 21 och

248 653 191 29 Borgarestånden
453 655 65 22 måtte
527 655 86 28 frångå
628 655 49 21 sina
692 655 132 27 beträffande
836 654 12 21 1

247 696 60 15 mom.
323 689 30 28 af
367 690 15 20 I
400 691 15 26 $
430 690 30 21 20
475 690 47 28 kap.
531 690 66 27 förut
605 690 87 27 fattade
707 690 68 22 beslut
790 690 36 22 och
840 690 9 21 i

249 725 65 21 likket
328 726 48 21 med
391 725 159 23 Bondeständet
562 726 116 28 godkänna
693 725 114 23 Utskottets
817 725 31 22 be-

248 761 115 22 tänkande.

389 826 48 29 18.
467 826 28 22 21
509 826 60 30 Kap.

178 866 158 29 Ridderskapet
359 868 36 22 och
418 867 71 23 Adeln
512 870 56 20 samt
588 868 183 29 Borgareständet
785 868 64 22 hafva

106 904 97 27 beslutit,
227 905 33 20 att
283 904 67 22 orden
374 905 46 28 ,till
441 904 119 22 dödsstraff
573 905 64 21 eller
657 904 2 21 i
684 905 5 21 1
706 911 64 15 mom.
787 904 62 22 skola

106 941 53 26 utgä
173 941 58 21 samt
247 940 84 21 straffet
345 940 35 22 för
395 941 60 21 mord
471 941 84 21 säledes
571 942 87 26 utgöras
669 941 78 21 endast
757 940 24 22 af
789 941 59 21 tukt-

106 975 42 21 hus
163 977 29 25 pä
206 975 70 22 lifstid
291 977 57 20 samt
364 976 77 22 förlust
457 976 23 21 af
494 976 168 28 medborgerligt
677 976 132 22 förtroende.

178 1010 82 22 Preste-
283 1012 40 21 och
345 1011 166 22 Bondeständen
534 1012 64 21 hafva
613 1012 97 27 godkänt
724 1012 125 21 Utskottets

106 1045 144 23 betänkande.

177 1082 34 21 Då
227 1081 90 22 sålunda
332 1083 37 20 två
385 1083 63 21 stånd
464 1083 89 21 stannat
567 1083 58 21 emot
640 1083 43 27 två,
691 1083 40 21 bör
741 1089 107 14 samman-

104 1117 141 28 jemkningen
261 1117 68 28 enligt
344 1118 125 21 Utskottets
485 1118 65 21 tanke
565 1118 83 27 grunda
663 1118 33 27 sig
711 1119 14 20 å
735 1118 27 21 de
773 1119 74 20 stånds

106 1153 79 28 beslut,
206 1154 76 21 hvilka
304 1155 97 20 närmast
423 1154 88 22 ansluta
533 1153 32 28 sig
587 1154 34 21 till
643 1161 30 14 nu
687 1153 101 28 gällande
803 1153 44 28 lag,

106 1188 100 22 hvarföre
228 1190 39 21 och
283 1189 28 22 då
326 1189 7 21 i
349 1190 70 21 denna
435 1189 118 22 dödsstraff
566 1191 24 19 är
605 1190 102 26 stadgadt
723 1189 33 22 för
771 1189 79 27 ifråga-

106 1225 95 21 varande
223 1225 66 27 brott,
313 1227 57 19 samt
390 1225 80 27 jemväl
486 1225 7 21 i
509 1225 78 26 nådiga
605 1231 60 21 prop.
682 1225 91 21 föreslås
791 1224 58 22 bibe-

106 1260 101 22 hållande
231 1260 23 21 af
275 1261 60 21 detta
358 1260 63 22 straff
437 1261 4 20 i
457 1267 30 15 nu
509 1261 139 21 förevarande
670 1260 45 28 fall,
736 1260 113 22 Utskottet

107 1295 33 21 får
155 1296 111 21 vördsamt
281 1296 91 22 föreslå:

284 1356 32 19 att
340 1353 158 27 Ridderskapet
521 1354 36 21 och
578 1353 71 21 Adeln
672 1355 55 19 samt
741 1353 106 28 Borgare-

249 1389 84 22 ståndet
349 1388 44 22 lika
407 1388 47 22 med
469 1389 26 21 de
509 1389 37 21 två
561 1387 70 29 öfriga
646 1388 91 22 stånden
749 1389 50 21 ville
810 1394 39 15 an-

249 1426 50 27 taga
319 1424 113 22 Utskottets
447 1424 136 22 betänkande.
