1017 1700
298 136 64 26 $tänd.
378 138 31 24 Sv.
425 152 25 3 —
466 139 55 29 Pröj.
536 138 62 25 Rv
580 122 20 51 4
756 140 39 22 121

70 205 48 22 från
134 204 64 23 straff
210 205 122 22 förskonad.
362 206 46 22 Har
422 205 78 23 sådant
513 206 120 27 förtigande
647 206 93 27 bidragit
755 206 71 22 dertill

71 241 31 20 att
118 239 46 27 den,
180 246 46 15 som
240 242 24 19 är
279 239 103 28 oskyldig,
398 240 70 22 dömts
482 240 33 22 till
529 240 89 22 tukthus
633 240 53 22 eller
700 240 125 26 dödsstraff;

71 280 49 15 vare
136 273 84 23 straffet
234 274 94 27 fängelse
342 274 8 22 i
365 274 63 27 högst
443 274 36 22 två
494 274 24 22 år
532 273 52 22 eller
598 274 67 22 böter.
683 274 48 22 Kan
745 280 80 21 uppen-

70 308 95 22 barande
180 308 24 21 af
216 308 163 27 omständighet,
395 315 46 15 som
456 309 67 21 vittne
538 308 52 22 eller
597 308 121 27 sakkunnig
724 308 100 27 förtegat,

70 342 80 27 ådraga
171 342 79 22 honom
269 342 50 27 sjelf
335 342 54 26 åtal;
412 342 35 22 må
462 342 41 22 han
517 342 34 22 för
566 342 36 22 det
616 342 121 27 förtigande
752 342 20 27 ej
787 342 37 22 dö-

70 382 45 16 mas
130 376 34 22 till
178 376 68 22 straff.

138 412 14 21 4
167 410 18 28 8.
214 411 46 22 Har
282 410 118 29 sakkunnig
423 411 49 22 med
491 411 135 28 åberopande
644 410 23 23 af
680 417 27 16 en
722 411 56 28 gång
792 410 33 23 för

70 446 43 21 alla
134 445 71 28 aflagd
226 445 27 22 ed
275 445 82 28 afgifvit
378 445 66 22 falskt
466 446 51 21 eller
538 445 144 22 vilseledande
697 446 60 27 intyg
772 445 53 24 eller

71 480 119 26 utlåtande;
205 480 65 21 varde
285 480 25 21 så
323 480 87 26 ansedd,
425 485 46 16 som
490 480 55 21 hade
560 480 41 21 han
616 479 66 28 aflagt
696 479 66 22 falskt
776 480 49 21 vitt-

69 514 88 22 nesmål.

138 549 14 21 5
167 548 18 28 8.
215 549 45 21 Har
281 549 77 27 någon,
380 555 45 16 som
447 549 83 22 tillåtits
552 550 38 25 att,
614 549 6 21 i
642 548 72 22 stället
735 548 34 22 för
790 549 33 26 ed,

70 584 68 21 bruka
156 590 70 15 annan
245 583 112 22 försäkran
377 583 66 27 enligt
460 584 53 22 hans
528 583 99 27 troslära,
642 583 13 21 å
670 582 58 28 dylik
743 582 81 22 försäk-

70 624 38 16 ran
130 617 83 28 afgifvit
234 618 52 21 eller
308 617 87 22 dermed
417 617 108 22 bekräftat
540 624 66 16 osann
621 617 51 22 eller
688 617 136 27 ofullständig

69 654 85 26 utsaga;
170 652 52 21 eller
237 652 38 21 har
290 652 69 27 någon
374 652 84 27 afgifvit
472 652 64 22 falskt
551 652 126 26 vittnesmål,
694 652 27 21 då
735 652 26 21 ed
776 651 48 21 blif-

69 687 31 21 vit
121 686 78 22 honom
222 686 134 27 eftergifven;
379 686 65 22 varde
463 686 25 22 så
507 686 87 27 ansedd,
610 692 46 16 som
670 686 55 21 hade
740 686 42 21 han
796 685 28 22 ed

69 721 71 27 aflagt.

138 755 13 20 6
166 754 18 28 8.
215 754 66 22 Söker
302 755 70 27 någon
394 754 82 22 förleda
498 762 69 15 annan
582 755 33 21 till
630 755 86 25 mened;
738 753 86 23 straffes

69 790 49 21 med
133 789 95 27 fängelse
243 790 7 20 i
265 789 62 27 högst
342 790 30 20 ett
387 789 25 22 år
429 789 52 21 eller
496 789 66 22 böter.

393 896 31 20 18
436 896 68 24 Kap.

262 938 30 22 Om
308 938 51 23 brott
374 938 49 23 emot
438 938 192 28 familjerättigheter.

140 994 44 28 18.
215 994 72 22 Gifver
308 1001 49 15 man
380 996 32 26 sig
426 996 24 20 ut
469 995 33 21 till
516 1001 63 15 namn
595 994 52 22 eller
662 994 62 22 stånd
738 994 34 22 för
787 1001 36 15 an-

69 1036 47 20 nan,
132 1031 28 19 än
175 1036 49 15 man
239 1032 30 22 är,
286 1029 39 22 och
339 1029 77 22 varder
431 1030 68 26 någon
515 1029 62 22 deraf
590 1028 107 28 bedragen
708 1028 33 22 till
750 1028 73 22 äkten-

69 1063 126 27 skapsaftal;
211 1064 52 21 eller
277 1063 93 22 förleder
385 1070 49 15 man
448 1064 69 26 någon
532 1063 33 22 till
580 1062 185 28 äktenskapsaftal
776 1063 46 21 der-

68 1098 90 27 igenom,
174 1099 32 20 att
220 1104 48 15 man
283 1098 89 27 förtiger
385 1098 50 26 laga
449 1098 75 21 hinder
538 1098 34 21 för
587 1097 117 27 äktenskap
720 1097 52 22 eller
780 1103 43 15 om-

68 1132 128 28 ständighet,
219 1139 45 15 som
286 1132 42 22 kan
350 1132 65 22 verka
436 1132 102 28 återgång
552 1132 23 22 af
588 1131 128 28 äktenskap;
738 1131 84 23 straffes

68 1167 49 22 med
131 1166 95 28 fängelse
240 1167 8 21 i
263 1167 62 27 högst
340 1168 32 21 ett
386 1167 24 22 år
425 1167 52 21 eller
492 1167 67 22 böter.

136 1201 102 22 Kommer
252 1202 67 27 vigsel
334 1201 78 28 dertill,
432 1202 52 21 eller
503 1202 76 21 varder
594 1201 83 28 qvinna,
693 1207 45 18 som
753 1201 70 22 blifvit

67 1236 34 21 till
116 1236 182 27 äktenskapsaftal
313 1235 90 28 förledd,
420 1236 22 21 af
456 1236 131 27 bedragaren
596 1235 89 26 häfdad;
700 1241 50 16 vare
760 1235 62 22 straf-

68 1269 30 23 fet
120 1270 88 22 tukthus
230 1271 19 27 ej
265 1270 59 22 öfver
338 1271 36 21 två
389 1271 24 21 år
428 1271 51 21 eller
498 1270 94 28 fängelse
606 1269 47 23 från
668 1269 40 22 och
722 1269 48 22 med
786 1276 36 16 sex

68 1304 101 22 månader
190 1305 33 21 till
246 1305 40 21 och
307 1305 49 21 med
371 1305 36 21 två
426 1305 30 26 år,
471 1305 58 26 eller,
544 1304 35 22 vid
594 1304 133 27 synnerligen
742 1303 80 23 försvå-

68 1338 66 21 rande
149 1339 187 26 omständigheter,
351 1338 89 22 tukthus
455 1340 7 20 i
476 1339 63 26 högst
554 1338 46 26 fyra
616 1338 30 20 år.

135 1371 25 28 Ej
176 1372 36 21 må
225 1372 65 26 brott,
306 1378 46 16 som
367 1372 39 21 här
420 1374 95 24 nämnes,
533 1372 23 21 af
570 1371 78 21 allmän
662 1371 100 27 åklagare
777 1370 45 22 åta-

67 1406 39 27 las,
129 1412 34 16 om
185 1406 47 22 icke
254 1406 150 28 målseganden
424 1406 80 22 anmält
518 1406 82 21 brottet
614 1405 33 22 till
661 1405 44 22 åtal
719 1405 53 22 eller
787 1406 35 21 vid

67 1441 93 23 domstol
174 1441 48 22 sökt
238 1441 102 27 återgång
354 1441 23 22 af
391 1440 206 28 äktenskapsaftalet
616 1440 52 22 eller
686 1440 134 27 giftermålet.
