1025 1703
82 198 45 21 Strfi.
134 198 24 17 40
165 198 45 22 Kap.

242 143 23 17 92
453 142 22 19 U.
490 142 23 18 B.
528 153 20 2 —
560 142 64 23 Prop.
636 141 38 19 N:o
687 143 16 17 1.

286 199 10 20 7
315 199 18 27 &.
362 199 39 20 För
419 199 33 20 det
470 199 59 26 brott,
545 206 41 13 som
604 202 78 17 nämnes
701 199 7 19 i
727 199 12 19 3
759 205 56 13 mom.
833 199 22 19 af
873 199 62 19 denna
950 199 19 25 $,

218 233 36 20 har
272 233 103 20 Utskottet
389 233 7 19 i
411 233 129 20 betraktande
554 234 22 19 af
589 233 83 20 brottets
688 233 134 20 beskaffenhet
837 235 64 17 ansett
915 232 55 20 säväl

218 267 117 25 ovärdighet
357 269 29 18 att
403 267 74 26 nyttjas
497 267 6 20 i
522 268 76 19 landets
616 267 66 26 tjenst,
699 274 40 13 som
757 267 72 20 förlust
847 267 22 19 af
882 267 89 19 medbor-

216 302 73 25 gerligt
311 302 110 19 förtroende
444 302 47 19 böra
513 302 96 19 särskildt
630 303 91 24 utsättas,
740 301 108 26 hvarjemte
868 301 103 20 Utskottet

216 336 44 19 med
274 335 78 25 hänsyn
367 335 31 19 till
414 336 23 19 de
452 335 133 25 mångfaldiga
599 335 143 25 jemförelsevis
757 335 59 20 äfven
831 335 86 25 lindriga
931 335 39 19 for-

216 376 46 17 mer,
278 369 6 19 i
303 369 70 20 hvilka
390 370 74 19 brottet
482 370 39 18 kan
540 369 112 25 framträda,
668 369 65 19 funnit
750 370 68 24 nödigt
837 371 29 17 att
881 369 90 20 nedsätta

216 404 86 19 straffets
316 403 101 20 minimum
431 403 32 19 till
478 404 35 19 två
528 404 31 18 års
575 404 88 19 tukthus.

285 442 23 21 12
324 442 18 28 &
370 443 32 19 Då
424 445 55 23 prest
496 444 7 18 i
523 443 114 25 evangelisk
659 443 91 19 luthersk
771 443 116 25 församling
909 442 62 25 enligt

215 478 124 24 kyrkolagen
358 476 52 20 skall
429 477 58 19 mista
505 477 90 25 tjensten,
612 477 34 19 der
663 476 38 20 han
721 477 94 19 förrättar
833 477 65 25 vigsel
913 476 58 20 innan

215 512 46 24 laga
279 511 80 25 lysning
379 511 59 25 skett,
454 511 49 19 eller
522 511 82 19 emellan
623 510 49 26 dem,
689 511 70 19 hvilka
774 511 17 25 ej
807 511 21 19 få
841 511 46 25 ingå
903 510 67 20 äkten-

216 546 48 24 skap
287 546 43 19 med
353 544 117 26 hvarandra,
489 552 57 12 anser
568 544 103 20 Utskottet
694 544 33 20 det
745 545 58 19 straff
819 544 22 20 af
857 544 89 26 fängelse
965 545 6 19 i

215 580 59 24 högst
292 582 27 17 ett
338 580 28 24 år,
383 579 49 19 eller
449 580 63 24 böter,
528 586 41 12 som
587 579 7 19 i
612 578 62 20 denna
693 579 13 26 &
725 579 80 25 stadgas
823 578 31 20 för
871 579 36 19 den
923 578 46 20 hän-

216 614 60 24 delse,
291 616 29 16 att
338 614 75 18 brottet
431 613 87 20 föröfvas
534 614 21 18 af
569 619 63 13 annan
648 616 25 16 än
689 613 60 19 sådan
764 615 60 23 prest,
840 620 49 13 vara
904 613 67 19 alltför

215 648 63 25 ringa,
298 648 93 18 hvarföre
409 647 104 20 Utskottet
532 648 69 18 ändrat
618 647 206 19 straffbestämmelsen
844 647 79 25 derhän,
943 650 28 17 att

215 681 164 26 fängelsestraffet
393 681 32 19 får
440 682 67 24 uppgå
522 681 32 19 till
569 680 121 20 straffartens
705 681 81 24 vanliga
800 681 110 19 maximum.

284 719 24 20 14
323 720 36 19 och
375 719 22 20 15
413 719 31 28 $$.
474 720 39 19 För
532 721 23 18 de
574 721 7 18 i
600 720 56 19 dessa
674 719 26 27 $$
718 720 84 20 nämnda
820 721 53 18 brott
891 721 80 25 stadgar

215 754 130 25 lagförslaget
359 754 108 25 afsättning
482 754 7 18 i
504 754 36 19 fall
556 753 206 26 ,,omständigheterna
777 757 34 16 äro
822 755 147 19 försvårande".

214 787 32 20 Då
260 787 44 20 nåd.
319 793 56 20 prop.
391 787 7 20 i
413 787 56 20 dessa
485 787 27 26 $$
527 788 31 19 för
573 788 23 18 de
611 787 81 25 vanliga
707 787 61 20 fallen
783 790 62 17 utsatt
855 789 115 19 alternativt

216 822 86 25 fängelse
318 822 49 19 eller
381 822 63 25 böter,
459 824 50 17 samt
524 822 34 19 vid
573 821 167 26 straffmätningen
755 822 52 19 inom
823 823 62 19 denna
899 822 71 20 latitud

215 856 91 20 afseende
324 857 36 18 bör
378 856 61 19 fästas
459 856 11 19 &
489 856 24 19 de
532 855 171 26 omständigheter,
720 863 41 12 som
779 856 65 20 kunna
861 857 62 19 verka
938 857 31 19 till

216 890 84 19 straffets
316 890 81 25 höjning
412 890 49 19 eller
475 890 98 25 sänkning
588 890 51 19 inom
654 889 96 20 latituden
765 890 36 20 och
814 891 70 19 hvilka
894 891 75 20 således

216 927 33 17 äro
268 924 93 25 antingen
380 923 127 20 försvårande
526 924 49 19 eller
590 923 147 25 förmildrande,
752 925 22 18 så
789 927 22 16 är
826 925 144 20 ofvanciterade

215 958 81 25 uttryck
312 958 63 24 enligt
389 957 114 20 Utskottets
519 958 59 19 tanke
593 958 43 19 icke
652 958 105 25 sakenligt.
787 958 53 20 Enär
854 959 44 19 nåd.
914 965 55 19 prop.

216 992 108 19 emellertid
339 991 30 19 uti
384 991 57 20 dessa
456 992 26 25 $$
497 993 43 18 med
556 992 61 25 afsigt
632 999 59 18 synes
706 993 61 19 hafva
777 993 92 19 undvikit
879 993 33 20 det
922 999 47 14 van-

215 1026 41 24 liga
277 1026 152 25 uttryckssättet
451 1026 49 25 ,,der
519 1026 191 25 omständigheterna
729 1029 34 17 äro
781 1025 132 28 synnerligen
931 1027 38 19 för-

215 1060 109 19 svårande'"
345 1059 30 19 för
393 1062 29 16 att
440 1060 110 25 förebygga
565 1060 67 18 alltför
647 1060 103 20 restriktiv
765 1061 126 25 tillämpning
905 1061 22 19 af
941 1062 28 18 af-

216 1092 179 26 sättningsstraffet,
407 1093 36 19 har
458 1093 109 25 Utskottet,
578 1100 41 13 som
634 1093 7 19 i
657 1094 54 19 detta
725 1094 91 19 afseende
831 1094 87 25 godkänt
933 1095 36 19 den

216 1127 132 25 uppfattning,
364 1126 74 20 hviken
453 1128 52 25 gjort
520 1128 31 25 sig
565 1128 7 19 i
587 1128 44 19 nåd.
647 1134 55 19 prop.
713 1128 98 26 gällande,
824 1130 48 18 trott
883 1129 35 19 den
929 1129 7 19 i
947 1129 22 20 de

216 1162 102 18 anmärkta
336 1161 60 20 orden
411 1162 88 20 uttalade
514 1162 72 20 tanken
601 1162 106 26 lämpligen
723 1162 66 20 kunna
803 1163 108 25 återgifvas
926 1164 42 19 med

216 1196 59 19 orden
292 1202 44 18 ,,om
351 1196 73 19 brottet
439 1196 33 20 det
486 1196 117 26 förtjenar''.

510 1298 29 19 41
554 1296 120 27 Kapitlet.

285 1358 51 20 1—4
351 1358 34 26 $$.
400 1358 87 21 Emedan
503 1360 23 19 de
542 1361 6 18 i
567 1361 17 24 1,
601 1360 19 24 2,
637 1360 11 19 3
664 1361 37 19 och
717 1361 13 18 4
746 1361 27 26 88
789 1361 126 20 omförmälda
929 1362 38 19 för-

215 1393 74 19 seelser
311 1392 62 26 enligt
397 1393 46 25 104,
467 1393 39 20 105
526 1394 36 19 och
582 1393 41 20 394
638 1394 27 26 88
684 1395 6 18 i
706 1395 123 25 kyrkolagen
845 1395 43 20 icke
904 1396 65 19 kunna

215 1427 78 20 komma
311 1427 62 20 under
393 1427 93 20 domstols
504 1429 93 24 pröfning
614 1428 59 20 innan
692 1429 89 20 anmälan
797 1429 64 20 derom
877 1430 69 26 gjorts,
961 1431 7 18 i

284 1460 180 23 Straflagsutskottets
475 1462 104 17 betänkande
590 1461 35 18 N:o
637 1463 16 16 1.
