1045 1703
376 134 70 22 Ständ.
460 135 33 21 Sv.
508 146 26 3 —
550 135 59 27 Prop.
625 134 35 22 N:o
674 133 33 22 10.
869 133 12 21 7

160 196 88 28 lämplig
263 196 63 22 äfven
342 197 13 21 å
369 197 62 27 barn,
447 204 48 14 som
510 197 18 27 ej
547 197 85 21 tillhöra
646 197 67 27 något
728 196 7 22 i
750 196 73 22 landet
837 196 74 21 bestå-

160 231 55 22 ende
230 231 174 27 kyrkosamfund.

228 266 12 26 $
261 266 24 20 15
300 266 6 20 i
322 265 42 21 den
378 265 80 27 nådiga
473 266 162 26 propositionen
650 266 40 20 har
705 265 24 21 af
739 264 122 22 Ständerna
872 270 39 15 an-

159 301 54 19 setts
227 300 74 20 kunna
316 300 44 20 helt
375 300 42 21 och
432 300 66 22 hållet
512 300 109 21 uteslutas.

227 333 9 21 I
258 334 13 26 $
293 334 25 21 16
338 333 64 22 hafva
422 334 68 21 orden
510 351 4 9 ,
517 334 101 27 fängelse
639 334 8 19 i
661 333 64 27 högst
740 332 40 22 tolf
792 332 118 21 månader"

159 367 89 21 ändrats
263 368 31 20 till
310 367 109 28 ,,fängelse
434 368 7 20 i
456 368 64 27 högst
530 370 30 19 ett
571 368 44 26 år",
626 367 80 21 hvilket
715 373 78 15 senare
803 365 107 28 uttrycks-

159 402 43 20 sätt
217 401 204 22 öfverensstämmer
436 402 50 21 med
502 401 153 22 motsvarande
669 401 142 27 uttryckssätt
826 401 31 20 uti
867 399 42 22 den

159 435 23 22 af
194 435 122 22 Ständerna
332 437 94 26 antagna
442 436 130 27 strafflagen.

227 469 104 28 Slutligen
346 470 66 21 hafva
426 470 122 22 Ständerna
562 470 91 27 vidtagit
662 471 68 26 några
741 471 82 20 smärre
834 469 76 26 språk-

159 505 44 26 liga
217 504 155 28 förbättringar
387 505 7 21 i
409 505 115 27 lagtexten,
540 505 71 22 hvilka
625 505 48 22 icke
688 504 62 22 torde
759 503 94 22 behöfva
862 505 47 19 sär-

159 539 64 21 skildt
237 540 123 21 motiveras.

363 603 43 27 2:0)
436 602 112 28 Förslaget
565 602 33 22 till
611 602 134 27 förordning
762 608 33 14 om
811 602 44 19 rätt
869 600 41 27 för

291 636 61 27 finsk
370 636 134 28 medborgare
523 637 31 27 af
567 636 139 28 främmande
723 636 80 20 kristen
817 635 91 21 troslära

295 673 31 18 att
341 670 87 21 bekläda
444 671 87 21 embeten
546 671 37 21 och
597 671 87 27 tjenster
697 671 9 20 i
721 670 77 21 landet.

227 710 34 23 Uti
283 711 112 28 ingressen
418 711 30 22 till
470 712 42 21 den
534 711 122 28 föreslagna
677 711 154 26 författningen
846 709 64 21 hafva

159 745 122 22 Ständerna
300 746 66 21 infört
383 747 82 27 uppgift
484 747 80 26 derom,
583 747 7 20 i
610 747 86 21 hvilken
715 746 33 21 del
765 745 76 27 Kongl.
856 744 54 21 kun-

159 781 99 27 görelsen
277 781 42 22 den
336 781 28 21 24
382 781 90 22 Januari
492 782 53 21 1781
561 787 79 22 genom
655 781 153 27 förordningen
823 779 87 22 komme

159 817 32 20 att
207 815 87 27 ändras,
315 817 53 20 enär
385 816 51 27 eljes
451 817 119 26 ingressen,
583 815 92 29 jemförd
691 816 50 21 med
755 815 12 28 $
783 816 14 21 2
812 815 7 20 i
833 813 77 22 försla-

159 852 42 25 get,
216 850 72 21 kunde
307 850 57 27 gifva
384 851 49 21 stöd
448 851 33 21 för
496 851 41 22 den
552 851 103 27 tolkning,
672 853 31 19 att
717 849 96 23 nämnda
827 848 83 27 kungö-

158 885 56 21 relse
236 891 53 15 vore
309 885 83 22 ändrad
412 885 63 22 äfven
496 886 32 21 för
544 887 25 20 så
583 885 45 22 vidt
643 885 82 21 kristna
739 883 172 24 trosbekännare

159 919 24 22 af
203 925 73 16 annan
299 921 29 20 än
350 920 149 28 statskyrkans
520 921 48 21 lära
590 920 45 22 deri
657 920 109 27 förbjudas
785 921 31 19 att
831 919 79 20 inrätta

158 954 87 26 kloster,
262 954 92 21 anställa
370 955 150 26 processioner
538 961 27 15 m.
580 961 34 20 m.,
630 955 72 20 hvilka
716 953 78 22 förbud
808 953 103 26 förslaget

158 988 31 21 till
206 988 126 27 förordning
351 989 112 27 angående
481 989 202 27 religionssamfund
703 989 7 20 i
729 987 91 22 Finland
835 987 24 21 af
871 993 39 14 an-

158 1028 45 15 nan
218 1023 155 26 protestantisk
388 1023 92 21 troslära
496 1025 28 19 än
540 1024 41 21 den
596 1022 246 28 evangelisk-lutherska
856 1028 54 21 upp-

157 1057 112 21 rätthäller
283 1057 33 21 för
332 1057 168 27 protestantiska
515 1058 122 21 dissenters.
667 1057 66 22 Deraf
744 1063 52 16 vore
807 1057 46 21 åter
863 1056 47 27 följ-

158 1091 49 28 den,
230 1093 31 19 att
284 1091 64 22 dessa
370 1098 77 16 senare
469 1093 67 21 skulle
557 1092 86 22 befinna
659 1092 32 27 sig
705 1093 7 20 i
728 1099 27 15 en
770 1092 84 21 mindre
868 1090 42 23 för-

157 1126 82 27 monlig
253 1127 101 26 ställning
369 1128 29 20 än
413 1127 69 27 öfriga
496 1127 84 22 kristna
594 1127 176 22 trosförvandter.

226 1161 33 20 På
273 1167 85 16 samma
372 1161 48 22 skäl
434 1168 48 15 som
497 1162 122 21 Ständerna
633 1162 72 21 anfört
719 1162 31 21 till
765 1162 50 21 stöd
829 1161 34 21 för
871 1163 39 20 än-

158 1195 62 27 dring
235 1195 23 21 af
271 1196 119 26 ingressen,
410 1195 65 22 hafva
493 1197 122 21 Ständerna
629 1203 26 14 ur
670 1197 13 26 $
698 1198 13 19 2
726 1197 95 21 uteslutit
836 1196 74 26 hvarje

157 1230 163 21 omnämnande
343 1229 23 22 af
386 1231 175 26 dissenterlagen,
585 1237 48 15 som
655 1231 110 22 utomdess
783 1231 48 21 icke
846 1230 65 22 berör

158 1264 27 22 de
200 1263 107 22 enskildes
322 1264 172 28 medborgerliga
508 1265 132 27 rättigheter,
656 1265 119 26 hvarjemte
789 1264 121 22 Ständerna

157 1299 7 20 i
179 1299 110 21 anseende
304 1299 30 20 till
350 1299 36 21 det
401 1301 54 20 nära
471 1299 113 27 samband,
598 1300 62 21 hvari
675 1299 25 28 $$
718 1301 9 20 1
744 1299 43 22 och
801 1299 13 20 3
830 1299 34 21 stå
880 1299 30 20 till

157 1332 130 26 hvarandra,
308 1333 23 20 ät
350 1333 193 26 bestämningarna
558 1334 6 19 i
580 1334 12 26 $
607 1334 13 19 2
635 1334 60 25 gifvit
709 1334 56 25 plats
780 1333 68 20 under
863 1333 12 26 $
890 1333 19 19 3.

227 1364 34 22 Dä
275 1365 31 21 uti
322 1366 12 27 $
351 1366 11 20 1
378 1366 92 21 omtalas
486 1367 60 21 säväl
561 1366 100 21 embeten
676 1373 48 15 som
738 1366 95 27 tjenster,
844 1365 66 21 hafva

156 1398 123 23 Ständerna
294 1400 70 28 utbytt
379 1400 108 28 uttrycket
502 1418 4 10 ,
510 1401 84 27 tjenst''
610 1400 53 28 i$
652 1394 17 39 3
674 1403 46 19 mot
731 1400 35 23 det
782 1406 61 16 mera
861 1406 48 16 om-

156 1434 98 22 fattande
269 1435 107 28 uttrycket
392 1435 153 28 ,befattning''.
