1011 1706
345 143 19 20 U.
381 143 20 20 B.
418 155 26 3 —
460 142 56 28 Prop.
534 143 32 21 N:o
582 142 32 21 10.
799 142 26 20 25

102 204 84 21 iklädas
203 204 40 21 den
259 204 118 28 högtidliga
392 204 63 27 form,
470 207 32 19 att
518 206 70 26 nägon
604 204 132 27 okunnighet
751 204 18 27 ej
781 204 73 22 kunde

103 238 53 21 räda
178 244 33 15 om
235 239 36 21 det
294 240 58 19 stora
374 245 84 19 ansvar,
481 246 45 14 som
549 239 49 20 med
612 238 67 22 sädan
695 238 120 27 förklaring
831 239 23 19 är

103 271 104 27 förenadt,
217 272 39 21 har
262 272 120 22 Utskottets
390 272 76 26 flertal,
476 280 45 14 som
528 272 33 22 för
569 272 64 27 öfrigt
640 273 71 21 ansett
720 272 134 21 bestämmel-

102 312 34 14 ser
158 313 34 14 om
208 306 115 21 dissenters
338 306 84 27 edgäng
433 306 33 21 för
481 307 133 21 närvarande
630 306 47 21 icke
687 306 75 21 kunna
772 306 82 21 undva-

106 346 41 19 ras,
163 340 71 21 funnit
250 342 10 25 $
277 340 26 22 13
319 340 23 27 (&
360 342 34 24 15)
410 340 52 22 böra
477 341 7 21 i
499 340 155 27 författningen
671 340 124 22 bibehållas.

170 374 111 22 Utskottet
296 373 39 22 har
349 374 35 22 väl
400 374 46 22 icke
464 374 98 22 förbisett
576 376 32 20 att
616 374 192 28 bestämningarna
817 381 33 15 om

103 409 145 22 sabbatsbrott
263 410 7 20 i
288 409 99 28 gällande
402 410 36 27 lag
453 411 21 26 (6
486 412 13 25 &
509 410 13 21 3
533 410 49 27 kap.
594 409 26 22 M.
632 410 33 27 B.)
676 409 86 22 komma
773 411 32 20 att
814 417 39 13 un-

103 443 65 28 dergä
183 443 91 28 ändring
289 444 7 20 i
311 443 102 22 händelse
430 444 79 22 allmän
526 444 100 27 strafflag
640 444 97 21 kommer
748 444 33 21 till
789 443 64 22 stånd

102 479 7 21 i
133 479 221 21 Ofverensstämmelse
377 480 49 21 med
442 480 36 21 det
495 479 83 27 förslag,
595 486 45 15 som
655 479 36 22 vid
705 479 147 22 innevarande

101 513 105 27 landtdag
221 513 115 28 föreligger
352 513 122 22 Ständerna
485 514 32 21 till
528 513 132 28 granskning
672 513 41 22 och
723 514 129 27 antagande.

102 548 98 21 Nämnda
223 547 190 28 strafflagsförslag
436 549 91 20 utsätter
541 548 108 27 nämligen
664 548 47 21 icke
727 548 65 26 nägot
807 548 45 20 sär-

102 581 66 22 skildt
183 581 63 22 straff
259 582 34 21 för
307 582 64 25 brott,
383 582 107 27 begänget
500 583 68 20 under
578 581 84 26 sabbat,
673 584 52 19 utan
737 589 62 14 anses
810 582 42 21 den

103 616 194 27 omständigheten,
315 618 32 19 att
367 616 81 21 brottet
463 616 84 28 begätts
563 617 67 20 under
646 617 67 20 sädan
728 616 39 26 tid,
783 617 69 20 säsom

102 650 145 25 försvårande,
271 652 5 18 i
299 650 103 21 händelse
423 651 141 28 förbrytelsen
580 651 18 27 ej
616 652 24 20 är
655 651 24 20 sä
694 650 111 22 beskaffad
820 652 32 19 att

103 685 40 21 den
165 685 76 21 endast
261 685 13 20 &
294 685 120 21 sabbatstid
430 685 42 21 kan
489 685 92 22 föröfvas
598 687 34 25 (41
650 685 49 28 kap.
716 687 11 20 7
744 685 28 28 &).
803 685 47 21 Men

101 719 40 22 har
160 719 110 22 Utskottet
291 722 52 19 trott
358 720 32 27 sig
405 721 77 20 sädant
498 720 89 23 oaktadt
602 720 75 21 kunna
692 719 109 22 bibehälla
816 726 36 21 pa-

102 753 98 28 ragrafen
221 754 135 24 oförändrad,
374 755 58 25 enär,
449 754 53 21 efter
517 754 121 22 Utskottets
653 754 145 26 förmenande,
815 755 36 20 nä-

101 795 43 20 gon
160 789 119 26 otydlighet
295 789 123 27 derigenom
434 789 46 21 icke
496 790 96 27 uppstär.

170 823 40 21 Till
226 823 12 29 8
263 824 24 21 15
304 823 21 29 (8
342 823 35 28 17)
395 823 38 22 har
450 823 108 22 Utskottet
574 823 60 28 fogat
650 826 30 19 ett
695 824 82 27 tillägg,
792 823 59 21 inne-

101 857 98 22 fattande
213 857 133 22 föreskrifter
370 859 80 24 derom,
474 858 24 21 af
509 858 73 22 hvilka
597 857 147 28 myndigheter
759 857 93 21 förteck-

101 892 52 27 ning
169 892 58 21 öfver
241 892 168 22 medlemmarna
432 893 24 21 af
476 893 235 26 dissenterförsamling,
735 899 47 15 som
797 899 55 20 upp-

101 927 58 26 lösts,
181 927 61 20 skola
257 927 68 25 föras;
342 927 39 21 och
396 927 40 21 har
453 927 108 21 Utskottet
576 927 74 21 dervid
665 927 92 21 bestämt
773 927 32 26 sig
819 926 33 21 för

101 967 26 15 en
143 962 72 26 utväg,
230 961 103 22 liknande
349 962 40 20 den
406 962 7 20 i
429 962 12 26 $
456 963 20 20 3.

169 996 96 21 Emedan
282 995 108 23 Utskottet
406 996 61 21 hållit
482 996 45 22 före
543 999 31 19 att
584 996 62 21 äfven
658 996 193 21 dissenterförsam-

100 1029 55 28 lings
166 1032 65 25 prest,
240 1030 7 20 i
255 1030 68 22 likhet
333 1032 47 20 med
392 1030 170 27 föreståndaren,
573 1031 65 21 borde
649 1031 74 21 kunna
733 1032 74 20 dömas
819 1030 31 21 sin

101 1064 67 27 syssla
190 1064 107 28 förlustig,
319 1064 57 22 helst
398 1066 62 20 äfven
476 1065 96 21 luthersk
587 1067 59 25 prest
662 1065 42 21 kan
721 1064 92 22 drabbas
829 1064 24 20 af

101 1098 114 22 enahanda
231 1099 66 23 straff,
313 1101 53 19 samt
382 1101 32 19 att
428 1099 79 27 jemväl
523 1100 26 20 de
565 1101 81 19 statens
657 1100 137 26 tjenstemän,
806 1105 45 14 som

100 1133 95 27 förbryta
217 1133 31 27 sig
269 1134 28 26 pä
319 1134 36 20 det
377 1134 7 20 i
408 1134 12 26 &
444 1134 26 21 16
494 1134 21 27 ($
531 1134 35 27 18)
584 1134 95 20 närmare
695 1133 91 22 anförda
800 1133 49 25 sätt,

99 1167 67 21 borde
181 1174 51 14 vara
247 1168 159 21 underkastade
422 1174 82 15 samma
519 1167 228 25 straffbestämmelser,
763 1174 45 14 som
819 1166 31 21 fö-

100 1202 140 20 reståndaren
249 1202 39 20 och
297 1204 92 24 presten,
397 1202 40 20 har
445 1202 109 21 Utskottet
562 1201 66 21 infört
636 1202 134 26 stadganden
776 1201 75 21 härom

99 1236 7 20 i
115 1235 135 27 paragrafen.
266 1236 108 26 Derjemte
380 1236 40 21 har
427 1236 111 21 Utskottet
544 1236 77 20 ändrat
627 1235 107 27 uttrycket
742 1250 9 11 ,
754 1234 96 28 fängelse

99 1269 8 21 i
123 1270 63 26 högst
201 1269 42 21 tolf
255 1270 116 20 månader"
388 1270 32 20 till
436 1270 110 27 fängelse
561 1270 7 20 i
583 1270 63 27 högst
662 1272 30 18 ett
708 1270 45 24 år",
769 1268 81 22 hvilket

100 1310 76 14 senare
199 1304 140 27 uttryckssätt
362 1304 199 22 öfverensstämmer
582 1304 49 21 med
650 1304 151 22 motsvarande
816 1305 32 19 ut-

99 1338 116 26 tryckssätt
231 1338 32 20 uti
279 1338 212 26 strafflagsförslaget
507 1339 34 25 (Se
557 1338 62 20 äfven
634 1338 28 20 40
678 1338 49 26 kap.
746 1338 25 20 12
787 1338 26 25 $).

168 1372 12 24 3
199 1372 23 20 17
240 1371 21 28 ($
277 1372 35 26 19)
327 1372 39 20 har
382 1371 24 21 af
420 1371 109 21 Utskottet
544 1371 107 27 godkänts
666 1371 138 21 oförändrad.

168 1404 105 28 Slutligen
284 1405 39 21 har
334 1404 110 22 Utskottet
455 1405 97 21 öfverallt
562 1405 7 21 i
580 1406 41 20 den
633 1404 122 28 föreslagna
765 1404 82 22 författ-

168 1444 131 23 Lagutskottets
311 1444 109 18 betänkande
432 1445 36 17 N:o
482 1445 15 16 9.

865 380 11 22 $
890 378 23 19 14
921 379 58 24 ($16)

870 826 40 23 815
918 827 20 23 ($
948 826 37 23 17).

870 996 42 24 816
920 997 19 23 (8
947 997 38 23 18).

866 1370 39 23 817
915 1370 19 23 ($
945 1371 40 22 19).
