1017 1703
226 149 13 21 6
462 147 22 25 U.
503 142 27 45 Ae
544 159 16 5 —
578 146 147 28 Prop.
660 142 31 45 Neo
708 142 20 45 I

373 206 32 20 att
423 204 98 28 samtliga
535 204 92 22 stånden
641 203 50 22 ville
711 202 87 27 besluta,
814 204 33 20 att
854 202 83 28 ifråga-

338 240 96 22 varande
449 240 84 28 lagrum
547 239 57 23 skall
619 238 83 23 erhälla
714 238 99 28 följande
828 238 91 28 lydelse:

375 292 9 12 n
389 275 50 22 Har
462 276 47 25 den,
532 283 44 14 som
598 277 26 19 är
638 275 9 21 i
663 274 83 22 landets
763 273 66 29 tjenst
844 273 94 29 anstäld,

339 311 68 29 begått
427 311 210 29 tjensieförbrytelse;
657 310 70 27 varde,
747 310 68 22 ehvad
835 310 34 22 det
883 309 55 22 skett

338 347 59 23 inom
412 347 51 22 eller
477 348 59 22 utom
551 346 77 27 landet,
643 346 62 22 dömd
720 345 55 28 efter
789 345 58 27 finsk
859 341 33 38 lag
904 341 38 38 och

341 383 27 27 af
375 383 62 27 finsk
452 383 105 22 domstol."

270 449 50 30 2:0).
350 449 41 21 Vid
414 449 132 27 granskning
566 449 24 21 af
608 449 14 20 6
641 448 11 27 $
669 449 28 21 10
712 449 49 26 kap.
778 447 24 22 af
815 447 125 22 Utskottets

197 485 82 27 förslag
295 484 34 22 till
350 484 98 27 strafflag
462 485 40 21 har
516 483 159 22 Presteständet
689 484 98 27 beslutit,
803 485 33 20 att
851 484 37 21 det
903 483 8 21 i
926 484 14 19 2

199 527 64 16 mom.
279 520 175 22 förekommande
466 521 61 21 ordet
538 521 65 26 ,här*
616 520 56 21 skall
681 520 89 27 utbytas
781 521 45 21 mot
838 519 101 29 ,idenna

198 557 33 27 $%
253 557 40 21 och
317 562 45 15 som
379 556 135 21 sistnämnda
529 557 86 26 uttryck
631 556 116 27 ordagrant
763 558 120 19 motsvarar
898 555 41 21 den

198 591 70 23 finska
283 594 74 20 texten
372 594 56 19 samt
444 591 62 22 äfven
522 592 62 27 eljest
598 594 25 19 är
634 593 33 20 att
676 591 121 28 föredraga,
807 591 34 22 fär
850 591 91 22 Utskot-

199 630 32 20 tet
246 628 111 21 vördsamt
372 627 88 22 föreslä:

376 693 32 20 att
430 691 158 27 Ridderskapet
609 691 37 22 och
667 691 71 22 Adelm
756 693 56 19 samt
832 690 107 29 Borgare-

340 726 37 22 och
402 727 166 22 Bondeständen
591 727 50 22 ville
663 726 84 23 biträda
769 726 171 22 Presteständets

340 763 150 27 nyssnämnda
505 762 72 23 beslut.

270 827 51 30 3:0).
350 828 181 28 Borgareständet
550 830 40 21 har
610 828 91 22 beslutit
715 830 34 20 att
764 830 37 20 det
816 828 8 22 i
839 828 29 22 26
883 828 12 28 $
910 829 30 21 44

199 865 49 26 kap.
272 864 24 21 af
316 864 125 22 Utskottets
461 864 81 28 förslag
556 864 113 28 befintliga
684 865 63 21 ordet
763 865 177 27 ,pappersmynt*

200 900 57 22 skall
271 900 80 22 ändras
366 900 34 21 till
417 899 149 29 ,sedelmynt*,
581 900 82 22 hvilket
679 900 135 22 sistnämnda
830 900 39 21 ord
879 900 63 21 äfven

200 938 25 19 är
245 936 124 27 begagnadt
388 936 8 21 i
411 936 28 22 37
455 936 49 26 kap.
533 936 35 22 Då
583 936 114 21 anmärkta
711 936 87 27 uttryck
813 936 128 21 tillkommit

200 972 123 26 derigenom
347 973 34 19 att
402 971 130 21 härutinnan
550 972 63 27 gjord
630 972 89 21 rättelse
738 971 37 21 vid
799 971 142 27 tryckningen

200 1006 119 26 förbisetts,
334 1006 126 22 hemställer
474 1006 113 23 Utskottet
602 1007 120 21 vördsamt:

377 1072 32 21 att
426 1071 158 28 Ridderskapet
602 1071 37 22 och
653 1071 71 22 Adelm
742 1072 56 21 samt
812 1070 77 23 Preste
903 1071 38 21 och

341 1106 167 23 Bondeständen
527 1107 50 22 ville
590 1106 10 22 i
616 1106 65 23 likhet
695 1107 47 21 med
759 1106 184 28 Borgareständet

342 1141 85 29 besluta,
443 1143 32 21 att
490 1142 59 22 ordet
565 1144 177 26 ,pappersmynt*
759 1143 9 21 i
783 1142 30 22 26
828 1143 13 26 $
852 1137 26 37 44
890 1141 52 29 kap.

341 1177 81 28 utbytes
437 1179 42 20 mot
496 1178 149 28 ,sedelmynt.*

270 1236 52 29 4:0).
353 1236 11 21 I
388 1237 12 20 1
424 1243 63 15 mom.
510 1237 24 21 af
552 1238 28 20 47
602 1238 11 26 &
633 1237 24 21 af
670 1237 125 21 Utskottets
811 1236 81 27 förslag
907 1236 35 21 till

199 1272 127 26 förordning
341 1278 34 14 om
392 1271 135 27 strafflagens
543 1272 112 21 införande
669 1272 54 22 böra
738 1272 72 22 orden.
817 1271 89 29 liksom
916 1271 25 21 de

200 1306 9 22 i
224 1306 15 22 5
252 1307 15 27 $
282 1306 113 23 omnämäda
410 1306 56 22 böter
481 1306 37 22 och
533 1306 71 23 viten*
620 1307 59 27 lyda:
697 1307 75 22 liksom
787 1307 25 22 de
827 1306 10 22 i
848 1306 12 22 6
869 1308 16 27 $
895 1314 42 15 om-

199 1344 96 21 nämnda
310 1342 57 23 böter
382 1343 37 21 och
434 1342 79 28 viten*,
528 1344 84 21 hvilket
626 1343 29 22 fel
665 1344 120 22 Utskottet
799 1344 90 22 härmed
904 1344 34 22 får

200 1379 34 22 till
249 1379 91 23 rättelse
355 1379 92 22 anmäla.
