1020 1703
221 130 51 51 204
424 147 65 24 Ständ.
504 147 31 24 Sv.
549 160 28 3 —
592 147 55 30 Prop.
662 147 33 23 Iko
709 148 16 23 1.

196 214 8 20 i
219 214 60 21 detta
293 213 37 22 fall
346 213 40 22 den
402 213 93 22 häktade
510 213 106 28 lösgifvas,
629 215 39 20 när
677 213 121 27 tillförlitlig
808 213 83 27 uppgift
898 219 51 15 vun-

196 248 42 21 nits
254 249 34 20 om
303 248 53 22 hans
370 254 65 15 namn
450 248 39 21 och
504 248 90 21 hemort.

266 283 58 26 218.
354 282 82 22 Träffas
451 282 48 27 den,
513 289 46 16 som
575 284 23 20 är
608 283 65 26 rusig,
684 282 13 21 ä
705 277 78 27 allmän
793 285 47 24 väg,
850 283 56 26 gata,
919 282 30 21 el-

196 317 32 21 ler
242 319 65 20 annat
322 316 104 28 offentligt
440 317 67 27 ställe,
528 317 53 22 eller
595 317 35 21 vid
646 316 96 27 offentlig
756 316 127 27 förrättning
898 317 52 21 eller

195 351 80 22 allmän
289 350 171 26 sammankomst,
475 351 52 21 eller
541 353 45 19 stör
600 352 42 20 han
657 350 82 22 enskild
754 350 52 22 eller
821 350 78 22 allmän
907 350 43 22 frid

195 391 77 21 genom
287 385 133 21 väldsamhet
435 385 52 21 eller
502 385 68 27 oljud;
588 391 49 15 vare
652 384 78 22 tillätet
745 386 33 20 att
791 385 49 21 med
854 384 50 22 väld
919 384 30 23 af-

196 420 73 26 lägsna
283 420 85 26 honom,
384 420 45 25 och,
446 426 33 15 om
494 420 74 26 nödigt
582 422 30 23 är,
628 418 85 22 förvara
726 419 78 21 honom
818 419 79 21 ihäkte
905 419 44 22 tills

196 456 32 19 att
241 456 59 19 ruset
314 453 86 27 förgätt.
430 454 49 21 Stör
493 454 69 26 nägon
578 454 60 26 eljest
653 453 84 21 enskild
752 454 52 21 eller
818 453 79 22 allmän
907 452 42 22 frid

196 494 76 21 genom
287 488 58 26 oljud
360 488 54 22 eller
429 488 137 27 väldsamhet,
579 487 108 22 hvarifrån
701 488 42 21 han
758 488 27 27 pä
799 488 116 26 tillsägelse
930 487 19 27 ej

196 522 77 26 afstär;
298 528 50 15 vare
370 522 73 26 nödigt
464 522 49 22 väld
527 522 34 21 till
575 522 53 21 hans
643 522 135 27 aflägsnande
794 522 18 26 ej
827 522 66 21 heller
908 522 42 21 för-

196 557 80 27 bjudet.

265 592 27 20 22
308 590 18 28 8&.
359 590 103 28 Kejsaren
485 591 39 21 och
547 590 141 22 Storfurstens
709 590 240 28 befallningshafvande,

196 626 24 20 sä
242 626 39 21 ock
303 626 117 26 magistrat,
444 625 151 27 ordningsrätt,
618 625 51 21 eller
690 624 163 28 poliskammare
872 625 7 21 i
895 625 54 26 stad,

196 665 38 20 ege
256 660 103 21 förordna
378 666 34 14 om
431 660 103 25 häktning
554 659 23 22 af
590 660 47 25 den,
653 666 45 15 som
714 661 108 25 ertappats
838 659 51 21 eller
905 658 44 23 häl-

195 694 32 21 les
248 693 113 24 misstänkt
382 695 32 19 att
436 693 63 22 hafva
521 694 73 27 begått
614 693 65 26 brott,
694 693 54 22 efter
763 695 22 25 ty
800 694 6 20 i
821 693 128 26 föregående

196 727 24 27 $$
241 730 59 25 sägs;
322 727 62 22 hafve
406 728 39 21 ock
464 727 130 28 kronofogde
615 728 40 21 och
670 728 95 21 länsman
780 727 14 22 ä
807 727 73 22 landet
895 729 55 20 samt

195 762 153 27 borgmästare,
371 762 146 27 polismästare
538 763 38 21 och
592 763 150 25 ordningsman
758 764 55 19 samt
827 761 121 22 stadsfiskal

197 797 39 20 och
259 803 69 15 annan
351 797 77 21 allmän
450 797 100 26 äklagare
573 797 6 20 i
602 797 54 26 stad,
675 796 52 21 eller
743 796 47 27 den,
806 802 45 15 som
867 798 24 19 är
906 797 43 20 satt

196 833 33 19 att
242 831 33 21 för
290 831 43 21 ätal
348 831 23 21 af
383 831 58 21 brott
460 831 85 22 biträda
565 831 66 22 sädan
650 831 132 26 tjensteman,
798 831 58 26 magt
871 831 36 26 att,
923 831 27 26 pä

196 867 48 26 eget
263 871 83 21 ansvar,
366 866 115 21 verkställa
501 866 52 21 eller
571 866 44 21 läta
633 865 115 22 verkställa
763 865 103 26 häktning
881 864 22 22 af
917 864 32 23 sä-

196 900 42 21 dan
253 906 83 21 person.

265 934 27 21 23
307 934 18 27 8.
354 935 54 26 Den,
431 941 44 14 som
497 934 73 27 begått
591 934 60 21 brott
673 934 39 21 och
734 933 72 23 träffas
822 934 12 21 ä
849 934 39 21 bar
901 940 48 21 ger-

195 969 50 26 ning
260 969 52 21 eller
326 969 83 26 flyende
425 969 36 26 fot,
477 969 35 21 mä
526 969 71 27 gripas
612 969 23 21 af
649 975 26 14 en
690 969 52 21 hvar
757 969 7 21 i
780 969 25 21 de
820 968 44 26 fall,
879 975 46 15 som
940 969 8 20 i

195 1004 28 20 20
238 1003 39 21 och
292 1004 26 20 21
334 1003 24 27 $$
373 1005 68 25 sägas.
471 1003 32 21 En
518 1004 52 20 hvar
588 1003 62 21 hafve
666 1003 40 21 ock
721 1004 43 20 rätt
778 1005 32 19 att
824 1003 61 27 gripa
901 1003 46 25 den,

194 1043 45 15 som
255 1036 54 23 efter
323 1037 103 27 Kejsaren
441 1037 40 21 och
496 1038 140 22 Storfurstens
651 1037 242 27 befaliningshafvandes
906 1037 42 27 lys-

194 1072 50 26 ning
259 1071 39 22 bör
313 1072 83 21 häktas.

263 1105 53 27 Den,
340 1111 44 16 som
402 1106 63 26 gripit
485 1106 66 22 sådan
566 1112 83 21 person,
665 1106 52 21 eller
731 1106 111 26 polisman,
858 1106 21 21 ät
894 1105 53 21 hvil-

193 1140 42 21 ken
257 1140 40 21 den
320 1140 74 26 gripne
416 1140 155 26 öfverlemnats,
594 1140 54 22 skall
670 1143 52 19 utan
744 1140 101 28 dröjsmäl
862 1139 85 22 anmäla

194 1175 72 20 derom
281 1174 38 21 hos
334 1174 103 27 Kejsaren
456 1175 39 21 och
515 1174 141 22 Storforstens
671 1174 231 28 befallningshafvande
918 1174 28 22 el-

193 1209 32 20 ler
243 1208 131 27 kronofogde
394 1208 51 22 eller
464 1210 95 20 länsman
574 1210 12 20 &
606 1209 79 26 landet,
701 1210 51 20 eller
766 1209 117 27 magistrat,
898 1209 48 21 ord-

192 1242 106 26 ningsrätt
312 1242 52 20 eller
381 1243 162 25 poliskammare
563 1244 52 19 eller
630 1243 152 26 borgmästare,
798 1243 147 25 polismästare

193 1275 52 21 eller
266 1276 150 26 ordningsman
435 1276 7 20 i
461 1276 53 26 stad,
530 1276 86 21 hvilken
631 1278 58 20 strax
705 1276 39 22 bör
758 1276 80 27 pröfva,
855 1283 34 15 om
905 1276 42 22 den

192 1309 74 27 gripne
281 1309 55 21 skall
351 1311 67 20 sättas
434 1310 5 20 i
454 1310 64 21 häkte
533 1310 52 22 eller
602 1310 107 27 lösgifvas.

260 1344 28 21 24
302 1343 18 28 8.
351 1344 81 21 Varder
447 1345 126 26 tjensteman
587 1344 91 27 häktad;
693 1346 55 21 skall
762 1346 98 21 anmälan
870 1345 74 22 derom

191 1378 39 21 hos
252 1379 53 21 hans
326 1381 107 19 närmaste
455 1379 83 22 förman
559 1381 75 26 genast
652 1382 63 25 göras
730 1380 23 22 af
766 1381 40 20 den
821 1380 122 27 myndighet

191 1413 52 21 eller
257 1413 132 27 tjensteman,
404 1413 85 22 hvilken
504 1414 110 22 förordnat
630 1421 33 15 om
678 1415 129 27 häktningen
820 1415 53 22 eller
882 1415 61 22 verk-

191 1447 51 22 stält
257 1447 47 22 den.
