1017 1709
222 154 14 12 H

200 213 36 19 om,
252 208 28 17 att
298 206 52 19 hvad
368 212 23 13 en
410 206 110 24 förbrytare
538 206 21 18 af
572 211 50 13 vana
636 204 68 19 kostar
718 204 103 19 samhället
835 209 68 19 genom
918 203 25 19 de

199 240 82 25 utgifter
299 240 31 19 för
348 240 56 24 polis,
420 239 97 20 rättsvärd
536 239 35 19 och
589 238 211 25 straffverkställighet,
816 237 37 19 han
872 236 70 26 vällar,

200 280 68 19 genom
283 274 35 19 den
334 274 67 24 skada,
412 274 20 18 af
446 274 69 19 honom
530 273 100 19 föröfvade
644 273 53 19 brott
712 272 106 23 förorsaka,
829 271 36 19 och
875 278 68 18 genom

200 308 36 20 den
254 308 106 20 moraliska
374 308 71 24 smitta,
461 308 37 19 han
514 308 80 24 sprider,
610 309 144 23 representerar
768 312 23 13 en
806 306 22 19 sä
842 308 40 16 stor
897 312 45 18 pen-

199 342 139 26 ningesumma,
353 344 29 17 att
397 342 22 19 de
434 342 49 20 mätt
497 342 35 19 och
547 344 49 22 steg,
608 348 68 18 genom
691 341 69 19 hvilka
774 340 134 25 utbildningen
924 340 22 19 af

200 376 146 26 professionelle
362 376 109 26 förbrytare
486 376 91 25 hämmas,
588 375 64 25 aldrig
664 375 64 20 kunna
738 375 62 19 blifva
811 374 66 20 alltför
888 374 55 25 dyra.

267 406 29 24 Är
311 410 35 20 den
362 411 138 24 minderäriges
514 410 92 20 förseelse
621 410 62 24 ringa,
698 410 36 18 bör
750 409 36 20 den
802 409 64 19 kunna
881 408 63 26 aflöpa

200 445 67 19 endast
284 444 43 20 med
345 451 23 12 en
383 444 93 25 allvarlig
490 444 171 24 tillrättavisning;
678 450 44 12 men
737 446 21 16 är
774 445 93 17 vanarten
882 445 62 17 större

200 478 36 20 och
256 479 77 19 barnets
352 478 43 19 hem
414 478 120 19 förderfvadt
554 490 21 2 —
597 478 83 24 hvilket,
699 477 59 19 bland
776 479 64 23 annat,
858 477 88 25 framgär

200 513 60 24 deraf,
276 514 29 18 att
324 512 119 20 föräldrarne
462 512 99 19 underläta
580 514 28 17 att
626 512 43 19 med
688 518 36 18 aga
739 513 52 17 rätta
805 512 35 18 sitt
854 512 48 18 barn
917 523 28 3 —

200 548 34 18 bör
252 547 32 19 det
300 546 129 25 ovilkorligen
445 547 81 19 insättas
541 546 7 19 i
562 546 212 25 uppfostringsanstalt.

268 580 138 26 Opedagogisk
422 584 21 16 är
458 580 125 20 föreskriften
598 582 29 17 att
640 580 55 23 barn,
706 586 40 13 som
762 580 73 25 förgätt
845 580 36 24 sig,
892 580 52 19 skall

200 622 46 18 agas
266 615 20 19 af
304 615 95 19 föräldrar
418 615 48 19 eller
483 614 93 20 mälsmän
594 614 8 20 i
620 613 87 21 vitinens
726 614 101 24 närvaro;
846 616 23 23 ty
887 614 57 24 dylik

200 650 84 24 faderlig
306 656 37 18 aga
362 650 34 18 bör
414 652 84 16 tvärtom
517 650 61 24 enligt
597 648 67 26 regeln
683 648 86 20 tilldelas
788 648 35 20 den
842 648 76 19 felande
938 647 8 21 i

200 690 78 14 enrum.
308 684 43 19 Den
374 684 110 19 kriminella
506 684 109 19 statistiken
638 683 64 25 gifver
724 683 34 19 vid
775 682 76 20 handen
870 684 28 18 att
918 685 28 17 ett

200 720 49 18 stort
267 718 53 20 antal
339 718 124 25 missdädare,
479 718 92 19 särskildt
589 718 80 25 tjufvar,
685 718 7 18 i
710 718 30 18 sin
755 717 91 25 tidigaste
861 717 85 25 ungdom

200 753 66 19 blifvit
284 753 6 19 i
308 756 83 16 närvaro
410 753 20 19 af
448 753 116 19 främmande
582 758 92 20 personer
689 752 90 19 straffade
794 752 43 19 med
852 752 36 25 ris;
908 752 38 20 och

200 794 40 12 som
257 787 33 19 det
304 787 100 25 offentliga
417 787 86 19 risandet
518 787 86 24 sälunda,
620 786 6 20 i
642 786 66 20 stället
723 786 31 20 för
768 788 29 18 att
812 786 74 20 afhälla
901 787 44 19 bar-

199 829 37 12 nen
256 822 43 19 frän
318 822 58 24 brott,
396 822 24 25 pä
438 822 43 19 dem
499 822 77 19 utöfvat
594 824 28 17 ett
640 821 173 20 demoraliserande
831 821 113 25 inflytande,

199 857 101 19 förefaller
315 857 71 25 sjelfva
401 857 128 19 exekutionen
545 857 30 19 för
590 857 36 19 den
641 856 30 20 för
686 857 32 19 det
733 856 129 26 uppväxande
873 856 74 26 slägtet

199 887 131 24 intresserade
345 892 67 18 endast
428 892 21 18 sä
463 891 78 25 mycket
556 897 52 13 mera
623 891 138 19 frånstötande.

267 926 29 19 Af
310 926 84 19 särdeles
410 926 44 24 vigt
468 928 22 17 är
504 926 38 25 det,
555 928 29 17 att
599 925 23 19 de
632 925 128 25 minderärige
770 925 60 19 under
838 925 68 25 längre
916 925 30 19 tid

199 961 70 19 värdas
288 960 6 19 i
314 960 103 25 anstalten,
433 963 45 16 utan
498 962 29 17 att
545 960 23 19 de
583 960 31 19 mä
630 966 35 18 ega
679 960 64 24 laglig
757 962 40 16 rätt
811 962 29 17 att
854 960 51 24 yrka
920 960 26 24 pä

200 995 76 19 utträde
299 994 57 19 derur
378 994 57 19 innan
458 994 23 20 de
499 1000 68 19 genom
586 994 33 19 sitt
637 994 121 25 uppförande
776 997 47 22 göra
843 994 30 25 sig
891 994 57 19 deraf

200 1030 96 24 förtjente.
324 1028 114 20 Anstaltens
453 1028 131 20 föreståndare
600 1029 35 19 bör
650 1034 36 19 ega
701 1028 79 19 tillfälle
796 1030 28 17 att
838 1028 26 25 pä
879 1028 67 20 försök

200 1063 94 25 anbringa
308 1062 42 20 dem
366 1062 6 19 i
387 1063 51 24 goda
452 1063 81 25 tjenster
549 1063 47 19 eller
611 1063 6 18 i
632 1062 42 20 lära
689 1062 35 19 hos
739 1062 63 25 nägon
812 1062 80 26 pälitlig
902 1070 44 18 per-

200 1104 33 12 son
249 1097 41 23 och,
302 1103 30 13 om
348 1097 86 19 försöket
450 1097 63 19 skulle
528 1097 122 25 misslyckas,
660 1098 48 18 böra
719 1097 164 25 skyddslingarne
895 1100 50 17 ännu

200 1131 64 19 kunna
285 1133 57 23 tagas
362 1131 83 19 tillbaka
464 1131 6 19 i
490 1132 106 18 anstaltens
615 1131 48 19 värd
682 1131 30 19 för
730 1133 30 17 att
778 1131 35 19 allt
831 1131 31 19 mä
881 1131 66 19 kunna

200 1165 88 19 försökas
306 1166 30 18 för
355 1165 55 19 deras
429 1165 94 25 räddning
541 1166 43 18 från
602 1166 83 18 brottets
700 1166 56 18 bana.
787 1165 115 25 Uppenbart
917 1168 29 23 är,

200 1202 28 16 att
247 1200 21 18 af
285 1199 117 25 nyssnämnd
421 1199 57 19 orsak
494 1199 162 25 skyddslingarne
671 1199 61 19 måste
747 1199 20 19 få
781 1199 88 19 behållas
885 1200 62 18 under

200 1233 49 19 vård
264 1233 36 19 och
315 1233 68 25 tillsyn
399 1234 50 18 ända
464 1233 40 19 tills
520 1233 23 19 de
559 1233 82 25 uppnått
650 1233 199 25 myndighetsåldern,
860 1235 47 17 utan
918 1236 28 16 att

202 1266 32 18 det
252 1266 30 19 får
298 1266 100 19 ankomma
413 1267 25 24 på
454 1266 96 19 föräldrar
565 1266 48 19 eller
627 1266 93 18 målsmän
736 1268 28 16 att
780 1277 26 3 —
820 1266 92 25 möjligen
927 1267 21 18 af

201 1300 114 24 egennyttig
333 1300 107 24 beräkning
456 1311 27 2 —
497 1302 46 22 taga
557 1300 44 18 bort
616 1300 43 18 dem
674 1300 43 18 från
732 1300 102 24 anstalten,
849 1300 58 18 innan
923 1300 23 19 de

200 1334 69 18 vunnit
283 1334 59 25 nödig
356 1334 82 25 mognad
454 1334 35 19 och
504 1334 74 25 stadga.

268 1368 26 20 Så
316 1368 58 19 framt
392 1369 29 19 uti
442 1369 22 19 de
482 1368 7 19 i
509 1368 11 19 2
540 1369 12 25 &
572 1368 112 20 omnämnda
702 1368 36 20 fall
758 1370 77 18 utrönas
854 1369 44 25 kan,
918 1372 29 16 att

201 1404 173 25 gerningsmannen
392 1403 7 19 i
418 1403 48 25 följd
481 1403 21 19 af
515 1403 99 19 bristande
629 1403 211 25 förståndsutveckling
854 1403 43 19 icke
913 1406 33 23 egt

201 1438 87 25 förmåga
310 1439 29 17 att
360 1438 41 18 inse
423 1437 115 25 gerningens
556 1437 133 26 brottslighet,
708 1438 35 19 bör
761 1438 61 26 enligt
840 1438 36 20 vår
894 1439 53 25 åsigt

270 1470 175 23 Straflagsutskottets
457 1472 101 16 betänkande
571 1472 34 16 N:o
620 1472 13 16 1.
