995 1703
406 144 18 23 U.
440 144 19 25 B.
473 157 28 5 —
515 145 54 30 Prop.
584 145 32 24 N:o
631 145 19 23 6.
878 146 12 21 6

302 508 2 2 N
382 482 79 28 Kongl.
479 482 60 28 Bref
549 483 33 21 till
597 483 108 27 samtelige
720 482 201 28 Landshöfdingar,

315 517 109 27 angäende
445 517 161 21 Nämndemäns
621 516 97 28 befrielse
728 516 57 28 frän
800 516 69 28 skjuts
883 517 39 21 och

315 552 160 27 ingvartering
471 547 13 37 ;
490 551 40 21 den
545 552 29 21 27
588 551 56 21 Juni
658 552 63 22 1791.

247 609 11 21 I
281 608 112 26 anledning
410 608 23 21 af
449 614 27 16 en
489 608 141 27 uppkommen
644 608 61 27 fräga
718 609 91 21 rörande
824 608 97 22 nämnde-

180 644 59 20 mäns
260 642 98 22 befrielse
380 642 53 21 ifrän
455 642 214 27 kronoskjutsningar,
692 642 61 22 hafve
768 642 33 26 Vi,
816 642 66 22 sedan
897 642 26 22 de

180 677 65 21 redan
259 677 31 21 uti
304 676 51 21 flere
369 677 45 20 Län
429 676 40 21 och
483 676 95 21 Härader
594 676 82 27 ätnjuta
691 682 25 15 en
731 676 66 21 sädan
812 675 88 27 förmon,
916 676 7 20 i

180 711 65 22 nåder
265 710 69 22 funnit
356 709 74 27 billigt,
453 711 32 20 att
507 710 185 22 Nämndemännen
714 709 58 22 öfver
794 710 48 22 hela
860 711 63 20 Riket

180 745 60 27 mäge
262 745 60 27 njuta
343 744 96 22 befrielse
461 743 46 22 från
523 744 66 27 skjuts
605 744 39 21 och
658 744 149 27 ingvartering,
824 744 24 21 sä
862 745 61 26 länge

180 780 26 21 de
221 779 81 27 sysslan
316 779 96 25 förrätta,
427 777 41 23 och
483 779 74 21 endast
567 778 32 22 för
609 778 40 21 den
660 778 143 22 hemmansdel
814 779 26 21 de
850 778 73 27 sjelfva

182 813 71 28 nyttja
267 813 39 22 och
322 813 60 21 bebo.

370 869 207 28 Kammar-Collegii
585 869 125 26 Circulaire,
722 870 110 27 angäende
840 869 84 22 Nämn-

315 904 87 21 demäns
422 903 96 28 befrielse
529 904 56 27 frän
599 903 254 28 skjutsningsskyldighet
866 911 2 18 ;
883 904 41 21 den

315 940 15 19 3
345 937 61 22 Mars
421 939 62 20 1797.

248 996 10 21 I
280 995 112 27 anledning
407 995 22 21 af
441 995 145 21 förekommen
601 994 59 28 fräga
675 1001 34 15 om
724 996 58 21 rätta
796 995 128 27 tillämpnin-

180 1036 39 21 gen
242 1028 23 22 af
286 1029 41 21 den
348 1035 75 21 genom
444 1029 77 27 Kongl.
543 1029 86 21 Brefvet
649 1029 23 21 af
693 1029 39 21 den
756 1030 26 21 27
804 1029 50 21 Juni
870 1030 52 20 1791

180 1064 145 22 Nämndemän
346 1064 7 21 i
376 1063 114 21 allmänhet
504 1063 97 22 förundte
617 1063 97 22 befrielse
728 1064 55 21 ifrån
798 1063 127 28 skjutsning,

180 1098 39 22 har
234 1098 76 26 Kongl.
325 1097 61 26 Maj:t
400 1098 67 21 under
481 1098 40 21 den
537 1099 11 19 7
564 1098 52 21 sist.
631 1098 117 21 December
758 1098 69 22 täckts
841 1098 3 21 i
854 1098 71 22 Näder

180 1132 100 26 förklara,
303 1134 32 19 att
358 1132 222 22 Häradsnämndemän
597 1133 7 20 i
619 1132 36 22 det
670 1133 56 21 Herr
740 1132 184 27 Landshöfdingen

180 1166 89 28 Nådigst
291 1166 136 22 anförtrodde
449 1166 51 25 Län,
516 1166 23 22 så
553 1166 60 27 länge
629 1166 66 22 denne
711 1166 65 28 tjenst
790 1166 23 22 af
827 1167 47 21 dem
889 1166 36 22 bet

180 1201 83 26 strides,
285 1200 61 26 måge
368 1200 74 22 endast
464 1200 33 21 för
517 1201 40 20 den
572 1201 39 25 del,
627 1207 45 15 som
687 1201 25 21 de
728 1201 72 27 sjelfve
814 1200 54 22 bebo
885 1201 40 21 och

180 1235 33 22 för
228 1235 72 21 hvilka
315 1235 25 21 de
356 1240 44 16 som
416 1236 69 24 ägare,
500 1235 76 21 värdar
591 1235 50 21 eller
656 1234 64 22 åboer
735 1236 37 20 äro
786 1235 137 23 antecknade,

182 1275 51 15 vara
254 1268 39 22 frie
316 1268 57 21 såväl
395 1267 47 21 från
461 1267 52 21 håll-
529 1274 43 15 som
587 1268 220 26 kronoskjutsningen,
822 1269 103 20 undanta-

180 1302 67 28 gande
262 1301 119 28 krigstider,
396 1301 27 21 då
437 1302 151 26 Nämndemän,
599 1302 53 21 efter
662 1308 45 16 som
717 1302 208 27 omständigheterna

180 1336 72 22 kunna
273 1336 77 27 fordra,
374 1336 52 22 böra
447 1336 48 22 med
517 1336 130 27 skjutsresor,
667 1337 76 26 gärder
764 1337 40 21 och
818 1336 28 27 på
859 1339 66 20 annat

180 1372 43 21 sätt
244 1371 34 22 för
297 1370 107 27 betalning
419 1370 90 27 biträda,
529 1371 106 22 äfvensom
650 1372 32 21 att
697 1372 6 21 i
718 1372 104 21 anseende
838 1371 31 22 till
884 1372 40 22 Re-

181 1406 160 27 serveskjutser,
356 1406 26 21 de
396 1405 150 28 Nämndemän,
562 1405 81 23 hvilkas
659 1405 93 23 åboende
768 1406 98 22 hemman
877 1407 47 22 blif-

182 1441 31 22 vit
234 1441 70 22 dertill
319 1440 78 22 indelte
413 1441 38 21 och
467 1441 120 21 densamma
608 1447 29 15 nu
659 1442 83 25 utgöra,
765 1441 59 22 skola
839 1441 85 22 dermed

183 1475 96 26 fortfara,
294 1476 40 21 och
348 1482 34 15 om
397 1475 125 22 hädanefter
537 1481 25 16 en
576 1475 211 22 Reserve-hemmans
798 1476 40 21 åbo
849 1477 76 21 varder

249 1515 186 19 Ekonomiutskottets
448 1515 114 18 betänkande
573 1517 36 16 N:o
622 1516 17 17 3.
