1045 1709
427 140 39 22 N:o
482 139 19 22 1.
785 141 27 21 23

90 202 44 28 liga
156 202 102 28 handling
282 203 51 20 eller
357 203 179 26 religionsöfoing,
556 203 82 21 straffes
658 204 46 20 med
721 203 94 27 fängelse
833 204 7 19 i

91 237 61 25 högst
168 238 36 19 två
220 237 30 20 år.

158 270 78 20 Försök
252 274 23 17 är
291 272 113 19 straffbart.

158 304 48 20 Stör
222 306 68 26 någon
307 305 131 27 uppsåtligen
455 306 65 20 sådan
537 306 123 26 gudstjenst,
677 306 84 26 kyrklig
771 306 68 20 hand-

89 339 44 26 ling
149 338 52 21 eller
219 339 174 27 religionsöfning
411 346 74 20 genom
505 342 32 18 att
551 342 51 24 göra
618 340 57 26 oljud
692 340 52 20 eller
758 341 28 25 på
801 347 36 13 an-

89 376 36 18 nat
141 375 41 18 sätt
198 374 146 20 åstadkomma
358 374 125 26 förargelse;
499 381 50 14 vare
564 374 81 20 straffet
655 374 94 27 fängelse
759 375 6 19 i
777 374 63 27 högst

89 414 36 14 sex
142 408 100 20 månader
258 408 51 20 eller
325 408 60 20 böter
400 410 19 25 ej
436 408 58 21 öfver
510 409 118 21 tvåhundra
642 409 64 20 mark.
738 408 43 21 Gör
795 409 44 20 han

89 442 36 20 det
140 442 23 21 af
176 442 185 26 obetänksamhet;
377 443 49 20 böte
442 442 62 27 högst
519 442 113 22 etthundra
648 444 65 19 mark.

157 478 12 19 4
185 478 16 23 $.
232 477 63 26 Hvar,
310 483 43 14 som
376 484 75 20 genom
476 477 71 27 tvång,
562 478 60 25 svek,
638 477 63 27 gäfva
719 477 52 20 eller
786 477 51 21 löfte

88 518 33 13 om
138 510 67 27 timlig
220 512 68 20 fördel
303 511 77 21 förmår
396 512 90 20 medlem
501 512 25 20 af
538 512 64 27 något
617 512 6 19 i
639 511 89 21 Finland
740 512 97 26 erkändt,

89 545 77 21 tillåtet
188 546 52 20 eller
263 546 54 20 täldt
339 546 198 27 religionssamfund
559 549 32 18 att
613 546 87 28 öfvergå
718 546 31 20 till
766 552 70 14 annan

88 580 96 26 troslära,
200 580 52 21 eller
266 587 75 20 genom
358 581 42 27 dop
421 581 52 20 eller
491 587 69 14 annan
579 581 73 27 åtgärd
673 580 109 21 befordrar
801 580 36 20 nä-

88 621 49 20 gon,
152 622 44 14 som
212 616 19 26 ej
248 615 40 27 fylt
303 616 89 26 tjuguett
408 616 28 25 är,
453 615 30 21 till
500 616 130 27 upptagning
645 616 6 19 i
667 621 71 15 annan
748 615 53 25 lära,
811 617 28 18 än

88 649 48 27 den,
151 650 7 20 i
173 649 87 21 hvilken
283 650 41 20 han
347 649 38 20 bör
408 650 126 26 uppfostras,
549 649 81 21 straffes
654 650 46 19 med
722 649 116 27 fängelse
824 645 19 35 i

87 684 62 26 högst
165 684 35 21 två
215 684 23 20 år
253 684 53 21 eller
320 684 61 21 böter
396 685 19 25 ej
432 684 65 21 under
513 684 72 20 femtio
602 684 65 20 mark.

155 718 80 22 Försök
252 722 23 17 är
290 718 114 21 straffbart.

156 750 30 23 Är
208 754 39 20 den
272 753 98 27 skyldige
391 753 19 27 ej
431 753 52 21 finsk
508 754 148 26 medborgare;
680 753 65 20 varde
767 752 72 21 tillika

88 787 62 21 dömd
167 790 31 18 att
213 788 52 20 efter
281 788 107 20 utståndet
402 788 61 20 straff
477 788 88 20 förvisas
581 788 45 20 från
643 787 78 26 landet,
732 794 33 14 om
783 787 55 20 brot-

89 825 30 17 tet
133 822 36 21 det
184 822 108 27 förtjenar.

157 858 11 19 5
185 859 17 23 $.
232 856 93 22 Hindrar
340 857 68 27 någon
426 858 31 19 sin
474 858 80 26 tjenare
570 856 52 21 eller
632 863 68 14 annan
712 856 23 20 af
743 857 36 20 sitt
788 856 48 20 hus-

89 892 44 20 folk
157 894 30 18 att
206 892 78 20 bivista
301 892 126 26 gudstjenst,
442 891 24 21 så
480 894 31 18 att
529 892 69 20 denne
616 891 67 21 sällan
702 891 51 20 eller
769 890 67 26 aldrig

89 926 79 20 tillåtes
184 926 84 28 deltaga
280 926 54 26 deri;
349 926 83 20 straffes
446 926 46 20 med
505 926 59 21 böter
574 925 62 27 högst
646 925 114 21 trehundra
770 924 60 21 mark

430 1029 19 21 11
466 1029 48 27 Kap.

347 1080 42 23 Om
405 1079 177 28 högförräderi.

158 1134 10 19 1
186 1136 16 22 $.
233 1134 52 25 Den,
301 1139 50 19 som,
368 1134 7 18 i
391 1132 75 27 uppsåt
483 1134 32 18 att
533 1131 56 21 döda
607 1131 101 27 Kejsaren
724 1131 40 20 och
780 1131 57 20 Stor-

86 1169 86 24 fursten,
189 1168 97 20 beröfvar
301 1167 77 20 honom
393 1167 68 25 lifvet,
476 1166 52 21 eller
543 1169 39 23 gör
593 1166 70 20 försök
675 1166 78 25 dertill,
764 1165 72 21 dömes

85 1202 32 21 för
133 1202 145 27 högförräderi
294 1201 32 21 till
341 1200 120 21 dödsstraff.

157 1237 13 20 2
186 1238 16 22 6.
233 1236 65 25 Hvar,
313 1241 52 20 som,
380 1236 7 18 i
403 1234 86 27 uppsåt:

157 1272 19 20 1.
191 1273 32 17 att
237 1270 88 21 beröfva
341 1269 102 27 Kejsaren
459 1269 40 19 och
514 1268 128 21 Storfursten
654 1267 97 25 friheten,
762 1266 81 26 bring
833 1262 14 38 a

85 1306 77 20 honom
184 1306 6 19 i
214 1304 78 21 fiendes
315 1304 57 24 väld,
387 1303 118 21 fränhända
526 1303 77 20 honom
624 1302 133 26 regeringen,
786 1300 55 21 eller

86 1342 52 24 göra
153 1339 77 20 honom
248 1338 31 20 till
296 1338 96 26 utöfning
408 1338 61 19 deraf
483 1337 133 25 oförmögen;

152 1372 19 20 2.
188 1374 31 18 att
234 1372 64 26 lägga
312 1371 90 20 Finland
419 1370 52 20 eller
487 1370 68 26 någon
575 1369 34 20 del
628 1369 66 25 deraf,
710 1369 51 19 eller
777 1368 50 26 rysk
838 1370 9 16 t

85 1406 86 21 område
194 1405 66 21 under
278 1404 130 22 främmande
432 1406 57 25 magt
504 1403 51 21 eller
573 1403 69 27 någon
659 1402 33 20 del
709 1402 23 20 af
748 1401 96 21 Finland

84 1441 47 21 från
148 1440 158 28 Kejsaredömet
322 1438 104 28 Ryssland
443 1438 111 28 lösrycka;
570 1437 52 21 eller
