1025 1706
216 143 23 17 78
449 142 23 18 U.
485 142 22 18 B.
520 152 20 2 —
553 142 60 23 Prop.
625 142 37 18 N:o
674 142 16 18 1.

58 200 41 17 Strfi.
112 200 24 15 28
143 199 45 22 Kap.
196 200 22 19 af
235 200 55 24 skåp,
307 200 59 24 kista,
381 200 55 19 skrin
452 200 48 19 eller
514 206 62 12 annan
592 200 60 18 sådan
666 200 62 24 rörlig
744 199 203 25 förvaringspersedel

195 234 16 25 ej
228 240 56 12 anses
299 234 63 18 säsom
378 234 79 24 inbrott,
472 234 64 19 derest
551 233 69 19 sädant
635 233 46 19 sker
696 233 50 19 först
762 232 50 20 efter
827 233 32 19 det
869 232 78 25 tjufven

193 267 85 19 bortfört
294 267 108 25 persedeln.

262 300 11 20 5
289 299 18 29 &
329 301 87 19 Emedan
431 302 23 19 de
470 302 30 19 för
514 301 63 19 iterad
595 301 52 19 stöld
662 303 73 17 utsatta
746 300 133 20 minimistraff
887 307 62 19 synas

195 336 67 19 alltför
277 335 52 25 höga
345 336 30 18 för
390 336 73 19 sådana
479 336 42 24 fall,
537 336 24 19 dä
577 336 32 19 det
624 336 113 25 tilleripnas
754 336 61 19 värde
830 338 23 17 är
868 335 80 25 mycket

195 370 62 24 ringa,
273 370 36 19 har
323 370 105 19 Utskottet
442 370 77 20 nedsatt
534 370 49 24 dem,
600 370 30 19 för
645 370 61 19 andra
722 376 57 13 resan
795 369 83 25 tjufnad,
893 370 54 18 inne-

195 404 87 19 fattande
293 404 67 19 tillika
371 404 46 24 grof
426 405 57 23 stöld,
494 404 31 19 till
537 406 27 18 ett
574 404 28 24 år,
613 404 31 19 för
654 404 62 25 tredje
726 410 58 13 resan
792 404 52 18 stöld
852 404 97 19 likaledes

195 438 32 19 till
237 441 29 16 ett
281 438 22 19 år
318 438 55 25 eller,
386 445 30 12 om
427 438 75 20 stölden
513 442 21 16 är
544 439 51 24 grof,
606 438 31 19 till
648 438 34 20 två
692 438 29 25 år,
732 438 36 19 och
779 438 31 19 för
819 438 62 25 fjerde
891 445 58 12 resan

196 473 51 18 stöld
262 473 31 18 till
309 473 34 18 två
359 473 27 18 år.

264 506 11 20 6
291 505 18 29 8.
339 506 10 19 I
364 507 48 25 följd
428 507 22 19 af
462 507 107 25 ändringen
586 507 21 19 af
621 507 134 19 straffminima
770 507 6 18 i
792 507 12 18 5
820 507 8 26 &
843 506 36 19 har
891 506 58 20 äfven

196 541 150 20 minimistraffet
364 541 30 19 för
413 541 61 25 tredje
494 548 55 13 resan
569 542 73 18 inbrott
657 541 105 25 undergått
777 541 126 24 nedsättning
917 541 31 18 till

199 577 28 18 ett
241 576 32 19 års
288 575 90 20 tukthus.

266 608 45 29 78.
340 610 32 19 Då
386 610 7 18 i
409 609 63 20 denna
488 611 12 25 &
515 610 44 19 icke
575 609 80 26 stadgas
670 610 60 24 något
741 616 31 12 om
782 609 167 25 straffmaximum,

197 644 36 19 har
248 644 43 19 nåd.
309 650 55 19 prop.
380 645 155 24 uppenbarligen
550 645 65 24 afsett,
631 646 30 17 att
675 644 77 19 straffet
768 644 6 19 i
790 643 23 20 de
824 643 36 19 fall
878 644 5 25 $
894 647 53 16 näm-

197 685 34 13 ner
246 679 36 18 bör
297 679 52 18 inom
364 679 24 18 de
403 679 31 19 för
449 679 87 24 snatteri,
552 678 50 19 stöld
618 678 48 19 eller
681 678 75 19 inbrott
771 677 95 26 stadgade
881 678 68 19 latitu-

197 713 35 20 der
249 714 84 18 utsättas
354 713 22 19 så
390 715 29 17 att
434 713 34 20 det
483 713 17 25 ej
515 713 124 24 understiger
653 719 36 12 sex
703 713 92 18 månader
810 712 41 26 (jfr.
873 712 6 19 2
895 712 12 27 $
923 712 26 19 32

197 747 55 26 kap.)
271 747 68 25 Enligt
358 747 44 19 nåd.
421 754 65 19 props.
508 747 204 24 straffbestämningar
727 747 64 18 skulle
807 747 69 19 sådant
891 747 58 19 emel-

197 782 58 19 lertid
272 782 89 19 hvarken
376 781 35 20 vid
426 782 81 19 snatteri
523 782 54 24 eller,
593 781 81 20 såframt
689 782 16 24 ej
722 781 127 20 försvårande
865 784 84 17 omstän-

198 817 166 24 omständigheter
380 816 103 25 föreligga,
499 817 34 19 vid
548 816 51 19 stöld
615 822 48 13 vara
672 815 85 26 möjligt,
770 815 79 20 emedan
860 816 89 19 snatteri-

199 850 78 19 straffet
291 851 44 19 icke
351 851 76 24 uppgår
442 851 30 18 till
488 851 22 19 så
524 851 48 24 högt
587 851 72 24 belopp
675 856 40 13 som
731 851 58 18 ofvan
804 850 99 25 nämndes,
915 849 36 20 och

199 885 18 25 ej
229 885 63 19 heller
303 885 33 19 det
347 885 80 25 vanliga
438 885 141 19 stöldsstraffet
587 885 121 24 öfverstiger
719 891 35 12 sex
764 884 97 20 månader.
885 881 66 22 Äfven

199 919 62 24 enligt
277 919 22 19 de
315 919 106 25 ändringar
436 919 102 20 Utskottet
554 919 85 25 vidtagit
653 919 7 18 i
675 919 92 19 afseende
783 919 11 19 ä
805 919 146 19 straffsatserna

199 953 28 19 uti
249 954 8 18 1
278 953 13 26 &
309 960 47 12 vore
375 953 33 19 det
426 954 43 19 icke
488 954 77 25 möjligt
583 956 30 16 att
628 953 90 25 tillämpa
733 953 150 25 ifrågavarande
899 953 51 19 stad-

199 987 62 25 gande
277 988 11 18 å
304 988 88 24 snatteri,
408 988 92 19 hvarföre
516 987 35 20 och
567 987 24 19 då
606 987 90 19 domaren
712 988 6 17 i
734 987 40 19 alla
790 987 36 19 fall
841 987 43 19 icke
900 987 52 19 lärer

200 1021 102 20 underlåta
319 1024 29 17 att
367 1022 33 19 vid
419 1022 169 25 straffmätningen
607 1022 52 19 inom
678 1021 96 20 latituden
790 1024 45 22 taga
851 1021 4 18 i
872 1021 80 19 betrak-

200 1055 57 20 tande
273 1058 28 17 att
317 1056 174 25 gerningsmannen
506 1056 53 19 förut
573 1056 53 25 gjort
641 1056 30 25 sig
687 1055 82 25 skyldig
784 1056 32 18 till
831 1055 90 25 döljande
932 1055 21 19 af

199 1090 94 25 tjufgods,
317 1090 103 19 Utskottet
442 1093 65 16 ansett
525 1091 62 18 denna
603 1090 12 25 &
632 1091 65 18 kunna
712 1089 42 20 helt
770 1089 35 20 och
820 1089 63 20 hället
897 1090 54 24 utgä.

267 1123 12 20 8
293 1124 12 27 8
317 1124 20 27 (7
349 1125 27 25 Si
384 1125 59 19 Utsk.
453 1125 62 25 försl.)
531 1128 22 16 är
563 1125 80 18 affattad
655 1125 5 18 i
671 1125 88 24 enlighet
770 1124 43 19 med
824 1131 24 12 nu
859 1123 92 26 gällande

200 1159 39 24 lag,
247 1165 44 12 men
299 1159 38 18 kan
346 1159 21 18 af
373 1159 103 19 Utskottet
484 1159 43 19 icke
535 1159 119 24 godkännas.
666 1158 39 19 Det
714 1161 22 16 är
743 1159 54 18 klart
805 1161 29 16 att
842 1165 30 12 om
880 1158 23 19 de
912 1161 39 16 sär-

200 1192 65 19 skilda
276 1193 188 24 tillgreppsakterna
476 1193 30 19 stä
517 1193 6 18 i
536 1193 36 18 den
583 1192 119 25 gemenskap
715 1193 43 18 med
766 1192 117 25 hvarandra,
893 1194 28 17 att
929 1193 23 18 de

200 1228 69 22 utgöra
285 1228 29 17 ett
329 1233 16 12 s.
361 1227 19 18 k.
392 1227 79 18 fortsatt
480 1228 60 23 brott,
551 1227 62 19 säsom
625 1227 24 18 dä
659 1227 63 24 nägon
734 1226 29 19 tid
774 1226 50 19 efter
835 1233 62 12 annan
909 1226 40 19 till-

201 1259 60 24 gripit
276 1259 108 24 penningar
399 1259 42 19 frän
457 1265 72 13 samma
545 1259 117 21 kassakista,
678 1259 23 18 de
717 1259 99 18 särskilda
831 1259 86 18 värdena
929 1259 24 18 dä

201 1293 47 18 böra
271 1293 125 18 sammansläs
415 1292 42 23 och,
474 1299 30 12 om
522 1293 23 18 de
565 1293 108 24 öfverstiga
692 1293 56 24 tjugu
767 1293 63 24 mark,
850 1292 56 19 straff
923 1293 30 18 för

201 1327 52 18 stöld
268 1333 36 18 ega
319 1333 49 12 rum.
394 1326 44 20 Men
454 1327 34 18 der
503 1327 78 19 fortsatt
596 1328 53 18 brott
664 1327 43 19 icke
722 1327 115 24 föreligger,
852 1327 61 18 finnes
923 1327 29 18 in-

201 1367 38 18 gen
259 1361 105 24 anledning
382 1363 29 17 att
429 1361 71 25 frängä
518 1362 23 19 de
560 1361 80 26 vanliga
658 1361 90 25 reglerna
766 1361 30 19 för
811 1361 40 19 reel
866 1361 87 19 konkur-

201 1401 52 14 rens.
283 1395 92 20 Tvärtom
394 1399 22 16 är
432 1395 31 20 det
479 1396 91 19 orättvist
585 1398 28 17 att
629 1396 35 19 den
681 1402 40 12 som
736 1396 68 25 begått
819 1395 46 19 flere
881 1397 71 18 snatte-

201 1430 40 19 rier
259 1432 47 17 utan
325 1432 29 17 att
370 1431 37 18 han
422 1437 69 18 genom
507 1431 160 19 mellankommen
683 1430 127 25 bestraffning
824 1429 68 20 blifvit
907 1437 44 12 var-

271 1463 179 22 Straflagsutskottets
461 1464 103 17 betänkande
576 1464 34 16 N:o
625 1465 14 14 1.
