1009 1698
168 148 13 21 6
382 149 20 20 U.
419 149 22 20 B.
456 160 27 4 —-
499 149 59 26 Prop.
574 149 35 21 N:o
623 149 32 22 10.

145 209 111 27 handling,
271 211 24 19 är
310 209 102 28 förslaget
427 210 33 21 till
474 210 126 27 förordning
616 217 33 15 om
664 212 44 20 rätt
722 211 34 21 för
765 211 57 21 finsk
832 212 62 20 med-

144 243 90 27 borgare
248 243 25 21 af
286 243 133 22 främmande
434 244 82 21 kristen
531 245 92 21 troslära
638 247 31 19 att
684 245 93 22 bekläda
792 245 98 22 embeten

144 277 40 21 och
206 277 90 28 tjenster
315 277 8 20 i
340 277 74 22 landet
428 278 102 21 affattadt
545 279 7 20 i
566 278 95 27 enlighet
676 279 49 21 med
740 279 155 21 motsvarande:

145 311 133 27 stadganden
302 311 32 21 uti
356 312 37 21 det
408 311 24 22 af
446 313 55 21 1876
517 313 34 20 års
566 312 132 27 Kyrkomöte
712 313 130 26 handlagda,
858 319 32 15 se-

144 345 97 21 dermera
256 345 32 21 till
303 346 122 21 Ständerna
439 346 36 21 vid
491 347 54 21 1877
558 347 34 20 ärs
602 346 104 28 landtdag
715 347 122 20 aflemnade
848 346 43 21 för-

143 379 68 26 slaget
233 379 33 20 till
289 379 146 28 dissenterlag,
458 380 73 22 hvilka
546 381 134 26 stadganden
696 381 60 20 säväl
770 381 122 20 Ständerna

145 419 45 14 som
205 413 141 27 Kyrkomötet
360 416 71 19 ansett
446 414 52 22 böra
514 422 25 13 ur
550 415 168 26 dissenterlagen
728 415 104 20 uteslutas
844 414 47 26 och,

146 446 69 22 såsom
236 447 121 22 berörande
372 448 112 27 grundlag,
499 448 102 22 särskildt
616 448 125 22 behandlas.
771 444 68 26 Äfven
855 449 37 21 det

144 480 80 28 förslag
246 481 33 21 till
302 481 146 29 dissenterlag,
472 489 46 15 som
540 483 168 22 öfverlemnades
730 483 33 21 till
787 483 54 21 1886
857 483 35 21 års

144 514 137 29 Kyrkomöte,
296 523 38 14 var
349 516 124 22 utarbetadt
488 518 8 20 i
512 517 150 27 hufvudsaklig
672 517 220 22 öfverensstämmelse

146 550 49 20 med
210 549 103 28 förslaget
328 550 7 20 i
351 550 113 22 enahanda
479 551 55 28 syfte
549 551 33 21 till
592 551 132 28 landtdagen
735 554 23 18 är
770 552 60 21 1877.
851 551 41 21 Vid

146 583 162 28 granskningen
323 584 25 22 af
360 584 101 28 förslaget
476 586 95 21 erkände
582 585 62 22 äfven
659 586 145 27 Kyrkomötet
818 584 74 22 behof-

147 619 35 19 vet
198 618 23 20 af
234 625 26 14 en
276 618 141 28 dissenterlag
433 620 132 21 fortfarande
580 626 52 15 vara
646 619 34 21 för
694 620 93 25 handen,
798 626 48 14 men
857 626 35 14 an-

146 651 83 21 märkte
244 654 33 19 att
293 654 52 19 enär
360 654 36 20 det
410 653 141 28 Kyrkomötet
566 653 110 27 förelagda
690 654 103 26 förslaget
808 653 32 21 till
856 654 36 26 dy-

145 684 31 22 lik
191 685 35 28 lag
241 686 67 28 enligt
323 687 48 21 dess
386 688 74 20 rubrik
475 688 74 27 afsåge
564 690 32 19 att
611 688 57 27 gälla
683 688 43 22 alla
741 688 83 21 kristna
838 690 54 18 tros-

145 718 124 23 förvandter
284 723 60 19 utom
359 722 55 23 dem,
430 729 46 15 som
486 722 100 22 tillhörde
598 724 40 20 den
649 721 247 29 evangelisk-lutherska

146 753 90 28 kyrkan,
257 756 77 20 medan
357 756 24 21 af
396 755 102 29 förslaget
513 758 8 20 i
536 757 64 27 öfrigt
615 757 133 21 inhemtades
764 758 32 20 att
811 756 82 21 förord-

146 788 91 28 ningens
259 790 134 26 stadganden
417 791 54 21 dock
494 792 48 21 icke
559 791 69 22 skulle
642 791 77 22 beröra
733 790 86 28 grekisk
830 790 64 28 ryska

146 823 176 27 trosbekännare,
342 825 24 21 så
381 825 56 22 hade
453 826 139 28 Kyrkomötet
608 826 62 21 deraf
682 825 118 22 föranledts
815 826 32 20 att
863 824 30 22 öf-

148 859 96 27 verväga,
268 859 105 22 huruvida
394 860 18 28 ej
434 861 168 27 dissenterlagen
618 861 72 21 kunde
704 860 104 27 gestaltas
823 860 24 21 så
862 861 32 20 att

148 892 141 23 omförmälda
311 895 111 26 undantag
444 895 69 21 blefve
531 895 129 27 tillbörligen
676 895 103 21 beaktadt
794 896 52 19 utan
862 895 32 20 att

146 928 8 20 i
169 927 76 28 sjelfva
259 928 109 27 lagtexten
384 930 144 26 uttryckligen
544 930 103 26 angifvas.
677 930 9 20 I
702 930 77 20 sådant
794 928 101 24 afseende

148 964 71 24 syntes
242 964 36 20 det
298 963 66 27 enligt
386 963 152 28 Kyrkomötets
556 964 55 27 åsigt
626 963 101 27 befogadt
742 965 32 19 att
790 962 106 27 begränsa

146 997 63 27 lagen
225 997 33 21 till
274 999 77 20 endast
366 998 170 27 protestantiska
551 998 115 21 dissenters
682 997 40 21 och
738 998 59 20 detta
813 997 48 20 med
872 996 24 21 så

149 1032 84 27 mycket
255 1033 68 20 större
342 1032 46 22 skäl
403 1039 45 15 som
464 1033 83 27 hänsyn
562 1033 68 20 måste
645 1035 61 24 tagas
720 1031 80 28 jemväl
816 1031 31 20 till
862 1037 33 14 ro-

148 1066 196 22 mersk-katholska
365 1066 89 28 kyrkan,
478 1066 86 22 hvilken
580 1066 25 28 ju
620 1066 97 28 förbjöde
733 1066 47 20 sina
794 1064 101 22 medlem-

148 1107 46 14 mar
210 1100 115 28 öfvergång
340 1100 33 21 till
388 1107 72 15 annan
476 1101 47 21 lära
538 1101 40 21 och
593 1100 56 28 förty
663 1100 49 21 ville
728 1099 74 21 utöfva
817 1101 31 19 ett
863 1098 33 21 för

148 1135 27 21 de
190 1134 169 28 protestantiska
380 1134 178 22 konfessionerna
579 1134 133 21 främmande
731 1133 165 27 samvetstvång,

147 1168 147 22 hvarförutom
309 1170 67 26 sagda
391 1168 74 28 kyrka,
482 1176 45 14 som
542 1168 98 21 bekände
656 1170 30 19 ett
702 1168 58 21 öfver
775 1167 29 21 all
817 1167 82 21 verlds-

146 1202 30 28 lig
191 1203 125 27 myndighet
332 1204 89 20 stående
436 1202 93 22 ofelbart
544 1202 147 25 öfverhufvud,
700 1202 82 20 hvilket
790 1201 18 27 ej
818 1202 78 20 under-

148 1236 44 20 läte
216 1239 32 17 att
270 1236 54 20 söka
344 1238 52 24 göra
410 1237 38 19 sitt
463 1237 118 25 inflytande
596 1236 100 26 gällande
711 1235 63 21 äfven
789 1236 28 25 på
832 1237 64 18 stats-

148 1269 71 21 lifvets
241 1270 94 24 område,
358 1268 112 27 förfogade
489 1269 59 21 öfver
562 1270 24 20 så
601 1268 77 26 rikliga
693 1268 119 21 materiella
827 1267 70 21 medel

148 1302 34 22 för
204 1303 116 21 utöfvande
342 1302 24 22 af
386 1303 142 27 propaganda
550 1304 32 19 att
600 1303 41 20 den
656 1302 72 20 kunde
744 1302 65 21 vinna
824 1300 73 22 alltför

150 1340 54 19 stort
222 1338 70 27 insteg
312 1337 8 22 i
334 1338 48 21 vårt
396 1337 59 26 land,
471 1337 71 21 derest
557 1336 151 22 katholikerna
723 1335 111 22 likstäldes
849 1334 49 23 med

149 1372 169 27 protestantiska
334 1372 121 21 dissenters.
478 1371 43 21 För
537 1372 26 20 de
577 1370 222 22 romersk-katholska
808 1369 89 22 försam-

148 1408 77 27 lingar,
241 1415 45 14 som
302 1408 66 21 redan
384 1406 77 22 funnes
476 1406 7 21 i
499 1406 103 21 städerna
617 1405 133 27 Helsingfors
759 1405 40 21 och
811 1404 88 27 Wiborg

216 1448 133 23 Lagutskottets
360 1447 108 18 betänkande
480 1446 36 18 N:o
530 1447 16 16 9.
