1011 1706
341 140 19 23 U.
377 142 21 22 B.
415 153 26 4 —
457 140 55 30 Prop.
529 143 35 22 N:o
579 143 32 22 10.
790 145 27 21 33

238 203 38 21 ska
298 204 68 28 ingås,
383 205 56 21 skall
454 206 71 21 derom
536 207 65 25 förut
617 206 187 28 tillkännagitvas,
816 208 31 26 pä

238 240 45 20 sätt
298 241 15 19 2
327 240 15 27 $
357 242 13 19 7
385 240 48 28 kap.
452 240 25 20 G.
493 240 25 21 B.
535 248 32 13 om
583 241 86 27 lysning
683 241 97 27 stadgar,
792 242 7 19 i
808 241 40 21 den

234 272 146 29 församlings
400 274 76 28 kyrka,
492 274 85 21 hvarest
593 275 93 27 gvinnan
703 276 27 19 är
744 274 105 27 skrifven;

239 313 47 14 men
308 314 32 14 om
361 307 41 21 hon
419 309 19 25 ej
453 308 74 20 tillhör
544 309 64 26 något
623 309 8 19 i
647 308 73 21 landet
736 308 113 28 behörigen

239 341 108 21 inrättadt
371 341 177 28 kyrkosamfund,
578 342 63 21 varde
665 343 34 20 det
723 341 125 22 tillämnade

239 376 139 28 äktenskapet
398 376 116 28 kungjordt
531 377 6 19 i
553 377 41 20 den
610 376 238 28 evangelisk-lutherska

234 410 145 28 Jörsamlings
395 410 76 28 kyrka,
494 411 56 20 inom
574 412 63 20 hvars
653 411 86 21 omräde
754 412 93 26 gvinnan

238 447 27 18 är
285 444 76 21 bosatt.
395 445 230 27 Tillkännagifvandet
644 445 103 27 utfärdas
762 445 30 26 af
798 445 51 26 för-

239 479 131 27 samlingens
388 482 61 24 prest
470 480 51 20 eller
531 479 157 27 föreståndare
704 479 52 22 eller
771 479 37 21 ock
825 479 28 28 af

240 513 106 28 borgerlig
369 513 124 28 myndighet
516 514 8 20 i
546 513 34 21 det
602 513 51 27 fall,
671 514 28 21 dä
718 514 26 21 de
759 514 32 20 uti
806 514 14 27 $
836 515 14 19 3

240 547 145 28 omförmälda
408 548 131 28 åligganden
553 548 9 20 i
577 547 99 28 afseende
695 549 14 20 &
720 548 129 27 församlin-

238 589 52 20 gens
302 581 168 29 förteckningar
488 583 21 21 åt
525 583 69 20 sådan
611 583 135 27 uppdragits.

312 615 43 22 Vill
377 617 71 27 någon
463 619 53 26 göra
526 616 42 29 jäf
583 619 54 18 emot
651 617 144 28 äktenskapet,
812 624 37 13 an-

240 651 54 21 mäle
316 651 80 21 sådant
419 651 37 21 hos
479 652 46 26 den,
548 657 43 15 som
614 651 102 27 utfärdat
736 651 113 28 lysningen

240 686 52 20 eller
313 685 235 28 tillkännagifvandet;
564 685 36 22 och
615 686 57 27 gälle
688 687 7 19 i
710 685 69 28 öfrigt
795 685 55 22 hvad

240 721 14 20 3
276 721 14 27 $
312 722 14 19 7
341 721 49 26 kap.
408 720 26 21 G.
451 721 33 24 B.,
500 721 70 21 sådan
586 720 39 21 den
643 721 61 27 lyder
719 721 33 20 uti
766 720 83 27 nådiga

236 754 161 29 förordningen
421 755 29 27 af
470 756 38 20 den
532 757 27 20 11
578 755 106 22 Februari
700 756 64 26 1878,
779 756 71 21 derom

244 790 98 28 stadgar.

511 855 15 26 $
542 856 33 19 11.

314 906 44 21 Vill
373 906 87 22 medlem
476 907 28 26 af
515 905 241 29 evangelisk-lutherska
766 906 83 27 kyrkan

242 941 52 28 ingå
316 941 117 28 äktenskap
456 941 46 21 med
525 941 120 21 bekännare
668 941 29 25 af
713 948 73 14 annan
799 948 50 20 pro-

242 975 113 22 testantisk
373 976 102 25 troslära,
491 975 55 21 skall
561 975 140 28 äktenskapet
716 982 75 21 genom
807 976 44 27 vig-

241 1010 31 20 sel
294 1010 67 27 enligt
383 1010 129 27 kyrkolagen
537 1010 103 26 afslutas.
673 1009 38 22 Om
727 1009 63 28 begge
808 1010 41 20 till-

241 1044 53 21 höra
317 1051 73 14 annan
403 1043 156 28 protestantisk
575 1045 95 20 troslära
686 1045 28 20 än
731 1044 39 20 den
786 1051 63 13 evan-

240 1078 195 29 gelisk-lutherska,
451 1079 34 20 mä
500 1079 26 20 de
541 1079 32 27 sig
589 1079 89 20 emellan
689 1078 157 27 öfverenskom-

240 1119 41 19 ma,
300 1112 66 27 enligt
383 1111 83 22 hvilken
477 1111 146 28 församlings
638 1111 53 22 bruk
708 1111 67 28 vigsel
791 1111 57 21 skall

241 1147 42 25 ske,
314 1146 37 21 och
384 1146 38 21 bör
446 1146 75 21 dervid
553 1146 67 21 lända
646 1146 34 21 till
705 1145 144 28 efterrättelse

241 1181 55 22 hvad
318 1181 104 27 gällande
438 1181 35 27 lag
488 1180 36 22 och
535 1179 166 29 författningar
713 1179 135 28 föreskrifva

242 1215 133 28 beträffande
392 1215 92 28 lysning,
500 1214 204 27 äktenskapshinder
720 1214 35 21 och
759 1213 88 28 förord,

241 1249 116 28 afvittring
376 1249 36 21 och
428 1249 73 28 öfriga
517 1248 137 28 iakttagelser
669 1249 35 21 vid
719 1248 128 27 äktenskaps

240 1283 115 29 ingående.

310 1318 54 25 Den,
387 1324 44 15 som
454 1319 58 26 viger
534 1317 121 22 bekännare
669 1318 30 25 af
710 1325 74 13 annan
796 1323 55 20 pro-

242 1351 113 22 testantisk
377 1352 95 20 troslära
495 1353 28 18 än
545 1351 40 20 den
601 1349 245 28 evangelisk-lutherska,

242 1393 50 14 vare
307 1385 85 28 skyldig
408 1388 32 18 att
455 1386 54 20 inom
526 1392 37 14 sex
573 1385 74 20 veckor
655 1385 95 26 derefter
758 1385 35 20 till
802 1383 50 26 den,

243 1427 44 15 som
303 1420 75 21 beviset
394 1427 32 14 om
442 1419 143 22 hinderlöshet
602 1419 35 20 till
651 1420 81 26 vigseln
744 1418 108 27 utfärdat,

176 1460 131 26 Lagutskottets
319 1460 106 19 betänkande
437 1459 36 18 N:o
487 1460 15 17 9.
776 1460 10 16 3
