1700 1861
580 227 32 38 54
726 261 2 2 |
893 231 40 22 N:o
949 231 18 21 1.

558 301 33 13 om
615 294 115 25 sanningen
751 293 23 19 af
786 293 70 27 gjordt
872 293 87 20 tillmäle
975 294 6 18 i
997 293 232 27 ärekränkningsmälet
1244 293 60 20 fram-

556 328 80 20 ställas.

626 368 12 19 6
653 366 20 29 8.
704 366 87 27 Styrker
813 367 48 25 den,
875 374 44 13 som
941 370 23 16 är
980 367 93 20 tilltalad
1087 367 32 20 för
1140 366 165 28 ärekränkning,

558 402 118 26 sanningen
692 401 23 20 af
727 402 70 26 gjordt
813 401 94 26 tillmäle,
923 408 47 13 men
990 402 93 26 framgär
1098 401 21 20 af
1135 402 26 20 de
1177 401 128 27 omständig-

556 436 68 26 heter,
639 436 66 20 under
728 436 72 20 hvilka
819 436 122 20 tillvitelsen
958 436 63 25 skett,
1037 438 32 18 att
1083 436 41 20 han
1142 436 56 20 velat
1214 436 92 25 kränka;

558 470 54 21 skall
628 471 42 20 han
686 470 55 20 ändå
756 470 83 21 straffas
854 470 32 21 för
902 470 160 27 förolämpning.

626 505 44 20 Har
692 505 75 26 någon,
783 505 7 19 i
813 505 62 26 afsigt
895 507 31 18 att
940 505 81 20 kränka
1036 511 76 20 annan,
1128 505 86 20 tillvitat
1229 505 77 19 honom

557 540 64 25 brott,
637 540 31 19 för
690 539 81 20 hvilket
794 539 40 20 han
858 539 69 20 blifvit
944 539 98 26 straffad;
1058 539 64 20 varde
1138 539 40 20 ock
1194 539 63 20 dömd
1273 537 34 21 för

559 574 162 26 förolämpning.

626 615 11 18 7
654 613 19 28 &.
703 613 53 26 Den,
767 620 43 13 som
823 614 70 19 dömes
910 613 31 19 till
952 613 62 19 straff
1023 613 32 20 för
1066 613 164 26 ärekränkning,
1241 613 65 19 varde

559 648 52 20 efter
627 647 208 26 omständigheterna
850 647 68 20 tillika
934 647 56 19 känd
1005 647 85 27 skyldig
1105 648 32 19 att
1152 649 78 17 ersätta
1246 646 59 20 måls-

559 682 95 26 eganden
671 681 89 20 kostnad
776 681 31 20 för
823 682 86 20 domens
924 681 112 27 tryckning
1051 682 7 18 i
1074 682 78 19 allmän
1169 681 53 19 eller
1237 682 72 18 ortens

558 716 90 26 tidning,
664 722 33 14 om
714 715 147 27 målseganden
878 716 36 20 det
929 716 68 21 äskar.

627 752 12 18 8
655 750 19 29 &.
704 749 25 28 Ej
746 750 33 20 må
795 750 102 20 smädelse
913 750 52 20 eller
980 750 156 26 förolämpning
1152 750 67 20 åtalas
1236 749 22 21 af
1269 749 37 20 all-

559 788 47 17 män
622 785 107 27 åklagare,
745 785 37 20 der
797 785 47 20 icke
859 785 150 26 mälseganden
1025 785 80 20 anmält
1120 785 78 20 brottet
1214 784 31 20 till
1257 784 51 25 åtal,

558 820 53 20 eller
627 819 155 27 ärekränkning
798 819 55 21 skett
869 822 56 18 emot
939 820 53 20 eller
1007 820 55 20 inför
1073 820 91 20 domstol
1175 819 52 20 eller
1238 825 69 14 annan

559 854 78 20 allmän
659 853 130 27 myndighet.
824 854 79 20 Aflider
926 854 142 26 mälsegande,
1084 854 65 20 sedan
1172 854 44 20 åtal
1239 852 69 22 blifvit

559 889 64 20 väckt
646 888 52 20 eller
721 888 77 20 brottet
820 888 30 20 till
871 889 42 19 åtal
929 888 96 26 anmälts,
1041 888 51 20 eller
1107 888 41 20 ock
1164 888 144 24 derförinnan,

560 923 53 20 eller
627 923 39 20 har
682 923 114 19 smädande
811 924 100 25 yttrande
929 923 48 19 fälts
993 929 33 14 om
1043 922 77 21 afliden
1136 929 87 20 person;
1246 922 63 19 hafve

560 957 52 20 hans
632 957 72 26 'maka,
719 956 109 25 föräldrar,
847 957 52 20 barn
915 957 52 20 eller
982 957 78 26 syskon
1076 959 43 18 rätt
1134 959 30 18 att
1179 956 65 20 åtalet
1259 955 49 20 full-

558 991 53 26 följa
627 991 58 25 eller,
702 991 37 20 der
755 991 28 20 tid
800 991 32 20 till
848 991 42 20 åtal
906 994 55 17 ännu
977 994 23 17 är
1015 994 76 24 öppen,
1107 991 43 20 åtal
1166 990 98 21 anställa.

887 1095 30 21 28
933 1094 48 28 Kap.

780 1146 41 23 Om
837 1146 62 23 stöld
915 1146 45 22 och
975 1146 110 22 snatteri.

629 1195 9 19 1
657 1194 17 26 8.
705 1192 53 28 Stjäl
781 1194 69 26 någon
873 1192 52 27 gods
948 1192 51 20 eller
1021 1192 124 26 penningar,
1162 1191 38 20 och
1224 1194 24 16 är
1272 1191 36 20 det

559 1231 74 23 tagnas
656 1228 65 19 värde
745 1228 58 19 öfver
821 1228 59 26 tjugu
895 1227 70 25 mark;
981 1226 84 20 straffes
1081 1226 32 19 för
1128 1226 55 19 stöld
1200 1226 47 19 med
1263 1225 45 20 fän-

559 1262 58 26 gelse
632 1262 7 19 i
655 1261 62 26 högst
732 1268 37 13 sex
786 1261 99 20 månader
902 1261 51 20 eller
970 1261 59 19 böter
1044 1261 18 25 ej
1080 1260 66 19 under
1162 1260 68 19 sextio
1242 1259 66 25 mark,

559 1296 58 26 eller,
633 1296 37 20 der
686 1296 205 27 omständigheterna
907 1298 36 17 äro
959 1294 136 27 synnerligen
1105 1293 144 26 försvårande,
1261 1293 48 20 med

559 1331 95 26 fängelse
677 1330 46 19 från
747 1330 39 19 och
809 1330 46 19 med
880 1330 35 18 två
938 1329 99 19 månader
1060 1328 32 19 till
1111 1328 40 19 och
1171 1327 47 20 med
1235 1328 35 18 två
1286 1327 23 18 år

560 1365 51 19 eller
627 1364 85 19 tukthus
728 1364 19 25 ej
763 1363 59 20 öfver
838 1363 35 20 två
889 1363 31 20 år.
1076 1358 6 8 N

620 1397 87 22 "Försök
726 1397 31 20 till
773 1397 55 20 stöld
844 1399 23 18 är
883 1397 117 20 straffbart.

627 1433 69 26 Stiger
718 1432 75 20 värdet
813 1433 18 25 ej
852 1431 58 20 öfver
922 1432 63 26 tjugu
1000 1431 71 26 mark;
1087 1431 71 20 dömes
1175 1430 31 20 för
1222 1430 87 20 snatteri

559 1468 33 20 till
607 1468 60 20 böter
683 1467 61 27 högst
760 1467 115 20 etthundra
890 1466 67 26 mark,
973 1465 59 26 eller,
1048 1466 37 19 der
1100 1464 210 27 omständigheterna

558 1506 37 17 äro
619 1501 134 29 synnerligen
776 1501 145 26 försvårande,
936 1500 45 21 från
1005 1500 38 20 och
1067 1500 47 20 med
1138 1500 58 27 tjugu
1220 1498 32 21 till
1268 1498 40 21 och

558 1537 48 20 med
622 1536 119 20 tvåhundra
758 1536 64 19 mark.
