1025 1703
320 138 21 19 U.
358 138 22 19 B.
394 149 20 3 —
426 139 62 23 Prop.
502 141 36 18 N:o
551 141 16 17 1.
770 139 32 18 117

76 195 71 26 ningen
167 196 58 20 äfven
243 197 92 26 bidrager
354 197 30 20 till
404 204 23 13 en
445 198 95 26 riktigare
559 198 123 25 tillämpning
699 198 23 19 af
735 198 36 19 den
786 205 39 18 nya
838 195 122 22 Promulg.
935 191 29 37 fd.

76 231 112 25 strafflagen
208 231 35 20 och
262 238 23 13 en
303 238 53 13 mera
375 231 100 26 likformig
492 233 149 24 straffmätning.
671 231 104 20 Utskottet
790 232 36 19 har
969 227 2 2 |

76 264 121 20 fördenskull
208 265 69 19 ändrat
291 265 129 20 förevarande
435 267 13 24 &
463 267 6 18 i
485 267 35 18 den
536 267 37 23 del,
589 266 81 19 hvarom
686 273 25 12 nu
726 268 22 16 är
762 266 62 25 fräga,

76 297 82 21 sälunda
168 301 30 16 att
207 299 156 24 underställning
373 299 51 19 skall
436 306 35 19 ega
482 307 47 18 rum,
541 300 24 19 dä
575 300 64 24 nägon
647 300 75 19 ädömts
730 299 57 19 straff
795 299 31 19 för

76 332 58 24 brott,
154 331 62 20 hvarä
237 333 142 19 tukthusstraf
398 333 6 18 i
428 340 34 12 sex
485 334 22 19 är
525 333 48 19 eller
591 333 113 19 derutöfver
722 333 37 18 kan
778 332 47 25 följa

76 366 48 19 eller
143 365 30 20 för
191 366 123 26 delaktighet
332 366 6 19 i
357 367 69 20 sädant
444 368 53 19 brott
515 379 26 2 —
561 367 48 20 dock
628 367 42 19 med
691 366 98 25 undantag
806 366 21 18 af

76 400 60 20 andra
154 400 76 26 gången
246 402 46 24 grof
305 401 51 19 stöld
371 402 35 18 och
422 402 6 18 i
445 402 120 24 konsegvens
581 401 78 19 dermed
675 400 93 20 itereradt
784 399 32 20 döl

74 434 58 25 jande
151 435 21 19 af
186 435 93 25 tjufgods,
291 437 50 17 emot
356 435 77 20 hvilket
448 436 99 25 undantag
562 436 61 25 nägra
637 434 165 25 betänkligheter,
819 434 7 19 i

76 468 127 20 betraktande
221 469 21 19 af
256 468 52 21 hvad
324 469 104 21 Utskottet
442 470 58 20 ofvan
516 470 70 25 anfört,
602 470 43 19 icke
660 475 59 20 synes
734 469 48 19 böra
796 468 27 20 fö-

76 504 90 18 refinnas.

144 538 29 19 En
186 538 96 26 öfversigt
293 538 22 20 af
325 538 71 20 sådana
407 538 31 20 för
448 538 167 26 rättsskipningen
624 538 98 25 vigtigare
730 538 45 24 mål,
784 544 41 14 som

76 572 62 26 enligt
155 572 43 19 näd.
210 579 54 19 prop.
275 576 34 16 äro
319 573 117 19 hemställan
447 573 148 25 underkastade,
605 572 36 20 och
652 572 78 25 sädana,
741 579 40 12 som
791 579 33 19 ge-

76 613 44 12 nom
136 606 110 20 Utskottets
262 607 92 25 ändrings
368 607 74 25 förslag
456 607 65 20 skulle
536 607 115 25 tillkomma,
667 607 80 26 ätföljer
762 607 63 19 säsom

77 641 65 26 bilaga
158 641 53 20 detta
225 642 129 19 betänkande.

145 738 44 19 Med
205 738 103 26 anledning
323 739 22 19 af
358 739 156 25 anmärkningar,
529 738 70 20 hvilka
609 738 102 20 Utskottet
721 738 36 20 här
767 738 58 19 ofvan

76 772 6 18 i
98 772 34 19 sitt
147 772 122 20 betänkande
284 773 104 25 framstält,
401 773 30 19 fär
441 773 108 25 Utskottet,
560 780 40 12 som
611 773 30 19 för
654 773 60 25 öfrigt
724 772 43 20 med
778 772 46 20 hän-

76 806 40 26 sigt
131 807 31 19 till
173 807 112 25 betydelsen
301 807 35 20 och
347 807 150 25 varaktigheten
508 808 21 19 af
538 807 133 25 föreliggande
681 807 143 25 lagstiftnings-

77 841 66 19 arbete
154 841 44 19 lätit
208 841 142 25 lagförslagens
361 841 63 19 finska
434 844 43 17 text
484 842 87 24 undergä
582 848 23 12 en
616 841 99 25 möjligast
725 847 99 19 noggrann

77 875 35 19 och
135 876 53 18 detta
210 876 70 24 spräks
302 876 112 19 nuvarande
437 876 119 25 ständpunkt
575 876 135 19 motsvarande
730 875 94 20 omarbet-

77 909 53 25 ning,
146 909 99 19 vördsamt
260 910 81 19 föreslä:

247 956 28 19 att
284 954 80 22 landets
372 955 113 27 höylofliga
494 955 91 21 Ständer
592 954 46 22 ville
647 953 178 27 iunderdänighet

216 988 101 27 förklara,
334 991 29 19 att
377 989 24 21 de
416 990 32 20 uti
458 989 138 26 förevarande
606 989 78 27 nådiga
692 988 134 27 proposition

214 1023 31 20 till
260 1023 119 21 Ständerna
394 1023 151 27 öfverlemnade
560 1023 106 27 förslagen
681 1023 32 21 till
727 1022 98 28 strafflag

213 1056 36 27 för
259 1057 200 27 Storfurstendömet
469 1057 98 26 Finland,
576 1057 126 27 förordning
712 1063 33 14 om
755 1056 69 22 verks-

215 1091 92 27 tällighet
325 1092 25 27 af
365 1092 65 27 straff
444 1092 34 21 och
496 1091 125 28 förordning
639 1098 32 14 om
691 1091 135 27 strafflagens

215 1125 111 27 införande
345 1127 67 26 blifvit
422 1126 26 27 af
463 1126 119 21 Ständerna
601 1127 90 26 antagna
710 1126 47 21 med
770 1126 55 21 vissa

213 1160 155 27 nödigansedda
388 1161 123 26 ändringar,
531 1161 6 19 i
559 1160 58 28 följd
634 1159 26 28 af
675 1159 69 22 hvilka
759 1159 66 28 sagda

213 1194 220 27 författningsförslag
463 1195 78 21 komme
571 1197 30 18 att
626 1194 80 21 erhålla
732 1193 94 28 följande

215 1229 86 28 lydelse:

148 1399 175 23 Straflagsutskottets
335 1399 103 17 betänkande
450 1399 34 17 N:o
497 1399 15 16 1.
