1045 1711
427 146 39 23 N:o
481 146 20 21 1.
785 147 27 22 21

158 204 44 29 78.
234 209 43 20 Har
293 209 160 26 verkställighet
469 210 23 19 af
501 210 48 20 dom
560 210 106 27 påbörjats
675 211 57 20 inom
741 211 36 26 tid,
794 217 45 14 som

88 244 6 19 i
112 244 11 19 6
140 246 10 21 $
166 246 54 23 sägs,
236 250 46 13 men
299 243 69 20 blifvit
383 243 110 26 afbruten;
510 245 54 19 skall
580 244 45 20 lika
640 245 38 25 tid,
693 251 44 14 som
751 245 37 20 der
798 245 38 20 fin-

88 284 37 14 nes
149 279 71 23 utsatt,
242 278 81 19 räknad
339 277 53 25 från,
410 284 46 13 men
475 279 18 25 ej
510 279 47 19 med
573 278 40 20 den
630 279 46 26 dag,
693 279 27 19 dä
735 279 101 20 verkstäl-

88 311 94 26 ligheten
199 311 87 26 afbröts,
300 311 57 27 gälla
373 312 31 20 för
421 314 40 17 rätt
477 313 31 19 att
524 312 115 20 verkställa
654 312 56 20 hvad
724 312 23 20 af
755 312 83 20 straffet

87 346 99 20 återstår.

156 380 12 20 8
184 383 17 21 $.
230 380 44 20 Dör
296 380 129 26 förbrytare;
449 380 84 21 förfalle
555 383 43 18 rätt
614 380 31 20 till
661 381 43 20 åtal
719 381 39 20 och
775 380 62 20 verk-

86 414 110 27 ställighet
211 415 23 19 af
247 414 66 21 straff.

426 460 13 22 9
455 461 48 27 Kap.

359 517 41 22 Om
415 516 155 29 skadestånd.

156 564 8 18 1
182 565 17 22 $.
230 562 77 26 Skada,
331 569 43 13 som
398 569 75 20 genom
498 564 57 19 brott
571 564 101 25 tillfogats
688 564 76 25 någon,
780 563 55 20 skall

84 598 24 19 af
123 597 39 20 den
178 597 99 26 skyldige
292 599 96 23 ersättas,
405 597 67 20 ehvad
490 597 79 20 brottet
584 597 100 20 föröfvats
701 597 132 26 uppsåtligen

85 631 54 20 eller
154 631 57 20 skett
226 631 24 20 af
263 631 104 20 vållande.

152 665 44 20 Har
212 665 47 26 den,
275 672 43 13 som
334 665 48 20 lidit
398 665 87 27 skadan,
501 665 92 27 bidragit
608 665 70 20 dertill
693 671 75 22 genom
780 672 54 21 egen

84 700 77 25 skuld;
176 700 53 20 eller
245 700 37 20 har
297 705 70 15 annan
383 700 69 26 orsak,
468 706 44 15 som
529 701 18 26 ej
563 700 31 19 till
605 700 79 20 brottet
695 700 72 27 hörde,
779 701 56 20 med-

85 735 75 21 verkat
176 735 32 19 till
224 735 92 25 skadan;
331 735 38 20 bör
384 735 152 20 skadeståndet
553 735 53 20 efter
622 737 23 24 ty
658 735 89 26 jemkas.

154 769 12 20 2
182 773 16 21 $.
229 769 72 21 Under
315 769 131 20 skadestånd
462 771 77 18 räknas
555 769 143 27 godtgörelse:

155 805 17 19 1.
204 803 32 20 för
258 803 64 27 nödig
345 804 100 20 kostnad:
469 805 68 19 såsom
561 803 32 20 för
615 803 97 27 skadadt,
736 804 101 21 förstördt

83 838 54 20 eller
152 837 145 27 förskingradt
311 839 59 25 gods,
386 838 52 20 eller
454 839 31 19 till
499 838 111 20 läkarelön
622 839 52 19 eller
684 841 65 17 annat
759 839 76 26 dylikt;

153 873 20 21 2.
203 872 32 20 för
250 872 122 27 minskning
386 872 6 20 i
409 872 92 21 inkomst
517 873 52 20 eller
584 872 121 27 uppehälle:
722 873 68 20 såsom
801 880 35 20 ge-

84 914 49 14 nom
149 907 75 20 hinder
240 907 52 20 eller
308 906 51 21 brist
374 907 6 19 i
398 908 81 26 näring,
496 908 53 20 eller
565 910 65 18 annat
644 907 85 27 sådant;
745 909 54 19 samt

154 942 18 20 3.
203 942 32 19 för
259 942 118 26 kroppsligt
396 941 97 21 lidande:
510 942 69 20 såsom
594 941 32 21 för
640 942 66 20 sveda
721 942 40 20 och
776 941 59 27 värk,

83 976 54 21 eller
151 976 45 26 lyte
211 976 52 20 eller
279 978 64 18 annat
358 976 165 27 stadigvarande
543 983 58 18 men;
618 976 22 20 så
656 976 38 20 ock
712 976 31 26 för
758 976 77 20 sådant

83 1010 95 26 lidande,
200 1016 44 14 som
267 1010 129 21 förorsakats
419 1017 74 20 genom
519 1011 101 26 våldtägt,
644 1011 100 19 frihetens
760 1010 75 21 förlust

83 1045 54 21 eller
152 1047 66 18 annat
234 1045 75 26 dylikt.

153 1080 11 19 3
180 1083 18 22 $.
228 1079 71 21 Sakna
315 1080 54 20 enka
385 1080 51 20 eller
451 1081 51 20 barn
519 1081 54 20 efter
589 1080 47 26 den,
652 1086 44 14 som
712 1079 70 21 blifvit
798 1079 35 20 dö-

83 1114 50 27 dad,
148 1115 7 19 i
171 1114 53 27 följd
239 1114 23 20 af
276 1115 79 20 brottet
370 1115 74 26 nödigt
460 1115 123 26 underhåll;
599 1114 55 20 skall
670 1114 54 26 dem,
741 1114 47 20 med
804 1113 29 20 af-

83 1148 79 22 seende
178 1149 12 19 ä
206 1148 144 27 förbrytarens
374 1148 114 27 tillgångar
511 1149 39 19 och
567 1148 66 21 andra
648 1148 185 26 omständigheter,

83 1183 100 26 tilläggas
206 1182 68 20 säsom
290 1182 128 20 skadeständ
434 1182 55 20 hvad
506 1183 32 19 för
553 1183 69 19 enkan
638 1182 53 20 eller
707 1182 77 20 barnen
804 1188 31 13 er-

83 1217 89 25 fordras,
188 1217 33 19 till
236 1216 47 21 dess
299 1217 26 20 de
340 1216 76 26 sjelfva
431 1216 72 21 kunna
519 1217 89 27 försörja
627 1217 43 25 sig;
694 1216 39 20 och
749 1216 34 20 mä
799 1216 35 20 det

83 1251 129 21 skadeständ
229 1251 125 20 bestämmas
371 1253 31 18 att
418 1251 50 27 utgä
483 1252 28 26 pä
527 1258 25 13 en
569 1251 63 27 gäng,
643 1250 53 20 eller
707 1251 12 19 &
729 1250 104 20 särskilda

83 1286 62 20 tider.

152 1320 13 19 4
180 1324 16 20 8.
227 1320 69 20 Hafva
310 1320 36 20 två
361 1320 53 20 eller
429 1320 50 20 flere
491 1320 54 20 varit
556 1320 108 24 delaktige
674 1319 7 19 i
691 1319 66 25 brott;
773 1325 60 14 svare

82 1354 34 24 de,
133 1359 25 14 en
174 1352 32 20 för
221 1352 43 20 alla
279 1353 39 20 och
334 1352 44 20 alla
393 1353 33 20 för
442 1359 32 18 en,
491 1353 32 19 för
538 1352 115 26 gäldandet
666 1352 24 19 af
698 1352 136 20 skadeständ.

82 1387 10 20 I
115 1386 128 20 skadestånd
266 1386 32 20 för
312 1386 54 20 stöld
383 1386 40 20 och
440 1386 85 20 dermed
541 1386 101 20 likartadt
658 1386 56 20 brott
730 1392 49 13 vare
793 1386 42 19 ock

83 1421 48 26 den,
155 1427 45 14 som
222 1420 66 27 enligt
311 1421 26 20 32
353 1420 50 27 kap.
419 1423 23 17 är
457 1420 99 21 förfallen
572 1420 32 19 till
620 1419 66 26 straff,
702 1419 85 27 skyldig
802 1421 33 18 att

83 1455 87 27 deltaga
185 1455 31 20 för
232 1455 111 28 egendom,
358 1455 102 20 hvarmed
476 1455 42 20 han
534 1454 53 27 tagit
601 1454 97 26 brottslig
708 1453 125 28 befattning.
