1700 1861
571 236 29 21 60
881 235 39 21 N:o
936 234 19 21 1.

544 299 64 25 något
630 298 23 18 af
674 297 35 19 det
731 303 76 19 genom
823 297 78 19 brottet
915 297 100 19 åtkomna
1029 297 84 25 godset;
1137 302 49 12 vare
1209 296 82 19 straffet

545 332 60 19 böter
620 331 51 19 eller
686 330 93 27 fängelse
795 331 5 18 i
817 330 61 26 högst
894 330 36 20 två
945 330 22 19 år
983 330 50 20 eller
1049 330 86 19 tukthus
1150 330 19 25 ej
1186 330 60 20 öfver
1256 329 35 19 två

542 366 30 24 år,
589 365 58 25 eller,
662 366 6 18 i
684 364 38 20 fall
737 364 205 26 omständigheterna
953 367 36 17 äro
1000 364 136 26 synnerligen
1147 363 143 25 försvårande,

544 400 85 19 tukthus
645 400 6 18 i
668 399 61 25 högst
744 402 31 16 tre
791 399 30 19 år.

611 434 26 25 Ej
660 433 33 20 må
715 433 61 20 straff
790 433 31 20 för
837 433 98 26 döljande
951 433 23 19 af
987 433 92 26 tjufgods
1095 435 65 17 sättas
1176 433 72 25 högre,
1265 435 26 17 än

543 469 33 19 för
592 467 106 27 medhjelp
714 468 33 19 till
763 468 35 19 det
813 467 62 26 brott,
892 467 136 26 hvarigenom
1043 468 76 26 godset
1133 467 129 21 ätkommits.

611 503 13 20 2
639 501 20 30 $.
689 502 43 20 Gör
747 503 69 25 någon
831 502 31 26 sig
878 503 66 19 andra
959 502 81 27 gången
1057 502 50 20 eller
1122 502 68 20 oftare
1206 501 85 27 skyldig

541 538 33 20 till
591 537 100 26 döljande
706 538 23 19 af
742 537 101 26 tjufgods;
859 537 84 20 straffes
959 537 46 19 med
1022 537 93 25 fängelse
1131 537 45 19 från
1193 536 39 20 och
1243 536 48 20 med

544 579 37 13 sex
598 572 99 20 månader
713 571 32 20 till
760 571 39 20 och
815 571 46 20 med
878 575 31 16 tre
925 572 23 19 år
963 571 51 20 eller
1031 571 84 20 tukthus
1131 571 7 19 i
1148 571 62 26 högst
1220 573 30 17 tre
1261 571 30 21 år.

611 606 42 20 Har
676 606 40 19 han
740 606 57 25 gjort
812 605 35 19 det
861 606 32 20 för
909 609 30 16 att
955 605 77 20 bereda
1047 605 33 26 sig
1095 605 53 20 eller
1163 605 67 25 tredje
1246 611 45 20 per-

543 648 37 12 son
597 640 73 25 fördel,
682 640 53 20 eller
750 643 36 17 äro
802 640 206 26 omständigheterna
1023 639 61 27 eljest
1099 640 137 26 synnerligen
1251 639 40 20 för-

542 676 114 26 svårande;
680 675 71 19 dömes
767 674 32 20 till
815 675 85 19 tukthus
915 675 45 19 från
977 674 39 20 och
1032 674 47 20 med
1095 677 31 17 ett
1141 674 32 20 till
1188 674 40 20 och
1244 674 47 20 med

541 717 39 13 sex
596 710 23 19 år
635 710 38 19 och
691 709 74 19 förlust
780 709 23 19 af
817 709 163 26 medborgerligt
995 709 126 20 förtroende.

610 744 44 20 Har
677 744 46 25 den,
739 750 44 13 som
806 737 97 27 beträdes
919 744 46 19 med
983 743 100 26 döljande
1099 744 20 19 af
1137 743 97 27 tjufgods,
1250 743 41 20 för-

542 781 24 18 ut
587 778 111 27 undergått
721 778 61 19 straff
803 778 31 20 för
850 778 95 26 snatteri,
961 776 61 27 stöld,
1038 778 86 24 inbrott,
1140 778 36 20 rån
1193 778 52 19 eller
1260 781 30 17 ut-

543 814 120 25 pressning;
680 812 82 20 straffes
778 808 67 24 såsom
861 812 32 20 för
909 812 84 20 återfall
1009 813 6 18 i
1031 812 100 26 döljande
1146 813 24 19 af
1183 812 99 26 tjufgods.

611 848 12 19 3
639 846 19 29 8.
689 846 43 20 Gör
748 847 68 25 någon
833 846 31 20 till
879 847 54 26 yrke
949 846 51 20 eller
1010 853 55 13 vana
1075 849 32 17 att
1119 847 57 26 dölja
1188 847 103 25 tjufgods;

542 889 50 13 vare
615 881 81 20 straffet
718 880 86 20 tukthus
827 881 44 19 från
888 881 39 19 och
944 881 46 19 med
1006 882 35 19 två
1057 881 30 19 till
1103 881 40 20 och
1160 880 47 21 med
1224 881 28 20 tio
1268 882 24 19 är

542 917 39 19 och
598 916 75 19 förlust
687 915 24 19 af
724 915 164 25 medborgerligt
904 915 126 20 förtroende.

611 950 12 20 4
639 949 19 29 8.
689 949 70 26 Köper
773 956 56 19 man,
845 949 94 27 tillbyter
955 949 37 26 sig,
1008 949 69 20 såsom
1093 951 51 24 pant
1160 949 52 20 eller
1227 950 63 26 gåfva

541 988 125 23 emottager,
677 984 105 26 föryttrar,
795 984 76 20 ändrar
887 984 52 20 eller
955 984 119 20 omarbetar
1090 984 59 26 gods,
1160 990 44 14 som
1221 991 69 13 annan

542 1026 75 20 genom
642 1019 55 19 brott
720 1018 115 26 åtkommit,
855 1019 38 19 och
917 1018 38 20 har
979 1025 46 13 man
1045 1018 70 26 skälig
1131 1018 113 27 anledning
1261 1021 30 17 att

542 1054 117 20 misstänka
682 1054 39 18 den
738 1053 93 26 olagliga
847 1053 126 25 åtkomsten;
990 1053 83 19 straffes
1091 1053 46 19 med
1154 1052 59 21 böter
1230 1053 61 27 högst

543 1088 118 20 tvåhundra
677 1088 64 20 mark.

610 1122 45 26 Lag
669 1128 79 13 samma
765 1128 55 18 vare,
831 1128 33 13 om
881 1122 75 26 någon,
967 1122 27 26 på
1009 1125 40 16 sätt
1065 1128 26 12 nu
1108 1125 23 16 är
1146 1122 68 26 sagdt,
1225 1124 67 18 emot-

542 1162 60 22 tager
617 1156 82 20 kronan
715 1156 103 25 tillhörigt
832 1156 52 25 gods
900 1156 23 19 af
936 1156 112 25 krigsman,
1064 1156 62 19 hvars
1142 1156 92 20 åtkomst
1244 1156 46 20 der-

542 1191 23 19 af
578 1190 41 20 han
636 1190 65 19 borde
717 1190 122 19 misstänka.

611 1226 11 17 5
639 1223 19 28 &.
690 1224 42 18 Har
753 1224 75 25 någon,
845 1229 43 13 som
905 1224 26 25 pä
947 1224 39 24 god
1003 1227 32 15 tro
1051 1223 88 19 kommit
1155 1224 4 18 i
1176 1223 114 25 besittning

542 1259 23 19 af
586 1265 80 12 annans
689 1258 59 24 gods,
765 1257 44 20 dolt
825 1257 42 24 det,
883 1258 64 19 sedan
965 1257 40 19 han
1021 1257 39 19 fätt
1076 1260 48 17 veta
1140 1257 34 20 det
1190 1264 50 13 vara
1256 1264 34 19 ge-

543 1299 48 13 nom
607 1292 56 19 brott
679 1292 124 23 ätkommet;
820 1291 47 19 böte
883 1292 61 25 högst
959 1291 113 20 etthundra
1088 1292 65 19 mark.

873 1392 29 21 33
919 1392 48 27 Kap.

591 1450 41 22 Om
648 1450 105 22 äverkan
769 1451 62 21 samt
846 1451 95 27 olofligt
953 1450 103 27 jagande
1071 1450 45 22 och
1131 1450 115 22 fiskande.

612 1504 7 18 1
639 1501 19 29 8.
688 1502 42 20 Har
750 1502 66 26 någon
838 1504 12 18 å
865 1510 81 13 annans
962 1503 65 25 mark,
1045 1507 49 16 utan
1110 1503 49 26 Jaga
1174 1505 48 24 rätt,
1239 1510 50 20 upp-

542 1538 90 25 sätligen
649 1538 38 19 fält
703 1537 51 20 eller
769 1538 76 19 skadat
860 1538 97 19 växande
973 1538 53 25 träd,
1043 1538 50 20 eller
1108 1538 53 25 tagit
1171 1538 119 20 förtorkadt
