1025 1703
336 133 24 18 U.
369 133 23 19 B.
405 143 21 4 —
439 134 60 23 Prop.
511 133 36 20 N:o
560 135 15 18 1.
784 135 22 18 77

374 193 34 21 28
422 192 121 27 Kapitlet.

149 259 44 28 18.
221 261 36 19 Att
273 261 62 19 första
349 267 56 13 resan
421 261 58 24 stöld,
496 261 79 20 oaktadt
591 261 54 20 detta
659 262 53 18 brott
727 261 57 18 alltid
795 267 33 13 an-

77 296 51 19 setts
148 295 62 18 såsom
227 301 23 12 en
264 294 67 25 gröfre
346 295 127 24 förbrytelse,
490 295 62 24 enligt
566 295 92 25 gällande
672 297 40 16 rätt
727 295 102 18 bestraffas

77 329 44 19 med
142 328 57 19 böter
217 327 69 20 härrör
301 329 22 18 af
335 328 37 19 den
388 328 135 20 dominerande
539 329 94 24 ställning
648 329 133 18 bötesstraffet
796 335 32 12 en-

76 362 39 25 ligt
132 361 51 20 1734
202 362 31 19 års
249 362 33 24 lag
297 362 77 25 intager
389 362 6 18 i
411 362 157 25 straffsystemet.
598 362 32 20 Då
645 362 55 20 böter
716 362 63 25 enligt
793 369 35 13 nu-

76 396 64 20 tidens
160 396 177 26 rättsuppfattning
352 396 48 19 böra
419 398 69 23 utgöra
507 396 56 20 straff
581 396 67 20 endast
667 397 31 19 för
716 397 23 19 de
754 396 74 20 mindre

76 432 84 24 brotten,
180 437 57 13 anser
256 430 104 20 Utskottet
378 431 113 19 bötesstraff
509 431 15 25 ej
541 431 61 19 under
617 432 61 24 nägra
693 432 134 19 förhällanden

76 466 47 18 böra
138 467 83 17 utsättas
237 465 62 19 säsom
315 465 57 19 straff
386 465 30 19 för
432 465 57 19 stöld.
512 465 69 19 Denna
596 465 121 25 ständpunkt
732 468 22 16 är
769 465 59 19 ocksä

76 499 80 25 intagen
178 499 21 19 af
220 499 60 19 andra
301 505 61 19 nyare
385 498 118 26 strafflagar.
533 499 38 19 För
590 499 62 25 öfrigt
669 499 37 19 har
724 499 104 19 Utskottet

76 536 49 16 trott
144 533 228 19 straffbestämmelserna
387 534 66 18 tarfva
468 533 107 25 skärpning
591 533 57 19 äfven
664 534 7 18 i
686 534 22 18 så
723 534 60 18 måtto
799 535 29 17 att

76 567 165 25 fängelsestraffet
262 568 32 18 får
312 568 66 24 uppgå
397 567 50 19 ända
466 567 31 19 till
516 570 28 16 ett
563 568 21 18 år
603 570 49 16 samt
667 569 29 17 att
712 567 60 19 under
788 567 38 19 för-

76 602 96 20 svårande
188 602 166 24 omständigheter
369 602 69 18 endast
453 602 82 19 tukthus
550 602 84 19 ådömes.

144 636 104 19 Likaledes
268 636 37 19 bar
323 636 76 19 straffet
414 636 30 19 för
460 636 88 25 snatteri,
563 636 44 19 med
623 636 89 19 afseende
726 635 74 25 jemväl
816 636 12 18 å

76 670 53 20 hvad
147 670 33 19 vid
201 670 12 19 8
228 670 13 26 8
257 671 87 18 kommer
359 672 29 17 att
403 670 83 25 anföras,
503 673 72 17 ansetts
591 671 48 18 böra
653 670 55 25 höjas
724 670 32 18 till
771 670 56 19 böter

76 704 58 26 högst
149 705 110 19 tvåhundra
275 705 55 18 mark
346 704 48 19 eller
409 705 87 24 fängelse
512 705 16 25 ej
545 705 55 19 öfver
615 708 30 15 tre
660 704 97 19 månader.

144 735 65 23 Äfven
225 739 67 19 försök
308 739 31 18 till
355 739 81 19 snatteri
451 745 57 18 synes
520 739 46 19 böra
577 745 48 13 vara
635 739 101 18 straffbart
747 737 78 20 emedan

78 773 38 25 det,
138 773 24 20 då
181 773 66 20 försök
265 773 32 19 till
312 773 52 19 stöld
379 775 33 22 egt
427 779 48 18 rum,
492 773 39 20 ofta
547 773 16 25 ej
581 773 37 19 kan
635 773 78 19 utredas
729 772 97 19 huruvida

75 809 77 24 tjufven
167 808 80 19 ämnade
262 807 90 26 tillgripa
367 807 93 25 egendom
475 808 31 19 till
521 810 62 17 större
599 807 60 20 värde
669 810 24 16 än
704 807 56 25 tjugu
771 807 54 19 mark

78 842 35 20 och
128 843 61 24 något
203 842 57 19 straff
273 841 83 20 sålunda
371 841 17 25 ej
405 842 63 18 kunde
485 842 68 19 honom
569 841 85 20 ådömas.

142 875 13 21 2
170 875 18 28 $.
210 876 39 19 Vid
263 876 146 25 granskningen
425 876 22 19 af
460 876 61 19 denna
537 875 11 28 &
565 876 35 19 har
615 876 106 24 anmärkts,
738 875 42 19 dels
795 877 29 16 att

75 911 137 25 ordalydelsen
230 911 21 19 af
270 911 11 18 6
300 910 87 25 punkten
408 911 63 18 kunde
490 911 63 19 lemna
571 910 44 19 stöd
631 910 30 19 för
676 910 59 19 sädan
751 909 74 24 oriktig

75 945 127 25 uppfattning
224 947 29 17 att
275 945 44 25 den,
338 951 41 12 som
398 945 60 18 bebor
476 945 63 25 huset,
559 945 36 18 bör
613 944 33 19 vid
664 943 162 20 stölds-tillfället

76 986 48 13 vara
139 979 81 24 hemma,
237 979 40 20 dels
293 979 58 20 äfven
367 981 29 17 att
412 985 22 13 ur
453 979 23 19 12
491 979 86 25 punkten
593 979 43 18 icke
651 979 43 19 med
710 977 116 24 erforderlig

76 1013 100 25 tydlighet
195 1013 116 25 framginge,
331 1016 29 16 att
379 1013 56 19 straff
454 1014 33 18 bör
504 1020 35 18 ega
553 1020 43 12 rum
612 1013 68 19 endast
696 1020 30 12 om
742 1013 35 19 den
793 1014 32 18 be-

76 1048 70 23 stulne,
169 1047 24 19 dä
211 1047 74 19 stölden
306 1047 118 25 föröfvades,
445 1054 35 12 var
501 1048 5 18 i
522 1048 60 18 vaket
597 1047 96 19 tillstånd.
724 1047 102 19 Utskottet

76 1088 57 12 anser
152 1081 63 19 likväl
235 1082 57 18 dessa
310 1082 94 24 punkters
420 1081 103 26 affattning
539 1081 42 20 icke
597 1082 48 19 böra
660 1082 63 18 lemna
738 1088 43 13 rum
796 1081 30 19 för

76 1115 131 25 misstydning
226 1116 6 18 i
251 1116 105 19 anmärkta
374 1116 102 18 afseenden
492 1116 35 19 och
543 1116 62 24 nägon
622 1116 105 24 anledning
742 1118 29 16 att
786 1122 38 12 om-

76 1150 90 24 redigera
184 1149 97 20 desamma
296 1150 75 19 säledes
388 1150 16 24 ej
420 1150 103 25 föreligga.

146 1184 44 19 Med
205 1184 58 19 orden
280 1199 4 7 ,
287 1184 73 22 försök
376 1184 30 19 till
422 1184 65 18 stöld"
503 1185 5 18 i
529 1185 6 18 L
553 1184 12 26 &
582 1184 35 19 har
628 1184 43 20 nåd.
685 1191 55 18 prop.
753 1190 72 19 uppen-

77 1218 88 25 barligen
184 1218 59 19 afsett
262 1221 28 17 att
310 1218 63 19 uttala
388 1220 29 18 att
432 1218 57 19 äfven
506 1219 65 19 försök
587 1218 31 19 till
634 1218 58 20 sädan
709 1219 45 24 grof
768 1218 58 24 stölä,

77 1259 40 12 som
132 1255 79 16 nämnes
225 1252 7 19 i
248 1252 13 19 2
276 1252 19 26 &,
311 1253 36 18 bör
362 1252 83 19 straffas.
476 1252 43 19 Men
536 1252 78 20 emedan
630 1253 93 24 riktigast
739 1255 22 17 är
776 1254 29 18 att
820 1253 6 18 i

77 1286 69 25 hvarje
161 1286 83 25 lagrum,
260 1293 41 12 som
316 1286 110 19 innehäller
442 1286 68 20 sädant
524 1288 53 18 brott
592 1288 29 17 att
636 1288 58 18 äfven
705 1286 67 19 försök
783 1286 41 19 der-

77 1320 32 19 till
128 1320 51 19 skall
199 1321 83 23 straffas,
303 1321 69 19 sädant
387 1321 134 23 uttryckligen
538 1321 6 17 i
559 1327 73 12 samma
648 1321 76 23 lagrum
740 1321 85 23 stadgas,

77 1352 36 19 har
129 1353 103 18 Utskottet
247 1354 66 23 tillagt
328 1356 29 15 ett
371 1356 84 15 moment
471 1354 70 18 derom.

145 1385 11 20 3
171 1385 18 28 &.
219 1387 173 18 Karakteristiken
411 1386 21 18 af
447 1387 81 18 inbrotts
545 1387 131 24 förbrytelsen
693 1387 35 18 har
743 1386 82 19 Utskot-

78 1422 28 17 tet
120 1422 64 17 ansett
198 1421 48 19 böra
260 1421 119 24 förtydligas
395 1420 73 20 derhän
484 1423 29 16 att
528 1421 6 18 i
550 1421 62 18 denna
627 1421 12 25 &
651 1421 63 19 afsedt
725 1421 101 24 öppnande

146 1454 177 21 Strafflagsutskottets
335 1454 103 17 betänkande
452 1454 34 17 N:o
502 1454 11 16 1.

838 193 45 21 Str.
891 193 23 17 28
921 193 45 23 Kap.
