1006 1706
302 136 21 19 U.
336 136 23 19 B.
372 147 21 3 —
406 136 66 25 Prop.
480 137 36 19 N:o
528 138 17 18 1.
755 137 22 18 25

57 194 43 20 dast
114 195 36 19 bör
164 197 55 23 tagas
234 196 7 18 i
256 195 127 20 betraktande
399 196 35 19 den
450 196 29 20 tid
493 196 36 20 den
544 195 90 26 skyldige
646 198 46 17 utan
706 198 44 23 eget
761 196 38 18 för-
813 195 44 21 Si.
869 195 12 15 ?
890 194 46 22 Kap.

56 228 92 20 vållande
166 229 67 19 hållits
251 230 8 18 i
278 230 60 19 häkte
357 230 77 20 utöfyer
452 231 51 19 hvad
520 231 60 24 ,laga
594 230 102 25 rättegång
711 230 88 18 fordrat''

56 268 58 19 synes
132 262 64 20 likväl
214 263 44 19 icke
277 270 48 13 vara
339 264 186 20 tillfredsställande.
555 264 102 20 Utskottet
672 264 82 24 befarar,
771 265 28 17 att

57 296 62 20 denna
133 296 122 25 bestämning
269 297 64 20 skulle
349 298 66 19 alltför
425 298 77 25 mycket
515 298 105 19 inskränka
631 298 42 24 $:ns
685 297 113 25 tillämplig-

56 330 44 25 het;
115 332 23 24 ty
156 331 24 19 då
200 331 89 20 domaren
309 332 75 26 åligger
402 332 52 20 tillse
473 334 29 17 att
518 332 46 26 laga
578 332 102 25 rättegång
695 332 104 25 iakttages,

56 364 39 20 kan
110 364 28 20 lät
155 366 36 18 den
206 366 125 26 uppfattning
347 370 46 22 göra
408 367 30 25 sig
452 367 96 25 gällande,
564 368 28 18 att
607 366 148 25 ifrågavarande
771 366 27 19 af-

56 399 49 25 drag
120 400 67 19 endast
202 400 25 20 då
242 400 37 20 kan
295 401 159 24 tillgodokomma
469 401 34 19 den
520 401 96 25 skyldige,
629 404 34 16 när
678 402 28 18 ett
719 400 80 25 origtigt

56 433 189 26 processförfarande
264 435 11 18 &
294 435 99 19 domarens
411 435 42 19 sida
472 437 32 23 egt
518 441 48 13 rum.
596 434 29 20 De
641 441 60 18 nyare
716 433 83 20 straffla-

57 473 59 20 garne
131 467 69 26 stadga
209 468 90 25 vanligen
310 469 93 24 generelt,
419 472 28 15 att
457 469 32 19 det
500 469 187 24 ransakningshäkte
698 469 35 18 den
745 468 54 24 skyl-

57 501 44 26 dige
116 502 51 19 varit
182 502 132 19 underkastad
329 503 31 19 mä
374 503 33 19 vid
423 503 83 19 straffets
522 502 104 20 ädömande
641 505 55 22 tagas
712 503 5 18 i
730 502 68 19 beräk-

56 536 53 25 ning.
139 536 102 20 Utskottet
259 536 35 20 har
311 537 128 25 fördenskull,
455 537 42 19 med
511 537 112 24 anslutning
638 536 115 19 härutinnan
769 536 30 19 till

57 569 232 26 Granskningskomitöns
307 571 80 25 förslag,
403 571 59 25 gifvit
479 572 32 25 &:n
529 571 32 20 det
575 571 93 24 innehåll,
684 573 29 18 att
727 571 74 24 skäligt

57 605 70 25 afdrag
144 604 43 20 frän
206 605 32 20 det
256 607 73 18 utsatta
345 605 74 20 straffet
434 607 34 18 bör
483 606 159 25 tillgodokomma
656 605 43 25 den,
715 611 40 14 som
770 605 31 19 för

57 639 73 20 brottet
144 640 51 19 utan
209 641 43 24 eget
266 638 130 27 förvällande
412 639 59 27 länge
486 639 70 21 hällits
571 639 8 20 i
593 639 65 20 häkte.

353 721 16 21 4
385 721 121 26 Kapitlet.

126 775 43 29 48.
199 777 10 20 I
227 778 199 19 öfverensstämmelse
443 778 42 19 med
504 779 83 24 gammal
602 777 197 26 germanisk-skandi-

58 811 70 20 navisk
150 812 182 26 rättsuppfattning,
348 819 40 13 som
407 813 66 19 endast
492 813 28 19 uti
540 813 32 19 det
589 813 122 19 fullbordade
729 813 72 19 brottet

58 847 35 24 såg
112 848 28 17 ett
155 847 100 19 straffbart
273 853 86 19 angrepp
374 847 25 25 pä
413 847 163 26 rättsordningen,
591 847 93 26 belägger
703 847 51 19 1734
770 847 31 19 års

58 881 33 25 lag
108 881 51 20 blott
177 882 6 18 i
195 881 68 26 några
281 882 20 19 få
320 881 144 25 undantagsfall
484 882 66 19 försök
568 881 31 20 till
616 883 52 18 brott
684 882 41 19 med
741 881 60 25 straff,

58 915 36 20 och
113 915 55 20 deras
187 916 52 19 antal
258 916 36 19 har
312 916 43 19 icke
374 916 63 19 heller
455 917 6 19 i
480 923 67 13 senare
562 916 138 25 författningar
714 916 66 19 blifvit
795 916 6 19 i

58 950 106 19 nämnvärd
178 950 43 19 mån
238 950 65 20 ökadt.
326 950 69 20 Denna
409 950 55 26 brist,
476 957 38 13 som
531 956 77 14 numera
624 950 87 20 hvarken
728 952 21 18 är
763 950 37 19 för-

59 984 53 25 enlig
128 984 43 20 med
189 984 184 20 rättsmedvetandet
391 985 6 19 i
416 985 66 19 landet
497 985 47 19 eller
559 985 43 19 med
617 985 112 19 doktrinens
744 985 58 25 läror,

58 1020 22 18 är
95 1019 7 19 i
116 1018 133 26 föreliggande
261 1018 107 26 lagförslag
383 1020 83 25 afbjelpt
480 1020 87 24 sålunda,
583 1021 29 17 att
626 1019 6 19 i
648 1019 43 19 dess
706 1019 96 19 särskilda

59 1052 31 20 del
105 1054 28 18 uti
150 1060 22 12 en
188 1054 70 25 mängd
272 1053 83 27 lagrum,
365 1060 40 14 som
421 1054 95 19 behandla
530 1054 72 19 sådana
617 1054 58 23 brott,
691 1053 6 19 i
713 1054 89 19 afseende

58 1087 13 20 &
85 1087 70 20 hvilka
174 1088 57 19 äfven
249 1087 66 20 försök
331 1091 22 16 är
367 1088 92 20 tänkbart
474 1088 48 19 eller
537 1088 35 19 har
587 1088 63 24 någon
665 1088 90 24 praktisk
770 1088 31 19 be-

59 1122 83 25 tydelse,
154 1122 79 25 stadgas
248 1124 29 18 att
291 1122 87 20 försöket
393 1125 22 17 är
429 1122 107 26 straffbart,
544 1123 60 25 jemte
615 1122 33 19 det
658 1122 6 19 i
676 1122 12 19 4
698 1122 45 25 kap.
755 1128 47 19 upp-

60 1156 59 26 tagits
135 1163 22 13 en
173 1156 71 20 allmän
259 1163 60 18 norm,
335 1156 60 26 enligt
410 1156 80 20 hvilken
506 1156 74 20 straffet
594 1156 51 19 skall
660 1156 84 19 ådömas.
773 1156 30 20 Då

60 1190 80 20 sålunda
159 1192 27 18 ett
204 1190 71 20 hittills
291 1191 143 25 jemförelsevis
451 1192 60 19 sällan
527 1191 85 19 användt
626 1191 136 25 rättsbegrepp
778 1197 25 12 nu

59 1225 69 19 vinner
147 1225 118 19 allmännare
283 1225 75 19 inträde
375 1226 6 18 i
396 1226 172 24 rättsskipningen,
584 1225 63 19 kunde
662 1225 56 25 fråga
733 1225 71 25 uppstå

60 1258 71 26 derom,
147 1258 96 21 huruvida
258 1259 32 19 det
306 1260 16 24 ej
338 1266 46 13 vore
399 1260 101 25 gagneligt
514 1261 29 18 att
558 1259 31 19 till
604 1259 79 25 ledning
698 1259 31 19 för
739 1259 64 19 doma-

60 1299 34 13 ren
112 1294 7 18 i
138 1292 56 26 lagen
213 1296 86 23 upptaga
317 1294 63 24 någon
397 1294 98 19 definition
511 1294 21 18 af
545 1294 33 18 det
591 1294 104 24 brottsliga
710 1293 92 19 försöket.

60 1326 29 20 En
108 1327 57 24 dylik
179 1327 99 19 definition
293 1328 106 18 förefinnes
415 1328 58 18 också
487 1328 6 18 i
510 1328 22 18 de
547 1328 63 24 begge
626 1327 177 24 komitéförslagen,

60 1360 22 20 af
95 1360 70 20 hvilka
180 1360 118 25 exempelvis
314 1360 230 25 Granskningskomiténs
555 1361 86 23 innebär,
656 1362 28 17 att
696 1360 66 19 försök
772 1360 31 19 till

60 1395 54 19 brott
129 1397 22 17 är
165 1394 106 20 förhanden
294 1395 77 19 såsnart
386 1401 22 13 en
426 1394 94 25 handling
539 1394 85 26 begåtts,
642 1400 40 13 som
698 1394 106 19 innefattar

61 1427 75 28 början
154 1427 32 22 till
204 1427 82 22 brottets
304 1428 117 27 utförande.
451 1428 45 20 Men
514 1428 32 20 det
562 1428 55 20 torde
633 1428 43 20 icke
691 1428 64 20 kunna
771 1434 32 14 ne-

128 1462 177 23 Straflagsutskottets
316 1462 103 17 betänkande
431 1463 34 16 N:o
478 1463 15 16 1.
