1017 1706
225 147 27 21 78
435 146 64 24 Ständ.
514 146 31 23 Sv.
561 158 25 3 —
602 145 54 29 Prop.
672 144 32 24 Wo
717 145 16 23 f.

198 214 39 24 tas,
253 212 56 21 helst
323 218 28 14 nu
367 211 98 27 gällande
479 210 124 27 förordning
613 217 34 15 om
657 210 139 22 frihetsstraff
804 210 47 21 icke
861 210 91 21 tillstäd-

196 246 32 27 jer
247 245 151 27 tukthusfånge
417 246 72 26 dylika
507 245 114 27 förmåner,
642 246 54 21 samt
711 252 27 14 en
752 244 92 27 lindring
859 244 23 22 af
895 244 57 21 tukt-

198 279 137 23 husstraffets
349 280 110 21 intensitet
473 280 106 27 knappast
593 280 60 21 torde
669 280 107 27 uppbäras
792 278 22 22 af
828 286 26 14 en
865 278 87 22 allmän-

200 321 51 15 nare
267 314 86 28 opinion
367 315 7 20 i
389 314 78 22 landet.

271 349 27 21 12
313 348 17 27 $.
361 348 130 26 Beviljandet
513 348 23 21 af
557 348 66 22 sådan
645 348 64 21 frihet
731 348 21 21 åt
773 348 69 27 fånge,
858 354 45 15 som
918 348 7 20 i
939 348 13 20 2

202 384 127 22 momentets
339 382 126 28 slutmening
476 382 139 27 omförmäles,
627 388 60 21 synes
697 384 52 20 utan
759 382 114 27 olägenhet
882 382 71 22 kunna

201 418 140 21 öfverlemnas
359 417 22 21 åt
396 417 121 21 tukthusets
532 416 152 22 föreståndare.

496 513 18 19 4
526 511 128 25 Kapitlet.

251 575 2 3 »
270 559 37 28 18.
319 560 94 21 Emedan
427 559 79 28 fjorton
521 560 66 27 dagar
600 561 77 25 utgöra
686 559 96 22 kortaste
792 560 65 27 tiden,
869 560 85 22 hvartill

202 593 121 29 ovilkofligt
343 594 156 27 fängelsestraff
513 594 84 29 jemlikt
614 595 13 21 3
646 593 11 28 $
675 595 13 21 2
706 595 49 26 kap.
774 595 8 21 i
801 595 103 27 förslaget
921 595 33 21 till

201 629 96 28 strafflag
305 629 33 22 får
345 629 94 27 ådömas,
449 629 63 22 hafva
522 629 119 22 Ständerna
650 631 70 20 ansett
730 629 69 22 denna
808 629 145 28 tidsbegräns-

200 664 50 27 ning
269 664 34 21 för
318 663 36 22 det
369 664 7 21 i
391 663 140 22 förevarande
547 662 10 28 $
573 663 87 22 afsedda
675 663 99 22 ändamål
788 663 124 28 lämpligare
926 665 27 20 än

201 698 78 26 nådiga
294 698 176 27 propositionens,
486 698 83 21 hvadan
585 697 32 28 $:n
633 697 126 22 derutinnan
773 698 94 21 ändrats.
879 710 26 3 —
916 698 38 21 Be-

200 732 106 22 träffande
333 733 52 21 sista
407 738 63 15 mom.
492 732 65 21 hafva
578 731 119 22 Ständerna
715 733 78 26 jemväl
815 733 89 26 vidtagit
928 739 27 15 en

200 767 82 21 mindre
300 766 130 27 förändring.
460 766 32 21 Då
513 767 46 21 icke
579 767 82 26 engång
680 767 98 27 samtliga
792 767 56 22 läns-
863 767 40 22 och
918 767 37 22 hä-

201 801 164 27 radsfängelser,
379 803 27 18 än
417 801 81 22 mindre
509 802 26 21 de
546 801 135 21 kommunala
691 801 99 27 häktena,
800 803 60 20 torde
871 808 51 15 vara
932 801 23 22 så

201 835 130 27 beskaffade,
347 836 31 21 att
394 851 4 10 ,
401 835 53 26 från
470 835 120 22 hvarandra
605 835 112 26 afstängda
732 835 72 22 delar"
819 836 24 21 af
857 836 47 21 dem
916 836 39 22 fin-

200 875 39 16 nas
258 870 106 21 inrättade
382 869 33 22 för
436 869 25 22 de
477 869 58 22 olika
549 870 76 26 könen,
641 869 62 22 hafva
719 870 118 22 Ständerna
851 872 53 20 trott
919 871 37 21 det

200 910 52 15 vara
274 904 131 27 tillräckligt,
429 906 32 19 att
475 905 127 20 momentets
617 904 118 27 väsentliga
749 905 94 21 innehåll
858 905 52 21 eller
924 907 32 19 att

200 938 95 27 manliga
313 938 40 21 och
372 938 92 27 qvinliga
483 938 126 27 straffångar
631 938 60 22 skola
713 938 68 22 hållas
803 939 91 21 afskilda
908 939 47 21 från

200 973 121 21 hvarandra
335 973 8 21 i
358 973 61 27 lagen
437 973 115 27 uttryckes.

269 1007 56 21 3—6
341 1006 33 28 88.
405 1006 73 28 Enligt
497 1006 144 28 föreliggande
655 1006 217 28 författningsförslag
887 1009 24 19 är
925 1007 30 21 äf-

200 1048 40 14 ven
262 1040 181 28 fängelsestraffet
457 1041 66 27 bygdt
539 1040 26 28 pä
581 1040 35 22 det
631 1048 16 14 s.
663 1042 21 20 k.
699 1041 133 27 progressiva
847 1042 108 26 systemet,

200 1075 83 22 hvilket
297 1075 88 22 innebär
400 1077 33 19 att
449 1074 146 28 strafftvänget
609 1077 24 19 är
649 1076 81 21 svårast
744 1076 7 20 i
766 1075 134 22 strafftidens
907 1076 48 21 bör-

199 1110 46 27 jan,
257 1116 48 15 men
321 1109 120 22 sedermera
456 1110 7 21 i
478 1110 49 22 män
542 1110 23 21 af
577 1109 52 27 godt
644 1110 131 26 uppförande
790 1109 13 23 ä
812 1110 88 27 fängens
910 1110 46 22 sida

201 1146 87 25 antager
315 1149 26 16 en
367 1144 116 26 lindrigare
507 1144 108 21 karaktär.
650 1143 94 22 Sälunda
766 1144 86 27 stadgas
874 1145 7 21 i
901 1144 13 22 3
935 1144 18 28 8,

201 1180 33 20 att
251 1178 213 28 fångafdelningarna
486 1179 7 20 i
513 1178 112 22 länshäkte
643 1179 52 21 böra
714 1185 52 15 vara
785 1179 64 21 minst
870 1181 84 25 tvänne,

201 1214 56 21 samt
271 1215 32 19 att
317 1212 144 28 uppflyttning
475 1212 47 22 från
537 1213 58 27 lägre
611 1212 109 28 afdelning
734 1213 33 21 till
777 1213 65 27 högre
853 1213 54 22 skall
917 1214 37 21 ske

200 1247 66 25 enligt
285 1252 81 15 samma
384 1247 98 25 grunder,
499 1253 44 14 som
558 1247 56 25 gälla
629 1253 34 14 om
677 1246 143 28 uppflyttning
834 1247 47 21 från
896 1248 58 25 lägre

200 1280 148 21 tukthusklass
362 1280 33 20 till
409 1280 93 26 högre;i
517 1280 14 20 4
545 1279 18 27 $,
579 1281 31 19 att
623 1279 62 27 fånge
699 1280 8 21 i
717 1280 75 26 början
803 1280 23 22 af
834 1280 120 22 strafftiden

201 1314 55 22 skall
271 1314 101 22 hänföras
387 1314 33 22 till
435 1314 69 27 lägsta
519 1314 134 28 afdelningen
669 1316 55 20 samt
739 1314 69 22 såvidt
817 1315 82 27 möjligt
908 1315 46 21 hål-

200 1349 32 23 las
250 1350 8 20 i
274 1356 74 15 enrum
363 1349 56 22 ända
434 1349 33 22 till
482 1349 41 21 tolf
536 1350 101 21 månader
652 1350 39 21 och
706 1349 33 22 för
754 1350 76 27 vigtigt
844 1350 47 21 skäl
907 1350 47 22 der-

201 1384 90 27 utöfver,
310 1390 49 16 men
377 1384 8 21 i
404 1384 65 22 annat
488 1383 38 22 fall
541 1384 75 22 arbeta
630 1385 7 21 i
651 1384 160 27 gemensamhet
824 1384 49 22 med
888 1385 67 21 andra

200 1418 75 28 fångar
297 1419 24 21 af
340 1424 81 17 samma
440 1418 117 28 afdelning;
576 1419 7 21 i
599 1419 13 21 5
628 1419 18 27 $,
662 1420 32 20 att
707 1419 103 27 fängarne
824 1420 7 21 i
846 1420 65 27 högre
926 1419 30 23 af-

201 1453 86 27 delning
309 1453 61 22 skola
392 1453 74 22 arbeta
485 1454 8 21 i
508 1453 157 27 gemensamhet
679 1454 48 21 med
742 1453 120 23 hvarandra
878 1456 54 20 samt
946 1454 8 21 i
