1700 1861
500 242 25 21 18

678 239 69 24 Ständ.
763 243 33 20 Sv.
811 253 28 5 —
855 242 58 27 Prop.
929 243 34 20 N:o
978 242 33 21 10.

883 311 15 26 $
912 311 32 19 18.

674 356 65 25 Hvar,
755 362 41 14 som
815 356 65 20 tillhör
893 356 9 20 i
917 356 65 20 landet
997 356 100 20 bestående
1111 356 112 24 kyrkosam-

606 390 49 24 fund
677 391 25 23 af
721 396 65 14 annan
803 391 142 24 protestantisk
967 390 152 20 trosbekännelse
1141 392 25 18 än
1187 390 36 20 den

606 424 213 24 evangelisk-lutherska
837 426 52 19 samt
903 424 85 24 deltager
1001 424 9 19 i
1023 423 102 21 underhåll
1140 424 26 24 af
1180 424 44 19 dess

602 458 127 25 presterskap
745 458 33 20 och
791 458 160 25 kyrkobetjening,
968 464 46 14 vare
1029 458 97 24 frikallad
1140 458 48 25 från
1196 458 28 20 all

602 493 91 24 personel
715 493 60 24 afgift
800 493 30 19 till
850 493 127 25 presterskap
1002 493 46 19 eller
1069 493 154 24 kyrkobetjening

605 527 52 18 inom
671 526 93 24 samfund
779 525 26 25 af
817 532 64 14 annan
897 526 159 20 trosbekännelse.

606 663 133 29 Förordning
759 670 33 17 om
809 663 48 23 rätt
873 664 32 23 för
919 663 60 23 finsk
994 663 139 29 medborgare
1149 662 24 24 af
1186 669 38 17 an-

649 704 44 16 nan
715 698 88 23 kristen
826 698 95 23 troslära
941 700 28 21 än
985 698 41 23 den
1042 697 139 29 evangelisk-

692 732 117 23 lutherska
825 732 35 24 att
874 732 95 24 bekläda
984 732 99 23 embeten
1099 732 39 23 och

809 766 93 29 tjenster
917 766 8 24 i
940 766 83 24 landet.

675 824 46 20 Med
739 824 82 26 ändring
836 825 25 23 af
873 825 11 19 1
899 825 16 27 $
929 825 8 19 i
951 824 182 26 Regeringsformen
1148 824 35 20 den
1198 824 25 20 21

606 860 86 24 Augusti
712 860 61 24 1772,
796 860 11 18 1
830 859 15 27 $
867 860 8 19 i
889 860 158 19 Prestaständets
1058 859 115 25 privilegier
1188 859 35 20 den

606 895 25 19 16
653 893 82 20 Oktober
755 894 56 19 17:23
832 896 51 18 samt
897 894 51 20 hvad
963 894 68 24 Kongl.
1048 894 124 24 kungörelsen
1188 894 35 19 den

605 929 29 18 24
656 928 87 20 Januari
763 929 52 18 1781
837 929 104 19 innehåller
963 934 32 13 om
1013 928 72 25 förbud
1101 929 33 23 för
1148 927 77 20 kristne

607 963 156 24 trosförvandter
777 963 26 24 af
815 969 64 14 annan
895 963 44 20 lära
954 964 25 18 än
991 963 35 20 den
1037 962 187 25 evangelisk-luther-

608 997 36 20 ska
658 998 31 18 att
703 997 80 19 bekläda
797 997 81 20 embeten
893 997 34 20 och
943 997 78 24 tjenster
1035 997 8 19 i
1058 997 70 23 landet,
1146 997 78 24 förord-

608 1038 36 13 nas
658 1037 42 14 som
715 1032 70 23 följer:

895 1088 16 27 $
924 1088 17 20 1

679 1132 40 22 Till
733 1134 69 19 embete
816 1134 52 19 inom
883 1134 215 24 evangelisk-lutherska
1113 1134 74 24 kyrkan
1202 1134 24 20 el-

609 1168 28 19 ler
659 1174 64 13 annan
745 1168 63 24 tjenst,
831 1168 93 20 hvarmed
938 1168 60 24 följer
1013 1168 102 25 äliggande
1130 1170 30 18 att
1174 1168 50 20 med-

609 1202 42 20 dela
666 1202 135 24 undervisning
815 1202 9 20 i
837 1202 84 20 nämnda
937 1202 111 25 kyrkolära,
1065 1202 32 20 mä
1113 1203 18 24 ej
1145 1203 80 24 förord-

608 1242 37 14 nas
659 1237 108 19 bekännare
781 1237 26 23 af
819 1243 65 14 annan
899 1237 72 19 kristen
987 1238 93 19 troslära.

677 1271 44 19 Icke
735 1271 59 20 heller
808 1271 33 19 mä
856 1271 107 20 bekännare
978 1271 26 24 af
1015 1278 65 13 annan
1091 1271 73 20 kristen
1176 1273 48 18 tros-

609 1306 44 19 lära
675 1307 26 18 än
723 1305 35 20 den
776 1306 215 23 evangelisk-lutherska
1006 1306 66 19 såsom
1087 1305 79 20 domare
1181 1305 45 20 eller

608 1339 128 23 innehafvare
759 1339 26 23 af
803 1345 65 13 annan
891 1339 58 24 tjensi
970 1339 45 19 eller
1031 1339 93 24 offentligt
1138 1339 88 24 uppdrag

609 1372 76 24 deltaga
699 1372 9 19 i
721 1371 146 26 handläggande
881 1373 26 24 af
919 1372 65 26 fråga,
1000 1378 41 14 som
1056 1375 57 17 rörer
1126 1373 100 24 religions-

608 1407 56 23 vård,
687 1406 228 25 religionsundervisning
937 1407 46 19 eller
1003 1407 107 24 befordran
1125 1407 31 20 till
1170 1408 58 24 tjenst

608 1442 51 20 inom
679 1441 215 24 evangelisk-luiherska
914 1441 82 24 kyrkan,
1019 1442 46 20 eller
1080 1442 34 20 ock
1128 1442 99 20 undervis-

609 1477 44 24 ning
667 1477 9 18 i
690 1476 43 19 dess
749 1476 44 19 lära
810 1476 29 20 uti
853 1476 74 20 landets
943 1476 96 21 läroverk.

680 1509 41 22 Till
735 1511 126 24 läraretjenst
875 1511 8 19 i
896 1511 83 20 historia
993 1511 33 20 vid
1041 1511 74 20 landets
1129 1511 99 26 offentliga

609 1545 89 20 läroverk
719 1545 33 19 mä
774 1545 18 25 e
806 1546 107 19 bekännare
927 1545 27 24 af
966 1552 63 14 annan
1044 1546 74 20 kristen
1133 1547 93 25 troslära,
