992 1703
276 138 64 24 Ständ.
356 139 30 23 Sv.
402 152 27 3 —
444 139 53 30 Prop.
513 139 31 24 N:o
559 140 20 23 3.
767 141 14 21 3

59 205 59 22 utom
139 204 60 27 gifvit
220 204 34 28 8:n
269 211 26 16 en
310 205 134 23 bestämdare
459 206 136 28 formulering
610 207 87 27 derhän,
713 208 31 21 att
759 207 49 22 hus-

58 239 81 21 bondes
154 239 39 21 och
208 239 138 28 tjenstehjons
361 241 173 27 uppsägningstid
549 241 64 27 utgär
627 241 114 28 samtidigt.

128 273 34 22 Dä
184 274 40 21 den
246 274 120 27 föreslagna
388 275 161 28 förordningens
571 275 74 22 rubrik
667 275 39 22 och
728 276 80 27 ingress

58 307 48 21 med
121 307 99 22 afseende
236 307 13 22 &
264 308 155 23 ofvannämnda
434 309 23 21 af
472 309 118 22 Ständerna
604 310 101 26 vidtagna
719 310 89 27 ändring

58 341 20 27 ej
100 341 72 22 vidare
188 342 82 27 lämpar
285 343 31 27 sig
331 342 33 22 för
378 342 161 28 författningens
553 343 100 27 innehåll,
668 343 64 22 hafva
747 343 61 22 Stän-

58 375 66 22 derna
136 375 78 27 jemväl
230 376 159 22 omformulerat
404 376 58 23 säväl
477 377 100 22 rubriken
593 384 44 16 som
652 378 116 27 ingressen.

124 410 31 22 Pä
177 411 68 27 grund
267 411 23 21 af
310 412 36 21 det
368 411 88 23 anförda
478 412 21 22 fä
521 412 120 22 Ständerna
655 412 153 28 underdänigst

57 445 93 22 anmäla:

264 476 31 21 att
310 474 120 24 Ständerna
445 476 43 22 icke
501 476 81 22 kunnat
595 476 112 28 godkänna
717 476 40 22 den
767 477 39 21 nä-

194 509 49 28 diga
262 511 159 26 propositionen
444 511 135 27 oförändrad,
598 514 52 20 utan
672 512 34 26 för
725 512 34 21 sin
775 512 32 21 del

194 545 81 27 antagit
290 552 24 14 en
328 545 124 28 förordning
468 546 27 27 af
504 546 92 28 följande
610 546 104 22 innehäll:

331 651 121 29 Förordning,
468 651 98 29 angäende
581 651 104 24 förändrad
700 651 71 30 lydelse
787 652 20 23 af

262 685 15 29 8
298 684 26 25 25
342 686 6 23 i
366 686 124 29 legostadgan
505 686 31 24 för
551 686 108 24 husbönder
673 686 34 24 och
723 687 83 28 tjenste-

262 720 43 29 hjon
324 720 21 24 af
360 721 34 23 den
411 721 25 24 30
452 721 78 24 Januari
545 721 56 25 1866.

261 791 130 28 Härigenom
404 792 75 22 varder
493 792 130 28 förordnadt,
640 794 30 21 att
684 794 13 24 $
709 794 32 21 25
751 793 8 21 i
767 793 40 21 nä-

195 826 49 28 diga
259 826 136 29 legostadgan
409 828 34 27 för
457 828 117 22 husbönder
585 828 35 22 och
631 828 128 28 tjenstehjon,
769 827 40 28 gif-

194 868 38 14 ven
254 861 40 22 den
317 863 30 20 30
369 862 94 22 Januari
476 864 66 26 1865,
557 862 53 22 skall
625 862 78 22 erhälla
717 862 91 28 följande

193 894 129 28 förändrade
337 896 85 28 lydelse:

500 973 14 24 $
531 972 36 22 25.

263 1040 115 23 Husbonde
399 1042 41 26 mä,
463 1042 41 21 när
522 1041 42 22 han
579 1041 26 22 sä
619 1041 35 27 för
667 1040 52 29 godt
731 1041 75 28 finner,

195 1074 121 28 orlofssedel
331 1075 31 22 till
377 1075 122 29 tjenstehjon
513 1076 94 27 utfärda.

264 1109 131 28 Tjenstehjon
410 1111 46 21 åter
469 1111 60 27 hafve
544 1111 19 27 ej
571 1112 46 20 rätt
626 1112 31 20 att
667 1111 27 26 af
699 1110 108 22 husbonde

194 1143 73 27 fordra
282 1144 120 27 orlofssedel
418 1145 13 21 ä
447 1151 70 16 annan
533 1145 31 22 tid
578 1147 28 19 än
621 1145 66 21 under
701 1144 69 27 loppet
785 1144 26 27 af

195 1177 117 28 September
326 1179 84 25 månad,
426 1179 46 27 ifall
486 1179 48 22 dess
549 1179 135 28 legostämma
693 1179 64 28 utgår
767 1179 40 22 den

194 1213 12 19 1
229 1212 119 28 November,
369 1215 56 20 samt
442 1213 67 22 under
524 1213 68 28 loppet
607 1213 26 27 af
643 1213 64 22 Mars
721 1213 86 26 månad,

194 1247 37 22 der
248 1247 135 28 legostämma
398 1248 147 28 tilländalöper
560 1248 39 22 den
613 1249 14 20 1
640 1248 54 27 Moj.

266 1281 40 22 Vill
320 1281 106 23 husbonde
440 1283 19 28 ej
473 1282 80 23 behålla
568 1282 121 28 tjenstehjon
704 1283 34 27 för
749 1282 56 22 kom-

193 1316 75 21 mande
290 1316 141 27 legostämma,
446 1323 48 16 vare
508 1317 81 28 skyldig
604 1319 36 24 att,
656 1324 33 15 om
705 1317 35 22 ock
755 1317 50 27 tjen-

193 1350 101 27 stehjonet
308 1350 34 21 det
356 1350 43 21 icke
413 1351 68 26 begär,
497 1350 32 22 till
542 1351 114 21 detsamma
670 1351 88 26 utfärda
773 1357 33 15 or-

194 1383 97 28 lofssedel
306 1386 72 20 senast
393 1385 14 21 å
421 1385 55 22 sista
490 1385 67 28 dagen
571 1384 8 22 i
594 1384 39 22 den
647 1385 85 27 månad,
740 1384 67 23 under

193 1418 79 23 hvilken
296 1419 142 28 tjenstehjonet
460 1419 106 28 ofvanföre
588 1419 123 28 berättigats
726 1421 30 21 att
771 1427 34 14 or-

193 1453 96 28 lofssedel
302 1454 80 27 fordra.
