1020 1709
298 146 64 24 Ständ,
377 147 31 23 Sv.
425 160 24 3 —
466 148 53 28 Prop.
536 148 31 23 N:o
581 148 15 23 1.
755 148 40 22 191

71 214 110 21 länshäkte
204 214 52 21 eller
276 211 65 24 annat
359 214 71 21 dertill
448 214 94 27 upplåtet
561 214 100 26 fängelse.
690 210 31 26 Är
738 214 86 22 straffti-

71 247 41 21 den
134 247 67 22 under
221 248 79 26 fjorton
323 248 70 26 dagar,
416 248 42 21 kan
479 248 178 27 fängelsestraffet
677 244 148 29 verkställas
814 240 13 40 i

71 282 68 21 stads-
153 282 53 20 eller
220 282 174 27 tingslagshäkte,
409 288 46 15 som
470 282 70 22 blifvit
555 282 70 21 dertill
639 282 115 27 godkändt.
770 283 54 21 Fän-

70 315 125 27 gelsestraff,
211 322 45 15 som
271 318 24 18 är
311 316 137 27 ovilkorligen
465 316 92 26 ädömdt,
572 316 35 21 mä
622 317 40 20 ock
676 316 126 22 verkställas
816 317 8 21 i

70 349 95 27 tukthus,
182 350 37 21 der
234 350 206 27 omständigheterna
455 352 51 25 göra
521 351 36 20 det
571 350 80 27 nödigt.
672 351 39 25 De,
727 357 46 14 som
786 353 38 18 äro

70 384 76 21 dömde
161 383 33 22 till
216 383 101 28 fängelse,
337 383 22 22 fä
379 384 64 21 likväl
463 385 19 26 ej
498 385 151 21 sammanföras
664 384 48 22 med
726 385 98 21 tukthus-

71 418 108 27 fängarne.

139 452 92 22 Insättas
246 454 49 20 män
310 453 41 21 och
369 453 90 26 gvinnor
473 453 8 20 i
496 459 80 15 samma
591 453 149 26 straffanstalt;
763 453 61 22 skola

71 487 26 22 de
111 487 58 21 olika
183 487 71 21 könen
268 486 95 23 förvaras
378 487 64 21 skildt
457 487 47 22 frän
519 487 124 22 hvarandra.

138 521 46 27 28.
214 521 53 27 Den,
290 527 45 16 som
357 522 69 21 utstär
444 521 163 28 fängelsestraff,
630 528 49 15 vare
695 522 83 27 skyldig
792 523 32 20 att

70 556 84 26 arbeta;
169 562 49 16 men
232 556 42 27 mä,
291 555 54 22 efter
359 557 48 26 eget
421 556 34 21 val
470 556 40 21 och
524 556 34 21 för
573 562 51 21 egen
639 556 95 27 räkning,
750 557 74 21 anvisa

71 591 75 21 sådant
161 591 80 26 arbete,
257 597 46 15 som
322 593 24 19 är
365 590 99 28 förenligt
482 591 48 21 med
546 590 166 22 straffanstalten
727 591 40 21 och
781 591 43 21 kan

70 625 81 22 utföras
166 625 48 22 med
234 625 52 22 hans
307 625 52 22 eller
373 625 116 22 anstaltens
504 625 99 27 redskap.
633 625 47 22 Kan
695 625 42 22 han
752 625 19 27 ej
786 632 36 15 an-

69 659 47 22 visa
131 659 76 22 sädant
226 659 73 22 arbete
319 660 40 21 och
377 659 101 22 tillbehör
494 659 80 26 dertill;
596 666 49 15 vare
661 659 27 22 dä
703 659 74 27 pligtig
792 661 32 20 att

70 693 90 22 förrätta
183 693 124 27 handtverk,
329 694 117 27 handslöjd,
470 694 51 21 eller
540 696 64 19 annat
623 694 96 27 lämpligt
734 693 90 22 handar-

70 728 49 21 bete
141 728 33 21 för
196 728 93 21 kronans
311 728 96 27 räkning,
430 729 58 26 eller,
508 729 38 20 der
566 729 42 20 han
623 728 94 22 förvaras
732 729 7 20 i
754 729 69 21 stads-

71 762 52 22 eller
144 762 174 27 tingslagshäkte,
341 762 33 21 för
397 763 91 26 stadens,
510 763 125 27 tingslagets
657 763 52 20 eller
730 762 93 23 kronans

70 797 96 26 räkning.

138 832 13 21 3
166 831 18 27 &.
214 832 52 26 Den,
290 838 45 15 som
355 833 24 19 är
398 831 63 22 dömd
475 832 33 21 till
524 832 120 27 ovilkorligt
658 831 161 28 fängelsestraff,

70 867 54 21 skall
138 866 101 22 hänföras
258 867 34 20 till
311 866 43 22 viss
372 866 129 28 afdelning
491 862 13 37 i
520 866 110 23 anstalten.
661 866 162 27 Fängafdelnin-

69 907 66 21 garne
149 902 8 21 i
171 901 112 22 länshäkte
297 901 52 21 böra
363 908 51 15 vara
429 901 64 22 minst
506 902 42 21 tvä.
567 901 42 21 För
623 901 142 27 uppflyttning
776 900 47 22 frän

70 936 59 26 lägre
150 935 108 27 afdelning
280 936 32 21 till
334 935 65 27 högre
421 936 54 26 gälle
498 935 55 22 hvad
573 936 8 21 i
594 935 12 21 3
623 936 48 26 kap.
688 935 85 27 stadgas
789 941 33 15 om

70 969 142 28 uppflyttning
227 970 47 22 från
290 970 58 27 lägre
363 970 58 22 klass
436 970 32 21 till
483 971 71 26 högre.

138 1005 14 21 4
167 1004 18 28 8.
214 1005 54 26 Den,
288 1011 45 15 som
355 1007 24 19 är
395 1005 63 21 dömd
478 1005 32 21 till
526 1005 120 26 ovilkorligt
660 1003 162 28 fängelsestraff,

70 1039 65 22 varde
149 1040 7 21 i
171 1039 129 22 strafftidens
316 1039 74 27 början
405 1039 90 22 hänförd
509 1039 34 22 till
552 1039 69 27 lägsta
631 1038 134 27 afdelningen
776 1038 46 26 och,

71 1074 68 21 sävidt
153 1073 83 27 möjligt
250 1076 30 24 är,
294 1073 70 22 hållen
379 1074 7 21 i
401 1079 80 16 enrum.
504 1074 10 21 I
529 1074 48 21 män
592 1073 23 22 af
628 1073 88 27 fängens
729 1071 93 23 strafftid

70 1108 35 22 mä
124 1108 48 27 han,
192 1107 54 22 efter
268 1107 237 28 fängelsedirektionens
526 1107 105 28 pröfning,
647 1108 72 21 kunna
734 1107 66 21 hällas
815 1107 8 20 i

71 1149 74 16 enrum
159 1142 56 23 ända
229 1143 33 21 till
277 1143 40 21 tolf
330 1141 102 23 månader
447 1143 45 27 och,
508 1143 32 21 för
555 1143 75 26 vigtigt
640 1142 53 26 skäl,
704 1141 61 22 äfven
776 1141 47 21 der-

71 1177 90 27 utöfver,
184 1184 35 15 om
241 1177 23 22 sä
284 1179 30 25 är,
332 1179 32 20 att
386 1177 87 27 fängens
492 1177 60 22 helsa
566 1177 19 26 ej
600 1178 61 24 tager
676 1175 66 22 skada
758 1175 65 22 deraf.

138 1212 78 27 Fänge,
231 1212 85 21 hvilken
336 1211 46 22 icke
397 1211 67 22 hälles
479 1212 8 21 i
506 1217 79 20 enrum,
601 1210 54 22 skall
670 1210 67 21 under
751 1210 72 25 tillsyn

70 1247 74 21 arbeta
158 1247 8 20 i
180 1246 157 27 gemensamhet
351 1245 49 22 med
415 1246 67 21 andra
496 1245 74 27 fångar
585 1246 60 24 samt,
662 1244 37 21 der
715 1244 39 21 cell
768 1244 20 27 ej
799 1245 24 19 är

70 1282 32 20 att
117 1281 65 26 tillgå,
198 1279 62 22 äfven
282 1279 108 28 tillbringa
408 1281 71 20 nätter
498 1279 39 21 och
555 1279 116 21 fristunder
686 1278 138 21 tillsammans

69 1315 50 21 med
134 1315 53 20 dem.
217 1315 25 26 Ej
258 1315 35 20 mä
311 1313 69 28 fänge,
401 1319 45 16 som
464 1314 47 21 icke
534 1313 40 27 fylt
587 1313 90 21 aderton
691 1312 25 21 är
731 1312 39 21 och
785 1312 39 20 hör

70 1349 33 20 till
117 1349 70 25 lägsta
202 1348 140 26 afdelningen,
358 1347 151 21 sammanföras
525 1347 47 20 med
587 1346 59 21 äldre
656 1345 75 26 fångar
739 1345 23 20 af
769 1350 55 15 sam-

69 1388 35 15 ma
119 1381 113 27 afdelning.

137 1416 14 21 5
166 1415 19 27 8.
214 1415 89 27 Fångar,
323 1421 46 15 som
388 1415 57 20 utstå
463 1413 157 27 fängelsestraff
633 1413 32 21 för
679 1413 69 26 böter,
763 1411 61 23 skola

70 1450 67 23 hällas
152 1450 92 22 afskilda
258 1450 47 21 frän
323 1450 67 21 andra
404 1448 82 28 fängar.
514 1448 49 22 Kan
578 1448 36 21 det
628 1447 19 27 ej
663 1447 44 27 ske,
723 1447 53 21 böra
791 1447 33 27 de,
