1011 1714
109 1041 16 18 K

204 147 24 21 18
407 147 19 20 U.
443 148 21 20 B.
480 159 26 2 —
523 148 55 26 Prop.
596 147 35 22 N:o
648 147 31 21 10.

172 209 31 27 sig
226 210 53 20 böra
294 210 69 20 uttala
379 210 150 26 önskligheten
545 210 24 20 af
582 216 26 14 en
624 210 66 20 sädan
706 210 91 26 ändring
812 209 48 21 utaf
873 210 10 26 $
899 210 21 26 4,

172 246 32 18 att
226 244 143 27 upplätandet
391 244 24 21 af
435 244 97 22 luthersk
546 244 198 27 begrafningsplats
759 244 23 21 ät
797 244 122 26 dissenters,

172 286 46 14 som
237 278 70 22 bildat
320 278 193 28 lokalförsamling,
528 279 57 27 finge
601 279 51 21 bero
669 278 23 21 af
705 278 215 22 öfverenskommelse

170 313 93 21 emellan
286 313 71 21 denna
379 314 40 20 och
442 314 41 20 den
506 314 110 20 lutherska
632 313 160 27 församlingen,
808 313 111 21 hvaremot

171 347 77 21 hinder
262 347 47 22 icke
324 348 66 20 mötte
406 350 38 23 att,
455 350 44 19 mot
509 348 71 27 vanlig
591 348 69 27 afgift,
668 347 108 28 jordfästa
786 348 135 21 främmande

170 382 169 21 trosförvandter
353 382 29 26 pä
396 382 97 21 luthersk
509 382 198 27 begrafningsplats
723 383 13 20 &
750 382 68 21 sädan
830 384 39 24 ort,
881 382 38 21 der

171 416 36 21 det
228 416 175 28 kyrkosamfund,
424 416 86 22 hvartill
526 416 40 21 den
582 416 79 22 aflidne
676 416 55 24 hört,
748 416 18 28 ej
783 423 50 15 vore
849 416 70 22 säsom

170 450 126 28 församling
312 451 155 27 organiseradt.
496 451 65 21 Emot
572 452 63 20 dessa
645 451 134 26 uttalanden,
790 450 74 23 hvilka
877 450 45 22 för-

171 486 73 21 anledt
259 488 33 19 att
306 486 131 28 paragrafen
453 493 29 15 nu
496 486 116 28 föreligger
623 486 7 20 i
640 486 66 27 nägot
716 486 84 21 ändrad
810 485 61 27 form,
883 486 38 21 vill

172 520 110 22 Utskottet
298 520 54 22 dock
366 521 73 21 erinra
452 523 32 19 att
499 522 67 20 redan
576 520 133 29 kyrkolagen
719 520 24 22 af
752 522 42 20 den
804 522 12 20 3
827 520 94 28 Septem-

171 556 38 21 ber
225 556 55 21 1686
294 555 32 21 uti
342 556 25 22 18
387 556 49 26 kap.
455 557 23 20 11
495 557 10 25 $
521 556 103 27 stadgade
640 557 32 20 att
687 555 46 27 ,the
748 555 24 22 af
784 555 135 22 främmande

171 590 105 27 Religion,
292 596 45 15 som
357 591 26 20 dö
398 590 41 21 här
453 590 7 21 i
475 590 69 25 Riket,
560 590 61 21 niuta
636 589 63 22 fuller
715 590 146 27 Kyrckiogärd
877 590 41 21 och

170 625 133 27 Lägerstad*
320 624 40 21 och
375 626 32 20 att
419 624 80 28 jemväl
513 624 76 28 Kongl.
605 624 143 28 kungörelsen
763 626 41 20 den
814 625 28 21 24
852 624 67 22 Janu-

171 659 32 21 ari
219 659 54 21 1781
290 658 143 22 tillförsäkrar
443 659 44 21 alla
497 658 23 22 af
528 659 82 21 kristen
621 659 90 27 religion
721 659 115 28 anständig
846 659 75 27 läger-

171 694 49 20 stad
235 693 13 21 å
262 693 148 27 kyrkogårdar
425 694 40 21 och
480 694 69 21 andra
566 694 111 21 allmänna
691 694 228 27 begrafningsplatser.

172 727 61 21 Hvad
250 728 64 27 lagen
328 728 91 21 sälunda
434 728 86 27 medger
534 728 134 22 främmande
683 728 87 22 länders
785 728 134 26 undersätar,

170 762 40 21 har
221 762 110 22 Utskottet
340 764 71 20 ansett
421 762 41 22 den
473 763 45 21 icke
528 763 53 21 böra
591 762 97 22 förmena
697 762 85 22 landets
791 769 55 20 egna
854 762 63 22 barn.

172 796 114 22 Dessutom
300 796 75 22 kunna
389 797 211 27 lokalförsamlingar
614 798 77 25 finnas,
707 797 26 22 de
746 798 37 20 der
793 797 47 21 icke
849 796 71 22 förmä

174 832 90 22 bekosta
274 838 53 21 egen
337 832 128 27 kyrkogärd,
477 832 39 21 och
526 839 63 15 anser
598 832 112 21 Utskottet
718 832 25 21 de
754 832 113 22 lutherska
877 831 43 22 för-

172 866 157 27 samlingarnas
344 866 139 22 ekonomiska
497 867 90 21 intresse
602 874 51 14 vara
669 866 95 28 tillfylles
777 866 140 28 tillgodosedt

173 907 33 14 om
222 902 63 20 dessa
294 900 151 28 församlingar
455 900 129 22 förbehälles
594 900 63 28 afgift
667 900 32 22 till
710 901 113 21 enahanda
833 900 79 28 belopp

173 942 45 14 som
240 934 96 28 erlägges
357 934 33 22 för
413 936 63 24 döda,
491 935 73 22 hvilka
579 935 84 21 tillhört
677 942 73 14 annan
765 935 98 21 luthersk
878 934 42 22 för-

174 969 90 27 samling
274 969 7 20 i
292 968 80 22 landet.
403 969 29 21 Pä
448 970 62 20 dessa
525 970 46 20 skäl
585 969 40 21 har
636 969 108 21 Utskottet
754 976 26 14 ur
789 969 129 27 paragrafen

173 1003 98 21 uteslutit
286 1004 73 24 orden,
377 1003 25 26 ,ä
418 1004 67 20 sådan
501 1006 38 24 ort,
555 1004 39 20 der
604 1003 186 28 lokalförsamling
800 1004 18 27 ej
830 1004 86 20 finnes."

240 1037 96 22 Emedan
358 1038 68 20 andra
447 1044 63 15 mom.
526 1038 6 20 i
548 1039 10 25 $
574 1039 12 20 5
602 1038 75 21 väckte
692 1038 178 26 föreställningen
885 1040 33 19 att

171 1072 97 21 tillträde
283 1072 34 21 till
332 1071 243 28 dissenterförsamlings
591 1072 110 28 offentliga
715 1072 121 28 gudstjenst
846 1072 73 22 kunde

173 1106 109 28 förvägras
305 1106 85 27 enhvar,
413 1113 46 15 som
481 1107 18 27 ej
523 1108 28 26 på
570 1107 103 21 embetets
689 1108 80 26 vägnar
784 1107 89 21 infunne
888 1107 32 27 sig

171 1142 117 26 derstädes,
310 1147 49 15 men
381 1141 158 27 gudstjenstens
562 1141 96 27 verkliga
679 1142 133 27 offentlighet
831 1148 50 14 vore
896 1141 25 21 af

171 1176 70 21 nöden
260 1176 35 20 till
313 1175 174 22 förekommande
502 1176 24 21 af
538 1175 50 29 ofog
604 1176 39 21 och
659 1183 101 19 excesser,
776 1184 45 14 som
836 1176 79 22 bakom

170 1210 72 28 lyckta
258 1210 74 21 dörrar
341 1209 72 22 kunde
423 1210 87 22 inträffa
520 1211 40 21 och
570 1211 19 27 ej
602 1210 62 22 alltid
675 1211 69 22 blefve
754 1211 34 21 för
797 1211 107 28 polismyn
911 1221 7 5 -

170 1244 74 26 dighet
258 1244 109 26 veterliga,
378 1244 114 21 förordade
503 1245 139 25 Kyrkomötet
652 1247 32 19 att
694 1246 67 25 sagda
771 1252 61 13 mom.
841 1245 70 20 skulle

169 1277 111 21 innehålla
296 1278 40 20 den
347 1277 135 27 bestämning
492 1279 32 19 att
535 1277 164 28 församlingens
710 1278 110 27 gudstjent
831 1279 18 26 ej
861 1278 56 27 finge

169 1311 59 21 inom
235 1311 72 27 lyckta
317 1311 75 21 dörrar
401 1311 76 22 hållas,
503 1311 33 21 Då
547 1311 67 23 likväl
623 1313 61 20 ordet
692 1312 118 27 ,offentlig*
818 1312 55 21 efter
882 1312 37 21 Ut-

170 1345 90 22 skottets
276 1345 139 22 förmenande
431 1345 96 28 tillfylles
542 1346 199 28 vidhandengifver,
757 1348 31 20 att
804 1347 39 21 här
858 1347 19 28 ej
894 1348 25 20 är

170 1379 62 28 fråga
247 1387 33 15 om
295 1381 71 26 någon
381 1380 79 28 hemlig
475 1381 178 27 sammankomst,
669 1381 40 22 och
723 1383 45 21 rätt
776 1383 32 20 att
816 1381 46 22 från
871 1382 48 21 sina

170 1415 192 28 andaktsöfningar
376 1417 113 26 utestänga
499 1415 115 29 obehöriga
624 1423 103 21 personer
737 1423 61 22 synes
808 1416 52 23 böra
871 1417 42 21 dis-

236 1455 133 24 Lagutskottets
379 1455 109 19 betänkande
499 1456 34 18 N:o
549 1457 16 17 9.
654 1460 8 9 .
