1020 1695
303 132 115 28 Stäsli..Gv:'—
434 132 95 30 Prop.
536 130 71 26 tt.
773 133 28 21 97

72 193 54 37 och:
133 193 41 37 med
194 198 42 22 tolf
248 198 32 22 år.
297 198 12 22 I
325 198 70 28 öfriga
407 198 37 22 fall
459 204 49 16 vare
523 198 83 22 straffet
619 199 7 21 i
641 197 79 23 allmän
734 198 95 22 straffart

76 232 111 27 högst.:tre
202 231 127 28 fjerdedelar
343 234 155 26 af:strängaste
505 232 65 28 straff,
581 238 46 16 som
636 233 8 21 i
650 232 74 26 hvarje
733 232 95 22 straffart

76 266 36 22 för
125 266 82 22 brottet
227 268 25 19 är
274 267 164 26 stadgadt,
397 262 41 35 och
452 267 56 26 lägst
522 266 36 22 det
572 267 77 22 minsta
663 266 84 26 belopp;
762 273 46 15 som.
823 267 8 20 i

78 306 28 15 en
119 300 55 21 hvar
185 300 25 22 af
224 300 61 22 dessa
300 300 119 22 straffarter
433 300 68 27 enligt
514 300 13 21 2
541 301 56 26 kap.:
606 300 34 21 får
652 298 94 23 ädömäs.
770 300 61 22 Stad-

77 340 39 20 gas
126 334 38 21 för
178 334 82 22 brottet
274 334 19 26 ej
312 336 68 20 annat.
395 334 62 24 straff
469 334 8 21 i
491 334 79 22 allmän
584 332 103 29 straffart,
701 336 27 20 än
744 334 88 22 tukthus

77 367 30 27 pä
123 368 49 22 viss
186 368 53 27 :tid;
258 368 35 21 mä
307 369 42 21 ock
367 368 73 22 kunna
455 369 73 21 dömas
542 368 34 22 till
589 368 96 26 fängelse
700 368 7 22 i
722 368 64 28 högst
800 370 33 20 tre

77 402 132 27 fjerdedelar
222 402 24 22 af
259 402 84 27 längsta
357 402 59 22 tiden
430 402 34 22 för
478 402 37 22 det
529 400 156 29 tukthusstraff,
702 402 54 22 dock
771 402 19 27 ej
802 402 32 22 öf-

79 441 38 16 ver
131 435 47 28 fyra
192 436 30 27 är,
238 435 40 23 och
292 435 56 28 lägst
363 436 41 22 den
418 437 77 22 minsta
509 436 38 27 tid,
558 435 27 28 pä
596 435 86 22 hvilken
693 436 94 28 fängelse
797 443 36 15 en-

79 469 41 28 ligt
135 470 66 27 sagda
215 471 50 26 kap.
280 469 33 22 får
328 470 93 22 ädömas.

149 504 12 21 I
176 504 73 22 stället
263 504 34 22 för
311 504 76 22 förlust
401 505 24 21 af
438 505 163 27 medborgerligt
616 504 123 23 förtroende
748 505 87 22 ådömes

81 539 49 26 den,
146 545 45 15 som
205 538 47 22 icke
271 537 40 28 fylt
332 539 90 23 aderton
440 539 31 27 år,
486 541 32 20 att
532 538 68 22 under
614 539 43 21 viss
670 539 39 27 tid,
725 536 63 31 högst
802 541 33 20 tre

82 572 31 27 år,
128 573 46 20 icke
189 578 51 16 vara
254 573 122 27 vittnesgill.

151 607 14 21 3
181 606 19 28 &
229 606 100 28 Gerning,
345 613 45 16 som
405 607 64 27 begås
484 607 23 22 af
521 607 47 26 den,
583 607 85 22 hvilken
682 609 26 20 är
721 608 72 27 afvita,
807 608 29 21 el-

83 641 34 22 ler
128 640 25 22 af
165 641 210 28 ålderdomssvaghet
390 642 52 21 eller
457 647 69 16 annan
542 641 65 22 sådan
621 641 66 22 orsak
701 643 78 21 saknar
793 642 43 22 för-

84 675 96 22 ständets
195 675 61 27 bruk,
272 682 50 15 vare
337 675 101 23 strafflös.

153 709 46 22 Har
221 710 69 27 någon
307 710 63 22 råkat
387 711 8 20 i
413 710 65 22 sådan
493 710 93 28 tillfällig
601 710 189 28 sinnesförvirring,
805 712 32 21 att

84 743 44 22 han
150 743 18 27 ej
191 744 36 21 vet
240 744 34 21 till
283 744 52 27 sig;
356 749 51 17 vare
427 744 40 22 ock
481 745 95 26 gerning,
591 749 46 17 som
650 744 41 22 han
706 745 8 21 i
728 744 38 22 det
779 745 59 23 med-

85 778 93 22 vetslösa
192 778 96 22 tillstånd
303 778 100 27 föröfvar,
422 778 100 22 strafflös.

153 813 15 21 4
182 812 18 27 8.
230 812 87 22 Pröfvas
340 814 76 26 någon,
438 819 46 15 som
505 812 75 28 begått
601 812 66 27 brott,
687 813 63 22 hafva
764 814 75 22 dervid

81 848 83 21 saknat
183 846 130 23 förständets
334 847 53 22 fulla
405 848 62 26 bruk,
487 847 69 22 fastän
572 847 41 22 han
628 846 19 27 ej
660 847 44 21 kan
718 848 66 27 enligt
798 849 14 20 3
827 848 12 27 &

84 887 64 16 anses
160 881 35 22 för
209 881 153 28 otillräknelig,
384 887 51 16 vare
449 881 62 22 straff
524 882 7 21 i
546 881 78 22 allmän
638 881 95 22 straffart
747 882 69 44 =
831 883 8 20 i

85 915 15 22 2
114 914 12 28 8
141 917 55 26 sägs.

154 949 26 27 Ej
200 949 39 22 mä
260 950 7 21 i
287 949 60 22 detta
357 926 41 55 fall
417 955 37 16 rus
469 950 53 21 eller
535 956 70 15 annan
621 949 58 28 dylik
693 950 147 22 simnesförvir-

86 985 53 26 ring,
160 984 87 21 hvilken
268 985 189 26 gerningsmannen
480 983 50 28 sjelf
549 983 83 28 ådragit
647 985 38 26 sig,
700 984 70 39 allena
784 985 56 26 gälla

85 1018 70 22 såsom
171 1019 46 21 skäl
232 1018 33 21 till
281 1019 66 20 sådan
365 1018 202 27 straffredsättning.

154 1051 47 28 58.
231 1051 42 22 För
295 1053 94 26 gerning,
412 1059 45 15 som
479 1051 85 28 pröfvas
587 1052 63 21 hafva
669 1053 59 21 skett
745 1059 60 15 mera
818 1052 24 23 af

86 1086 60 27 väda,
162 1088 28 19 än
205 1086 23 22 af
240 1086 105 27 vällande,
360 1087 35 21 mä
409 1087 19 26 ej
444 1086 74 22 dömas
532 1086 33 21 till
578 1086 69 22 straff.

86 1127 34 12 sat!
155 1121 14 21 6
184 1120 18 28 6.
232 1121 46 21 Har
295 1120 78 27 någon,
395 1121 33 21 för
442 1123 34 20 att
489 1120 82 27 skydda
585 1121 32 21 sin
632 1121 52 21 eller
699 1127 80 16 annans
793 1127 48 21 per-

86 1160 40 16 son
141 1155 52 21 eller
212 1155 104 27 egendom
338 1156 57 20 .emot
408 1155 114 27 päbörjadt
539 1155 53 21 eller
607 1155 131 22 omedelbart
751 1155 90 22 förestä-

87 1189 55 22 ende
157 1190 132 26 orättmätigt
303 1195 101 21 angrepp,
420 1190 73 26 begått
508 1189 105 27 handling,
630 1195 52 21 som,
697 1189 69 22 ehuru
780 1190 63 27 eljest

88 1223 106 27 straftbar,
210 1224 55 21 varit
280 1223 119 27 nödvändig
414 1223 33 22 för
462 1225 126 26 angreppets
603 1223 134 28 afvärjande;
752 1224 34 21 må
799 1224 42 21 han

88 1257 34 21 för
137 1257 36 21 det
187 1257 95 22 nödvärn
298 1257 19 27 ej
333 1257 72 22 dömas
425 1258 33 20 till
473 1257 67 22 straff.

158 1292 11 20 7
186 1290 18 28 8.
234 1291 94 27 Tränger
342 1292 32 26 sig
388 1291 184 28 någew:olefligen
586 1292 21 21 in
622 1292 7 21 i
643 1298 81 16 annans
731 1298 54 21 rum,
796 1292 46 27 hus,

87 1326 54 26 gård
156 1325 52 20 eller
222 1326 77 26 fartyg,
314 1326 52 20 eller
381 1326 198 28 sätter
459 1321 38 37 sig
508 1326 68 28 mågon
593 1326 33 20 till
635 1328 96 19 motvärn
739 1328 45 19 mot
794 1327 48 25 den,

89 1365 46 15 som
157 1357 13 21 &
184 1358 39 21 bar
245 1359 90 26 gerning
349 1359 36 20 vill
399 1359 96 26 ätertaga
510 1360 31 20 sin
557 1359 110 26 egendom;
693 1365 39 20 ege
746 1360 40 20 ock
800 1361 44 20 rätt

88 1393 34 24 till
137 1392 97 22 nödvärn
249 1398 54 18 rum.

159 1426 13 23 8
187 1426 18 28 8.
234 1426 44 23 Gör
297 1427 114 28 straffänge
435 1427 51 22 eller
500 1434 70 16 annan
584 1427 80 23 häktad
679 1434 76 21 person
771 1428 73 23 försök

764 1472 10 17 7
