1045 1709
235 153 32 39 22
549 158 41 22 N:o
605 158 19 21 1.

279 222 41 20 För
340 221 56 21 hvad
418 220 121 28 förbrytare
553 221 7 19 i
576 220 62 21 dessa
659 220 37 20 fall
715 220 90 26 nödgats
825 219 82 21 utöfver
928 219 33 20 sin

212 256 63 21 andel
291 256 87 26 utgifva,
393 262 39 20 ege
447 255 41 21 han
503 257 42 19 rätt
559 257 32 18 att
605 254 57 21 hålla
677 255 31 27 sig
724 254 31 20 till
773 255 26 20 de
817 254 74 27 öfrige.

280 297 12 19 5
307 296 20 26 8.
357 292 31 23 Är
402 295 67 21 skada
491 295 60 27 gjord
572 295 23 20 af
612 295 52 20 barn
685 294 67 21 under
768 294 78 21 femton
863 294 29 26 år,
907 293 53 21 eller

211 330 23 21 af
248 330 66 21 afvita
329 329 53 21 eller
397 336 68 14 annan
476 328 144 27 otillräknelig
632 335 82 20 person,
727 329 39 20 och
777 329 41 20 kan
830 327 129 22 skadeständ

210 365 20 27 ej
245 365 76 27 gäldas
336 365 23 20 af
373 364 48 27 den,
436 363 88 22 hvilken
547 364 31 19 för
601 363 123 20 underläten
748 363 73 27 tillsyn
840 369 34 14 om
893 361 67 21 sådan

210 405 84 21 person,
310 398 52 21 eller
378 398 32 20 för
424 400 65 19 annat
511 397 77 21 sädant
608 397 106 26 vällande,
737 397 114 21 förklarats
874 396 87 27 skyldig

211 435 31 18 att
257 435 78 18 ersätta
350 433 92 25 skadan;
465 433 72 27 gänge
551 431 152 22 skadeståndet
722 434 22 18 ut
759 433 25 19 af
800 432 161 26 gerningsman-

210 473 52 14 nens
277 467 60 27 gods.

278 507 12 20 6
307 507 20 26 &.
358 507 43 20 Har
416 507 61 20 straff
497 507 52 20 eller
572 509 41 18 rätt
635 506 32 21 till
682 506 42 21 åtal
741 506 32 21 för
792 506 57 21 brott
865 505 96 26 förfallit,

211 541 51 21 eller
278 541 134 26 förbrytaren
436 541 69 20 blifvit
526 541 94 26 straffad,
638 541 52 20 eller
711 541 78 20 brottet
807 541 48 20 icke
871 539 88 22 kommit

210 577 66 20 under
291 575 53 26 åtal;
360 581 50 15 vare
431 575 121 28 derigenom
571 575 135 27 mälsegande
722 575 18 27 ej
756 575 86 27 betaget
861 576 32 19 att
907 574 54 21 söka

210 609 129 22 skadestånd
355 610 56 20 inom
429 610 36 26 tid,
476 617 44 14 som
532 612 23 18 är
566 609 137 22 föreskrifven
715 609 32 21 för
758 609 57 21 talan
827 611 6 19 i
845 609 114 27 fordrings-

210 645 48 20 mål.
289 644 48 21 Står
352 647 41 17 rätt
410 644 32 21 till
457 644 43 21 åtal
517 644 22 21 af
554 644 78 21 brottet
647 647 68 24 öppen
731 645 6 19 i
753 644 73 27 längre
841 644 42 26 tid;
902 643 58 28 gälle

210 679 41 21 ock
266 679 41 21 den
323 679 30 20 tid
369 679 33 20 för
417 678 118 21 utsökande
550 679 23 20 af
587 679 135 20 skadeständ.

276 720 12 19 7
305 721 17 24 $.
352 719 51 21 Rätt
423 719 32 20 till
475 719 57 20 talan
553 725 33 15 om
605 719 139 20 skadeständs
762 719 100 21 utfäende
878 725 24 14 ur
916 719 44 20 för-

210 754 70 21 brutet
294 753 52 28 gods
362 760 50 14 vare
427 753 105 28 förfallen,
548 753 37 21 der
605 753 57 21 talan
678 754 19 26 ej
714 753 77 21 väckes
809 754 57 19 inom
882 755 30 19 ett
927 751 31 28 är,

208 787 91 22 räknadt
321 787 54 28 från,
389 794 49 14 men
453 789 20 26 ej
489 788 47 20 med
552 788 40 21 den
613 787 48 28 dag,
676 786 27 22 dä
718 788 83 26 domen,
819 787 138 28 hvarigenom

209 823 75 27 godset
299 822 113 21 förklarats
428 822 109 27 förbrutet,
553 822 74 21 vunnit
642 822 49 27 laga
706 822 63 21 kraft.

276 863 13 20 8
304 865 17 23 6.
352 863 44 21 Dör
417 863 148 27 mälsepande;
580 869 50 14 vare
652 863 53 20 hans
727 862 190 21 rättsinnehafvare
937 863 21 26 ej

206 897 133 28 berättigade
350 900 31 18 att
391 897 53 21 söka
453 897 36 21 det
497 897 137 27 skadestånd,
648 904 44 14 som
703 897 7 20 i
722 897 11 21 3
745 903 62 16 mom.
817 897 14 21 2
841 899 10 23 $
862 899 96 19 nämnes.

541 994 26 22 10
581 993 49 29 Kap.

455 1045 41 23 Om
512 1045 192 28 religionsbrott.

276 1105 7 18 1
302 1105 17 23 6.
349 1103 63 25 Hvar,
436 1110 43 14 som
502 1103 122 27 offentligen
649 1103 65 20 hädar
730 1102 55 27 Gud,
805 1102 82 21 straffes
906 1103 48 21 med

205 1137 86 21 tukthus
314 1138 52 20 eller
388 1138 94 27 fängelse
496 1139 7 19 i
519 1138 62 26 högst
602 1137 37 20 tvä
658 1137 23 20 är
700 1137 51 20 eller
773 1137 60 20 böter
852 1138 19 25 ej
888 1138 68 20 under

204 1171 72 21 femtio
292 1173 75 19 mark.

273 1212 45 25 26.
349 1213 43 20 Gör
413 1213 69 27 någon
505 1212 121 27 offentligen
643 1213 86 26 gäckeri
745 1213 47 20 med
808 1212 58 21 Guds
882 1212 75 27 heliga

204 1247 46 25 ord,
265 1247 52 19 eller
340 1247 46 18 med
411 1247 64 26 något
490 1248 5 18 i
513 1247 88 19 Finland
620 1247 96 24 erkändt,
731 1247 78 18 tillåtet
827 1247 52 19 eller
898 1247 55 19 tåldt

204 1279 207 27 religionssamfunds
427 1280 51 25 lära,
493 1280 121 20 sakrament
629 1280 51 19 eller
696 1279 101 26 kyrkliga
812 1279 64 26 bruk;
890 1279 63 20 straf-

203 1313 31 21 fes
256 1313 48 20 med
327 1313 95 26 fängelse
437 1314 6 19 i
460 1313 61 28 högst
537 1319 39 15 sex
595 1314 100 20 månader
715 1313 52 21 eller
783 1313 59 21 böter
857 1313 20 26 ej
893 1313 62 21 öfver

204 1347 118 21 tvåhundra
337 1347 66 22 mark,

272 1388 12 20 3
300 1390 17 23 $.
347 1387 65 26 Hvar,
427 1394 44 14 som
488 1389 46 19 med
551 1388 49 20 våld
617 1387 52 21 eller
684 1388 37 20 hot
736 1395 33 13 om
785 1388 48 20 våld
850 1387 102 28 uppsätli-

202 1428 40 21 gen
258 1422 88 21 hindrar
368 1422 131 21 förrättande
513 1422 25 21 af
550 1423 65 27 något
630 1422 6 20 i
653 1422 89 20 Finland
761 1422 97 27 erkändt,
874 1422 78 20 tillåtet

202 1456 53 21 eller
266 1456 52 21 tåldt
328 1457 208 26 religionssamfunds
546 1457 124 26 gudstjenet,
681 1456 51 21 eller
746 1463 69 14 annan
827 1457 48 20 dess
885 1456 67 27 kyrk-
