1020 1714
224 157 40 22 194
419 152 69 29 Ständ!
500 157 30 23 Sv.
545 170 28 3 —
588 157 54 29 Prop:
659 156 62 24 M:d
698 148 27 42 1;

194 223 67 22 under
275 223 152 27 fängelsetiden
442 223 64 28 gälda
520 224 48 21 dem
583 223 32 22 till
629 223 60 21 fullo.
707 223 44 21 Gör
765 223 43 22 han
823 223 45 26 det;
883 223 65 21 varde

193 259 75 26 genast
282 257 103 28 frigifven.

261 293 15 21 4
291 293 20 26 8.
341 291 42 23 Vill
398 293 40 22 den
453 293 95 22 bötfälde
564 293 18 27 ej
597 292 73 23 afbida
684 293 130 26 utmätning;
828 292 63 21 hafve
904 293 45 21 rätt

193 328 38 25 att,
246 327 65 22 sedan
327 327 76 22 domen
418 328 73 21 vunnit
505 327 48 28 laga
566 327 63 27 kraft,
640 327 90 22 aflemna
738 327 90 22 böterna
835 327 66 27 jemte
912 327 36 22 do-

193 368 48 15 men
264 361 53 22 eller
339 362 58 21 bevis
411 368 34 15 om
460 362 100 22 böternas
574 363 77 26 belopp
666 362 33 22 till
717 362 230 27 utmätningsmannen.

262 396 13 21 5
290 395 17 28 8.
338 396 45 21 Har
398 396 82 22 bötfäld
496 403 77 20 person
592 397 88 26 begifvit
695 397 32 26 sig
741 397 59 20 utom
815 397 89 21 häradet
919 397 29 20 el-

192 431 33 21 ler
240 430 80 26 staden,
337 431 39 20 och
397 431 18 26 ej
435 431 81 21 lemnat
530 431 53 22 efter
597 432 32 26 sig
644 430 95 27 tillgång,
755 437 45 16 som
816 437 73 15 svarar
903 432 46 20 mot

192 465 98 26 böterna;
313 465 78 26 begäre
413 467 220 25 utmätningsmannen
654 465 39 22 hos
713 465 103 26 Kejsaren
835 465 40 22 och
890 465 58 21 Stor-

192 499 94 22 furstens
306 499 232 28 befallningshafvande
558 500 159 27 handräckning
731 500 33 21 till
778 499 101 22 böternas
894 499 53 22 infä-

192 534 54 21 ende
261 534 52 21 eller
327 534 41 21 den
387 534 107 23 bötfäldes
514 535 120 22 insättande
653 535 6 22 i
673 534 102 28 fängelse.
805 529 29 26 Är
850 535 52 21 hans
918 535 30 21 vi-

192 569 100 22 stelseort
307 569 18 27 ej
341 569 66 27 känd;
423 569 43 22 läte
482 569 103 28 Kejsaren
600 570 39 21 och
655 569 141 22 Storfurstens
811 569 136 27 befallnings-

192 603 105 22 hafvande
312 604 88 21 allmänt
414 604 52 27 lysa,
482 606 31 20 att
531 605 88 21 böterna
634 605 40 26 mä,
691 605 37 21 der
743 605 41 20 den
799 603 96 22 sakfälde
911 610 36 15 an-

192 638 80 26 träffas,
287 638 7 21 i
309 638 48 27 laga
380 639 90 27 ordning
488 640 92 26 uttagas,
603 639 52 21 eller
671 639 40 21 den
726 638 94 22 sakfälde
835 638 112 22 befordras

192 672 33 22 till
239 672 162 28 fängelsestraff.

261 707 13 21 6
290 707 18 27 $.
338 707 42 21 För
402 708 68 27 böter,
489 708 82 22 hvilkas
593 707 132 22 indrifvande
740 707 118 22 ankommit
872 707 27 27 pä
914 709 33 19 ut-

192 742 161 26 mätningsman,
369 742 55 22 skall
438 742 42 22 han
495 742 69 22 säsom
580 742 33 21 för
628 748 69 16 annan
712 742 98 27 uppbörd
824 741 79 27 afgifva
913 748 33 15 re-

192 777 120 27 dovisning;
333 777 103 21 anteckne
460 777 40 21 ock
522 777 46 21 deri
588 777 74 26 dagen,
683 776 27 21 dä
725 777 89 21 böterna
829 776 70 22 blifvit
913 782 32 16 er-

190 812 70 26 lagda.

260 846 12 22 7
288 846 18 28 8.
335 845 46 22 Har
396 846 91 22 domstol
503 846 103 22 förklarat
620 846 43 21 viss
678 845 104 27 egendom
796 851 52 15 vara
863 845 81 22 förbru-

190 884 46 24 ten;
259 881 60 26 skall,
340 881 64 21 sedan
425 880 75 22 domen
519 881 74 21 vunnit
612 880 48 28 laga
677 880 64 26 kraft,
757 880 75 28 godset
847 879 97 28 försäljas

190 922 76 22 genom
282 915 105 28 offentligt
405 917 62 26 utrop
485 918 54 20 samt
559 916 33 21 för
607 916 167 26 köpeskillingen
789 914 107 24 redovisas
911 916 34 21 sä-

191 958 45 16 som
258 951 33 22 för
313 951 67 27 böter,
403 951 38 21 der
463 951 19 27 ej
502 950 24 22 sä
546 953 30 24 är,
591 952 32 20 att
637 950 82 27 godset,
735 950 65 27 enligt
815 950 129 22 domstolens

190 986 148 26 förordnande,
354 986 39 20 bör
408 985 102 22 förstöras
526 986 52 21 eller
591 985 57 21 föras
663 987 60 19 utom
738 984 79 22 landet.
833 985 46 21 Har
893 984 51 27 god-

190 1023 33 20 set
236 1020 70 22 blifvit
320 1020 107 21 tilldömdt
446 1020 82 22 enskild
547 1026 86 21 person;
656 1020 112 20 ankomme
786 1020 28 26 pä
828 1019 69 22 denne
911 1021 32 19 att

189 1056 80 26 begära
285 1056 118 26 utmätning
419 1055 65 22 deraf.

522 1155 18 19 6
552 1155 68 23 Kap.

321 1198 30 23 Om
367 1196 202 30 uppfostringsanstalt
586 1196 31 24 för
633 1202 46 23 unge
695 1196 117 29 förbrytare.

259 1262 9 20 1
286 1261 17 27 8.
333 1261 121 21 Förordnar
476 1260 97 26 domstol,
595 1261 33 19 att
647 1260 53 20 barn
715 1259 33 20 för
768 1260 58 20 brott
841 1259 55 21 skall
910 1260 32 20 in-

189 1297 65 20 sättas
270 1296 7 20 i
291 1295 80 21 allmän
386 1294 231 26 uppfostringsanstalt,
633 1292 39 22 bör
687 1294 82 25 barnet,
785 1293 65 21 sedan
867 1293 76 21 domen

188 1330 74 20 vunnit
276 1329 49 26 laga
339 1327 64 27 kraft,
419 1330 50 18 utan
486 1327 99 27 dröjsmål
601 1326 110 22 befordras
726 1326 33 21 till
775 1327 111 20 anstalten.
906 1326 37 22 Sä-

188 1364 44 21 vidt
247 1363 108 27 möjlighet
371 1362 70 22 dertill
456 1361 121 27 förefinnes,
593 1361 55 22 skall
662 1361 76 21 barnet
752 1361 66 21 likväl
833 1361 23 21 af
864 1361 79 22 anstal-

186 1400 37 20 ten
238 1398 139 21 öfverlemnas
392 1397 22 21 ät
434 1397 96 26 lämpligt
551 1396 92 21 enskildt
657 1396 54 26 hem,
727 1395 34 22 för
776 1396 32 21 att
823 1395 37 22 der
875 1396 68 21 under

188 1433 115 22 anstaltens
318 1432 71 26 tillsyn
404 1431 127 27 uppfostras,
548 1431 72 21 derest
635 1431 19 27 ej
669 1431 77 20 barnet
760 1430 48 21 med
818 1430 81 27 hänsyn
909 1429 33 22 till

187 1467 64 27 ålder,
267 1469 75 20 vanart
357 1466 51 21 eller
428 1466 66 21 andra
512 1465 181 27 omständigheter
707 1464 85 27 pröfvas
807 1464 67 22 hellre
889 1465 52 21 böra
