1020 1689
292 129 64 23 Ständ.
372 129 30 24 $v.
419 141 24 4 —
459 130 55 29 Prop.
529 130 32 23 W:o
576 131 14 23 1.
760 131 27 22 93

67 192 127 29 fängelsetid
214 196 25 19 är
259 195 101 21 särskildt
380 195 147 28 föreskrifven,
545 197 51 20 eller
615 196 34 21 vid
664 197 151 27 sammanlägg-

67 227 51 27 ning
132 227 24 22 af
169 227 67 22 straff.

137 261 87 22 Straffet
245 263 89 21 utsättes
353 263 8 20 i
375 263 48 21 hela
438 263 70 27 dagar,
529 264 52 21 eller
598 264 106 26 mänader,
719 264 52 21 eller
785 264 24 21 är

67 296 49 21 hela
130 296 101 21 mänader
246 296 40 21 och
300 297 71 26 dagar,
387 297 51 21 eller
452 297 48 21 hela
515 297 23 21 är
551 298 39 20 och
600 298 107 26 mänader,
717 300 55 19 samt
781 299 35 20 vid

69 330 193 27 sammanläggning
276 329 23 22 af
312 330 62 21 straff
386 331 7 21 i
407 331 48 22 hela
470 331 29 26 är,
514 331 100 22 mänader
634 332 38 21 och
688 331 71 27 dagar.

136 363 47 28 48.
212 364 41 22 Till
267 365 61 20 böter
344 365 71 22 dömes
430 366 7 21 i
452 365 48 22 hela
514 366 67 21 mark.
606 366 77 22 Minsta
698 367 38 21 bot
750 369 25 18 är
784 368 32 20 tre

68 399 67 26 mark,
150 398 76 27 högsta
240 398 38 22 bot
293 400 82 20 ettusen
392 401 66 24 mark,
475 399 37 22 der
527 400 19 27 ej
562 400 64 27 högre
641 401 78 27 belopp
734 403 23 19 är
772 403 44 19 sär-

68 432 66 22 skildt
148 432 141 27 föreskrifvet,
304 433 53 22 eller
371 433 61 22 böter
446 434 173 27 sammanläggas.

136 467 14 21 5
165 467 28 27 8.
212 467 60 28 Den,
282 473 45 16 som
342 467 60 22 fälles
417 469 33 20 till
464 469 61 21 böter
540 469 39 21 och
593 469 77 22 saknar
684 469 88 28 tillgång
785 471 31 20 att

69 501 48 22 dem
131 502 33 21 till
178 501 52 22 fullo
245 502 68 27 gälda,
329 503 61 26 skall,
404 503 8 21 i
427 504 76 26 stället,
520 503 66 22 hällas
600 504 8 21 i
622 503 94 28 fängelse
725 505 33 20 för
767 504 50 21 hela

69 536 170 27 bötesbeloppet;
267 537 38 21 och
332 537 80 27 äligger
434 538 124 26 domstolen,
580 540 39 19 när
641 539 61 20 böter
724 538 92 27 ädömas,

67 570 70 22 tillika
150 572 80 20 utsätta
244 571 59 21 tiden
318 570 33 22 för
369 571 181 27 fängelsestraffet.

137 604 41 22 Vid
200 605 72 22 böters
287 605 132 27 förvandling
441 606 34 21 till
489 606 93 27 fängelse
600 613 61 14 svare
680 607 46 26 fyra
741 607 76 26 dagars

68 639 94 28 fängelse
177 641 45 20 mot
236 639 61 22 böter
310 639 33 22 till
358 639 40 21 och
412 640 47 21 med
474 640 60 27 tjugu
548 640 66 21 mark.
630 640 32 22 Gå
672 641 89 21 böterna
771 641 46 21 der-

69 674 58 21 öfver
141 673 33 22 till
189 674 39 21 och
242 674 49 21 med
306 674 114 21 etthundra
434 675 70 26 mark;
520 675 51 21 ökes
581 674 178 27 fängelsestraffet
768 675 49 21 med

69 715 25 14 en
110 708 40 26 dag
165 707 34 21 för
218 708 72 27 hvarje
308 708 48 21 fullt
372 708 77 27 belopp
468 708 23 21 af
504 708 41 22 fem
560 709 66 20 mark.
656 709 58 26 Stiga
728 709 89 21 böterna

69 742 59 21 öfver
143 742 113 21 etthundra
275 743 69 26 mark;
365 743 51 20 ökes
435 743 175 26 fängelsestraffet
624 743 48 21 med
687 750 26 14 en
728 743 42 27 dag
783 743 34 21 för

68 777 73 26 hvarje
160 776 48 21 fullt
226 776 77 27 belopp
324 777 23 21 af
364 777 30 21 tio
409 777 66 26 mark,
491 783 44 15 som
551 777 139 26 öfverskjuter
704 777 113 22 etthundra

68 811 67 26 mark,
158 810 54 21 dock
234 811 32 20 att
287 810 151 27 fängelsetiden
461 811 45 21 icke
528 811 8 21 i
558 811 64 26 något
643 811 38 20 fall
702 811 34 21 må
751 813 66 20 sättas

68 845 79 26 längre,
162 847 28 19 än
204 845 61 20 nittio
282 845 70 26 dagar.

136 879 13 21 6
164 879 19 27 &.
212 879 66 21 Beror
293 879 61 21 straff
367 879 23 21 af
403 879 74 21 värdet
492 879 12 21 å
518 880 42 21 viss
575 879 111 27 egendom;
711 879 55 27 gälle
782 879 35 22 det

68 913 71 26 värde,
154 913 130 27 egendomen
298 913 54 21 hade
367 913 13 22 ä
395 913 41 21 den
453 913 37 26 tid,
506 913 27 21 dä
547 913 79 22 brottet
640 914 92 25 begicks.

137 948 12 20 7
166 948 16 26 8.
214 947 122 27 Afsättning
357 948 88 21 innebär
467 947 75 22 förlust
564 947 23 21 af
608 949 39 20 den
669 948 70 26 tjenst,
757 948 61 21 hvari

68 982 81 21 brottet
168 982 92 26 begicks,
279 981 51 22 eller
349 981 85 22 hvilken
454 981 40 21 den
513 981 95 28 skyldige
622 981 9 22 i
646 982 48 21 dess
709 982 62 21 ställe
786 989 32 14 er-

68 1015 69 22 hällit.

137 1049 11 21 I
163 1049 44 27 fall,
223 1056 45 15 som
284 1049 132 22 omförmälas
431 1051 7 20 i
455 1050 27 22 10
496 1049 18 27 $,
530 1050 23 21 sä
568 1050 39 20 ock
617 1049 27 22 dä
654 1050 123 26 ovärdighet
786 1051 33 20 att

69 1083 78 27 nyttjas
162 1084 7 20 i
189 1084 82 21 landets
290 1083 64 27 tjenst
372 1084 53 21 eller
439 1084 77 21 förlust
530 1084 23 20 af
565 1084 163 27 medborgerligt
741 1084 77 21 förtro-

69 1118 54 21 ende
145 1117 85 23 ädömes
248 1118 66 26 jemte
334 1118 120 27 afsättning,
474 1118 87 21 innebär
579 1118 114 27 afsättning
706 1118 76 21 förlust
796 1118 23 21 af

70 1152 40 21 den
125 1152 52 22 eller
193 1152 26 21 de
233 1152 89 27 tjenster
337 1152 41 21 den
396 1152 95 27 skyldige
505 1152 94 22 innehar.

139 1186 39 21 Om
197 1188 43 19 rätt
258 1186 33 21 till
311 1187 87 25 pension
418 1187 39 21 och
472 1192 69 16 annan
560 1186 65 21 sädan
639 1186 82 22 förmän
735 1188 25 20 är
774 1188 44 20 sär-

70 1220 66 22 skildt
150 1220 105 27 stadgadt.

139 1256 11 19 8
166 1254 18 27 8.
214 1254 41 22 Till
277 1254 103 28 skiljande
398 1254 47 22 från
465 1255 96 26 utöfning
580 1254 22 22 af
622 1254 65 27 tjenst
706 1255 71 21 dömes
792 1255 27 27 pä

70 1290 41 20 viss
126 1289 38 25 tid,
180 1288 18 27 ej
214 1288 59 22 öfver
287 1288 36 22 tvä
338 1288 30 22 är.

139 1322 85 21 Straffet
242 1324 81 20 medför
341 1322 77 22 förlust
432 1323 68 21 under
519 1322 119 22 strafftiden
652 1322 23 21 af
688 1324 27 26 de
728 1323 91 21 löneför-

70 1356 78 26 mäner,
164 1356 72 21 hvilka
250 1356 74 27 ätfölja
340 1356 40 22 den
394 1357 70 26 tjenst,
479 1356 46 22 frän
533 1357 62 21 hvars
606 1356 95 27 utöfning
712 1356 41 22 den
762 1356 57 27 skyl-

71 1391 48 27 dige
133 1390 70 22 blifvit
220 1391 62 21 skild.

139 1424 13 21 9
167 1424 19 27 8.
216 1420 30 26 Är
260 1425 46 27 den,
322 1430 45 16 som
386 1424 34 21 för
434 1424 57 22 brott
505 1425 8 21 i
527 1424 64 27 tjenst
606 1424 55 26 gjort
675 1425 32 26 sig
722 1424 96 22 förfallen
