1031 1706
421 146 39 23 N:o
475 146 20 22 1.
777 148 26 21 57

86 209 32 20 för
142 209 61 21 stöld.
232 208 100 21 Inträffar
355 210 74 20 härvid
448 210 44 27 fall,
508 217 43 14 som
568 211 5 19 i
590 212 12 18 8
618 214 9 21 $
643 212 12 19 7
672 212 47 25 kap.
736 214 96 21 nämnes;

84 243 56 26 gälle
155 243 55 19 hvad
228 244 36 19 der
280 246 23 17 är
318 244 105 26 stadgadt.

153 277 11 19 9
181 276 19 29 8.
230 277 53 24 Den,
307 284 44 13 som
375 279 56 25 gjort
445 279 32 25 sig
492 278 97 20 förfallen
606 279 32 19 till
653 279 61 19 straff
727 279 33 20 för
776 280 54 19 stöld

84 312 53 20 eller
159 312 87 26 inbrott,
261 312 66 20 varde
350 312 40 20 ock
406 313 62 19 dömd
491 314 96 26 förlustig
610 314 165 26 medborgerligt
789 314 43 19 för-

84 346 94 20 troende,

419 421 29 21 29
464 421 47 27 Kap.

347 471 41 22 Om
403 471 168 28 försnillning.

153 516 46 29 18.
229 517 110 26 Tillegnar
361 524 47 13 man
432 519 38 25 sig,
494 521 47 17 utan
562 518 48 27 laga
625 520 48 23 rätt,
689 526 80 12 annans
786 519 45 19 lösa

81 552 60 27 gods,
162 552 83 20 hvilket
267 559 48 13 man
338 552 38 20 har
398 553 6 19 i
421 553 30 19 sin
469 553 68 26 värjo;
553 553 82 19 straffes
651 553 31 19 för
697 553 134 26 försnillning

82 586 48 21 med
148 587 58 19 böter
221 586 53 20 eller
289 586 94 26 fängelse
398 587 8 19 i
422 586 61 28 högst
499 590 30 17 ett
544 587 29 20 år.

149 620 44 21 Var
208 622 75 25 godset
298 621 133 27 förbrytaren
448 622 116 20 anförtrodt
580 622 65 19 under
661 622 37 24 lås,
709 622 121 26 försegling,

82 656 52 20 eller
156 659 66 16 annat
242 656 101 26 stängsel,
365 655 52 20 eller
444 655 87 27 bergadt
555 656 68 20 undan
648 662 83 20 uppror,
755 656 75 25 fiende,

81 690 75 26 brand,
172 690 109 25 vattunöd,
297 690 136 26 skeppsbrott
456 690 51 20 eller
529 697 69 13 annan
622 690 65 20 sådan
704 690 56 26 fara;
781 697 48 13 vare

79 724 83 20 straffet
178 724 94 27 fängelse
288 724 46 20 från
350 724 39 26 och
406 724 45 20 med
468 724 35 20 två
519 724 100 20 månader
634 724 33 20 till
683 724 39 20 och
740 725 45 19 med
798 727 31 17 tre

78 758 25 20 år
119 758 54 20 eller
190 759 85 19 tukthus
292 759 4 18 i
314 758 61 27 högst
391 761 31 17 tre
439 760 28 19 år.

149 793 12 20 2
177 792 19 28 8.
228 792 64 25 Hvar,
308 800 43 12 som
372 793 67 19 finner
454 793 52 19 eller
522 791 63 22 hittar
601 793 70 26 något,
687 793 52 19 eller
753 799 75 20 genom

80 834 70 14 annan
172 827 66 21 sådan
262 827 129 26 tillfällighet
410 827 95 20 kommer
520 828 6 19 i
543 827 115 27 besittning
673 828 23 18 af
710 828 63 26 något
789 827 39 20 och

79 863 20 25 ej
115 862 55 20 låter
186 862 22 19 sä
224 862 103 27 kungöra,
343 868 42 13 som
403 862 6 19 i
426 862 33 25 lag
475 865 24 16 är
514 862 106 26 stadgadt,
630 862 84 20 straffes
729 862 47 19 med
793 862 35 19 bö-

80 902 32 14 ter
127 897 61 23 högst
204 896 119 20 tvähundra
338 896 65 20 mark.

148 931 95 27 Förtiger
265 932 40 18 han
330 931 74 25 fyndet
423 931 51 19 eller
490 931 135 26 hittegodset,
642 930 27 20 dä
684 937 75 20 egaren
777 931 51 20 eller

80 972 69 14 annan
166 966 70 19 dertill
253 966 117 25 berättigad
387 965 68 26 gifver
470 966 31 26 sig
518 965 29 20 till
565 966 76 21 känna,
658 964 52 20 eller
726 965 99 27 tillegnar

78 1000 42 20 han
136 1000 36 20 det
193 1000 31 25 sig
248 1000 138 24 annorlunda,
403 1003 48 16 utan
470 1000 48 26 laga
533 1003 50 21 rätt;
601 1006 48 13 vare
665 1000 83 19 straffet
765 1000 59 19 böter

79 1033 52 20 eller
146 1033 94 27 fängelse
256 1034 18 26 ej
290 1034 59 20 öfver
365 1037 30 16 ett
411 1034 28 20 är.

147 1067 9 20 I
180 1067 42 20 alla
246 1067 60 20 dessa
322 1067 36 20 fall
375 1074 49 13 vare
441 1067 87 20 hittelön
545 1068 39 19 och
601 1067 48 26 laga
665 1067 62 19 andel
743 1067 5 18 i
766 1067 61 20 hitte-

78 1101 77 27 godset
170 1101 132 20 förverkade.

403 1175 31 21 30
450 1175 48 27 Kap.

370 1227 41 21 Om
427 1226 107 27 bodrägt.

149 1275 7 18 1
175 1272 19 28 &.
224 1273 69 26 Draga
318 1274 73 18 makar
406 1273 65 25 något
488 1274 69 19 undan
573 1273 120 20 hvarandra
707 1272 51 19 eller
774 1273 51 19 barn

79 1308 70 19 undan
170 1307 110 24 föräldrar,
297 1307 51 20 eller
364 1307 116 20 fosterbarn
499 1308 68 19 undan
584 1307 175 25 fosterföräldrar,
775 1307 52 19 eller

78 1341 197 23 sterbhusdelegare
297 1341 52 18 eller
373 1341 72 23 andre,
461 1347 43 12 som
521 1343 36 16 äro
573 1341 6 18 i
595 1340 99 19 samfäldt
709 1339 27 19 bo
752 1340 53 19 eller
819 1341 7 17 i

79 1374 69 25 bolag,
165 1373 69 20 undan
258 1374 48 19 boet
329 1373 52 19 eller
397 1373 94 26 bolaget;
515 1373 82 20 straffes
620 1373 40 19 den
680 1373 98 26 skyldige
794 1373 32 18 för

79 1407 91 27 bodrägt
188 1407 46 20 med
255 1407 65 21 böter.
349 1403 44 24 Äro
409 1406 208 26 omständigheterna
632 1406 134 27 synnerligen
782 1406 45 20 för-

78 1443 114 24 svårande;
210 1449 48 13 vare
274 1441 82 21 straffet
373 1441 92 28 fängelse
481 1444 5 17 i
504 1442 60 25 högst
580 1444 29 17 ett
625 1441 29 20 år.
