1045 1709
346 142 23 20 U.
384 142 21 20 B.
420 153 27 3 —
461 142 59 26 Prop.
534 143 37 20 N:o
586 143 15 20 1.
795 143 37 19 107

118 196 122 29 87811
260 198 48 26 kap.
332 198 205 27 Utsökningsbalken
557 200 39 20 och
612 200 26 20 26
655 200 10 26 8
691 200 24 20 10
739 200 49 26 kap.
810 200 52 19 Rät-

118 231 166 27 tegängsbalken
307 232 108 26 grundade
436 235 42 17 rätt
492 235 31 17 att
538 233 73 27 ålägga
628 234 55 19 vissa
697 234 64 19 straff
773 232 32 22 för
820 234 41 20 för-

118 266 120 20 summelser
261 266 23 19 af
305 267 132 26 tjenstemän,
459 267 23 20 sä
502 267 39 20 ock
556 268 145 25 stadgandena
716 274 33 13 om
766 268 97 19 bestraff-

117 300 51 25 ning
183 299 24 20 af
226 301 56 19 vissa
296 299 110 22 förseelser
421 301 47 19 utaf
481 301 89 26 ungdom
588 301 32 20 vid
637 301 71 20 skolor
717 301 52 20 eller
780 302 82 20 univer-

118 334 76 20 sitetet.

185 373 200 29 Bestämningarna
399 375 9 20 i
424 375 70 20 denna
508 375 103 28 strafflag
627 375 60 21 skola
699 375 44 22 icke
752 375 111 28 tillämpas

117 408 14 20 å
153 407 63 28 brott,
236 408 112 28 begångna
363 408 29 27 af
403 409 53 24 dem,
471 408 72 21 hvilka
558 409 53 21 höra
627 409 36 20 till
677 409 52 28 rysk
743 410 9 20 i
766 409 97 21 Finland

112 441 96 29 förlagd
229 442 143 29 krigsstyrka,
395 443 36 21 och
446 444 20 26 ej
480 443 67 21 heller
567 443 76 21 beröra
662 443 56 21 hvad
732 450 45 15 som
787 443 76 28 finnes

117 477 105 28 stadgadt
243 477 113 28 angående
374 478 57 20 vissa
442 477 145 28 förbrytelser
602 477 30 28 af
639 484 112 21 personer,
767 477 96 22 hörande

117 511 35 21 till
166 511 161 28 grekisk-ryska
342 512 89 27 andliga
446 512 92 21 ståndet.

184 551 90 28 (Utest.)

184 592 15 20 3
220 591 22 28 8.
271 586 21 26 Ä
313 591 62 26 brott,
396 598 44 15 som
457 591 113 28 föröfvats
587 591 76 22 medan
679 592 62 21 äldre
756 593 36 27 lag
807 592 57 21 varit

116 625 110 29 gällande,
241 633 47 14 men
303 625 94 27 hvarom,
406 627 69 20 innan
482 626 130 29 strafflagen
621 627 76 20 trädt
688 621 10 38 i
704 627 68 28 kraft,
784 628 21 27 ej
813 627 50 28 blif-

116 660 32 21 vit
162 660 75 21 dömdt
250 667 75 21 genom
341 661 54 26 dom,
410 667 44 14 som
470 661 75 20 vunnit
556 661 52 21 eller
610 661 43 27 fär
661 662 65 20 vinna
735 661 51 28 laga
794 661 69 28 kraft,

117 694 57 21 skall
189 695 42 20 den
246 695 37 27 lag
299 694 117 28 tillämpas,
431 702 45 14 som
492 695 92 21 mildare
599 697 32 20 är.

185 741 15 20 4
214 740 20 27 $.
250 740 40 27 (3).
319 740 63 21 Från
398 740 38 21 och
451 741 47 20 med
513 741 41 20 den
566 741 50 28 dag,
627 741 29 20 dä
665 741 130 28 strafflagen
804 741 61 21 trädt

117 775 10 20 i
141 774 103 28 gällande
258 774 68 27 kraft,
341 775 56 20 skall
412 775 120 27 iakitagas:

186 823 18 19 1.
234 824 32 17 att
282 823 25 19 de
324 822 7 19 i
347 822 58 20 äldre
422 822 34 27 lag
476 823 102 26 stadgade
589 822 85 20 straffen
684 821 117 25 fridlöshet,
812 822 51 20 hud-

115 855 118 28 strykning,
245 857 137 26 begagnande
391 857 22 19 af
425 857 90 26 halsjern
526 857 34 19 vid
571 857 86 20 ädömdt
665 857 79 26 arbete,
755 857 108 20 utställan-

118 890 27 21 de
160 893 30 18 att
206 891 110 26 skämmas,
332 891 126 27 kungörelse
474 892 5 19 i
496 891 68 26 kyrka
580 898 32 14 om
628 891 85 26 brottet,
723 894 64 17 annat
797 892 66 19 skam-

117 925 60 20 straff
190 925 39 20 och
245 925 63 20 afbön
324 925 19 27 ej
360 926 72 20 vidare
447 926 21 19 fä
483 926 69 27 nägon
567 926 92 25 ädömas,
675 926 46 26 och,
737 927 6 19 i
754 926 37 20 fall
799 927 65 26 nägot

118 959 22 19 af
154 959 47 20 dem
218 965 49 14 vore
283 959 118 26 förbrytare
417 960 91 24 ädömdt,
526 961 17 25 ej
560 960 66 20 heller
641 961 134 23 verkställas;
792 961 23 19 sä
823 960 40 21 ock

117 995 33 18 att
164 993 141 21 förordnande
321 1000 33 14 om
371 994 137 27 vanhederlig
523 995 122 26 begrafning
660 995 7 18 i
683 995 51 19 eller
750 997 55 17 utom
815 995 48 26 kyr-

119 1027 81 26 kogärd
223 1028 23 20 af
266 1028 129 27 förbrytares
411 1029 29 20 lik
456 1029 93 20 hvarken
566 1029 33 20 mä
613 1029 109 21 meddelas
737 1029 51 20 eller
803 1029 61 20 verk-

118 1062 82 25 ställas;

186 1103 19 20 2.
236 1104 30 17 att
289 1103 178 26 landsförvisning
491 1103 47 20 icke
555 1104 33 19 mä
603 1103 68 26 någon
685 1103 89 20 &dömas
789 1103 39 20 och
845 1103 18 26 ej

118 1136 67 21 heller
200 1136 133 26 verkställas,
348 1140 54 17 samt
417 1134 37 28 att,
470 1140 37 17 när
523 1137 61 26 brott,
600 1137 86 20 hvarom
702 1137 72 26 slutlig
785 1137 48 20 dom
845 1138 19 25 ej

118 1170 62 27 fallit,
204 1170 68 27 enligt
294 1171 59 20 äldre
377 1172 35 25 lag
427 1171 81 21 straffas
530 1172 73 19 endast
619 1172 46 19 med
681 1171 184 27 landsförvisning,

117 1204 123 27 strafflagen
256 1205 38 20 bör
309 1205 112 27 tillämpas,
436 1212 32 14 om
486 1206 38 20 den
536 1205 117 21 innehäller
663 1205 63 20 straff
734 1206 32 19 för
776 1205 89 21 brottet.

186 1245 18 21 3.
235 1247 31 18 att
288 1248 62 17 ärans
374 1246 73 19 förlust
462 1247 39 19 och
519 1246 74 20 förlust
607 1246 23 19 af
645 1246 164 27 medborgerligt
824 1247 41 19 för-

120 1279 88 20 troende
230 1280 19 25 ej
272 1280 34 19 mä
329 1281 69 25 någon
415 1281 86 19 ädömas
517 1280 53 20 efter
584 1280 59 20 äldre
658 1280 40 26 lag,
714 1287 47 12 men
777 1282 37 23 att,
829 1283 38 17 när

118 1313 60 20 brott
192 1316 24 17 är
230 1313 7 20 i
252 1314 59 19 äldre
328 1313 34 27 lag
378 1314 85 27 belagdt
474 1315 46 19 med
532 1315 115 25 nägotdera
658 1315 23 19 af
690 1315 60 20 dessa
760 1314 61 20 straff
827 1314 39 20 och

118 1347 122 26 strafflagen
265 1348 31 19 för
308 1348 75 25 dylikt
399 1349 55 18 brott
469 1349 125 18 bestämmer
610 1348 73 19 förlust
698 1348 23 19 af
734 1348 133 25 medborger-

118 1379 38 27 ligt
178 1379 125 25 förtroende,
328 1381 31 19 till
382 1381 65 20 sådan
466 1381 80 26 påföljd
568 1381 53 20 skall
639 1382 72 19 dömas
731 1381 52 20 efter
798 1381 67 20 straff-

120 1413 71 27 lagen;
