1048 1711
216 155 26 22 10
526 154 38 22 N:o
581 153 19 22 1.

256 218 24 19 10
304 219 17 22 $.
359 213 29 23 Är
415 217 125 26 tjensteman
567 216 97 21 förfallen
687 215 31 20 till
742 214 115 21 dödsstraff
882 214 52 20 eller

189 251 86 20 tukthus
291 251 28 26 på
334 251 75 26 lifstid;
426 251 54 20 skall
496 251 40 19 han
553 251 39 20 ock
609 250 103 20 förklaras
728 255 51 14 vara
794 249 69 20 afsatt.

255 286 43 19 Har
314 286 125 25 tjensteman
455 285 74 26 begått
545 285 61 25 brott,
623 285 65 19 hvarå
699 283 147 21 tukthusstraff
855 283 27 27 på
893 283 42 19 viss

185 320 29 20 tid
238 320 38 20 bör
299 319 57 27 följa,
373 318 40 21 och
429 321 36 17 äro
481 320 19 24 ej
517 318 207 25 omständigheterna
739 318 135 26 synnerligen
892 317 44 20 mil-

184 354 90 26 drande;
298 354 53 19 skall
375 353 41 20 han
441 353 69 19 tillika
533 353 73 20 dömas
629 352 30 20 till
683 352 122 26 afeättning,
828 352 56 20 ändå
904 354 31 18 att

184 388 79 20 brottet
278 388 56 20 skett
350 390 56 17 utom
423 388 96 26 tjensten.

252 421 142 27 Tjensteman,
417 428 43 13 som
484 421 106 28 undergår
613 421 141 26 ovilkorligen
773 421 52 20 eller
840 421 6 19 i
862 420 73 21 stället

183 457 32 19 för
238 456 60 21 böter
321 456 86 20 ådömdt
431 455 138 27 frihetsstraff,
594 462 56 19 vare,
668 462 33 13 om
725 455 40 20 han
786 455 120 20 bibehållits
927 456 5 19 i

184 491 98 26 tjensten,
302 491 66 19 under
383 490 116 21 strafftiden
518 490 141 21 underkastad
676 490 39 20 den
732 489 74 21 förlust
821 490 22 20 af
858 490 75 20 förmå-

184 531 43 20 ner,
243 531 44 14 som
304 525 105 26 skiljande
425 525 44 20 från
487 526 101 25 tjenstens
604 525 96 26 utöfning
717 524 88 21 medför.

254 561 22 18 11
294 562 15 22 $.
341 559 43 19 När
402 560 6 18 i
429 559 36 27 lag
481 563 22 16 är
519 559 101 20 särskildt
635 559 111 25 bestämdt,
762 561 30 17 att
808 560 124 25 tjensteman

182 594 56 20 skall
260 594 32 20 för
314 594 76 20 sådant
406 594 5 19 i
429 594 89 26 tjensten
535 594 107 20 föröfvadt
657 593 63 27 brott,
736 594 66 19 hvarå
817 594 116 26 afsättning

184 628 38 20 bör
237 628 57 27 följa,
311 628 69 20 tillika
396 627 103 21 förklaras
515 628 88 26 ovärdig
619 630 31 18 att
660 629 79 25 nyttjas
750 628 6 20 i
768 628 82 20 landets
861 627 72 29 tjenst,

184 663 71 19 dömes
279 662 31 20 till
333 662 64 20 sådan
422 662 79 26 påföljd
517 663 99 25 antingen
634 663 26 25 på
676 663 41 19 viss
734 663 36 26 tid,
786 664 19 25 ej
821 662 66 21 under
903 664 30 18 ett

181 697 41 20 och
246 698 18 26 ej
286 697 59 20 öfver
362 697 27 19 tio
407 697 30 26 år,
453 697 51 19 eller
519 697 33 20 för
566 696 68 20 alltid.
664 696 32 20 Då
711 696 90 21 förutom
817 697 116 27 afsättning

182 731 135 20 frihetsstraff
337 731 28 26 på
388 731 41 19 viss
452 732 30 19 tid
505 734 23 17 är
547 731 94 24 ädömdt,
656 731 54 20 skall
726 731 66 21 sådan
808 732 125 26 ovärdighet

182 766 82 19 utöfver
288 766 57 19 tiden
369 766 31 19 för
419 765 156 21 frihetsstraffet
590 765 88 21 fortfara
694 766 67 20 under
776 766 40 20 den
832 766 6 20 i
855 766 75 21 domen

182 800 32 20 för
229 800 152 26 ovärdigheten
398 802 78 18 utsatta
493 800 35 20 tid.

250 834 71 20 Under
337 834 56 20 tiden
410 834 32 20 för
457 834 126 26 ovärdighet
598 841 50 13 vare
664 834 40 20 den
720 834 98 27 skyldige
834 835 40 20 ock
890 835 40 20 för-

181 868 63 26 lustig
260 867 168 27 medborgerligt
444 868 128 21 förtroende.

251 903 25 19 12
292 904 16 22 $.
340 902 46 19 Med
403 903 124 25 tjensteman
544 903 74 20 förstås
634 903 6 19 i
657 902 69 21 denna
742 903 35 26 lag
792 905 79 18 statens
888 910 41 13 em-

181 936 103 25 betsmän,
293 937 23 18 så
331 936 40 20 ock
387 937 33 24 de,
429 943 44 13 som
490 939 36 18 äro
538 939 54 18 satte
607 938 31 18 att
654 937 90 20 förvalta
755 937 87 25 städers,
852 937 77 26 menig-

180 970 70 19 heters
270 970 52 19 eller
337 970 24 19 af
374 970 121 20 öfverheten
512 971 129 20 stadfästade
658 971 106 20 allmänna
779 971 151 26 inrättningars

179 1004 53 19 eller
254 1004 112 20 stiftelsers
381 1004 186 27 angelägenheter,
583 1005 107 20 äfvensom
707 1005 26 20 de
749 1006 124 25 tjenstemän
889 1005 40 20 och

180 1038 100 27 betjente,
298 1045 44 13 som
365 1038 50 26 lyda
432 1039 65 20 under
512 1039 80 20 sådana
607 1039 89 20 embets-
713 1039 51 20 eller
780 1039 150 27 förvaltnings-

179 1072 154 26 myndigheter.

248 1106 60 20 Hvad
332 1107 7 19 i
362 1107 69 19 denna
454 1107 33 26 lag
507 1107 86 26 stadgas
614 1113 33 14 om
668 1108 132 25 tjensteman,
816 1107 57 27 gälle
888 1107 41 20 ock

179 1140 49 26 den,
244 1146 44 14 som
304 1140 90 20 förestår
410 1141 68 25 tjenst,
490 1141 52 20 eller
557 1144 23 17 är
595 1141 114 20 förordnad
726 1143 30 18 att
772 1141 88 20 förrätta
876 1142 52 26 tjen-

178 1174 118 21 steärende.

249 1208 23 20 13
289 1208 20 26 8.
341 1208 43 20 Gör
406 1209 114 26 straffänge
544 1210 32 25 sig
598 1209 86 27 skyldig
707 1210 31 19 till
762 1210 81 26 ringare
864 1209 64 25 brott,

178 1248 45 13 som
241 1242 45 19 med
304 1242 60 20 böter
380 1242 40 20 kan
438 1244 114 24 umgällas;
568 1243 53 19 skall
633 1243 40 19 han
685 1244 5 18 i
702 1243 164 19 straffanstalten
878 1246 49 22 näp-

178 1281 33 13 sas
226 1275 69 19 säsom
312 1276 6 18 i
336 1275 34 25 lag
385 1278 23 17 är
423 1275 100 20 särskildt
539 1276 107 24 stadgadt.
676 1276 84 20 Samma
776 1276 35 26 lag
826 1283 50 13 vare
887 1276 40 20 den

178 1308 62 27 fänge
263 1308 150 26 underkastad,
431 1316 45 13 som
499 1310 33 19 för
546 1310 120 20 lösdrifveri
685 1312 23 18 är
724 1310 64 20 insatt
803 1310 7 20 i
825 1310 102 20 arbetsin-

177 1343 100 27 rättning.

246 1377 68 21 Anses
331 1378 78 20 brottet
424 1379 19 27 ej
460 1379 71 20 kunna
547 1379 45 21 med
610 1379 59 20 böter
686 1379 111 27 umgällas;
813 1379 37 21 bör
861 1379 65 21 saken

178 1412 31 19 till
232 1412 92 21 domstol
347 1413 140 20 öfverlemnas
509 1414 40 19 och
573 1414 77 19 allmän
674 1414 33 27 lag
725 1414 112 27 tillämpas.
866 1414 60 20 Dock

177 1446 55 21 skall
255 1447 7 20 i
286 1447 58 20 detta
367 1447 36 20 fall
427 1447 47 27 den,
495 1454 44 14 som
555 1447 55 21 förut
627 1448 68 20 blifvit
711 1448 63 21 dömd
791 1449 31 20 till
840 1449 86 20 tukthus
