992 1703
224 124 12 20 8
444 121 20 23 U.
480 120 19 22 B.
515 132 26 4 —
558 120 55 28 Prop.
629 120 32 24 N:o
678 120 18 22 3.

196 185 46 20 den.
271 184 11 20 I
296 184 48 20 stad
358 184 40 20 har
413 183 40 21 den
462 183 149 21 motsvarande
625 182 272 28 halfärs-flyttningsdagen,
907 183 40 21 den

198 218 11 20 1
230 218 50 25 Juli,
304 218 106 20 dessutom
430 218 57 20 emot
501 217 32 26 sig
548 217 40 21 den
603 216 162 27 omständighet,
782 218 31 20 att
827 216 36 22 vid
878 216 69 22 denna

197 251 100 27 tidpunkt
319 257 26 15 en
366 252 46 20 stor
434 250 34 22 del
490 250 153 22 husbondefolk
664 252 23 19 är
702 250 109 27 utflyttadt
825 250 28 27 pä
867 250 79 21 landet.

195 286 45 26 Att,
256 285 69 22 säsom
341 284 218 22 landtbrukaremötet
575 284 97 27 föreslog,
688 286 52 25 göra
755 285 40 21 den
811 285 11 20 1
838 284 61 27 April
915 284 32 21 till

198 319 156 28 flyttningsdag,
370 319 46 21 har
430 318 105 22 utskottet
550 318 101 27 enhälligt
666 320 69 20 ansett
751 319 109 26 olämpligt
875 319 28 26 pä
921 319 26 21 de

196 353 52 26 skäl,
272 360 44 15 som
338 353 8 21 i
360 353 44 27 lag-
420 353 39 21 och
474 352 213 23 ekonomiutskottets
701 353 134 21 betänkande
850 352 37 21 vid
901 352 47 22 sed-

196 389 61 20 naste
271 388 101 26 landtdag
387 387 132 22 framhällits.

263 422 11 21 I
290 421 92 28 enlighet
397 421 49 22 med
460 421 56 21 hvad
530 421 105 22 utskottet
650 421 89 22 sålunda
751 421 46 21 baft
813 424 51 19 äran
873 421 73 22 anföra

197 456 68 21 finner
286 455 105 22 utskottet
412 456 32 26 sig
466 455 51 22 böra
539 455 95 27 afstyrka
655 455 124 27 förändring
803 455 22 22 af
839 455 60 22 tiden
914 455 32 21 för

193 490 167 27 tjenstehjonens
374 489 98 28 flyttning
487 492 54 19 samt
560 490 56 27 förty
630 491 155 20 vördsammast
799 489 78 22 föreslå

398 560 32 19 att
451 557 111 22 Finlands
586 558 93 20 Ständer
702 558 8 20 i
733 558 37 20 sitt
792 558 153 27 underdäniga

330 598 50 15 svar
395 593 13 19 å
424 592 41 21 den
479 592 84 28 nådiga
575 592 166 26 propositionen
756 592 65 20 måtte
835 592 110 26 förklara,

330 626 35 21 det
381 626 25 21 de
421 626 46 21 icke
478 626 80 27 funnit
572 626 48 20 skäl
636 628 31 19 att
677 628 82 26 antaga
768 626 40 20 den
812 626 133 27 föreslagna

324 660 164 27 förändringen
503 661 30 27 af
543 660 31 27 $$
587 662 31 20 20
633 660 39 21 och
686 661 29 20 43
730 661 9 20 i
754 660 139 27 legostadgan
910 660 36 24 för

328 694 122 21 husbönder
472 694 38 21 och
533 694 129 27 tjenstehjon
683 694 29 27 af
730 695 41 20 den
794 696 28 19 30
847 694 99 21 Januari

330 729 66 20 1865.
737 733 6 6 s

261 797 101 22 Deremot
384 797 39 20 har
445 796 105 22 utskottet
571 797 71 21 ansett
660 798 32 19 att
708 797 25 21 de
749 797 46 21 skäl
809 797 71 21 kunde
895 797 50 26 god-

196 832 87 25 kännas,
301 831 73 22 hvilka
395 831 32 21 uti
441 831 90 22 berörde
546 831 23 21 af
583 831 53 21 1885
652 831 34 21 års
702 831 91 22 Ständer
807 831 8 21 i
830 833 71 20 ämnet
916 831 29 22 af-

195 866 59 21 låtna
268 865 144 27 underdåniga
426 865 90 28 petition
535 865 126 22 framhållits
683 865 34 22 till
738 866 49 21 stöd
807 865 33 22 för
863 872 26 15 en
911 868 35 19 än-

196 900 62 27 dring
272 900 23 21 af
308 899 13 28 &
337 900 26 21 25
379 900 7 21 i
401 899 96 27 gällande
512 899 129 28 legostadga.
671 899 34 22 Då
720 899 117 22 emellertid
853 900 40 21 den
908 906 37 15 nu-

195 934 93 22 varande
302 933 168 28 flyttningstiden
485 936 23 19 är
523 933 23 22 af
558 933 106 22 utskottet
678 933 119 28 föreslagen
812 936 32 19 att
851 934 95 22 bibehål-

195 969 38 27 las,
256 969 68 20 måste
347 969 39 20 den
408 968 8 21 i
438 969 157 26 propositionen
611 968 119 27 föreslagna
744 969 202 26 uppsägningstiden

194 1003 96 26 undergå
312 1008 26 15 en
359 1003 150 20 motsvarande
530 1003 98 25 ändring;
645 1003 39 20 och
699 1003 68 21 håller
781 1003 106 20 utskottet
901 1003 46 20 före

195 1038 33 19 att
242 1042 27 15 en
283 1035 97 27 månads;
386 1035 32 22 tid
432 1042 50 15 vore
497 1036 48 21 fullt
560 1035 114 27 tillräcklig
689 1036 23 21 sä
726 1036 35 21 väl
775 1036 28 27 pä
817 1036 73 21 landet
900 1042 45 15 som

194 1069 8 22 i
235 1070 83 25 staden;
346 1069 49 22 med
419 1069 97 22 afseende
541 1069 66 22 hvarä
631 1069 106 22 utskottet
761 1072 70 19 ansett
855 1072 91 25 uppsäg-

193 1104 121 26 ningstiden
324 1103 72 21 kunna
404 1103 127 22 bestämmas
539 1105 32 20 att
585 1105 87 25 utgöras
687 1105 22 20 af
723 1103 124 28 September
861 1104 83 26 månad,

196 1137 27 22 dä
237 1137 152 27 legostämman
404 1137 62 26 utgär
481 1137 40 22 den
537 1139 11 20 1
564 1137 126 27 November,
706 1139 55 20 samt
785 1137 22 22 af
820 1138 59 21 Mars
900 1137 46 22 mä-

196 1171 48 26 nad,
268 1171 27 21 dä
316 1171 152 26 legostämman
490 1172 62 26 utgär
575 1171 40 22 den
639 1173 9 20 1
673 1172 49 26 Maj.
754 1173 96 21 Emedan
865 1173 24 20 af
901 1172 44 27 $:ns

194 1205 68 26 tredje
276 1206 100 25 moment,
392 1205 69 22 såsom
477 1206 35 21 det
526 1206 8 21 i
549 1206 40 21 den
604 1206 78 26 nådiga
696 1207 159 26 propositionen
870 1209 25 19 är
905 1206 42 22 for-

196 1239 111 25 muleradt,
322 1239 47 20 icke
383 1239 77 26 tydligt
474 1239 98 26 framgår,
588 1242 39 18 när
649 1239 121 22 husbondes
789 1241 103 25 rättighet
914 1242 32 19 att

194 1272 32 21 till
242 1271 118 27 afflyttning
374 1272 36 21 vid
425 1273 61 20 nästa
500 1272 151 27 flyttningsdag
665 1275 95 25 uppsäga
767 1273 128 27 tjenstehjon
903 1273 42 21 till-

195 1305 121 28 ändalöper,
332 1305 38 21 har
384 1305 106 22 utskottet
504 1306 60 27 gifvit
579 1306 36 28 8:n
630 1312 26 15 en
667 1307 134 22 bestämdare
808 1307 138 28 formulering

197 1339 86 27 derhän,
304 1341 32 20 att
350 1339 121 22 husbondes
486 1340 39 21 och
539 1340 140 27 tjenstehjons
694 1342 174 26 uppsägningstid
883 1343 62 25 utgår

192 1374 116 26 samtidigt.

259 1408 11 21 I
286 1408 112 27 anledning
412 1408 24 21 af
448 1408 26 22 de
490 1408 83 28 äsigter,
589 1415 46 15 som
649 1410 8 21 i
671 1409 134 23 förestående
813 1410 67 22 måtto
888 1410 57 28 gjort

194 1442 33 27 sig
240 1443 57 21 inom
312 1442 105 22 utskottet
433 1443 102 27 gällande,
551 1443 68 22 skulle
631 1443 79 27 jemväl
725 1445 41 21 den
776 1445 119 28 föreslagna
902 1445 44 23 för-

258 1481 188 20 Ekonomiutskottets
458 1482 116 19 betänkande
587 1483 37 18 N:o
637 1484 16 17 1.
