1036 1703
337 127 24 24 U.
376 128 23 24 B.
415 140 25 4 —
457 128 64 29 Prop,
536 128 38 24 N:o
590 128 32 25 10.
817 129 13 22 9

313 197 33 20 att
366 194 162 23 Bondeständet
544 195 48 22 ville
610 195 118 28 godkänna
745 197 14 24 $
779 196 27 21 12
825 201 34 17 en-

243 229 40 28 ligt
297 229 149 22 vetänkandet.

374 275 26 21 13
414 274 12 27 $
442 275 35 26 (11
494 275 11 27 $
519 275 71 27 prop.)

105 316 39 21 har
166 315 23 22 af
209 314 165 29 Ridderskapet
393 314 40 23 och
449 314 71 23 Adeln
534 316 56 21 samt
604 314 189 29 Borgareständet
807 315 52 27 god-

106 349 64 22 känts
189 349 66 27 enligt
269 348 146 23 betänkandet
429 350 56 21 samt
499 349 23 22 af
535 348 86 23 Preste-
637 349 39 22 och
691 348 168 23 Bondeständen

105 384 65 26 enligt
185 382 12 28 $
214 384 25 20 11
255 384 8 21 i
278 384 41 21 den
333 383 77 27 nådiga
420 384 170 26 propositionen;
606 383 54 22 dock
670 385 33 20 att
712 383 147 22 förstnämnda

105 417 66 22 Ständ
189 418 77 21 ändrat
282 416 231 28 äldersbestämningen
528 418 7 20 i
550 418 52 21 sista
617 423 63 16 mom.
695 418 23 21 af
732 417 126 27 paragrafen

103 451 48 22 från
166 452 89 27 tjugoett
269 452 33 21 till
317 452 91 21 aderton
422 452 30 22 är.

172 486 58 22 Enär
251 486 107 27 sistsagda
379 486 70 22 beslut
469 486 46 22 icke
536 486 74 22 vunnit
625 486 116 22 understöd
756 486 23 22 af
794 487 64 21 annat

105 520 73 27 Stånd,
193 521 62 22 torde
269 520 76 27 frågan
362 526 33 16 om
410 521 66 22 sådan
487 521 91 26 ändring
588 520 23 22 af
619 520 237 27 äldersbestämningen

104 555 76 22 liksom
202 555 61 22 fallet
284 555 57 22 varit
360 556 35 22 vid
415 557 12 20 7
443 555 40 22 och
499 555 12 22 8
526 555 30 28 88,
572 555 54 22 böra
640 555 92 22 förfalla.
763 555 72 22 Orden
850 555 8 22 i

105 590 74 27 början
195 590 23 21 af
233 591 6 20 2
251 596 62 16 mom.
327 607 8 9 ,
339 590 35 22 vid
384 590 87 21 barnets
481 590 81 22 födelse
573 590 53 22 eller
636 596 80 21 senare,
726 596 49 15 men
785 589 73 22 förrän

103 624 77 22 barnet
199 625 48 27 fyllt
268 625 27 21 12
315 624 35 22 är*
370 625 66 22 mäste
456 625 111 22 Utskottet
585 625 132 22 fortfarande
736 631 51 15 anse
806 630 52 16 vara

104 659 126 27 obehöfliga.
259 659 113 22 Utskottet
386 659 34 22 fär
435 659 89 22 sälunda
538 660 110 21 vördsamt
662 658 87 23 föreslä:

308 694 32 21 att
354 694 129 22 Ständerna
497 694 54 27 ville,
567 694 49 22 med
631 694 129 26 anslutning
770 693 32 23 till
815 693 41 22 den

241 727 85 28 nädiga
330 729 171 27 propositionen,
509 728 24 22 ät
539 729 15 25 $
563 729 27 22 13
596 729 64 27 gifva
665 728 97 28 följande
770 728 89 27 lydelse:

308 763 88 22 Momm.
414 764 11 20 1
442 763 38 22 och
494 764 15 21 2
522 764 68 27 enligt
606 763 147 22 betänkandet.

308 798 72 27 Barn,
402 804 49 16 som
471 798 51 27 fyllt
543 798 43 28 tolf
604 797 35 28 är,
663 797 45 27 mä,
728 797 132 27 %'händelse

240 832 144 27 föräldrarne
399 832 51 22 eller
459 832 42 22 den
511 834 28 26 af
545 833 55 27 dem,
612 832 84 22 hvilken
705 832 88 22 barnets
802 831 58 23 vård

240 866 97 28 lagligen
351 866 80 28 tillhör,
446 866 90 29 öfvergä
551 867 33 22 till
598 872 78 16 annan
691 867 105 27 troslära,
810 866 53 28 sjelf

239 901 88 28 afgöra,
349 901 112 23 huruvida
483 902 34 22 det
538 902 38 22 vill
596 907 89 16 samma
704 902 98 22 troslära
816 907 44 16 oms

237 936 60 27 fatta
311 936 51 22 eller
375 937 142 27 fortfarande
532 936 89 23 tillhöra
631 936 35 22 det
675 936 183 28 kyrkosamfund,

239 971 10 21 i
263 970 68 23 hvars
346 971 52 22 lära
412 971 35 21 det
459 971 62 27 förut
536 972 146 27 uppfostrats.

309 1006 65 21 Mom.
390 1006 14 20 4
420 1006 66 27 enligt
501 1005 147 22 betänkandet.

368 1051 28 22 14
410 1051 11 27 $
437 1051 37 28 (12
489 1051 11 28 $
515 1051 77 28 prop.).

173 1090 166 30 Ridderskapet
361 1091 40 22 och
423 1091 72 22 Adeln
516 1093 56 20 samt
590 1090 86 23 Preste-
696 1091 40 22 och
750 1090 109 29 Borgare-

105 1124 94 24 ständen
221 1126 63 21 hafva
302 1126 96 27 godkänt
417 1126 128 27 paragrafen
563 1126 67 26 enligt
644 1125 145 22 betänkandet
803 1126 56 21 samt

105 1159 164 24 Bondeständet
283 1161 66 27 enligt
364 1160 40 22 den
419 1161 68 22 andra
502 1161 167 21 reservationen.

174 1195 113 22 Olikheten
309 1196 8 20 i
339 1195 69 22 denna
430 1196 35 21 del
487 1196 92 21 emellan
598 1194 145 23 betänkandet
764 1194 39 21 och
818 1194 41 22 den

106 1230 67 22 andra
195 1230 157 22 reservationen
372 1232 24 20 är
411 1230 23 21 af
447 1229 134 23 uteslutande
597 1229 95 28 spräklig
706 1228 153 23 beskaffenhet.

106 1264 42 22 Vid
163 1264 76 22 sädant
253 1264 133 22 förhällande
401 1264 40 22 och
457 1265 26 21 dä
498 1266 33 20 tre
546 1263 68 23 Ständ
627 1264 96 28 godkänt
732 1264 128 26 paragrafen

106 1298 66 28 enligt
186 1298 151 27 betänkandet,
353 1298 89 22 föresläs
457 1298 117 22 vördsamt:

312 1334 32 19 att
364 1332 162 22 Bondeständet
546 1332 49 21 ville
617 1333 119 25 godkänna
752 1334 14 23 $
784 1333 27 20 14
826 1338 33 15 en-

243 1365 40 27 ligt
297 1365 148 22 betänkandet.

376 1405 27 22 15
418 1405 11 28 8
445 1405 37 27 (13
497 1405 12 27 $
524 1405 69 28 prop.)

107 1448 40 21 har
166 1447 22 22 af
201 1445 165 30 Ridderskapet
380 1445 41 23 och
435 1444 72 23 Adeln
524 1447 56 20 samt
594 1445 88 22 Preste-
697 1445 40 22 och
751 1445 109 29 Borgare-

109 1481 93 23 stånden
217 1481 106 28 godkänts
338 1481 66 27 enligt
413 1480 152 27 betänkandet,
576 1480 110 22 hvaremot
697 1478 163 25 Bondeståndet

177 1521 76 23 Bihang
267 1521 30 18 till
309 1520 136 24 Lagutskottets
458 1520 115 19 betänkande
585 1525 30 13 n:o
627 1521 17 17 9.
