1700 1861
582 228 28 21 58
894 227 39 22 N:o
947 227 20 22 1.

625 291 48 25 28.
703 290 24 26 Ej
752 291 34 19 må
808 291 90 25 bodrägt
920 290 67 21 åtalas
1010 290 22 19 af
1049 290 78 20 allmän
1144 290 106 27 åklagare,
1267 291 36 20 der

555 324 49 21 ieke
619 324 150 26 målseganden
785 324 79 20 anmält
880 324 78 20 brottet
974 324 30 20 till
1021 324 49 20 åtal.

889 426 22 21 31
929 426 48 27 Kap.

760 482 41 22 Om
819 481 44 22 rån
877 482 44 21 och
937 482 162 28 utpressning.

627 532 8 19 1
653 529 19 30 8.
703 530 63 26 Hvar,
777 538 44 13 som
839 531 45 20 med
901 529 48 21 våld
966 530 12 19 å
994 531 74 23 person
1085 529 52 20 eller
1148 530 46 20 med
1206 530 42 25 hot,
1259 537 45 14 som

556 565 89 20 innebär
668 566 117 25 trängande
808 566 45 20 fara
876 565 31 21 för
925 563 26 20 lif
965 563 51 20 eller
1031 563 66 28 helsa,
1113 563 107 28 fråntager
1235 571 69 14 annan

555 599 54 27 gods
625 599 51 20 eller
691 600 122 26 penningar,
830 601 6 18 i
852 600 63 26 afsigt
930 601 37 23 att,
981 600 49 18 utan
1046 598 50 26 laga
1111 600 49 25 rätt,
1172 598 87 27 tillegna
1274 599 32 27 sig

558 633 138 27 egendomen,
713 634 82 20 straffes
812 634 31 20 för
858 633 37 21 rån
913 632 46 20 med
976 632 85 20 tukthus
1077 632 6 20 i
1099 632 61 26 högst
1176 639 36 13 sex
1229 633 29 19 år.

623 668 80 20 Försök
719 668 32 20 till
766 668 39 20 rån
821 671 23 17 är
859 667 116 20 straffbart.

623 703 13 19 2
652 701 19 29 &.
702 702 70 21 Ränar
788 709 47 14 man
851 702 74 26 något:

627 738 16 18 1.
674 737 45 19 från
735 737 106 20 allmänna
856 739 84 24 posten;

572 776 7 7 *
625 772 20 20 2.
675 771 45 20 från
736 772 89 20 resande
842 771 32 20 till
890 770 60 21 lands
966 770 51 20 eller
1032 772 84 23 vatten;

625 806 18 20 3.
672 806 45 19 från
734 806 47 25 den,
791 812 43 14 som
851 806 31 20 för
899 811 82 21 uppror,
990 805 79 20 fiendes
1086 805 137 27 äträngande,
1232 805 74 27 brand,

556 842 109 24 vattunöd,
681 840 141 27 skeppsbrott,
838 840 78 20 alimän
939 840 64 20 farsot
1026 840 52 20 eller
1094 846 69 14 annan
1180 840 65 20 sädan
1260 841 46 20 fara

556 876 19 27 ej
590 876 42 20 kan
649 876 58 26 värja
723 876 31 19 sin
771 875 115 27 egendom;
902 874 51 20 eller

624 911 19 20 4,
674 909 88 21 nattetid
778 911 6 19 i
801 910 38 20 hus
855 910 53 20 eller
924 910 77 25 fartyg,
1012 916 43 13 som
1071 909 23 21 af
1108 916 69 14 annan
1188 910 66 20 bebos
1264 910 40 20 och

556 945 37 21 der
615 946 96 24 rånaren,
733 945 6 19 i
762 945 63 26 afsigt
844 947 31 17 att
890 945 51 19 råna
956 944 51 20 eller
1023 944 70 26 stjäla,
1107 946 59 25 gömt
1181 945 32 26 sig
1228 945 78 25 undan,

555 980 53 20 eller
625 979 30 20 dit
670 980 40 19 han
727 979 98 26 olofligen
842 979 120 25 inkommit;

624 1013 83 21 straffes
723 1013 32 20 för
770 1013 75 20 sådant
859 1013 58 27 groft
932 1012 36 20 rän
985 1012 46 20 med
1049 1012 84 21 tukthus
1150 1014 46 20 från
1208 1014 39 19 och
1259 1014 46 19 med

555 1049 36 19 tvä
606 1048 33 20 till
655 1048 39 20 och
710 1048 46 19 med
774 1048 28 19 tio
819 1047 28 20 är.

623 1082 44 26 Lag
683 1088 79 14 samma
778 1087 57 21 vare,
847 1088 32 13 om
896 1082 35 19 rän
944 1080 64 26 begäs
1019 1081 23 19 af
1051 1082 36 18 tvä
1098 1082 53 19 eller
1162 1082 56 25 flere,
1231 1082 75 20 hvilka

554 1117 63 20 sällat
632 1118 31 25 sig
679 1122 92 14 samman
788 1118 30 18 att
834 1117 51 19 räna
901 1116 52 19 eller
969 1115 68 26 stjäla.

623 1152 12 19 3
651 1150 20 29 &.
702 1150 42 20 Har
760 1151 46 25 den,
823 1157 43 13 som
883 1150 35 20 vid
935 1150 93 25 snatteri,
1040 1150 54 20 stöld
1111 1150 53 20 eller
1178 1151 87 26 inbrott,
1276 1151 29 20 el-

554 1186 31 20 ler
607 1185 72 21 försök
703 1185 69 20 dertill
795 1184 111 20 anträffats
929 1184 12 20 &
963 1184 38 20 bar
1016 1185 95 25 gerning,
1127 1184 32 20 för
1174 1187 30 18 att
1219 1185 86 21 behälla

554 1220 76 27 godset
652 1220 51 20 eller
723 1219 109 20 fullborda
852 1219 79 20 brottet
947 1220 55 25 gjort
1018 1218 48 21 våld
1082 1218 13 21 &
1109 1226 76 18 annan,
1202 1219 51 21 eller
1269 1226 35 13 an-

554 1254 66 20 vändt
642 1256 57 18 emot
720 1253 69 26 någon
814 1253 43 25 hot,
873 1260 44 13 som
936 1253 88 20 innebär
1040 1253 117 27 trängande
1172 1254 46 19 fara
1233 1253 32 20 för
1280 1252 26 20 lif

554 1289 52 20 eller
629 1288 67 26 helsa;
712 1287 54 20 skall
790 1287 48 26 han,
854 1287 52 20 efter
922 1287 75 20 sakens
1013 1287 154 26 beskaffenhet,
1183 1294 62 13 anses
1261 1285 44 20 lika

554 1328 43 13 som
621 1322 55 18 hade
698 1322 40 18 han
765 1321 91 19 föröfvat
875 1322 36 18 rän
935 1322 51 18 eller
1009 1323 56 24 gjort
1083 1322 71 19 försök
1170 1322 78 24 dertill,
1264 1321 40 18 och

554 1355 85 20 straffas
654 1355 67 24 enligt
737 1355 9 18 1
765 1354 53 19 eller
834 1355 12 18 2
861 1353 19 28 8.

622 1389 12 19 4
650 1387 19 29 8.
700 1387 53 26 Den,
769 1394 51 21 som,
838 1389 31 25 sig
893 1388 51 20 eller
960 1395 69 14 annan
1045 1389 32 20 till
1092 1391 67 25 nytta,
1175 1395 76 20 genom
1266 1389 38 19 hot

554 1423 105 27 aftvingar
678 1422 69 26 nägon
770 1423 52 26 gods
838 1422 52 21 eller
906 1424 123 26 penningar,
1046 1423 93 27 eftergift
1154 1425 23 19 af
1190 1423 57 27 gäld,
1263 1423 42 20 för-

553 1458 110 26 skrifning,
687 1458 211 26 borgesförbindelse,
922 1458 51 21 eller
996 1466 69 14 annan
1089 1459 66 21 fördel
1170 1460 6 19 i
1192 1458 111 28 egendom,

552 1492 86 21 hvartill
663 1492 41 20 han
727 1493 18 25 ej
771 1492 38 20 har
832 1492 49 27 laga
895 1494 49 26 rätt,
959 1494 83 20 straffes
1059 1495 30 19 för
1105 1495 135 26 utpressning
1255 1494 48 20 med

553 1527 86 20 tukthus
654 1528 7 18 i
677 1527 60 26 högst
753 1527 48 26 fyra
816 1527 29 26 är,
861 1528 53 20 eller
928 1528 95 27 fängelse
1040 1530 18 25 ej
1070 1529 66 21 under
1148 1530 36 19 två
1196 1529 106 21 månader.
