1011 1709
387 146 38 22 N:o
441 146 18 21 1.
726 146 40 21 113

121 210 47 26 58.
199 210 40 20 Vid
260 210 60 20 äldre
341 210 44 26 lags
400 210 132 26 tillämpning
547 210 29 19 uti
592 209 26 20 de
633 210 6 18 i
656 210 11 19 3
683 209 38 21 och
739 211 12 18 4
767 210 28 25 88

53 244 106 20 omtalade
174 244 36 19 fall
227 244 53 20 skall
296 244 32 20 för
343 244 63 25 öfrigt
420 244 115 26 iakttagas:

122 277 19 21 1.
172 280 30 17 att
217 278 60 20 böter
293 278 39 20 och
348 278 56 19 viten
421 278 83 20 tillfalla
519 278 93 25 kronan;
626 278 23 19 så
664 278 39 20 ock
715 278 80 20 förbru-
814 282 3 2 *

54 315 30 17 tet
99 312 60 26 gods,
175 312 81 20 hvilket
271 313 18 25 ej
306 312 37 20 bör
358 312 106 20 tilldömas
479 312 145 26 målsegande;

122 346 19 20 2.
171 348 31 18 att
225 346 31 20 till
279 346 75 20 förlust
369 346 23 20 af
405 346 34 20 arf
459 346 50 20 eller
531 346 86 20 arfsrätt
632 346 31 20 för
679 346 56 20 brott
749 346 48 20 icke

53 380 32 20 får
101 381 73 19 dömas
188 381 7 19 i
211 380 66 20 andra
292 380 45 26 fall,
352 383 26 17 än
394 380 6 20 i
417 380 11 20 6
440 380 49 26 kap.
499 376 144 24 Ärfdabalken
654 381 144 25 omförmälas;

123 415 18 21 3.
172 417 31 18 att
217 414 13 21 å
245 415 63 26 brott,
325 422 43 13 som
389 415 103 20 föröfvats
511 416 45 18 före
571 415 39 20 den
627 416 48 26 dag,
691 416 27 19 då
733 415 65 20 straff-

55 450 61 27 lagen
132 450 57 20 trädt
203 450 6 19 i
225 450 99 26 gällande
340 450 62 24 kraft,
418 450 39 20 och
472 450 87 20 hvarom
575 450 27 19 då
618 453 54 17 ännu
688 450 47 20 icke
751 450 47 20 blif-

57 485 30 19 vit
103 484 73 20 dömdt
191 490 74 20 genom
282 484 55 26 dom,
352 490 44 14 som
412 484 74 20 vunnit
501 484 51 20 eller
563 484 31 20 får
604 485 63 19 vinna
677 485 48 26 laga
737 484 62 26 kraft,

55 519 122 26 strafflagen
193 519 45 26 bör,
254 526 32 13 om
303 519 39 20 den
358 522 23 17 är
397 520 12 18 å
424 519 78 20 brottet
518 519 118 27 tillämplig,
644 520 45 19 från
701 520 40 20 och
751 520 48 19 med

57 560 78 14 samma
157 554 40 26 dag
216 554 108 20 användas
339 554 6 19 i
361 554 56 20 hvad
436 554 40 20 den
492 558 22 16 är
529 554 95 26 mildare,
639 557 26 17 än
681 554 58 20 äldre
756 554 44 26 lag;

124 590 19 18 4.
174 590 30 18 att
226 588 56 20 hvad
303 589 7 19 i
329 588 120 28 strafflagen
471 592 23 17 är
508 589 105 25 stadgadt,
629 589 29 19 uti
680 590 5 18 3
702 589 48 26 kap.
767 596 31 12 om

57 623 100 27 grunder,
172 623 73 20 hvilka
264 623 90 20 utesluta
373 624 51 19 eller
444 624 80 20 minska
543 623 142 25 straffbarhet,
701 624 6 18 i
724 625 12 17 4
753 623 48 26 kap.

57 664 33 14 om
106 658 78 25 försök,
200 658 7 19 i
223 658 11 20 5
251 658 47 26 kap.
315 664 33 13 om
368 658 138 26 delaktighet,
524 658 6 19 i
547 658 10 20 6
574 658 49 26 kap.
638 664 34 14 om
687 658 91 26 återfall,
793 658 7 19 i

57 693 11 19 7
85 692 49 26 kap.
151 698 33 14 om
200 692 196 26 sammanläggning
418 692 22 20 af
461 692 64 26 straff,
548 692 2 19 i
569 692 12 20 8
602 692 47 26 kap.
666 698 32 14 om
714 695 43 17 rätt
771 694 31 18 att

60 726 57 20 åtala
140 726 54 21 brott
210 726 39 20 och
265 729 32 17 att
312 726 115 21 verkställa
450 727 85 19 ådömdt
554 726 61 20 straff
634 729 54 17 samt
703 728 5 18 i
725 727 12 19 9
753 726 49 27 kap.

57 768 34 13 om
106 760 135 27 skadestånd,
256 761 39 21 bör
311 760 59 21 alltid
386 761 113 26 tillämpas,
513 764 38 17 när
562 761 39 20 den
614 761 57 21 äldre
682 762 61 26 lagen
754 762 48 19 icke

58 799 23 17 är
96 795 97 25 mildare;

127 831 19 19 5.
176 832 31 18 att
222 832 41 18 rätt
279 832 30 18 att
325 831 57 19 åtala
405 830 55 20 brott
483 831 39 20 och
541 832 31 18 att
587 831 114 20 verkställa
717 832 86 19 ådömdt

58 865 62 20 straff
140 864 61 26 skall,
216 868 37 16 när
269 864 60 20 straff
342 864 32 20 för
392 864 78 21 brottet
493 865 66 20 finnes
581 867 63 18 utsatt
659 866 6 19 i
681 866 122 26 strafflagen

59 900 40 20 och
115 900 59 19 äldre
188 899 36 27 lag
239 900 48 19 icke
303 902 23 17 är
342 899 94 25 mildare,
452 899 83 20 förfalla
550 900 56 19 inom
622 900 40 20 den
678 900 37 25 tid,
731 900 28 20 då
773 901 31 19 så-

59 935 40 19 dan
116 936 48 24 rätt,
180 934 45 19 med
249 934 84 26 hänsigt
357 933 31 20 till
404 934 36 19 det
455 935 6 18 i
479 934 124 26 strafflagen
626 934 31 20 för
679 934 78 20 brottet
774 937 29 17 ut-

59 970 54 18 satta
128 968 64 23 straff,
209 967 66 27 enligt
290 968 123 26 strafflagen
429 968 104 26 förfaller;
548 971 53 17 samt

127 1002 19 20 6.
176 1003 31 18 att
221 1002 56 19 hvad
293 1002 59 20 äldre
372 1002 36 26 lag
422 1002 116 20 innehåller
558 1009 32 13 om
610 1002 138 21 skadestånds
764 1003 40 20 för-

60 1036 101 26 vandling
184 1036 32 19 till
239 1036 140 26 kroppsstraff
399 1036 51 20 eller
473 1037 31 19 till
523 1036 72 21 arbete
611 1037 6 19 i
633 1037 78 20 allmän
727 1038 78 20 arbets-

60 1070 117 27 inrättning
192 1070 47 20 icke
254 1070 33 20 får
302 1070 111 26 tillämpas,

131 1106 10 18 6
158 1107 17 22 $.
204 1104 43 20 Har
263 1104 69 28 någon
347 1105 67 27 enligt
428 1106 58 20 äldre
501 1106 35 26 lag
552 1106 74 20 utstått
639 1107 75 20 straff
709 1100 10 37 i
725 1107 79 20 allmän

61 1140 93 20 straffart
168 1140 32 20 för
215 1140 76 20 sådant
305 1139 63 25 brott,
384 1147 43 13 som
444 1141 65 26 enligt
519 1141 125 27 strafflagen
656 1141 37 20 bör
705 1142 35 20 vid
751 1142 54 20 åter-

59 1175 39 20 fall
114 1174 100 26 beläggas
230 1174 47 20 med
292 1174 66 26 högre
373 1174 71 26 straff;
460 1175 53 20 skall
529 1175 48 25 han,
592 1178 39 17 när
646 1176 40 20 han
699 1176 46 20 med
757 1183 48 13 ena-

62 1209 72 21 handa
149 1209 56 20 brott
222 1208 103 26 beträdes,
341 1208 83 20 straffas
441 1208 31 21 för
488 1209 81 21 återfall
586 1210 52 20 deri.

129 1244 10 19 7
156 1243 18 27 8.
204 1242 76 21 Finnes
304 1243 69 27 någon
395 1242 58 28 ligga
473 1244 47 26 död,
536 1246 49 18 utan
602 1246 30 18 att
648 1244 65 20 kändt
729 1248 28 23 är,
774 1247 31 18 att

61 1279 42 19 han
119 1278 23 20 af
155 1278 96 26 sjukdom
269 1277 77 25 aflidit;
360 1277 54 20 skall
430 1278 178 26 polismyndighet
622 1280 90 25 genast
705 1273 12 36 i
726 1282 79 17 trovär-

63 1312 50 27 diga
128 1314 58 17 mäns
201 1314 90 18 närvaro
314 1311 124 25 undersöka,
456 1318 32 14 om
509 1313 39 19 den
570 1313 54 19 döde
646 1314 123 18 omkommit
785 1313 23 20 af

62 1354 51 19 egen
130 1345 51 20 eller
197 1352 79 13 annans
297 1346 159 22 handaverkan,
470 1348 61 23 samt,
550 1346 28 19 då
592 1346 76 20 minsta
691 1347 114 27 anledning

62 1380 70 20 dertill
148 1380 147 26 förekommer,
310 1379 124 26 skyndsamt
448 1378 104 22 inberätta
568 1386 32 13 om
616 1380 142 20 förhållandet
773 1381 32 19 till

63 1414 102 28 Kejsaren
180 1414 40 20 och
236 1414 139 20 Storfurstens
391 1413 239 29 befallningshafvande,
646 1415 93 26 hvilken,
754 1416 52 20 efter

63 1449 213 27 omständigheterna,
291 1456 49 20 eger
362 1449 104 25 förordna,
482 1450 102 20 huruvida
605 1450 118 27 besigtning
740 1450 22 21 af
776 1451 29 19 lä-

728 1498 11 16 8
