1025 1709
293 36 24 16 kuo

337 141 75 31 ,U..B.
430 154 28 3 —
472 142 53 26 Prop
539 143 40 20 N:o
594 144 16 19 1.
802 143 26 20 85

105 204 24 21 af
142 204 27 20 de
185 204 67 20 deruti
275 204 128 28 deltagande
426 203 96 28 erbjudes
545 206 6 18 i
570 206 117 26 penningar
702 205 52 21 eller
767 206 90 28 pennin-

106 245 48 21 gars
177 238 64 20 värde
265 239 64 20 utfäst
350 240 40 19 och
406 239 52 20 efter
478 239 90 27 lottning
583 239 52 20 eller
650 239 86 20 dermed
749 240 107 26 jemförlig

104 272 120 26 anordning
247 273 105 26 utgående
375 274 55 19 vinst
445 273 31 20 till
492 273 63 27 högre
571 273 77 27 belopp
664 276 25 17 än
707 273 41 26 det,
764 280 45 14 som
824 280 31 14 er-

106 306 73 27 bjudes
195 307 22 19 ät
232 313 25 14 en
272 306 52 21 hvar
339 306 23 21 af
376 307 142 27 deltagarene.

175 340 12 20 2
203 341 18 27 8.
252 340 53 27 Den,
328 348 52 18 som,
402 344 50 17 utan
475 342 95 26 behörigt
593 341 102 26 tillstånd,
718 341 137 21 föranstaltar

106 375 106 26 offentligt
234 375 130 27 varulotteri,
388 376 51 20 eller
462 376 69 26 säljer,
555 375 51 21 eller
624 375 68 21 håller
708 376 30 20 till
754 376 46 20 salu
816 377 40 20 lott

105 410 80 25 dertill,
201 410 48 20 böte
266 410 61 26 högst
343 410 119 20 tvåhundra
478 410 65 21 mark.

177 445 12 19 3
205 443 19 29 &.
255 444 64 26 Hvar,
341 451 45 13 som
408 445 70 25 säljer,
501 444 52 20 eller
576 444 66 20 håller
662 444 30 20 till
709 445 45 20 salu
769 444 40 21 lott
826 446 30 19 till

106 479 70 20 lotteri
201 481 56 18 utom
280 474 78 30 landet,
381 478 81 21 straffes
485 479 46 20 med
547 479 58 20 böter
621 478 45 21 från
682 480 40 19 och
738 480 46 20 med
801 480 56 26 fyra-

106 514 83 20 hundra
205 513 31 20 till
252 513 39 21 och
308 514 46 20 med
371 513 107 27 fyratusen
495 514 66 20 mark.

177 549 12 19 4
205 546 18 30 8.
253 548 52 26 Den,
321 554 43 14 som
381 548 68 20 håller
466 548 38 20 hus
520 548 31 20 för
566 548 139 20 bedrifvande
716 548 24 20 af
748 549 107 27 äfventyr-

106 583 39 26 ligt
160 582 50 27 spel,
227 583 50 20 eller
293 584 12 19 å
322 583 100 20 värdshus
446 583 50 20 eller
512 586 64 17 annat
591 582 106 27 offentligt
712 583 60 20 ställe
788 584 67 20 föran-

106 617 73 21 staltar
202 617 75 21 sådant
291 618 53 26 spel,
360 617 81 21 straffes
459 618 46 20 med
522 618 59 20 böter
595 618 52 19 eller
664 618 94 26 fängelse
773 618 6 19 i
795 618 62 27 högst

106 654 31 18 ett
153 652 28 20 år.

174 686 88 20 Tillåter
285 692 63 21 egare
370 685 24 21 af
414 686 52 21 eller
482 686 142 20 föreståndare
641 686 31 20 för
688 687 102 20 värdshus
806 687 51 20 eller

105 723 66 17 annat
193 720 69 26 dylikt
284 716 115 35 offentligt,
407 721 69 25 ställe,
492 723 30 17 att
537 720 138 26 äfventyrligt
690 721 44 26 spel
750 721 37 20 der
802 722 55 20 före-

106 755 85 25 hafves;
208 756 47 19 böte
272 755 61 26 högst
349 755 124 20 femhundra
490 755 63 25 mark,
573 755 39 20 och
629 755 70 25 varde,
715 756 35 19 vid
766 756 91 25 återfall,

104 790 108 20 dessutom
228 789 108 20 förklarad
353 790 131 26 oberättigad
502 792 30 17 att
548 789 71 20 utöfva
633 790 52 19 eller
696 790 78 20 förestå
785 790 72 20 värds-

106 824 118 20 husrörelse
240 824 51 20 eller
307 830 69 14 annan
392 824 65 20 sådan
475 825 79 25 näring.

174 859 52 25 Den,
243 859 84 20 hvilken
345 859 94 26 deltager
455 860 6 19 i
477 859 135 28 äfventyrligt
627 859 52 27 spel,
692 859 58 21 ehvad
764 859 34 22 det
807 859 49 22 sker

106 895 12 19 å
134 894 76 20 sådant
232 894 69 26 ställe,
324 900 44 14 som
384 894 6 20 i
406 894 70 20 denna
492 894 13 26 &
521 894 139 23 omförmäles,
679 894 50 21 eller
743 895 112 21 annorstä-

104 928 44 26 des,
164 928 82 20 straffes
262 929 45 19 med
325 928 61 20 böter
400 928 62 26 högst
479 928 116 20 tvåhundra
611 928 66 20 mark.

175 963 119 26 Penningar
317 963 39 19 och
380 964 64 18 annat
462 963 58 25 gods,
543 969 44 13 som
604 962 154 20 öfverkommas
775 964 12 18 &
802 964 54 26 spel-

106 997 75 21 bordet
196 996 51 21 eller
263 997 6 19 i
285 996 138 27 spelbanken,
440 1004 49 12 vare
505 997 114 20 förbrutna.

175 1032 11 19 5
203 1032 20 25 8,
253 1031 42 20 Har
311 1031 69 27 någon
395 1031 7 19 i
418 1031 129 27 behandling
561 1031 24 20 af
598 1034 47 23 eget
656 1032 51 19 eller
718 1038 80 14 annans
809 1032 47 26 djur

106 1067 56 25 gjort
176 1066 31 25 sig
223 1066 85 26 skyldig
324 1066 32 18 till
371 1065 109 26 uppenbar
496 1066 105 26 grymhet;
616 1066 82 20 straffes
710 1066 46 20 med
767 1066 57 21 böter
834 1066 22 26 ej

105 1100 61 28 öfver
183 1099 133 27 femhundra
335 1100 62 21 mark
420 1100 49 21 eller
486 1100 100 27 fängelse
601 1100 8 21 i
623 1099 62 28 högst
699 1102 31 20 tre
745 1100 109 22 mänader.

174 1136 11 19 6
203 1135 19 26 $.
253 1134 64 27 Hvar,
331 1141 45 13 som
392 1134 13 20 &
420 1134 77 21 allmän
513 1138 47 24 väg,
576 1138 56 24 gata,
646 1135 51 20 eller
707 1138 65 17 annat
783 1135 74 20 offent-

105 1170 39 26 ligt
158 1169 69 27 ställe,
250 1169 52 20 eller
325 1169 35 19 vid
383 1168 96 28 offentlig
495 1169 125 26 förrättning
640 1168 52 21 eller
708 1169 77 20 allmän
802 1176 53 13 sam-

106 1203 118 21 mankomst
247 1206 22 18 är
292 1203 92 21 drucken
408 1203 40 20 och
468 1204 121 25 derigenom
611 1203 156 21 åstadkommer
790 1204 64 19 förar-

104 1238 66 28 gelse,
185 1238 82 20 straffes
282 1238 33 20 för
330 1238 70 26 fylleri
417 1238 47 20 med
480 1238 59 20 böter
555 1238 61 26 högst
632 1237 113 21 etthundra
761 1238 66 20 mark.

174 1272 43 20 Gör
240 1273 132 25 tjensteman,
395 1273 5 19 i
424 1273 95 26 utöfning
535 1272 22 20 af
571 1272 88 27 sysslan,
675 1272 32 26 sig
722 1272 86 26 skyldig
824 1272 32 20 till

105 1306 78 27 fylleri,
199 1306 82 20 straffes
297 1306 47 21 med
362 1307 58 20 böter
436 1307 45 20 frän
497 1307 40 20 och
553 1306 46 21 med
615 1306 72 20 femtio
704 1307 30 19 till
750 1306 40 21 och
808 1306 47 20 med

106 1341 113 19 trehundra
234 1341 65 24 mark,
315 1340 53 20 eller
382 1340 104 26 skiljande
503 1341 44 19 från
563 1342 101 24 tjenstens
677 1340 103 26 utöfning,
798 1340 59 23 eller,

105 1374 38 20 der
165 1374 207 25 omständigheterna
394 1376 36 17 äro
453 1374 135 27 synnerligen
604 1373 142 26 försvårande,
764 1374 46 20 med
826 1373 31 21 af-

104 1408 101 26 sättning.

174 1442 39 21 Om
236 1442 61 21 straff
317 1443 33 20 för
372 1444 56 26 prest
444 1443 6 19 i
466 1442 227 28 evangelisk-luthersk
709 1442 125 28 församling
852 1443 7 20 i
