1017 1706
234 158 26 20 14
434 156 66 23 Ständ.
515 156 31 23 Sv.
561 168 27 4 —
604 155 54 29 Prop.
674 155 32 24 N:o
720 156 15 23 1.

501 220 17 19 4
530 219 128 23 Kapitlet.

277 260 44 28 18.
352 260 10 22 I
381 261 94 26 enlighet
493 261 48 21 med
560 261 66 21 andra
640 267 65 21 nyare
721 260 121 27 strafflagar
858 260 38 21 och
912 260 44 26 lag-

204 296 78 26 förslag
300 296 40 20 har
357 295 84 21 straffet
460 294 34 22 för
508 296 73 21 försök
595 295 33 21 till
642 295 59 22 brott
716 296 6 21 i
738 294 76 28 nädiga
829 294 127 27 propositio-

204 337 42 15 nen
266 329 60 23 stälts
346 330 7 21 i
372 331 30 20 ett
420 330 52 22 visst
487 330 129 22 aritmetiskt
630 330 133 21 förhällande
778 329 32 22 till
825 329 85 22 straffet
924 329 33 21 för

206 365 35 21 det
268 364 133 21 fullbordade
426 364 90 26 brottet;
543 370 49 16 men
617 364 28 21 dä
670 363 117 23 dödsstraff
808 364 39 21 och
869 362 89 22 tukthus

205 399 27 26 pä
250 398 66 22 lifstid
333 398 46 21 icke
398 400 36 20 äro
458 399 86 21 delbara
564 398 68 27 straff,
646 398 39 22 har
704 400 8 20 i
727 399 72 22 stället
814 398 33 22 för
862 398 48 22 dem
925 399 32 20 ut-

206 434 53 21 satts
282 432 152 23 tukthusstraff
454 433 48 22 från
524 433 39 22 och
584 433 50 22 med
653 434 37 21 två
707 433 33 22 till
756 434 38 21 och
809 433 49 22 med
873 432 41 22 tolf
928 432 28 22 är.

206 467 82 22 Genom
303 467 161 28 bestämningen
479 469 31 20 att
524 467 167 22 minimistraffet
700 467 34 22 för
741 468 74 21 försök
825 468 7 21 i
842 467 68 27 öfriga
920 466 38 23 fall

206 502 55 21 skall
276 508 51 15 vara
342 503 32 20 tre
389 501 127 28 fjerdedelar
530 502 24 22 af
567 502 68 27 lägsta
646 501 84 22 straffet
740 502 33 22 för
781 503 36 20 det
824 501 134 22 fullbordade

205 537 82 20 brottet
301 536 89 27 uppstär
405 537 64 21 likväl
484 543 27 15 en
526 537 161 27 inkonsegvens.
712 537 43 21 För
771 536 107 27 ätskilliga
893 536 64 26 brott,

206 571 7 21 i
228 570 100 22 afseende
351 571 12 21 ä
380 571 72 21 hvilka
470 571 62 22 äfven
550 571 73 22 försök
642 573 25 20 är
685 571 120 28 straffbart,
826 573 24 20 är
859 570 99 23 tukthus-

206 605 94 22 straffets
314 605 96 22 kortaste
425 605 31 22 tid
471 607 7 20 i
488 605 111 28 förslagets
610 606 105 21 särskilda
727 606 34 21 del
772 617 25 3 —
809 605 70 22 såsom
890 611 69 16 exem-

206 640 67 27 pelvis
292 641 8 20 i
314 640 14 21 2
347 640 39 21 och
402 641 12 21 7
433 640 23 27 $$
471 641 26 21 21
514 641 55 27 kap.,
590 641 11 21 1
618 641 11 26 $
645 641 27 22 25
688 641 50 26 kap.
754 642 54 21 samt
824 641 10 20 1
851 640 40 22 och
906 640 12 21 7
935 639 23 28 $$

207 675 28 21 34
249 675 49 26 kap.
314 687 27 2 —
355 676 67 20 utsatt
433 675 31 22 till
476 675 45 22 dels
530 676 20 26 4,
563 675 44 22 dels
619 676 13 21 6
642 675 30 22 är.
697 675 79 28 Lägsta
786 674 174 23 tukthusstraffet

206 709 33 21 för
257 709 73 22 försök
347 709 33 21 till
401 709 61 22 dessa
476 710 58 21 brott
550 709 68 23 skulle
633 710 81 21 säledes
729 711 77 26 utgöra
820 716 56 20 resp.
891 710 14 21 3
920 710 40 21 och

206 742 43 29 41/5
264 744 24 21 är
308 744 52 29 eller
377 749 59 16 mera
454 746 28 19 än
496 744 86 21 straffet
596 743 34 22 för
644 744 73 21 försök
732 744 33 21 till
781 745 31 20 ett
826 745 65 25 brott,
906 744 53 21 hvil-

206 779 43 25 ket,
268 785 34 14 om
321 778 36 21 det
376 778 133 26 fullbordats,
528 779 55 21 hade
600 778 90 27 förskylt
705 778 117 22 dödsstraff
836 779 50 20 eller
901 779 58 20 tukt-

206 812 40 22 hus
266 813 13 21 &
297 811 73 23 lifstid.
401 812 49 22 Men
469 813 118 22 oberoende
602 813 63 21 häraf
678 815 24 19 är
718 813 35 22 det
768 813 7 22 i
790 813 77 27 nådiga
882 819 77 21 propo-

207 847 92 21 sitionen
313 848 81 20 utsatta
410 847 176 27 straffminimum,
602 848 33 21 tre
650 847 130 28 fjerdedelar
790 847 22 22 af
821 847 69 27 lägsta
898 847 62 22 straf-

206 881 30 22 fet
251 881 33 21 för
299 881 133 22 fullbordadt
446 882 64 26 brott,
526 881 62 22 äfven
604 882 7 21 i
626 882 39 21 och
680 882 33 21 för
723 883 33 26 sig
765 882 33 22 för
808 882 58 27 högt.
882 881 78 23 Gräns-

207 916 64 21 linien
287 916 90 22 emellan
392 916 41 21 den
448 916 107 23 strafflösa
570 916 159 22 förberedelsen
745 917 39 22 och
799 917 37 21 det
844 916 116 22 straffbara

206 950 95 22 försöket
323 953 24 19 är
370 951 7 20 i
398 951 76 27 mänga
494 951 38 22 fall
547 948 84 31 mycket
646 951 48 22 svär
709 952 32 20 att
756 951 120 27 uppdraga:
892 951 69 21 öfver-

206 985 83 26 gängen
304 985 64 21 beror
383 985 45 22 ofta
442 992 60 15 mera
516 987 27 25 pä
559 992 25 15 en
599 986 126 27 gvantitativ
740 986 94 27 stegring
848 988 27 19 än
890 985 28 28 pä
933 992 26 15 en

208 1019 108 27 gvalitativ
331 1019 121 27 utveckling
467 1020 23 21 af
506 1019 167 27 verksamheten,
690 1020 38 21 och
745 1019 35 22 det
795 1021 24 20 är
834 1020 36 21 vid
884 1019 76 22 sädant

206 1053 132 22 förhällande
349 1053 75 27 tydligt
434 1055 32 20 att
476 1054 94 21 straffets
581 1054 108 21 minimum
700 1053 68 22 mäste
779 1055 67 20 sättas
854 1053 108 27 jemförel-

208 1089 53 21 sevis
272 1089 50 25 lågt.
343 1088 33 21 Då
389 1089 73 20 härtill
476 1089 85 21 komma
573 1089 25 20 de
608 1089 66 20 redan
684 1089 35 20 vid
728 1089 158 26 granskningen
897 1088 23 21 af
928 1089 13 20 2
952 1087 10 28 $

208 1123 14 21 3
236 1123 49 26 kap.
301 1122 127 22 framhällna
443 1123 164 26 olägenheterna
621 1123 23 20 af
654 1122 52 22 flera
714 1122 132 22 aritmetiska
854 1122 108 21 reduktio-

208 1163 44 20 ner,
267 1157 64 22 hafva
346 1157 119 22 Ständerna
480 1159 70 20 ansett
565 1158 37 21 det
615 1163 52 16 vara
676 1157 122 28 lämpligast
808 1153 29 36 att
849 1157 6 21 i
862 1157 99 22 afseende

208 1192 12 21 å
235 1192 94 21 straffets
345 1192 108 21 minimum
468 1193 35 21 vid
512 1192 72 22 försök
592 1198 80 15 samma
680 1192 158 27 bestämningar
846 1191 112 27 tillämpas,

208 1232 45 16 som
268 1226 36 22 vid
318 1227 14 21 2
348 1225 11 28 $
375 1227 13 21 3
403 1226 48 27 kap.
467 1227 94 22 infördes
576 1228 8 21 i
599 1227 98 21 afseende
712 1227 13 21 &
740 1225 119 28 förbrytare
870 1225 90 22 emellan

209 1260 26 21 15
251 1261 40 20 och
307 1261 26 20 18
349 1260 29 21 är.
408 1260 34 21 Dä
457 1260 162 27 nedsättningen
634 1259 23 22 af
670 1259 140 22 dödsstraffet
826 1259 39 21 och
874 1259 90 21 lifstids-

207 1293 174 22 tukthusstraffet
400 1294 7 21 i
425 1294 67 27 begge
510 1294 132 27 lagrummen
660 1294 66 27 enligt
742 1293 78 28 nädiga
834 1293 128 27 propositio-

208 1335 40 15 nen
262 1331 25 19 är
305 1328 94 22 identisk
414 1329 40 20 och
469 1328 142 22 förhällandet
625 1330 24 19 är
664 1328 112 22 enahanda
791 1327 48 22 med
855 1327 108 22 straffma-

207 1364 81 21 ximum
302 1362 33 22 för
350 1363 26 21 de
392 1362 85 23 relativt
492 1363 110 22 bestämda
616 1362 96 28 straffen,
728 1362 54 23 efter
790 1363 41 21 den
838 1361 124 29 förändring

208 1398 119 23 Ständerna
345 1398 90 27 vidtagit
455 1399 7 20 i
482 1398 142 27 nyssnämnda
638 1398 89 27 lagrum,
743 1397 24 22 sä
782 1397 95 23 kommer
891 1397 72 22 straff-

208 1434 164 27 nedsättningen
392 1434 32 21 att
443 1434 7 21 i
466 1433 42 22 alla
523 1433 113 23 afseenden
651 1433 66 22 blifva
732 1433 44 22 lika
790 1433 31 22 uti
836 1433 67 28 begge
918 1432 46 27 lag-

208 1474 102 16 rummen.
