1020 1709
192 152 31 35 86
408 157 24 20 U.
447 157 23 20 B.
486 167 27 5 —
527 155 60 27 Prop.
602 156 46 21 N:o.
663 157 17 21 1.

168 220 91 26 landet,
270 219 85 20 hvilken
378 221 38 24 gör
431 220 32 25 sig
478 218 84 28 skyldig
578 218 31 21 till
625 218 78 28 fylleri,
718 218 86 27 stadgas
818 218 8 20 i
841 218 78 27 kyrko-

169 254 69 26 lagen;

236 288 12 20 7
265 290 19 24 8.
313 287 101 21 Förleder
436 288 69 26 någon
521 288 47 26 den,
588 294 43 14 som
649 288 18 27 ej
683 287 40 27 fylt
738 287 88 21 aderton
843 287 29 25 år,
888 288 31 19 att

169 322 78 22 förtära
269 322 135 26 rusgifvande
427 322 73 26 dryck,
522 322 24 20 sä
561 323 30 19 att
606 321 41 21 han
664 322 40 20 blir
720 321 100 27 drucken,
836 320 84 22 straffes

169 357 47 21 med
232 356 60 21 böter
307 356 61 27 högst
383 356 118 20 tvåhundra
515 356 67 22 mark,

237 392 13 19 8
265 391 21 27 &.
315 390 77 21 Finnes
415 391 68 26 någon
506 390 13 20 &
542 390 214 28 utskänkningsställe
779 390 23 21 sä
817 390 102 27 drucken,

169 428 32 18 att
223 426 40 20 han
279 428 23 18 är
318 425 6 20 i
341 424 65 22 behof
423 425 23 20 af
459 425 79 26 tillsyn,
560 425 39 21 och
615 424 68 27 gifves
698 425 76 20 honom
791 424 47 21 icke
854 424 65 28 nödig

170 460 61 26 värd;
247 459 49 21 böte
311 459 79 21 värden
406 459 51 21 eller
472 459 158 21 föreständaren
650 460 61 27 högst
726 459 118 21 tvähundra
859 458 59 22 mark

169 495 40 21 och
224 494 71 27 varde,
311 494 37 20 der
364 493 81 21 äterfall
461 494 67 20 oftare
542 494 62 26 skett,
624 494 105 21 dessutom
744 494 108 20 förklarad
869 494 50 21 obe-

169 529 93 27 rättigad
278 530 31 20 att
324 528 72 21 utöfva
410 528 52 21 eller
477 529 78 20 förestä
569 528 150 28 utskänkning.

236 563 183 21 Tillhandahäller
434 563 52 21 värd
502 563 51 21 eller
568 564 144 20 föreståndare
727 564 13 20 &
756 562 162 28 utskänknings-

170 598 61 20 ställe
246 598 136 28 rusgifvande
399 598 67 27 dryck
482 598 22 20 åt
518 598 48 26 den,
581 605 44 14 som
641 600 23 18 är
679 597 94 21 drucken
785 597 52 21 eller
848 598 19 26 ej
879 597 41 27 fylt

170 633 79 21 femton
265 633 33 26 är;
314 632 65 21 varde
394 632 86 21 straffad
493 632 70 20 såsom
579 639 28 14 nu
622 635 24 17 är
661 632 67 26 sagdt.

487 728 37 20 44
536 728 69 29 Kap.

227 787 35 23 Om
278 787 53 22 brott
346 786 54 22 emot
415 786 102 23 föreskrift
531 787 31 21 till
580 787 61 27 skydd
657 786 32 22 för
704 786 27 28 lif,
748 786 57 22 helsa
820 786 52 22 eller

466 828 2 2 *
490 822 107 26 egendom.

240 880 9 18 1
267 878 20 27 8.
317 878 64 26 Hvar,
392 885 44 13 som
446 879 81 20 lemnar
536 879 85 20 laddadt
632 879 129 26 skjutvapen,
772 878 53 20 eller
833 881 87 25 spräng-

170 916 69 23 ämne,
261 912 39 28 gift
316 913 51 20 eller
382 916 64 17 annat
469 913 107 27 lifsfarligt
591 916 60 17 ämne
667 913 28 26 på
710 913 76 20 sådant
801 913 69 26 ställe,
886 915 32 18 att

171 948 50 20 barn
237 948 52 20 eller
304 954 68 13 annan
389 947 21 19 af
428 947 107 21 oförstånd
552 948 40 20 kan
613 948 84 20 dermed
713 950 51 24 göra
779 947 74 26 skada,
868 946 51 23 eller

169 981 62 28 eljest
252 981 121 28 oförsigtigt
394 982 75 27 umgås
488 982 47 20 med
558 981 66 29 dylikt
638 988 68 20 vapen
724 981 50 22 eller
789 982 68 26 ämne,
873 980 46 22 böte

169 1015 61 28 högst
243 1016 114 21 etthundra
372 1016 65 20 mark.

239 1052 11 18 2
266 1050 19 28 8.
315 1050 64 26 Hvar,
402 1056 52 20 som,
477 1051 46 19 med
540 1050 87 27 vetskap
644 1054 30 16 att
692 1057 68 14 annan
777 1050 94 21 befinner
886 1051 34 26 sig

168 1086 8 20 i
192 1085 82 27 verklig
297 1085 87 26 lifsfara,
408 1085 119 21 underlåter
542 1088 32 17 att
587 1085 58 27 gifva
664 1085 52 20 eller
731 1084 102 21 förskaffa
848 1085 70 20 denne

169 1120 66 20 sådan
260 1120 64 26 hjelp,
348 1119 40 21 han
412 1122 48 17 utan
477 1120 45 20 fåra
542 1120 32 20 för
588 1119 31 27 sig
635 1120 52 20 eller
702 1119 66 27 tredje
783 1126 76 20 person
876 1120 43 20 kan

169 1154 154 26 åstadkomma,
339 1153 50 21 böte
404 1154 60 26 högst
480 1154 113 20 trehundra
608 1154 65 20 mark.

238 1188 11 20 3
266 1188 19 26 6.
314 1187 78 21 Jordar
406 1194 47 14 man
470 1188 75 26 någon,
562 1189 41 19 förr
617 1190 25 18 än
660 1194 46 14 man
723 1194 50 20 eger
788 1188 85 26 visshet,
887 1190 35 18 att

168 1224 42 20 han
225 1225 24 18 är
273 1222 51 26 död;
346 1222 81 21 straffes
448 1223 47 21 med
511 1223 59 20 böter
586 1222 62 27 högst
663 1222 113 21 trehundra
791 1222 59 21 mark
866 1222 54 21 eller

168 1256 95 27 fängelse
278 1257 19 25 ej
313 1256 58 20 öfver
386 1258 31 18 tre
433 1257 105 19 månader.

236 1290 45 26 Lag
302 1296 80 14 samma
404 1296 56 19 vare,
482 1296 32 14 om
538 1296 48 13 man
607 1289 72 27 jordar
697 1289 37 26 lik,
749 1290 65 19 innan
829 1289 88 26 behörig

167 1324 98 20 anmälan
281 1330 33 14 om
330 1323 114 21 dödsfallet
458 1324 62 20 skett.
829 1321 6 4 N

236 1359 12 19 4
264 1356 19 30 8.
314 1358 64 26 Hvar,
393 1364 43 14 som
452 1360 49 18 utan
518 1358 47 27 laga
580 1360 42 18 rätt
637 1358 99 26 tillreder,
749 1358 67 20 håller
828 1357 30 21 till
870 1358 46 20 salu

169 1393 52 21 eller
245 1393 125 21 annorledes
386 1392 22 21 ät
423 1399 68 15 annan
511 1393 114 21 öfverläter
640 1393 38 27 gift
693 1393 52 21 eller
761 1395 64 19 annat
841 1392 76 21 sådant

167 1428 108 27 lifsfarligt
299 1431 67 22 ämne,
392 1427 80 21 straffes
496 1429 47 20 med
564 1428 60 20 böter
640 1428 61 26 högst
717 1428 124 21 femhundra
857 1428 58 20 mark

167 1463 52 20 eller
235 1462 94 26 fängelse
344 1462 19 27 ej
380 1462 57 20 öfver
453 1465 31 17 tre
498 1462 107 20 mänader.
