1025 1703
82 211 62 17 Verkst.
156 211 24 19 fd.

98 234 12 16 2
123 234 45 22 Kap.

222 149 34 33 100
459 153 22 19 U.
497 153 16 19 B
530 163 20 3 —
566 153 60 23 Prop.
640 152 35 18 N:o
687 152 16 18 1.

268 210 22 21 13
300 210 45 20 —15
368 210 30 28 $8.
428 211 63 19 Dessa
513 210 115 26 paragrafer
650 213 33 16 äro
706 210 73 24 egnade
803 210 19 19 åt
841 210 37 19 den
897 216 15 12 s.
933 209 18 19 k.

201 245 106 25 vilkorliga
321 245 135 25 frigifningen,
469 245 47 19 eller
530 245 48 19 sista
590 244 70 19 stadiet
672 243 21 20 af
704 244 36 19 den
752 244 125 25 progressiva
888 243 64 19 straff-

200 279 160 25 verkställighet,
376 286 41 12 som
432 279 21 19 af
467 279 43 19 nåd.
526 285 55 19 prop.
597 278 98 19 omfattas.
711 289 27 3 —
753 278 104 19 Ehuruväl
869 277 36 19 den
915 277 37 19 vil-

200 313 78 25 korliga
300 313 128 25 frigifningen
450 313 68 19 endast
539 315 57 23 utgör
616 318 22 13 en
658 312 112 25 följdriktig
789 312 126 24 fortsättning
934 311 21 19 af

201 347 71 19 sådana
288 347 133 24 frihetsstraff,
437 346 75 26 hvilka,
528 347 63 19 såsom
606 346 119 25 exempelvis
741 346 57 19 fallet
813 349 21 16 är
846 345 43 19 med
900 345 53 19 tukt-

201 381 113 19 husstraffet
330 381 61 24 enligt
407 381 137 24 förordningen
560 381 36 18 den
612 379 26 20 26
654 380 112 19 November
783 379 61 25 1866,
857 379 26 25 gå
896 381 22 17 ut
930 379 25 26 på

202 417 28 17 att
249 415 102 19 efterhand
370 415 36 19 och
425 415 7 18 i
451 415 42 18 mån
512 415 22 19 af
550 415 68 24 fånges
634 414 120 24 uppförande
769 413 43 20 lösa
827 414 48 18 hans
891 413 62 19 straff-

201 449 67 25 tvång,
288 449 36 19 har
342 448 95 25 vilkorlig
455 449 103 25 frigifning
576 448 64 19 likväl
658 448 43 19 icke
720 447 126 20 härförinnan
865 447 64 25 ingått
947 447 7 18 i

202 483 76 19 landets
302 483 185 25 strafflagstiftning.
517 482 66 20 Redan
607 483 29 18 uti
658 482 22 19 de
704 481 98 20 allmänna
819 482 87 25 grunder
924 482 31 19 för

202 524 26 18 ny
246 517 144 25 brottmälslag,
409 517 71 19 hvilka
498 517 28 19 uti
544 517 44 19 näd.
608 523 55 18 prop.
682 516 97 19 förelades
799 516 104 19 ständerna
921 515 34 20 vid

205 551 138 20 1863—1864
359 551 31 19 ärs
405 551 88 25 landtag,
506 551 95 25 föreslogs
617 550 109 20 emellertid
737 553 29 16 att
778 550 176 25 verkställigheten

202 586 22 19 af
237 585 159 20 tukthusstraffet
411 585 65 20 skulle
491 585 35 20 ske
542 585 62 25 enligt
616 587 28 17 ett
655 585 194 24 progressivsystem,
861 584 94 19 liknande
972 589 1 3 '

204 620 32 19 det
246 627 14 12 s.
278 620 19 19 k.
313 620 108 25 irländska,
435 619 48 20 eller
498 620 42 19 med
556 622 29 17 tre
600 619 72 25 grader
686 619 90 25 fängelse
792 619 35 19 och
843 619 60 24 derpä
917 619 37 19 föl-

201 655 57 24 jande
274 654 95 25 vilkorlig
381 654 108 25 frigifning,
507 657 49 17 samt
571 656 30 17 att
616 654 163 19 straffanstaltens
795 653 96 20 direktion
905 653 50 20 efter

202 688 51 19 vissa
266 688 101 19 bestämda
376 688 85 25 grunder
473 688 47 25 egde
531 688 77 25 pröfva,
620 688 97 19 huruvida
727 687 72 25 fängen
809 687 59 19 borde
879 687 76 19 komma

202 722 7 18 i
225 722 112 25 ätnjutande
353 722 20 19 af
388 722 59 19 sädan
463 722 108 25 frigifning.
594 722 149 24 Propositionen
759 721 42 19 blef
814 722 49 18 dock
875 722 6 18 i
894 722 61 19 denna

203 756 31 20 del
250 757 21 18 af
285 757 102 19 ständerna
403 756 74 25 afböjd,
494 756 92 25 ,,jemedan
598 756 120 19 densammas
729 756 150 24 genomförande
891 756 64 19 kunde

202 790 30 20 för
255 790 104 20 samhället
380 791 63 19 blifva
461 791 75 25 vädligt
554 793 50 17 samt
622 790 32 19 det
674 790 98 19 dessutom
790 796 47 13 vore
856 790 98 19 stridande

203 827 51 17 emot
268 825 93 19 Finlands
376 825 111 19 nuvarande
503 824 131 26 lagstiftning,
646 826 29 18 att
686 824 143 20 administrativ
840 824 117 26 myndighet

203 860 50 24 finge
275 860 59 24 bryta
354 859 115 19 domstolars
487 859 45 25 laga
551 858 53 20 kraft
624 865 65 13 vunna
707 859 72 25 domar,
799 858 77 20 hvilket
895 859 61 25 enligt

205 895 8 17 1
235 894 13 24 8
266 894 23 18 31
311 894 46 24 kap.
372 894 24 18 R.
412 894 23 18 B.
451 894 119 19 tillkommer
585 894 101 24 Regenten
702 893 85 19 allena".
802 904 27 3 —
844 893 37 19 Att
896 893 60 20 saken

203 928 33 18 vid
255 928 83 18 nämnda
357 928 94 24 landtdag
469 928 38 18 fick
526 928 61 19 denna
606 928 74 24 utgång
697 928 39 18 kan
753 927 44 19 icke
811 928 64 18 väcka
890 928 65 19 förvä-

203 962 53 24 ning,
276 962 24 19 dä
319 962 32 18 det
369 962 125 24 progressiva
509 962 183 24 fängelsesystemet
707 961 132 19 öfverhufvud
854 962 26 24 pä
895 962 62 18 denna

203 996 29 18 tid
249 1002 36 13 var
302 996 144 25 jemförelsevis
466 998 44 22 nytt
530 996 35 19 och
583 996 97 18 dessutom
698 996 92 24 temligen
805 996 150 24 obepröfvadt
944 992 14 33 i

202 1030 24 19 de
248 1029 136 20 kontinentala
402 1029 99 25 länderna,
521 1031 50 17 samt
588 1029 36 18 den
643 1029 235 25 fängelseförvaltningen
896 1029 6 18 i
921 1035 33 13 an-

203 1063 43 20 förd
264 1063 61 19 måtto
344 1063 88 19 lemnade
451 1063 166 25 pröfningsrätten
633 1063 74 25 jemväl
724 1069 35 13 var
774 1063 63 25 egnad
852 1065 29 17 att
897 1063 57 19 fram-

202 1097 54 19 kalla
275 1097 164 24 betänkligheter.
470 1097 42 18 Den
528 1097 109 24 vilkorliga
652 1097 127 25 frigifningen
795 1097 36 19 har
846 1097 109 19 emellertid

202 1131 109 20 sedermera
330 1131 94 19 öfverallt
442 1131 33 19 der
495 1131 35 19 den
549 1131 67 19 blifvit
635 1131 64 19 införd
718 1132 73 19 bestätt
806 1131 84 25 profvet,
906 1131 47 20 hva-

202 1166 38 18 dan
263 1165 32 19 det
316 1165 61 19 mäste
399 1165 44 19 med
464 1165 174 20 tillfredsställelse
658 1165 112 24 antecknas,
789 1167 29 18 att
835 1165 44 20 näd.
898 1172 56 18 prop.

202 1206 70 18 genom
294 1199 37 19 den
353 1199 108 25 vilkorliga
482 1199 137 25 frigifningens
639 1200 124 24 upptagande
783 1200 120 24 konsegvent
921 1205 32 19 ge-

202 1234 84 18 nomfört
304 1233 37 18 den
360 1233 126 23 progressiva
504 1233 276 25 verkställighetsprincipen;
803 1234 35 18 och
858 1234 25 18 dä
901 1233 54 24 pröf-

202 1267 72 24 ningen
289 1266 56 19 deraf
359 1266 97 18 huruvida
471 1266 70 24 fängen
557 1267 52 23 gjort
624 1266 30 24 sig
669 1266 81 24 förtjent
763 1269 30 16 att
806 1266 61 19 varda
880 1266 73 19 vilkor-

202 1300 54 25 ligen
271 1299 100 25 frigifven,
384 1299 28 18 uti
427 1299 44 19 näd.
487 1305 54 19 prop.
558 1302 21 16 är
594 1299 71 24 tillagd
680 1299 114 25 Kejserliga
809 1300 93 18 Senatens
918 1299 35 19 Ju-

202 1333 193 25 stitiedepartement,
412 1332 78 20 förfalla
507 1333 35 19 ock
557 1333 23 19 de
595 1332 166 26 betänkligheter,
777 1340 41 12 som
832 1334 7 18 i
850 1333 62 19 denna
923 1333 31 19 del

202 1367 82 20 uttalats
298 1367 22 19 af
337 1366 138 21 1863—1864
491 1367 31 19 års
538 1367 84 19 ständer.

272 1401 23 20 16
314 1401 18 28 8
361 1401 50 19 Nåd.
427 1407 66 20 prop:s
508 1401 108 24 föreskrift,
632 1403 28 18 att
675 1402 113 25 villkorligt
802 1401 95 26 frigifven
912 1402 39 19 fån-

202 1443 31 19 ge,
252 1443 41 13 som
312 1436 101 19 förverkat
432 1436 90 25 friheten,
542 1436 35 19 och
596 1435 77 20 således
693 1437 35 19 bör
745 1437 82 19 insättas
843 1437 6 18 i
865 1437 88 20 straffan-

270 1469 179 22 Strafflagsutskottets
461 1470 103 17 betänkande
576 1469 34 17 N:o
624 1470 15 16 1.
