1025 1709
307 122 65 24 Ständ.
387 121 30 25 Sr.
432 135 29 3 —
476 122 55 30 Prop.
546 122 33 24 N.o
592 122 16 24 1.
775 121 27 22 19

81 188 31 22 fet
134 189 49 22 med
202 189 80 27 hänsyn
297 188 33 22 till
344 189 98 27 samtliga
457 189 91 27 brotten,
565 188 39 23 och
619 188 40 22 den
673 190 58 20 emot
745 189 86 26 absorp-

80 223 166 28 tionsprincipen
261 223 74 27 gjorda
350 224 173 26 anmärkningen,
538 225 32 20 att
584 223 156 22 straffsatserna
755 223 23 21 af
786 223 44 26 lag-

81 257 99 22 stiftaren
195 258 36 21 äro
246 257 112 21 bestämda
372 257 76 22 endast
462 257 49 21 med
525 258 79 26 hänsyn
619 257 34 21 till
663 257 27 21 de
700 257 63 21 enkla
772 257 59 21 brot-

80 293 36 20 ten
132 291 39 22 och
186 291 83 22 således
284 291 47 21 icke
347 291 64 21 räcka
425 291 33 21 till
473 292 35 21 vid
523 291 153 27 straffmätning
690 292 33 21 för
737 291 94 22 konkur-

51 344 3 3 .
80 326 89 22 rerande
188 326 65 26 brott,
268 325 75 22 träffar
359 326 75 21 endast
449 326 26 22 de
490 325 161 29 undantagsfall,
667 325 28 22 dä
710 326 35 22 det
759 325 72 23 svära-

80 361 33 21 ste
132 360 82 22 brottet
228 360 90 27 förskylt
333 361 33 21 ett
380 360 68 27 straff,
464 360 81 22 hvilket
559 362 85 20 närmar
658 361 32 27 sig
704 360 77 28 högsta
794 360 37 22 be-

80 395 79 27 loppet,
174 400 46 16 som
234 395 67 27 enligt
315 394 37 22 det
366 396 117 26 strängaste
498 395 126 28 stadgandet
637 395 43 22 kan
695 395 94 22 ädömas.

148 429 65 22 Emot
227 430 41 22 den
283 429 54 28 äsigt
352 430 119 22 Ständerna
486 430 61 22 ofvan
563 430 104 27 omfattat,
683 430 53 22 eller
750 431 32 21 att
796 430 36 22 vid

79 464 55 22 ideel
148 464 135 22 konkurrens
298 464 74 22 endast
387 465 32 20 ett
433 464 63 22 straff
508 464 39 22 bör
561 465 98 26 utmätas,
675 465 43 21 kan
732 464 99 28 möjligen

79 498 110 27 invändas,
213 500 32 20 att
268 498 47 22 dess
330 498 132 28 tillämpning
478 500 23 20 är
516 498 87 22 förenad
617 499 48 21 med
679 498 132 28 svärigheter
824 499 8 21 i

80 533 26 22 de
120 533 45 27 fall,
181 533 27 22 dä
223 533 76 22 endast
314 539 27 15 en
356 532 52 22 eller
418 532 66 28 nägra
494 532 23 22 af
525 534 26 21 de
561 532 145 28 förbrytelser,
716 533 33 22 för
759 533 73 22 hvilka

79 567 111 22 underrätt
200 567 73 22 ädömt
280 567 85 26 straff,
358 563 9 34 i
375 567 102 22 öfverrätt
486 567 111 22 tillräknas
608 568 40 21 den
656 568 110 21 tilltalade.
783 567 49 22 Svä-

79 602 124 27 righeterna
225 602 75 22 härvid
319 604 38 19 äro
377 602 53 22 dock
448 602 65 27 enligt
527 602 127 22 Ständernas
669 603 65 21 tanke
748 602 47 22 icke
810 601 24 23 af

80 636 132 27 väsentligen
235 642 71 16 annan
325 636 153 28 beskaffenhet,
493 639 27 19 än
535 637 27 21 dä
577 637 36 21 det
627 636 8 22 i
649 637 137 21 underrätten
799 636 33 22 för

80 671 72 22 enkelt
166 671 58 21 brott
239 670 90 22 ädömda
345 670 83 23 straffet
443 672 24 20 är
477 670 112 23 influeradt
599 670 23 23 af
629 671 57 22 vissa
694 670 138 23 försvärande

80 705 188 28 omständigheter,
291 706 48 21 dem
362 706 129 22 öfverräiten
513 712 61 16 anser
597 706 18 27 ej
637 712 52 15 vara
707 705 125 23 förhanden.

78 740 47 22 Har
144 742 18 20 t.
177 747 33 15 ex.
225 740 112 22 underrätt
352 740 108 22 tillräknat
476 741 41 21 den
532 740 84 22 åtalade
630 740 96 27 väldtägt
741 740 40 22 och
795 740 37 22 äk-

81 775 161 27 tenskapsbrott
264 775 69 21 säsom
355 775 65 21 ideelt
437 775 174 22 konkurrerande
626 774 138 27 förbrytelser
778 776 55 20 samt

81 809 34 21 för
131 809 48 22 dem
193 810 68 21 utsatt
276 811 31 20 ett
322 809 68 27 straff,
405 815 47 15 men
469 809 101 21 öfverrätt
585 815 62 15 anser
661 809 75 21 endast
751 809 82 21 ettdera

79 844 82 26 brottet
175 849 52 16 vara
241 844 76 26 styrkt,
333 844 24 21 sä
372 844 102 27 gestaltar
483 844 33 27 sig
525 843 181 27 straffimätningen
717 843 28 27 pä
752 849 81 16 samma

80 880 49 25 sätt,
144 884 46 16 som
205 878 28 22 dä
247 878 112 22 underrätt
373 878 35 22 vid
423 878 60 27 ,grof
495 878 69 22 stöld"
580 879 71 20 ansett
660 878 52 21 flera
722 877 22 23 af
754 878 26 21 de
790 878 43 21 för-

81 912 104 23 svärande
207 912 187 28 omständigheter,
416 919 46 15 som
484 912 121 28 uppräknas
627 913 7 21 i
649 912 14 21 2
678 911 11 28 $
704 912 28 21 28
747 912 49 27 kap.
812 912 23 22 af

79 947 137 29 lagförslaget
230 954 51 16 vara
296 947 124 27 förhanden,
435 954 49 15 men
500 947 101 22 öfverrätt
616 947 76 21 endast
708 953 25 15 en
748 946 24 22 af
779 947 54 21 dem.

80 982 11 22 I
106 982 117 22 hvartdera
236 982 61 22 fallet
311 982 67 22 måste
394 982 129 22 öfverrätten
537 983 82 21 utmäta
633 981 83 23 straffet
731 981 103 22 särskildt

78 1017 34 21 för
133 1017 42 21 den
189 1016 142 28 brottslighet,
344 1023 45 15 som
404 1016 109 22 derstädes
527 1022 61 16 anses
603 1017 75 21 stanna
694 1016 40 22 den
749 1016 85 22 åtalade

78 1052 34 22 till
127 1052 48 22 last.

148 1086 120 22 Ständerna
282 1086 64 22 hafva
360 1085 132 23 fördenskull
506 1087 69 20 ansett
584 1085 148 27 lagförslagets
740 1084 93 22 bestäm-

78 1121 78 22 melser
169 1127 36 15 om
219 1121 41 21 den
274 1121 70 21 ideela
358 1120 159 22 konkurrensen
531 1120 54 22 böra
599 1120 77 21 ändras
692 1119 87 27 derhän,
799 1121 32 20 att

78 1156 34 22 för
128 1155 26 22 de
169 1154 201 23 sammanträffande
383 1155 86 21 brotten
483 1155 56 21 blott
548 1156 31 20 ett
588 1153 78 23 straff
659 1148 10 39 i
676 1154 77 22 allmän
762 1152 71 24 straff-

80 1191 34 21 art
128 1190 93 26 ådömes,
236 1196 49 15 men
301 1190 40 21 den
357 1188 162 28 omständighet,
534 1190 32 20 att
580 1189 85 21 brotten
679 1190 37 20 äro
726 1188 59 26 flera,
796 1188 37 21 be-

78 1225 83 22 traktas
177 1224 69 22 såsom
261 1224 143 27 försvårande,
420 1226 57 20 samt
491 1225 37 26 att,
544 1224 37 22 der
594 1223 86 22 brotten
696 1224 36 20 äro
742 1222 92 27 belagda

78 1260 49 21 med
150 1259 57 22 olika
229 1258 67 28 straff,
320 1259 36 21 det
378 1260 119 26 strängaste
518 1258 127 28 lagrummet
666 1258 40 21 bör
720 1257 113 27 tillämpas.

78 1294 89 22 Hvilket
185 1294 84 27 lagrum
289 1299 46 16 som
354 1296 24 19 är
393 1294 108 26 strängast
514 1294 63 20 beror
591 1292 135 27 naturligtvis
740 1291 59 22 såväl
813 1291 23 22 af

80 1329 26 21 de
127 1328 120 26 respektive
270 1328 167 21 straffsatsernas
452 1328 92 21 maxima
558 1327 39 21 och
611 1327 87 21 minima
712 1332 45 16 som
773 1325 22 22 af
808 1326 27 20 de

78 1362 81 21 utsatta
177 1360 160 23 straffarternas
357 1360 109 28 stränghet
485 1360 7 21 i
510 1360 131 21 förhållande
660 1359 33 22 till
707 1358 127 22 hvarandra.

79 1395 12 22 I
113 1395 128 22 sistnämndt
263 1394 99 23 afseende
382 1396 24 20 är
424 1393 179 29 ordningsföljden
617 1394 7 20 i
641 1393 11 21 1
668 1392 11 28 8
695 1393 13 21 2
722 1392 49 28 kap.
787 1392 47 22 icke

82 1436 72 17 ensam
169 1430 127 27 afgörande:
313 1428 28 23 då
355 1428 208 24 värdeförhållandet
579 1428 90 22 emellan
683 1427 96 28 fängelse
794 1426 41 23 och
