1020 1709
188 135 26 19 96
401 136 24 20 U.
441 137 16 19 B
480 148 26 3 —
522 137 59 25 Prop.
596 137 38 20 N:o
649 137 15 19 1.

159 196 82 20 försökt
258 203 87 19 rymma,
362 198 51 19 eller
429 198 55 20 visat
498 198 138 25 våldsamhet,
651 204 43 14 som
707 198 19 26 ej
736 198 81 20 kunnat
831 204 76 14 annor-

159 230 59 20 ledes
233 231 80 27 tyglas;
329 231 40 19 och
385 232 113 20 ankomme
513 232 27 26 på
556 232 131 21 direktionen
704 234 31 18 att
750 232 115 20 bestämma
873 238 33 14 om

158 264 65 21 sådan
247 264 74 27 åtgärd
345 265 39 20 och
409 266 46 19 dess
472 267 143 25 upphörande.
646 266 9 20 I
670 266 134 21 brådskande
819 264 38 22 fall
873 265 34 21 mä

157 297 160 22 föreståndaren
341 299 70 20 derom
435 299 112 28 förordna;
569 307 46 14 men
639 307 50 14 vare
705 300 85 27 skyldig
805 301 31 18 att
850 298 57 22 oför-

159 333 102 26 dröjligen
278 334 84 19 anmäla
377 334 65 21 saken
458 335 37 20 hos
511 335 140 21 direktionen.

227 373 39 20 Om
286 372 74 27 fånges
384 373 130 28 beläggande
538 375 46 20 med
606 374 81 27 fängsel
709 374 39 21 och
764 374 143 27 anledningen

159 407 69 20 dertill
245 408 53 20 skall
316 409 128 27 anteckning
460 411 66 24 göras.

229 449 23 20 12
268 449 20 26 8.
319 449 44 20 Kan
386 448 70 28 fånge,
480 451 62 20 hvars
565 450 88 21 strafftid
677 450 73 20 nalkas
774 449 36 20 sitt
824 449 48 25 slut,
888 449 19 26 ej

158 482 95 27 påräkna
269 485 30 18 att
314 483 54 21 efter
383 483 135 28 frigifoingen
533 485 57 20 finna
605 486 62 19 säker
683 485 113 26 bergning;
810 483 52 20 söke
878 483 30 20 di-

158 517 112 20 rektionen
286 517 33 21 för
334 519 164 20 straffanstalten
515 521 6 18 i
537 521 41 26 god
594 520 29 19 tid
640 519 56 21 förut
711 521 31 18 att
752 518 22 21 åt
784 519 77 20 honom
872 517 35 21 be-

156 552 52 20 reda
224 553 63 25 tjenst
302 553 38 19 hos
355 553 77 20 redbar
447 554 116 24 husbonde,
579 555 51 19 eller
645 561 68 13 annan
732 556 64 23 utväg
812 553 30 19 till
855 553 52 26 ärlig

156 585 137 27 försörjning.

226 627 25 20 13
267 629 19 24 8.
315 627 44 20 Har
381 628 48 26 den,
453 635 44 14 som
522 629 70 20 blifvit
615 629 61 20 dömd
703 629 30 20 till
749 626 158 22 frihetsstraff
897 622 15 37 i

157 665 31 17 tre
204 661 23 21 år
242 662 52 20 eller
320 661 104 28 deröfver,
441 663 73 20 utstått
531 666 30 17 tre
576 662 128 28 fjerdedelar
719 661 66 28 deraf,
800 662 58 24 eller,
873 667 34 14 om

156 697 41 19 han
213 695 70 21 blifvit
298 697 63 19 dömd
377 697 31 19 till
424 697 86 20 tukthus
528 698 27 26 pä
571 697 72 26 lifetid,
658 699 63 18 minst
732 696 40 21 tolf
779 697 23 19 år
810 695 23 21 af
841 695 66 20 strafi-

157 731 65 25 tiden,
247 731 40 19 och
313 731 102 20 derunder
440 731 94 21 förhållit
560 733 30 25 sig
606 732 29 25 så,
654 734 31 18 att
699 734 30 17 ett
744 731 112 26 ostraffligt
870 729 37 21 lef-

156 772 64 13 verne
236 765 40 20 kan
293 766 47 19 med
356 767 138 19 sannolikhet
509 770 74 17 väntas
599 766 24 21 af
635 767 83 25 honom,
734 766 39 20 och
782 765 67 20 finnes
858 765 50 19 viss-

156 800 37 20 het
216 802 30 18 att
269 800 40 20 han
326 799 53 21 efter
403 800 109 27 frigifning
536 802 38 19 har
596 801 53 26 ärlig
663 801 137 26 försörjning;
817 799 34 21 må
866 799 42 20 han

158 834 47 20 med
222 837 48 24 eget
285 833 127 27 begifvande
428 835 38 20 hos
483 835 100 27 Kejsaren
603 836 38 20 och
658 835 128 21 Storfursten
802 833 24 22 af
838 833 69 20 direk-

157 869 71 20 tionen
244 867 33 22 för
292 869 164 20 straffanstalten
471 869 90 22 föreslås
577 873 30 17 att
623 871 65 19 varda
703 870 126 25 vilkorligen
840 866 69 28 frigif-

157 909 48 14 ven.
235 903 41 20 Till
293 904 31 19 sin
348 903 125 21 hemställan
497 905 71 20 derom
584 904 49 27 foge
649 905 131 19 direktionen
797 903 64 26 nödig
876 905 31 18 ut-

156 938 90 25 redning
262 944 32 13 om
311 937 76 27 fängen
405 941 53 18 samt
474 939 87 20 insände
570 940 29 19 sin
609 939 125 20 hemställan
744 939 30 19 till
784 937 126 28 fängvärds-

156 973 110 26 styrelsen,
283 972 84 21 hvilken
385 973 37 20 bör
438 972 130 21 öfverlemna
582 973 87 20 ärendet
684 974 46 19 med
743 976 48 23 eget
799 973 108 20 utlätande

157 1007 31 19 till
212 1006 98 26 Senaten,
334 1007 61 20 hvars
411 1007 232 27 Justitiedepartement
661 1008 35 19 det
711 1007 128 20 tillkommer
855 1009 31 18 att
901 1008 6 19 i

156 1041 65 20 saken
236 1040 108 21 förordna.

226 1083 26 19 14
267 1080 20 29 8,
318 1081 119 22 Förordnar
462 1082 98 26 Senaten,
583 1085 31 17 att
631 1081 64 27 fånge
711 1081 53 21 skall
780 1082 127 26 vilkorligen

156 1114 104 28 frigifvas;
276 1115 94 21 tillställe
386 1117 177 20 straffanstaltens
578 1115 143 22 föreständare
730 1117 76 19 honom
814 1115 33 21 för
856 1116 54 20 hans

156 1149 135 21 äterstäende
307 1150 91 20 strafftid
415 1153 30 18 ett
461 1150 83 27 fripass,
561 1151 58 20 hvari
634 1150 77 27 fängen
728 1151 38 19 bör
780 1150 128 27 föreläggas:

226 1191 18 19 1.
274 1192 31 18 att
321 1191 46 19 med
385 1193 70 24 passet
471 1194 75 23 genast
561 1191 85 26 begifva
661 1192 32 25 sig
709 1191 30 20 till
751 1193 64 18 utsatt
822 1189 85 28 försörj-

156 1225 105 25 ningsort;

228 1263 18 20 2.
277 1265 31 18 att
323 1263 56 20 inom
396 1264 36 20 tvä
448 1265 57 26 dygn
522 1264 54 21 efter
594 1265 123 19 ankomsten
734 1264 37 26 dit,
787 1264 39 19 och
842 1264 65 19 sedan

156 1303 25 13 en
206 1296 56 26 gång
284 1297 6 19 i
313 1297 73 26 hvarje
401 1298 85 25 månad,
503 1299 31 18 till
549 1298 129 26 päteekning
693 1298 88 26 uppvisa
796 1299 70 24 passet
881 1297 28 26 pä

156 1331 72 20 landet
250 1331 38 20 hos
315 1331 144 26 länsmannen,
476 1333 39 19 och
531 1333 6 19 i
554 1333 45 20 stad
616 1332 37 20 hos
668 1332 166 26 borgmästaren,
850 1331 58 26 eller,

155 1365 38 20 der
207 1365 163 26 poliskammare
386 1366 74 26 finnes,
475 1367 38 20 hos
529 1367 170 26 polismästaren;

225 1400 21 20 3.
278 1402 30 18 att
324 1401 66 20 under
406 1402 31 19 sin
454 1401 135 21 äterstäende
604 1401 97 24 strafftid,
717 1407 43 14 som
773 1401 37 20 bör
818 1402 90 19 utsättas

155 1434 7 20 i
178 1434 105 27 fripasset,
308 1433 47 22 föra
370 1437 30 18 ett
415 1436 57 20 stilla
495 1436 39 20 och
551 1435 113 27 ostraffligt
679 1434 93 21 lefverne
788 1437 54 17 samt
857 1435 51 20 und-
