1009 1700
187 150 13 20 2
407 149 20 21 U.
444 149 19 21 B.
479 160 28 4 —
523 148 57 28 Prop.
597 149 35 21 N:o
648 149 31 21 10.

159 210 34 21 för
209 210 40 21 och
264 217 52 19 som,
332 210 8 20 i
354 210 61 26 fräga
430 216 34 14 om
479 210 103 27 förslaget
601 210 33 20 till
654 210 125 27 förordning
798 210 111 27 angäende

158 243 138 22 icke-kristne
311 243 170 21 trosbekännare
491 243 41 22 och
542 244 48 21 dem
601 243 121 27 medgifven
736 244 173 27 religionsfrihet,

157 279 77 21 endast
249 277 157 27 Ridderskapet
421 277 40 22 och
476 278 69 21 Adeln
561 280 55 19 samt
631 277 182 27 Borgareständet
828 281 80 25 antogo

158 313 42 21 den
212 312 78 27 nädiga
301 311 168 28 propositionen,
478 317 48 16 men
535 311 83 22 Preste-
628 311 40 22 och
678 311 167 22 Bondeständen
862 313 47 21 der-

160 349 56 18 emot
232 346 81 27 ansägo
328 345 75 27 frägan
419 352 34 13 om
468 345 167 28 religionsfrihet
654 345 32 22 för
701 345 140 22 icke-kristne
856 354 52 14 vara

158 380 33 21 för
206 380 63 27 tidigt
284 379 64 22 väckt
371 379 39 20 och
429 378 55 28 förty
504 379 47 22 icke
571 379 118 28 samtyckte
704 380 32 20 till
752 380 110 27 förslaget,
877 381 31 21 äf-

158 420 88 16 vensom
262 413 127 24 Ständerna,
406 413 68 20 under
489 413 69 21 vilkor
573 414 77 20 endast
665 416 31 18 att
712 415 41 20 den
770 414 24 21 af
806 415 48 20 dem
870 422 36 13 an-

158 451 67 24 tagna
240 447 125 26 förordning
381 447 111 26 angående
508 447 123 21 bekännare
646 447 24 21 af
682 447 133 22 främmande
826 448 81 21 kristen

161 482 91 22 troslära
267 482 7 21 i
290 481 93 22 Finland
403 480 40 21 och
462 482 62 21 deras
544 481 166 27 religionsfrihet
729 482 84 21 komme
829 484 32 19 att
876 482 33 21 till

158 516 127 23 efterlefnad
300 515 125 24 fastställas,
441 515 115 27 godkände
572 517 41 20 den
629 516 79 27 nådiga
723 517 161 26 propositionen
900 517 7 20 i

158 551 58 23 hvad
231 551 42 21 den
288 551 63 21 rörde
366 558 78 15 ansvar
459 551 33 21 för
513 550 184 28 proselytmakeri,
712 550 61 22 Hans
788 551 119 29 Kejserliga

158 586 101 27 Majestät
281 585 53 21 fann
356 586 58 26 godt.
436 586 28 27 på
486 586 44 20 sätt
546 584 120 22 Ständerna
686 586 35 20 vid
736 586 131 28 landtdagen
884 588 23 20 år

158 620 55 22 1882
227 619 144 25 meddelades,
386 620 46 20 låta
446 620 76 26 frågan
538 626 34 14 om
587 618 141 22 utfärdandet
744 620 24 20 af
784 620 123 23 författnin-

158 661 38 21 gar
214 654 7 21 i
236 653 156 21 ofvanberörda
408 654 76 20 ämnen
500 653 34 21 för
549 652 95 21 tillfället
659 653 91 21 förfalla.

226 682 18 27 Å
260 688 134 21 sistnämnda
408 687 105 28 landtdag
528 687 88 21 väcktes
627 688 51 20 derå
687 687 58 22 inom
756 689 58 20 såväl
825 689 81 22 Preste-

156 730 46 15 som
222 723 186 26 Borgarestånden
431 722 24 21 af
475 721 97 22 enskilde
592 722 214 21 ståndsmedlemmar
827 723 80 28 förslag

156 757 33 22 till
205 757 109 28 petitition
330 763 35 14 om
380 756 149 27 dissenterlag,
545 762 48 15 men
609 763 45 13 som
670 756 65 27 nödig
746 757 160 28 ständerplura-

155 791 49 22 litet
218 791 7 20 i
241 791 76 26 frågan
332 790 47 21 icke
398 797 74 19 vanns,
492 789 126 22 föranledde
636 789 107 28 förslagen
763 791 47 20 icke
826 791 33 21 till
874 793 31 20 åt-

157 827 53 26 gärd
225 825 24 21 af
262 825 128 21 Ständerna.

225 859 30 22 På
270 858 159 27 framställning
444 858 24 21 af
485 858 121 27 Kejserliga
621 858 93 21 Senaten
730 859 67 21 erhöll
812 859 93 22 Senaten

157 895 128 24 sedermera,
301 894 7 20 i
324 893 110 21 skrifvelse
456 892 48 22 från
523 892 210 22 Statssekretariatet
753 893 32 21 till
804 893 102 22 General-

157 929 133 27 guvernören
306 928 41 20 den
365 927 25 21 18
406 928 31 26 (6)
452 927 61 27 April
528 927 60 26 1885,
600 927 74 26 nådigt
684 926 172 28 bemyndigande
866 930 40 24 att,

156 963 49 20 med
220 961 82 22 fästadt
317 961 101 21 afseende
434 961 12 20 å
462 962 95 20 närmast
572 960 33 21 för
620 960 85 21 handen
726 962 93 21 varande
835 962 71 25 behof,

156 997 98 27 uppgöra
270 997 47 26 nytt
331 994 80 28 förslag
426 994 32 21 till
474 994 148 27 dissenterlag,
638 995 47 20 med
701 995 69 21 vilkor
785 997 31 19 att
831 995 74 22 försla-

156 1033 37 24 get
208 1030 18 27 ej
244 1030 57 26 finge
325 1029 76 21 beröra
423 1028 123 22 bekännare
567 1028 24 21 af
609 1028 161 28 grekisk-ryska
792 1029 112 22 trosläran.

156 1064 62 22 Efter
233 1064 36 20 det
284 1063 54 21 härå
353 1064 31 19 ett
403 1062 58 21 inom
477 1062 119 28 Kejserliga
611 1061 93 22 Senaten
720 1064 86 20 nedsatt
822 1064 84 21 utskott

156 1097 110 23 utarbetat
281 1096 80 28 förslag
376 1096 33 21 till
424 1096 154 27 författningar
592 1096 32 20 uti
640 1097 79 25 ämnet,
734 1096 40 21 har
785 1097 63 21 Hans
858 1098 48 27 Kej-

157 1132 79 27 serliga
250 1131 102 28 Majestät
366 1130 49 21 låtit
430 1130 7 21 i
452 1131 36 20 det
504 1130 107 25 afseende,
628 1131 26 20 14
669 1131 40 21 och
724 1131 42 22 455
777 1132 23 27 $$
810 1132 8 21 i
828 1132 78 28 kyrko-

156 1167 64 27 lagen
234 1164 198 27 vidhandengifver,
448 1165 99 21 meddela
562 1164 102 27 förslaget
674 1165 33 21 till
718 1165 140 28 dissenterlag
869 1167 36 21 det

155 1201 25 22 år
196 1201 54 22 1886
266 1200 8 21 i
288 1194 48 27 Åbo
350 1199 49 21 stad
420 1198 74 22 hållna
516 1199 70 21 andra
608 1199 108 21 allmänna
738 1199 70 22 finska
822 1200 83 28 Kyrko-

156 1235 67 20 mötet
246 1236 63 22 samt,
332 1234 48 19 med
398 1233 123 20 beaktande
536 1233 25 20 af
576 1233 152 26 Kyrkomötets
747 1234 128 21 uttalanden
898 1236 7 19 i

154 1267 128 24 hufvudsak,
304 1265 111 27 förelägga
437 1266 118 21 ständerna
576 1265 164 27 ifrågavarande
762 1267 78 26 nådiga
855 1275 49 20 pro-

154 1301 101 28 position.

222 1335 77 20 Denna
316 1333 133 28 proposition
464 1333 41 21 har
520 1333 24 21 af
555 1333 99 28 samtliga
664 1334 98 21 Stånden
773 1335 131 28 hänskjutits

154 1369 35 22 till
203 1369 160 28 Lagutskottet,
382 1375 53 19 som,
451 1368 29 27 på
494 1367 102 28 begäran,
613 1368 40 21 fått
668 1368 47 21 från
731 1369 119 29 Kejserliga
866 1370 37 22 Se-

156 1406 66 20 naten
237 1405 109 25 emottaga
361 1402 159 22 ofvannämnda
535 1402 162 28 komitéförslag
708 1404 68 27 jemte
786 1404 119 28 Kyrkomö-

221 1442 133 25 Lagutskottets
365 1441 109 19 betänkande
485 1441 35 18 N:o
535 1442 16 18 9.
