1025 1706
185 146 26 19 50
397 146 23 19 U.
436 146 21 20 B.
478 158 17 1 —
514 146 59 26 Prop.
588 147 38 19 N:o
641 147 14 19 1.

472 205 36 20 28
520 206 68 22 Kap.

400 252 34 21 Om
449 252 53 22 stöld
518 252 37 21 och
571 252 92 22 snatteri.

228 299 8 19 1
255 298 20 26 8.
306 297 52 27 Stjäl
381 298 70 26 någon
474 298 52 26 gods
549 298 52 20 eller
624 298 124 26 penningar,
770 298 39 20 och
833 300 23 17 är
872 298 37 20 det

157 335 75 23 tagnas
255 333 65 19 värde
343 332 58 20 öfver
422 333 57 25 tjugu
496 332 70 24 mark;
581 332 82 20 straffes
679 332 33 20 för
726 332 55 20 stöld
798 332 47 20 med
861 332 45 20 fän-

158 367 58 26 gelse
231 367 6 19 i
254 367 61 26 högst
330 368 29 18 ett
375 366 26 20 år
415 366 83 27 (utesl.)
515 366 58 25 eller,
594 367 37 19 der
648 366 209 26 omständigheterna
871 370 40 17 äro

158 400 133 27 synnerligen
308 400 144 26 försvårande,
468 400 83 28 (utesl.)
567 401 46 20 med
631 400 85 20 tukthus
732 401 19 26 ej
767 401 59 20 öfver
834 401 36 19 två
879 401 29 19 år.

226 433 89 28 (Utesl.)

227 469 68 26 Stiger
315 469 73 19 värdet
409 469 18 25 ej
449 469 58 20 öfver
523 470 57 26 tjugu
598 469 69 25 mark;
684 469 72 20 dömes
771 468 33 21 för
818 469 89 20 snatteri

157 503 32 20 till
205 503 59 20 böter
280 503 61 26 högst
357 502 124 21 tvåhundra
497 503 66 25 mark,
579 503 58 24 eller,
653 503 37 20 der
701 503 208 26 omständigheterna

158 541 35 16 äro
217 537 133 27 synnerligen
374 537 145 25 försvårande,
542 537 35 20 till
587 537 104 28 fängelse
706 537 22 27 ej
743 537 57 24 öfver
816 539 32 19 tre
862 537 47 21 må-

158 571 74 22 nader.

229 605 80 22 Försök
325 606 37 21 till
377 605 63 27 brott,
455 613 45 14 som
517 606 8 20 i
535 605 71 22 denna
615 606 16 27 $
641 607 95 24 nämnes,
748 607 26 20 är
784 605 124 28 straffbart.

227 653 13 20 2
255 654 19 24 &.
304 653 53 26 Stjäl
374 659 54 20 man,
444 653 67 20 ehvad
527 653 75 20 värdet
617 653 65 26 stiger
697 653 60 20 öfver
772 653 58 27 tjugu
841 653 68 27 mark,

158 688 52 20 eller
226 689 30 24 ej:

229 723 17 19 1.
275 723 7 19 i
299 721 68 27 kyrka
382 722 70 27 nägot,
468 728 43 14 som
528 721 71 20 tillhör
614 721 82 26 kyrkan
714 721 51 21 eller
782 725 22 16 är
820 721 37 20 der
867 723 42 19 satt

157 758 7 18 i
181 757 79 24 förvar;

225 791 20 20 2.
276 790 71 27 något,
372 797 43 13 som
438 791 33 19 till
495 790 88 26 forsling
605 793 23 16 är
647 790 91 21 förtrodt
758 790 23 21 åt
800 791 109 20 allmänna

158 828 73 23 posten
247 825 52 19 eller
315 831 69 13 annan
400 825 76 19 allmän
493 825 128 26 inrättning;

227 859 18 19 3.
275 859 71 26 nägot,
369 865 44 14 som
437 859 94 20 förvaras
555 859 6 20 i
585 859 94 26 offentlig
703 859 51 20 bok-
774 859 51 20 eller
841 859 69 20 hand-

157 893 160 27 skriftsamling,
333 893 53 20 eller
401 894 5 18 i
423 893 96 27 offentlig
534 893 92 26 samling
642 893 22 20 af
678 893 161 26 vetenskapliga
854 893 55 21 före-

157 927 41 20 mål
215 927 51 20 eller
281 927 63 20 alster
361 928 46 18 utaf
420 927 62 19 konst
498 927 52 20 eller
566 927 67 27 slöjd;

225 962 19 20 4.
275 968 24 12 ur
314 960 96 20 tillslutet
427 961 47 19 bref
488 961 52 20 eller
557 961 97 20 tillslutet
669 961 92 26 omslag;

225 996 19 18 5.
273 995 66 26 något
354 994 46 20 med
417 995 92 26 inbrott;

225 1030 19 19 6.
275 1029 88 19 nattetid
387 1029 6 19 i
417 1029 38 19 hus
478 1029 52 20 eller
553 1029 78 27 fartyg,
655 1035 44 13 som
715 1029 23 19 af
751 1035 69 14 annan
837 1030 72 25 bebos,

156 1064 40 20 och
212 1064 36 19 der
264 1063 198 27 gerningsmannen,
477 1064 7 19 i
505 1063 62 27 afsigt
585 1065 31 17 att
631 1063 63 26 stjäla
710 1063 51 20 eller
776 1063 58 26 räna,
850 1066 57 23 gömt

156 1098 31 26 sig
203 1097 77 25 undan,
296 1096 52 21 eller
364 1098 30 18 dit
410 1097 40 20 han
467 1097 101 27 olofligen
584 1096 121 26 inkommit;

225 1133 19 18 7.
274 1130 45 21 från
336 1131 48 25 den,
400 1138 42 14 som
455 1131 31 20 för
498 1137 84 21 uppror,
594 1130 79 21 fiendes
685 1131 137 27 äträngande,
832 1132 75 25 brand,

155 1166 110 24 vattunöd,
279 1166 142 26 skeppsbrott,
440 1165 78 21 allmän
539 1166 72 24 farsot,
629 1166 50 19 eller
696 1172 70 14 annan
782 1166 65 20 sädan
863 1166 46 20 fara

156 1200 19 25 ej
191 1200 41 19 kan
248 1200 59 26 värja
322 1200 31 19 sin
371 1200 115 26 egendom;

225 1234 19 19 8.
275 1233 44 19 från
343 1233 77 25 fartyg,
442 1240 44 13 som
513 1236 23 17 är
562 1233 110 20 strandadt
695 1233 52 21 eller
770 1234 60 26 eljest
852 1234 57 20 föro-

157 1266 98 26 lyckadt;

224 1300 19 20 9.
274 1300 45 20 frän
338 1299 34 27 fyr
390 1300 52 20 eller
460 1300 148 26 känningsbäk
626 1300 71 26 nägot,
714 1306 43 14 som
774 1300 70 20 dertill
859 1300 50 26 hör;

227 1335 31 19 10.
288 1334 52 25 häst,
360 1334 36 26 ko,
414 1340 36 14 ren
470 1334 51 21 eller
537 1336 64 18 annat
616 1334 93 27 kreatur,
724 1341 45 13 som
784 1334 38 27 gär
837 1334 7 19 i
860 1334 48 20 bete

157 1371 35 18 ute
208 1369 12 19 &
235 1369 71 26 mark;

226 1404 31 20 11.
288 1403 64 27 något
366 1404 23 20 af
402 1403 98 21 badande
516 1404 52 20 eller
583 1403 116 20 simmande
715 1403 51 21 eller
774 1403 22 21 af
803 1403 104 21 sofvande

156 1440 34 18 ute
212 1438 12 19 &
247 1438 65 25 mark,
335 1438 52 20 eller
406 1438 22 20 af
442 1438 49 27 den,
506 1445 44 14 som
567 1438 68 27 ligger
650 1438 6 19 i
671 1438 49 20 svär
735 1438 103 27 sjukdom,
854 1438 54 21 eller
