1009 1703
395 141 36 23 N:o
445 142 33 22 10.
758 143 25 21 15

411 212 12 27 8
439 212 19 20 4.

128 249 73 28 Böter,
224 257 45 15 som
293 250 66 28 enligt
382 251 69 21 denna
471 251 127 27 förordning
615 252 95 26 ädömas,
726 251 87 21 tillfalla

59 284 89 22 kronan.

128 319 85 21 Saknar
235 320 48 25 den,
307 325 45 15 som
377 320 70 20 blifvit
470 320 45 20 fäld
540 320 31 20 till
591 320 68 25 böter,
675 319 91 26 tillgång
782 321 33 19 att

60 353 48 21 dem
123 353 88 21 tillfullo
233 354 70 26 gälda,
320 353 54 22 skall
391 354 41 20 han
448 354 7 20 i
472 354 73 21 stället
561 354 68 21 hållas
645 354 7 21 i
667 353 96 27 fängelse
779 353 34 22 för

60 387 48 22 hela
124 387 171 28 bötesbeloppet,
311 388 89 21 hvarvid
416 388 47 27 fyra
479 388 80 27 dagars
575 388 95 27 fängelse
684 394 74 15 svarar
769 389 45 20 mot

61 422 61 21 böter
142 422 33 21 till
197 423 38 20 och
252 423 47 21 med
316 423 61 27 tjugu
393 423 71 26 mark;
481 423 34 21 för
531 423 36 21 det
582 423 85 27 belopp,
684 429 45 15 som
745 423 69 20 öfver-

61 457 83 27 skjuter
167 457 61 26 tjugu
251 457 61 21 mark
336 458 38 21 och
398 458 67 26 stiger
488 458 34 21 till
546 458 115 21 etthundra
677 457 67 26 mark,
762 457 52 21 ökas

60 491 182 27 fängelsestraffet
264 492 49 21 med
336 499 24 14 en
380 493 41 26 dag
437 493 33 21 för
486 493 75 26 hvarje
576 492 50 21 fullt
640 492 79 27 belopp
735 491 23 21 af
773 491 41 21 fem

60 526 72 26 mark;
149 526 39 21 och
199 526 33 21 för
243 527 41 20 den
296 527 33 20 del
341 527 22 20 af
373 527 96 25 böterna,
485 533 46 15 som
543 527 144 25 öfverskjuter
697 526 118 21 etthundra

62 560 68 27 mark,
147 561 52 20 ökas
215 560 181 27 fängelsestraffet
411 562 47 20 med
475 568 26 14 en
517 562 42 26 dag
575 561 32 21 för
623 561 73 26 hvarje
712 560 50 21 fullt
777 560 37 20 be-

60 596 51 26 lopp
136 596 22 20 af
180 596 30 20 tio
229 596 71 26 mark;
317 596 54 21 dock
390 598 32 19 att
437 596 158 26 fängelsetiden
611 596 46 21 icke
673 596 7 20 i
696 596 66 26 nägot
777 595 38 21 fall

61 630 35 21 mä
112 632 69 20 sättas
197 630 75 27 längre
288 633 26 18 än
330 631 63 20 nittio
410 631 72 26 dagar.

319 716 2 2 -
340 705 73 26 Enligt
434 704 61 22 Hans
514 704 122 27 Kejserliga
650 703 113 28 Majestäts
779 703 37 21 nä-

267 739 51 27 diga
337 739 124 28 befallning,
481 739 71 28 gifven
571 739 6 21 i
598 739 117 21 Gatschina
731 738 41 22 den
788 739 25 27 3;

269 773 118 22 December
404 775 61 21 1887.

330 877 36 23 T.
381 877 156 24 BRUUN.

533 981 65 22 Alexis
615 981 130 27 Gripenberg.

619 1026 30 17 f:d.
