1028 1714
332 140 22 20 U.
369 140 22 20 B.
406 152 27 2 —
447 141 59 25 Prop.
520 141 37 19 N:o
571 141 15 20 1.
804 141 25 19 23

116 201 59 20 öfvar
196 202 64 26 mord,
284 202 100 27 viljadräp
401 203 51 20 eller
466 206 63 18 annat
545 203 57 27 dråp,
618 203 70 21 dömes
704 204 32 20 för
752 204 57 19 mord
827 204 31 19 till

117 236 119 23 dödsstraff,
252 236 31 20 för
300 237 101 26 viljadräp
418 238 31 19 till
471 238 83 19 tukthus
569 238 27 26 pä
611 238 64 19 lifstid
691 238 39 20 och
746 238 32 19 för
793 240 64 18 annat

117 269 51 27 dråp
185 270 31 19 till
232 270 86 20 tukthus
334 271 45 19 från
395 272 38 19 och
451 272 45 20 med
512 272 46 26 fyra
575 272 30 19 till
622 272 37 20 och
677 272 45 20 med
740 272 41 20 tolf
793 272 28 20 år.

184 304 79 20 Försök
279 304 33 20 till
328 305 75 19 sädant
418 306 57 19 mord
492 306 51 19 eller
559 306 100 26 viljadräp
675 308 22 17 är
712 306 112 20 straffbart.

184 338 40 20 För
246 341 65 17 annat
334 339 46 19 våld
404 340 12 19 &
439 340 123 26 vänskaplig
580 342 51 17 stats
647 340 143 26 öfverhufvud,
807 340 51 20 eller

115 374 32 19 för
162 373 108 20 straffbart
286 374 70 19 försök
373 374 76 25 dertill,
465 375 77 23 dömes,
558 374 52 20 efter
621 375 75 19 sakens
708 375 150 25 beskaffenhet,

115 408 32 19 till
169 408 36 20 det
224 407 65 24 straff,
306 414 44 14 som
367 408 30 20 för
412 409 70 26 dylikt
497 410 47 19 väld
561 409 12 20 &
589 416 72 18 person
678 412 23 17 är
716 410 6 18 i
739 409 68 20 denna
823 409 35 26 lag

115 444 73 24 utsatt;
208 442 39 20 och
262 442 57 26 gälle
336 443 38 19 den
391 444 159 26 omständighet,
566 445 31 17 att
613 443 76 20 brottet
704 443 83 27 begåtts
802 445 56 18 emot

116 477 130 20 främmande
262 479 51 17 stats
330 477 144 26 öfverhufvud,
490 478 65 20 säsom
572 478 132 26 synnerligen
716 478 142 20 försvärande.

183 512 13 20 2
211 512 20 26 8.
262 511 43 21 Gör
328 512 30 26 sig
381 513 68 25 någon
472 513 84 26 skyldig
578 512 31 20 till
631 512 156 26 ärekränkning
803 514 57 18 emot

115 546 127 27 vänskaplig
258 549 51 17 stats
325 546 147 27 öfverhufvud:
488 547 80 20 straffes
583 548 46 19 med
645 547 92 27 fängelse
748 546 58 28 från
820 546 38 21 och

115 581 47 21 med
179 582 34 20 tvä
229 581 105 21 mänader
350 581 35 21 till
400 582 38 21 och
454 583 46 20 med
514 585 31 18 tre
561 582 23 20 är
600 582 51 20 eller
666 583 61 20 böter
744 583 61 19 minst
820 584 40 18 tre-

115 617 83 19 hundra
213 617 67 20 mark.

184 651 13 20 3
212 651 18 26 &.
260 651 110 26 Förgriper
386 652 31 25 sig
435 652 67 26 någon
518 654 56 17 emot
589 651 125 26 vänskaplig
729 653 42 18 stat
785 651 28 26 pä
827 651 33 20 sä-

115 686 52 19 dant
189 688 47 23 sätt,
258 688 30 18 att
303 686 135 26 handlingen,
454 693 32 14 om
503 687 39 19 den
559 686 118 20 föröfvades
692 688 56 17 emot
763 685 97 25 Finland,

115 721 132 20 innefattade
263 721 143 26 högförräderi
422 721 51 20 eller
488 721 107 20 straffbart
610 721 71 20 försök
696 721 51 20 eller
763 720 97 20 straffbar

115 755 143 20 förberedelse
280 755 31 20 till
334 755 68 26 dylikt
417 756 65 25 brott;
498 756 54 19 skall
569 755 40 20 den
625 755 103 26 skyldige,
745 755 46 19 med
808 755 50 20 hän-

115 791 41 25 sigt
173 790 31 19 till
219 790 56 19 hvad
292 790 71 20 derom
379 793 24 16 är
417 791 6 18 i
441 791 22 19 11
478 791 47 26 kap.
540 790 105 27 stadgadt,
655 789 82 20 straffas
749 789 46 20 med
807 789 53 20 tukt-

116 825 38 20 hus
169 825 6 19 i
192 825 62 26 högst
269 825 41 20 tolf
322 825 23 20 är
360 825 52 20 eller
428 825 98 26 fängelse.

185 860 12 19 4
213 858 19 29 8.
264 859 52 20 Sker
332 859 126 21 misshandel
474 860 51 20 eller
541 862 64 17 annat
618 859 50 20 våld
684 859 52 20 eller
747 857 112 21 ärekränk-

117 895 51 26 ning
183 897 57 17 emot
255 895 129 19 främmande
401 897 50 18 stats
466 895 38 20 hos
520 894 98 27 Kejsaren
635 894 38 20 och
685 893 127 20 Storfursten
824 899 35 13 an-

117 929 70 20 stälda
207 929 117 25 sändebud;
345 935 50 14 vare
413 929 87 25 straffet,
520 929 30 20 för
567 929 139 19 misshandeln
723 928 51 20 eller
789 927 71 20 våldet

117 963 95 27 fängelse
227 963 48 20 icke
291 964 66 19 under
372 963 47 26 fyra
434 963 105 25 månader,
556 963 36 20 der
608 963 77 20 brottet
701 963 18 26 ej
736 965 23 17 är
773 962 7 19 i
796 963 64 18 annat

116 998 81 26 lagrum
215 998 87 26 belagdt
318 998 47 20 med
380 998 84 19 svårare
484 997 64 26 straff,
564 999 52 18 samt
632 997 31 20 för
677 996 183 26 ärekränkningen

118 1032 94 26 fängelse
228 1033 45 19 från
290 1033 39 19 och
345 1032 47 20 med
409 1033 35 19 två
460 1033 98 19 månader
574 1032 32 20 till
622 1032 39 20 och
672 1032 46 19 med
729 1031 36 20 två
776 1031 23 19 år
809 1030 52 20 eller

118 1067 61 19 böter
195 1068 18 24 ej
230 1067 66 19 under
312 1067 112 19 etthundra
440 1067 64 19 mark.

187 1102 11 19 5
214 1100 19 29 &.
264 1096 50 24 Åtal
337 1101 31 20 för
388 1101 62 25 brott,
471 1107 43 13 som
537 1100 51 20 efter
604 1100 57 20 detta
676 1099 81 27 kapitel
772 1098 89 26 straffas,

117 1137 35 19 mä
175 1136 19 26 ej
217 1136 23 20 af
261 1136 76 19 allmän
357 1135 99 27 åklagare
479 1136 85 25 utföras,
588 1135 36 19 der
646 1134 47 20 icke
717 1134 41 20 åtal
776 1134 86 26 begäres

119 1170 22 20 af
156 1171 40 19 den
213 1170 129 20 främmande
357 1172 79 18 statens
452 1170 102 26 regering,
568 1169 52 20 eller
635 1168 99 26 Kejsaren
751 1168 40 20 och
806 1168 56 20 Stor-

118 1205 79 20 fursten
214 1205 69 20 dertill
299 1205 116 19 förordnar.

440 1283 28 19 15
481 1282 67 24 Kap.

134 1330 33 22 Om
186 1330 53 22 brott
254 1331 54 21 emot
324 1330 79 21 landets
418 1330 86 21 Ständer
518 1329 38 21 och
572 1328 96 22 störande
683 1328 21 21 af
718 1333 79 15 annans
810 1326 40 22 val-

414 1363 52 21 eller
481 1362 89 21 rösträtt.

190 1410 8 18 1
216 1409 16 26 $.
264 1409 64 25 Hvar,
349 1414 44 14 som
413 1408 35 20 vid
471 1408 100 26 landtdag
588 1407 45 19 med
650 1406 47 20 våld
713 1406 52 20 eller
780 1406 36 19 hot
831 1411 34 14 om

122 1444 49 20 våld
189 1446 44 18 stör
249 1444 81 20 landets
346 1443 107 25 Ständers,
470 1444 58 19 deras
544 1442 90 20 utskotts
650 1441 51 20 eller
717 1440 64 27 något
795 1440 71 20 ständs
