1017 1703
223 130 28 21 34
416 129 66 24 Ständ.
498 129 30 24 Sv.
543 142 28 3 —
588 130 52 29 Prop.
657 129 31 24 N:o
704 130 14 23 1.

485 205 27 21 17
524 206 128 25 Kapitlet.

262 271 10 21 1
296 270 17 27 8
348 271 96 22 Emedan
467 271 53 22 eden
543 271 99 22 stundom
664 271 91 28 föregår,
780 273 98 21 stundom
900 272 46 22 åter

191 305 62 27 följer
269 304 55 22 efter
343 307 95 26 utsagan,
454 312 48 15 men
517 305 108 28 uttrycket
642 307 60 26 ,med
716 306 26 21 ed
756 306 109 22 bekräfta”
880 308 65 21 rätte-

190 339 56 27 ligen
262 341 24 19 är
300 339 123 27 tillämpligt
438 339 74 22 endast
528 340 12 21 å
556 340 35 21 det
606 346 74 16 senare
696 340 67 27 fallet,
780 341 40 21 har
830 341 32 27 $:n
869 347 75 21 genom

191 380 27 14 en
233 373 83 21 mindre
332 373 155 27 omredigering
502 373 142 28 förtydligats.

259 408 14 20 2
288 407 18 27 8.
336 408 117 21 Enahanda
474 408 164 27 förtydligande,
661 415 45 15 som
730 409 35 21 vid
782 410 10 20 1
808 409 12 27 8
835 410 109 26 nämndes,

190 443 24 18 är
229 442 62 19 äfven
310 442 75 25 nödigt
399 442 7 19 i
422 442 100 20 afseende
537 443 13 19 å
565 443 140 19 förevarande
720 443 18 25 $,
754 443 85 20 hvilken
854 444 90 19 handlar

191 480 34 15 om
241 474 76 26 kulpos
332 474 83 21 mened.
440 474 107 27 Derjemte
563 482 51 14 anse
630 475 124 27 Ständerna,
770 477 32 20 att
816 476 128 22 menedaren

190 508 52 26 icke,
258 508 28 26 på
300 509 43 20 sätt
358 508 13 21 2
386 514 62 15 mom.
460 508 122 27 innehåller,
594 509 145 27 ovilkorligen,
751 511 51 20 utan
813 510 76 22 endast
898 510 46 22 ifall

190 542 102 21 domaren
314 542 86 26 pröfvar
422 542 76 22 sådant
520 543 83 27 skäligt,
624 543 38 21 bör
684 544 71 26 undgå
770 544 66 26 straff,
852 550 35 15 om
902 544 42 22 han

190 577 68 21 rättar
272 577 33 21 sin
320 578 76 26 utsaga
411 576 51 22 eller
477 578 135 26 uppenbarar
632 578 36 21 det
681 578 112 26 förtegade
807 578 73 22 förrän
895 578 49 22 dom

189 611 7 21 i
212 610 65 22 saken
298 610 56 22 fallit
373 611 52 21 eller
445 617 68 15 annan
534 612 60 20 deraf
612 612 47 21 lidit
679 612 73 26 skada,
768 612 99 22 hvarföre
883 612 61 22 Stän-

190 644 66 22 derna
270 644 34 22 för
320 645 58 21 detta
392 645 38 21 fall
445 647 67 20 utsatt
527 646 61 20 böter
604 646 18 27 ej
639 646 58 21 öfver
713 646 115 22 etthundra
842 647 68 21 mark.

257 679 95 22 Emedan
367 680 79 26 läkare,
462 679 62 22 äfven
539 686 34 15 om
587 680 42 21 han
644 681 46 20 icke
705 682 24 19 är
744 680 133 27 tjensteman,
894 687 50 20 eger

188 713 80 27 afgifva
290 714 58 27 intyg
371 715 39 20 och
432 714 110 21 utlåtande
558 715 67 20 under
640 714 136 27 åberopande
792 714 22 22 af
828 715 70 27 aflagd
913 715 31 21 lä-

188 748 86 26 kareed,
290 750 54 19 samt
356 748 79 27 jemväl
450 749 67 20 andra
532 749 139 26 sakkunnige,
688 749 126 27 exempelvis
830 750 112 21 translato-

188 789 40 20 rer,
252 783 18 26 ej
294 783 67 21 sällan
380 783 27 26 på
422 783 72 21 derom
509 783 61 26 gjord
586 783 99 22 anhållan
700 783 41 22 fått
757 784 81 27 engång
853 783 33 22 för
901 784 42 21 alla

188 816 84 28 aflägga
287 817 33 26 ed,
336 817 143 22 innebärande
494 817 110 21 försäkran
621 824 33 15 om
670 819 154 26 samvetsgrant
839 818 103 22 handhaf-

187 851 68 21 vande
270 851 23 21 af
307 852 37 21 sitt
359 851 49 27 kall,
424 851 86 22 hvilken
526 851 25 21 ed
567 852 25 21 de
608 852 121 22 sedermera
744 853 32 20 uti
790 852 112 22 utfärdade
911 853 31 20 in-

187 887 36 25 tyg
245 885 103 27 åberopat
370 886 31 21 till
428 885 138 22 bekräftande
588 886 24 21 af
632 887 91 26 intygets
746 887 110 26 riktighet,
878 886 63 22 hafva

188 919 119 22 Ständerna
330 921 70 20 ansett
422 920 36 21 det
480 926 50 15 vara
552 920 89 27 tjenligt,
662 923 31 19 att
708 921 32 21 uti
756 921 91 21 särskild
862 920 17 27 $,
896 927 45 16 som

187 954 75 21 införts
282 954 54 21 efter
356 955 13 20 3
385 954 11 27 $
411 955 7 20 i
433 954 77 27 nådiga
524 955 164 26 propositionen,
705 955 82 26 stadga,
803 957 31 19 att
850 961 34 15 om
900 955 41 22 den

187 989 142 26 sakkunniges
351 989 59 26 intyg
432 988 51 21 eller
505 988 110 22 utlåtande
638 989 7 21 i
663 989 76 22 sådant
754 989 38 21 fall
806 990 56 20 varit
876 989 66 22 falskt

187 1023 51 21 eller
261 1022 151 27 vilseledande,
435 1023 42 21 han
499 1022 54 22 skall
575 1030 62 15 anses
660 1024 69 21 såsom
749 1023 55 22 hade
820 1024 42 21 han
876 1023 64 28 aflagt

186 1057 65 22 falskt
266 1057 128 21 vittnesmål.

254 1092 15 21 4
284 1092 17 27 $.
332 1092 32 21 Då
378 1092 126 26 försäkran,
527 1098 45 16 som
595 1092 69 28 någon
687 1092 83 22 tillåtits
793 1094 31 20 att
846 1094 68 20 bruka
934 1094 6 20 i

186 1126 72 22 stället
273 1126 34 22 för
322 1127 32 26 ed,
370 1126 42 22 kan
427 1127 7 21 i
449 1126 68 22 likhet
532 1127 48 21 med
594 1126 74 27 sjelfva
683 1127 54 21 eden
752 1128 101 26 antingen
868 1127 72 27 föregå

186 1161 52 21 eller
260 1161 107 27 efterfölja
388 1163 96 25 utsagan,
507 1161 39 21 har
566 1162 112 21 enahanda
692 1161 248 27 redaktionsförändring

186 1196 38 20 här
239 1196 109 26 vidtagits,
363 1202 46 15 som
424 1197 35 25 egt
474 1202 46 14 rum
535 1195 132 22 beträffande
684 1196 10 20 1
712 1196 39 20 och
764 1196 12 21 2
785 1195 29 27 $$;
824 1196 116 26 hvarjemte

186 1230 39 21 och
240 1230 27 21 dä
290 1230 119 22 Ständerna
424 1231 70 20 ansett
509 1230 46 21 skäl
570 1230 18 26 ej
605 1230 114 21 förefinnas
734 1231 32 20 att
782 1230 6 21 i
804 1230 75 22 sädant
894 1230 44 27 fall,

185 1264 28 26 pä
232 1266 42 19 sätt
294 1264 77 27 nädiga
386 1264 158 27 propositionen
560 1264 90 26 förfarit,
666 1264 117 29 inskränka
800 1264 140 22 straffbarhe-

185 1300 37 19 ten
238 1298 32 21 till
290 1298 76 22 endast
381 1298 107 27 uppsätlig
502 1299 80 26 mened,
597 1298 161 27 ifrägavarande
774 1298 117 28 stadgande
906 1300 32 19 ut-

185 1332 83 27 vidgats
284 1333 29 26 sä,
330 1334 31 20 att
377 1333 116 21 detsamma
508 1332 56 22 afser
577 1333 78 26 jemväl
670 1333 76 26 kulpos
762 1333 81 21 mened.

254 1367 13 20 5
282 1366 17 27 8.
329 1367 11 20 I
362 1367 69 21 denna
453 1366 11 27 $
484 1367 91 21 utsättes
591 1366 61 21 straff
665 1367 23 20 af
701 1366 94 27 fängelse
811 1367 51 20 eller
878 1366 61 21 böter

185 1401 33 21 för
241 1401 40 21 den
304 1407 44 16 som
371 1401 103 27 ,förleder
496 1412 24 3 —
539 1401 52 20 eller
606 1401 62 21 söker
682 1413 29 2 —
725 1401 81 21 förleda
821 1407 70 15 annan
906 1401 33 20 till

185 1435 92 22 mened".
308 1435 38 21 Att
360 1435 74 22 försök
449 1435 33 21 till
496 1435 49 21 slikt
560 1435 123 21 förledande
698 1435 99 27 belägges
812 1435 48 21 med
870 1434 66 27 straff,
