1017 1709
182 157 28 21 68

291 218 95 21 troslära
410 220 30 18 än
463 218 41 20 den
526 217 250 28 evangelisk-lutherska,
792 217 58 27 gälle
865 217 35 20 do-

288 259 47 14 men
351 252 52 21 eller
417 252 94 28 utslaget
520 251 41 27 för
575 250 122 29 skiljobref.
723 251 60 29 Vilja
786 250 114 29 fästehjon

289 287 84 28 skiljas,
395 286 37 22 och
452 286 67 28 hafva
534 287 25 20 de
574 286 125 21 hvarandra
714 287 21 26 ej
749 286 88 27 häfdat,
851 287 51 26 göre

290 321 103 21 anmälan
408 321 38 21 hos
461 320 99 27 Senaten,
576 320 38 22 och
629 321 69 27 gånge
709 320 104 28 fästning
829 321 53 20 åter.

359 355 86 21 Tillhör
459 356 9 20 i
483 355 61 21 dessa
559 355 43 26 fall
618 355 40 21 den
674 362 40 14 ena
729 354 30 28 af
759 354 142 29 fästehjonen

288 389 53 21 eller
355 389 103 21 makarne
472 389 239 27 evangelisk-lutherska
719 389 90 28 kyrkan,
819 388 82 27 förhäl-

288 424 29 21 les
333 423 55 28 efter
402 425 82 20 allmän
500 425 43 27 lag.

562 487 17 28 $
594 488 33 20 13.

358 526 56 22 Lika
429 527 49 20 med
492 529 16 24 $
523 528 28 20 11
566 527 7 20 i
586 533 65 21 prop.

560 591 15 26 $
590 591 34 20 14.

357 635 16 21 I
393 635 100 28 afseende
515 637 12 19 å
547 636 55 21 hem-
618 635 38 21 och
671 635 229 28 skolundervisningen

290 669 61 22 skola
368 669 122 22 bekännare
504 670 30 27 af
545 677 77 14 annan
634 669 158 28 protestantisk
807 669 95 22 troslära

291 706 28 19 än
335 704 41 21 den
392 704 244 28 evangelisk-lutherska
652 704 37 21 och
705 705 64 21 derus
784 705 54 21 barn
849 711 53 14 vara

289 737 160 22 underkastade
471 739 103 27 gällande
596 738 91 28 stadgar
704 741 56 18 samt
775 745 63 14 anses
855 739 45 20 till-

289 772 55 21 höra
359 772 34 21 det
408 772 143 28 skoldistrikt,
567 773 57 20 inom
639 772 80 22 hvilket
735 773 25 21 de
768 775 39 19 äro
816 774 84 20 boende.

289 806 70 27 Barn,
380 814 44 14 som
447 807 44 21 icke
511 807 75 21 tillhör
609 807 245 27 evangelisk-lutherska
871 808 30 20 lä-

289 848 49 21 ran,
353 841 57 22 skall
422 842 32 27 på
458 842 172 27 framställning
639 842 30 27 af
673 841 158 22 vederbörande
839 842 62 21 måls-

289 881 50 15 man
353 875 97 28 fritagas
461 875 57 27 från
532 875 156 28 undervisning
703 875 46 21 deri
759 876 76 21 såväl
824 870 13 37 i
839 875 61 28 folk-

290 909 60 21 skola
372 916 44 15 som
432 911 8 20 i
458 910 226 25 elementarläroverk;
700 910 54 21 dock
769 910 84 28 åligger
868 911 32 20 in-

289 943 87 28 spektor
398 944 38 21 och
451 945 108 20 direktion
574 945 35 20 vid
625 945 39 20 den
675 945 68 24 förra
758 948 56 17 samt
828 945 72 20 rektor

289 978 52 21 eller
357 978 199 27 föreståndarinna
578 979 36 21 vid
637 979 35 21 det
694 985 76 15 senare
787 982 33 18 att
836 979 63 26 tillse,

289 1013 35 20 det
339 1013 81 21 sådant
436 1013 54 22 barn
504 1021 75 20 genom
593 1014 118 21 målsmans
720 1013 92 29 försorg
828 1014 72 21 erhål-

288 1047 32 20 ler
329 1047 65 28 nödig
402 1048 266 27 religionsundervisning.
685 1048 142 21 Försummar
836 1048 64 20 måls-

289 1087 57 18 man,
369 1082 55 25 efter
447 1082 96 21 erhållen
561 1083 140 26 påminnelse,
725 1083 34 20 sin
777 1082 123 27 skyldighet

287 1115 142 27 härutinnan,
445 1116 57 21 skall
516 1116 110 21 skolrådet
642 1117 70 20 derom
728 1116 130 21 underrätta
862 1115 38 28 fö-

288 1150 143 21 reståndaren
446 1151 9 20 i
470 1150 40 21 den
521 1150 143 27 församling,
679 1150 90 21 hvartill
778 1150 75 21 barnet
864 1150 35 21 hö-

287 1190 43 15 rer.
364 1183 83 22 Varder
469 1185 80 27 åtgärd
570 1191 32 14 om
627 1184 65 21 barns
714 1185 184 27 religionsunder-

288 1218 85 28 visning
395 1219 19 27 ej
437 1219 108 28 vidtagen,
568 1219 38 20 bör
628 1218 76 22 barnet
727 1219 87 28 deltaga
835 1219 8 20 i
859 1219 41 20 den

287 1252 155 26 undervisning
464 1254 8 18 i
487 1253 241 26 evangelisk-lutherska
745 1253 71 25 läran,
833 1260 44 13 som
892 1255 8 18 i

285 1285 76 21 skolan
376 1286 116 21 meddelas.

557 1348 15 27 $
588 1348 34 22 15.

353 1393 65 22 Hvad
433 1394 82 21 allmän
531 1394 36 27 lag
582 1394 92 28 stadgar
683 1394 110 28 angående
803 1394 96 21 sabbats-

286 1429 57 21 brott
358 1430 13 20 å
386 1430 48 20 sön-
450 1428 51 22 eller
516 1428 139 29 högtidsdag,
669 1430 58 26 gälle
743 1429 38 21 ock
795 1429 104 21 bekänna-
