1000 1709
398 139 34 21 N:o
448 138 19 22 7.
765 136 12 20 5

58 208 117 27 nyttjande,
198 208 55 26 gälle
282 208 105 27 angäende
410 207 138 22 innehafvare
567 207 55 21 hvad
637 208 41 21 här
693 214 33 15 om
742 215 64 20 egare

58 243 101 26 stadgadt
175 244 31 19 är.

413 271 47 27 83.

129 311 109 21 Anträffas
261 311 79 27 hingst)
355 311 13 21 å
387 311 49 22 bete
452 312 51 20 utan
519 313 32 19 att
565 312 76 21 vårdas
657 311 71 22 såsom
744 312 7 20 i
768 312 11 27 &
796 313 9 20 1

57 348 55 24 sägs,
136 347 34 20 mä
193 345 58 23 säväl
271 345 162 22 vederbörande
448 346 189 27 polistjensteman,
654 353 45 15 som
715 346 40 21 ock
772 353 35 15 en-

58 380 59 27 hvar;
132 387 77 21 annan,
224 380 87 22 hvilken
326 380 40 21 har
382 381 47 21 skäl
444 382 32 20 att
492 380 61 22 deraf
569 380 72 22 befara
657 381 73 24 skada,
746 381 61 27 hing-

58 417 46 19 sten
123 415 74 27 intaga
212 415 39 21 och
267 415 39 21 hos
321 415 32 27 sig
368 415 112 27 gvarhälla
495 416 43 20 tills
553 416 49 25 han,
619 416 66 26 enligt
700 416 107 21 öfverens-

57 450 117 21 kommelse
196 450 52 21 eller
266 450 55 27 gode
339 452 61 19 mäns
416 450 105 27 pröfning,
537 450 118 27 godtgjorts
671 450 33 22 för
720 450 36 22 det
770 450 36 22 be-

58 486 49 20 svär
130 484 42 22 och
186 485 26 21 de
226 485 123 26 kostnader,
365 485 126 27 intagandet
506 485 98 25 medfört,
621 485 52 21 eller
687 487 53 25 pant
755 485 52 21 eller

57 519 81 27 borgen
158 519 71 21 derför
249 519 69 21 blifvit
334 520 65 26 stäld;
415 520 39 21 och
469 520 55 26 gälle
539 520 33 20 för
587 520 64 27 öfrigt
666 526 34 15 om
716 520 92 21 sålunda

58 554 7 22 i
88 554 72 22 förvar
174 556 64 25 tagen
253 554 72 27 hingst
340 554 55 21 hvad
411 555 110 26 angäende
539 554 82 27 intaget
635 554 91 28 husdjur
740 555 68 21 finnes

58 589 100 27 stadgadt
180 589 32 21 uti
234 588 78 28 nädiga
335 589 152 27 förordningen
511 596 33 14 om
563 595 61 21 egors
643 589 105 22 fredande
764 591 44 20 mot

58 624 68 22 skada
142 623 23 21 af
179 619 95 37 husdjur;
288 624 74 28 gifven
378 624 41 21 den
437 625 24 20 19
477 624 118 22 December
612 624 60 21 1864.

409 692 11 28 8
435 694 20 20 4.

129 733 73 27 Böter,
219 740 44 14 som
279 734 67 27 enligt
362 734 70 21 denna
447 734 124 28 förordning
586 734 93 27 ädömas,
696 734 60 22 skola
767 735 41 21 för-

60 769 58 21 delas
134 768 46 27 och,
197 768 37 22 der
249 768 27 21 de
291 768 19 27 ej
326 768 23 22 af
363 768 41 21 den
421 768 96 22 sakfälde
532 769 73 21 kunna
619 769 82 26 gäldas,
710 769 98 21 förvand-

59 803 32 21 las
114 804 28 26 pä
165 804 43 20 sätt
232 809 34 15 om
289 803 116 22 vitesböter
427 805 25 19 är
476 803 51 22 eller
547 803 115 22 framdeles
681 804 43 21 kan
744 804 65 21 varda

59 838 107 28 stadgadt.

332 892 73 27 Enligt
426 892 60 21 Hans
504 887 120 32 Kejserliga
642 892 114 27 Majestäts
771 894 37 20 nä-

266 927 48 27 diga
330 927 123 27 befallning,
469 927 70 27 gifven
555 928 12 20 å
583 927 158 27 Fredensborgs
757 927 52 21 slott

266 962 40 21 den
321 962 79 30 00
415 963 60 20 1887.

345 1066 38 22 T.
398 1066 125 23 Bruun.

530 1198 67 21 Alexis
613 1197 129 28 Gripenberg.

623 1237 44 18 f:d
