1020 1706
228 505 132 48 Förordning
384 514 31 33 om
438 505 109 42 införande
572 504 26 42 af
617 514 27 39 ny
668 505 77 41 allmän
769 504 99 48 strafflag
890 504 33 42 för

267 563 201 42 Storfurstendömet
493 562 90 42 Finland
608 562 38 42 och
670 562 58 42 hvad
751 562 9 42 i
785 562 96 42 afseende

439 620 52 42 derå
515 620 56 42 skall
596 620 116 48 iakttagas.

269 734 40 28 18.
325 736 47 20 Den
387 735 106 22 allmänna
508 735 95 27 strafflag
618 736 40 20 och
673 735 123 27 förordning
806 740 34 16 om
850 734 102 22 verkstäl-

197 770 67 26 lighet
279 769 23 21 af
315 769 66 27 straff,
400 769 71 22 hvilka
488 776 28 15 nu
534 770 69 21 blifvit
617 769 78 27 gillade
717 770 39 20 och
772 771 98 25 antagna,
885 768 66 27 skola,

198 804 71 22 tillika
283 804 48 21 med
346 804 55 21 hvad
417 804 6 20 i
439 804 68 22 denna
522 804 124 26 förordning
661 803 93 27 stadgas,
769 804 62 21 träda
841 804 7 21 i
855 803 97 27 gällande

197 838 58 22 kraft
270 838 40 22 den
327 838 11 21 1
359 838 90 22 Januari
470 838 25 21 18
526 855 5 5 .
561 839 85 21 Samma
661 838 41 26 dag
717 838 60 21 skola
793 838 159 27 Missgernings-

196 873 42 22 och
253 872 169 22 Straffbalkarne
440 874 7 20 i
468 873 55 22 1734
542 873 35 22 års
592 873 35 26 lag
646 874 54 20 samt
715 872 43 22 alla
773 873 26 21 de
815 872 136 28 stadganden,

197 908 73 21 hvilka
285 907 94 22 förklara
394 908 52 21 eller
461 908 66 21 ändra
542 908 64 26 något
621 908 7 20 i
643 907 65 27 sagda
719 907 75 21 balkar
804 907 52 22 eller
866 906 85 28 tillägga

196 943 65 27 något
275 942 34 22 till
325 942 53 26 dem,
394 942 95 27 upphöra
505 944 31 20 att
551 942 61 27 gälla.
643 942 46 26 Lag
707 948 81 15 samma
803 948 49 16 vare
867 948 34 16 om
911 941 41 21 för-

194 977 119 27 ordningen
332 976 109 27 angående
460 976 160 27 verkställighet
640 976 23 22 af
680 975 138 23 frihetsstraff
832 976 22 22 af
868 976 41 22 den
924 976 27 21 26

196 1010 120 22 November
333 1010 61 21 1866.
567 1031 3 2 .

265 1045 84 21 Samma
366 1045 40 26 dag
422 1045 59 21 skola
497 1045 38 21 ock
551 1046 41 20 alla
607 1046 26 19 de
648 1045 32 21 uti
696 1045 68 26 öfriga
778 1044 75 21 balkar
864 1044 22 21 af
897 1044 54 21 1734

195 1079 35 22 års
245 1079 42 26 lag,
302 1079 51 21 eller
368 1079 7 20 i
390 1078 104 22 särskilda
509 1079 64 26 lagar,
589 1078 151 27 författningar
755 1078 51 21 eller
822 1077 130 23 vitesförbud

193 1113 61 28 gifna
269 1113 219 27 straffbestämningar
502 1113 33 21 för
550 1113 65 26 brott,
632 1112 12 21 å
659 1113 71 22 hvilka
740 1114 7 20 i
758 1112 122 27 strafflagen
891 1112 63 22 straff

195 1150 38 19 äro
256 1149 62 24 satta,
334 1148 97 26 upphöra
451 1149 31 20 att
497 1147 62 27 gälla,
575 1147 53 22 dock
644 1147 48 22 med
708 1147 26 21 de
750 1147 114 26 undantag,
880 1146 71 22 hvilka

195 1181 63 28 128
276 1183 94 20 nämnas.

264 1216 62 22 Hvad
340 1217 7 20 i
363 1216 68 21 denna
452 1209 124 34 förordning
596 1217 38 20 här
650 1216 69 21 nedan
734 1215 92 27 stadgas,
843 1215 54 22 skall
912 1216 39 21 ock

194 1251 48 20 från
265 1251 41 20 dem
328 1251 47 25 dag,
398 1257 45 14 som
463 1253 48 24 sägs
533 1251 7 20 i
557 1251 10 19 1
588 1256 70 19 mom.
673 1250 95 21 utesluta
783 1250 132 26 tillämpning
930 1250 23 20 af

194 1285 59 20 äldre
269 1283 115 27 föreskrift,
400 1284 85 21 hvilken
501 1283 94 22 deremot
613 1284 84 21 strider.

263 1319 14 21 2
292 1318 18 27 8.
340 1318 40 21 Till
396 1317 141 23 efterrättelse
552 1317 54 22 skall
621 1317 107 27 framgent
737 1317 70 27 lända,
819 1317 56 22 hvad
882 1317 69 22 landt-

194 1353 176 27 dagsordningen,
386 1353 130 27 kyrkolagen
537 1353 39 21 och
596 1352 93 27 sjölagen
705 1352 127 22 föreskrifva
847 1358 33 16 om
895 1352 56 21 vissa

194 1389 7 21 i
216 1388 48 21 dem
287 1387 91 22 nämnda
401 1387 65 27 brott,
483 1389 54 20 samt
559 1387 124 27 strafflagen
705 1386 34 22 för
762 1386 68 23 finska
846 1387 104 22 militären

194 1423 40 22 och
249 1422 105 23 särskilda
368 1421 150 28 författningar
533 1422 107 21 innehälla
654 1428 35 15 om
702 1422 59 22 brott
776 1421 24 22 af
810 1421 53 27 dem,
878 1421 73 22 hvilka

193 1460 38 19 äro
253 1458 7 21 i
282 1457 55 22 finsk
356 1457 124 27 krigstjenst
496 1457 52 22 eller
569 1457 60 27 eljest
644 1457 49 26 lyda
707 1457 69 21 under
791 1457 102 27 sistsagde
909 1457 40 27 lag,
