1025 1703
306 144 64 23 Ständ.
386 145 30 23 Sv.
433 157 25 3 —
474 140 55 39 Prop.
539 144 33 24 N:o
591 145 14 22 1.
763 145 46 24 209.

80 210 65 22 hvarä
160 211 121 27 dödsstraff,
297 211 51 22 eller
363 211 88 22 tukthus
467 212 27 26 pä
508 211 73 27 lifstid,
590 212 41 20 kan
642 211 58 27 följa,
708 211 52 22 eller
770 212 63 21 dömd

79 245 32 21 till
126 244 62 22 straff
201 245 32 21 för
253 246 64 26 brott,
337 246 66 21 hvarä
422 246 88 21 tukthus
529 246 7 20 i
551 246 62 26 högst
628 252 37 15 sex
680 246 24 21 år
720 246 52 20 eller
787 246 45 20 der-

80 279 58 21 öfver
159 280 42 21 kan
223 280 58 26 följa,
305 280 52 21 eller
378 280 34 21 för
427 280 131 27 delaktighet
572 280 7 21 i
595 280 66 26 något
675 280 76 22 sådant
765 280 67 29 brott;

78 313 54 22 dock
154 314 33 21 att
209 314 60 21 detta
291 314 116 26 stadgande
428 314 19 27 ej
465 314 67 27 gäller
551 314 64 26 brott,
635 320 44 16 som
694 316 88 20 nämnes
796 314 8 21 i
820 314 11 20 1

77 353 63 16 mom.
156 347 23 22 af
191 347 14 22 5
219 347 12 28 $
245 348 28 21 28
288 348 48 27 kap.
352 348 52 21 eller
419 349 7 21 i
441 349 13 20 2
469 348 11 27 &
493 349 27 21 32
531 348 48 27 kap.
590 347 131 28 strafflagen.
744 348 10 21 I
766 347 66 23 andra

77 383 102 22 brottmål
202 389 38 20 ege
259 383 80 22 sådant
360 383 173 22 underställande
556 383 17 27 ej
596 389 53 21 rum,
669 384 51 21 utan
735 383 35 22 mä
785 383 46 26 den,

78 423 44 16 som
138 419 24 20 är
177 417 100 27 missnöjd
292 417 49 22 med
356 418 120 21 underrätts
491 418 76 27 utslag,
583 418 90 21 besvära
688 418 32 27 sig
735 417 97 22 deröfver

77 452 8 21 i
99 451 114 27 hofrätten,
229 452 69 21 säsom
313 452 8 21 i
335 451 34 28 lag
384 454 24 19 är
423 452 105 27 stadgadt.

145 492 28 21 47
189 491 18 28 8.
237 492 71 27 Böter,
330 492 73 21 hvilka
422 492 66 27 enligt
510 491 124 28 strafflagen
653 492 87 22 ädömas
754 492 76 27 någon,

77 527 67 26 skola,
167 527 76 22 liksom
267 527 47 21 dei
334 527 13 21 6
362 526 12 27 $
393 527 126 22 omnämnda
537 527 62 22 böter
613 527 40 22 och
668 527 63 26 viten,
746 526 85 22 tillfalla

77 561 88 22 kronan.

146 597 18 27 Ä
180 602 102 28 Kejsaren
298 603 39 21 och
353 602 130 23 Storfursten
498 603 123 22 ankommer
636 603 31 21 att
682 601 101 22 förordna
796 607 34 16 om

77 637 119 28 fördelning
211 637 22 22 af
246 637 68 27 böter,
329 637 58 22 viten
402 637 39 22 och
457 637 75 22 sådant
546 637 107 22 förbrutet
662 637 59 27 gods,
732 643 45 17 som
788 636 42 21 till-

76 671 62 22 faller
152 672 88 27 kronan,
256 673 55 21 samt
325 672 117 21 bestämma
458 672 40 21 den
513 672 124 26 ersättning,
653 677 46 15 som
714 671 74 21 tillbör
798 671 31 20 in-

78 707 99 27 rättning,
194 707 123 27 meninghet
331 706 52 22 eller
398 707 126 27 tjensteman
536 706 33 22 för
580 706 40 22 den
631 705 63 23 andel
704 706 60 21 desse
774 704 57 22 förut

78 741 86 27 ätnjutit
179 742 8 21 i
201 741 68 27 böter,
283 742 58 21 viten
358 742 38 21 och
412 741 67 27 dylikt
498 742 59 26 gods.

145 782 28 22 48
188 781 18 28 8.
235 782 77 27 Kongl.
334 782 88 21 brefven
444 782 40 21 den
506 782 28 21 22
556 780 59 22 Mars
639 780 54 22 1803
709 780 39 22 och
764 780 39 21 den
816 780 15 20 4

78 817 60 27 April
154 817 55 22 1807
231 817 48 21 med
299 816 52 22 flera
368 816 154 27 författningar,
537 821 75 22 genom
627 815 72 21 hvilka
714 814 22 22 ät
750 813 80 22 hofrät-

77 854 33 20 ter
126 852 39 21 och
181 852 100 21 Senatens
297 851 233 27 Justitiedepartement
547 850 120 26 medgifvits
681 849 103 27 rättighet
798 848 32 21 att

78 886 76 23 mildra
176 886 62 22 straff
258 886 40 22 och
316 885 112 22 hemställä
443 891 33 15 om
492 885 114 27 skärpning
622 884 23 21 af
658 883 66 27 straff,
740 882 90 28 upphäf

78 929 46 20 vas;
148 921 39 22 och
203 920 54 23 skall
272 920 65 22 sådan
356 919 159 28 straffmildring
529 920 52 21 bero
597 919 90 21 allenast
701 918 23 22 af
737 918 48 26 nåd,
800 916 30 22 ef-

77 959 33 20 ter
124 962 46 16 som
185 956 7 22 i
207 956 104 30 grundlag
328 957 54 25 sägs.

147 1133 104 28 Slutligen
266 1133 63 22 hafva
344 1132 124 27 Ständerna,
488 1135 51 19 enär
555 1132 34 21 det
604 1133 24 20 är
643 1131 110 26 högeligen
768 1129 61 22 önsk-

78 1168 44 27 ligt,
138 1169 31 20 att
184 1167 40 21 den
239 1174 41 20 nya
295 1167 133 27 strafflagens
438 1167 134 26 tillämpning
580 1165 55 27 finge
644 1165 86 27 vidtaga
740 1164 23 22 sä
771 1165 59 20 snart

78 1208 46 16 som
139 1202 88 27 möjligt,
243 1208 48 15 men
307 1202 12 20 &
334 1201 67 21 andra
416 1200 60 22 sidan
491 1200 60 22 äfven
567 1200 39 22 bör
621 1199 112 27 iakttagas,
748 1199 32 20 att
793 1197 37 21 all-

79 1236 114 22 mänheten
208 1236 39 22 och
263 1236 143 22 domstolarne
425 1236 134 21 derförinnan
578 1235 80 21 lemnas
673 1233 65 27 nödig
751 1232 32 22 tid
798 1232 32 21 att

79 1273 51 26 göra
152 1272 31 26 sig
205 1272 48 20 med
275 1271 62 27 lagen
352 1270 116 27 förtrogna,
487 1272 53 20 trott
554 1270 32 26 sig
601 1269 52 21 böra
667 1268 68 22 uttala
750 1274 26 14 en
791 1273 37 15 un-

79 1306 102 27 derdänig
196 1305 99 22 anhällan
313 1305 84 21 derom:

285 1379 32 20 att
332 1362 41 37 den
388 1383 45 22 nya
447 1377 125 27 strafflagen
587 1378 54 19 samt
656 1376 70 21 dertill
735 1375 96 22 hörande

216 1412 157 29 förordningar
394 1419 33 14 om
449 1410 156 29 verkställighet
626 1410 27 28 af
667 1409 65 29 straff
747 1410 37 22 och
798 1417 32 15 om

216 1447 138 28 strafflagens
368 1446 118 29 införande
504 1445 70 28 blefve,
589 1445 25 22 så
628 1446 43 26 fort
686 1445 33 28 sig
733 1447 53 26 göra
801 1445 30 22 lå-

740 1494 22 17 14
