1025 1703
227 149 33 17 106
466 148 23 18 U.
505 147 21 19 B.
541 158 20 3 —
574 147 61 23 Prop.
648 147 37 18 N:o
697 147 17 18 1.

89 207 62 17 Verkst.
164 206 24 20 fd.
206 206 40 19 åtta
266 205 12 21 &
296 206 39 19 tolf
349 206 27 24 år,
392 208 50 16 samt
457 206 32 18 vid
505 205 179 25 sammanläggning
699 206 22 18 af
734 204 57 20 straff
804 211 35 13 sex
853 205 28 25 år,
897 205 21 19 sä
933 207 22 16 är

104 230 10 16 4
126 230 46 22 Kap.

205 240 32 19 det
252 240 115 25 uppenbart,
383 242 28 17 att
427 240 148 19 föreskrifterna
590 246 31 12 om
636 238 177 26 verkställigheten
827 238 22 20 af
857 238 97 26 fängelse-

204 274 82 25 straffet,
306 274 65 19 derest
389 274 195 25 strafflagsförslaget
601 274 44 19 icke
664 273 52 19 skall
730 273 42 19 helt
787 272 36 20 och
839 272 61 20 hållet
915 278 39 13 om-

205 308 84 26 arbetas,
304 308 62 19 måste
381 308 93 20 innebära
489 308 124 25 tillämpning
624 308 21 19 af
654 307 244 25 klassifikationsystemet,
910 307 44 19 obe-

205 342 70 19 roende
298 342 61 25 deraf,
376 342 50 19 huru
445 342 167 25 länsfängelserna
632 342 31 18 för
680 342 123 19 närvarande
817 342 32 18 må
863 347 48 13 vara
925 341 29 18 in-

205 377 83 18 rättade.
320 376 105 25 AÅntagligt
444 379 22 16 är
485 376 108 19 emellertid
612 377 29 18 att
659 375 165 26 fängelsestraffet
838 375 7 19 i
861 375 23 20 de
899 375 55 19 flesta

205 410 36 19 fall
256 411 78 18 ådömes
349 411 30 18 för
391 411 143 24 jemförelsevis
550 411 44 19 kort
609 410 28 19 tid
653 410 36 19 och
705 410 74 19 således
795 410 38 19 kan
844 410 31 19 till
886 409 68 20 åtmin-

205 449 54 14 stone
273 447 63 16 större
353 445 55 18 delen
424 445 21 19 af
458 445 53 19 tiden
526 445 62 18 utstås
603 445 7 18 i
625 444 44 23 cell,
681 446 50 17 samt
745 447 30 16 att
789 443 126 26 följaktligen
927 446 28 17 ett

205 481 61 16 större
282 479 54 18 antal
351 479 154 24 gemensamhets
519 485 49 19 rum,
585 482 23 16 än
623 478 169 25 länsfängelserna
807 485 25 12 nu
848 485 42 18 ega,
901 478 7 19 i
919 478 35 19 all-

204 513 79 19 mänhet
294 513 44 19 icke
349 513 70 20 varder
429 513 103 26 behöfligt.
548 513 43 20 Men
603 513 57 19 äfven
672 520 30 12 om
712 513 199 24 isoleringssystemet
922 519 32 13 an-

204 547 105 24 användes,
325 547 39 19 kan
379 554 50 18 man,
446 547 24 19 då
485 547 145 25 strafftvångets
646 547 99 19 intensitet
761 547 56 19 äfven
833 547 7 19 i
855 546 55 20 detta
920 546 35 20 fall

205 582 61 18 måste
289 582 46 18 bero
359 582 21 18 af
401 582 81 24 fångens
505 581 127 25 förhållande,
656 581 43 19 med
722 581 43 19 nåd.
789 587 54 19 prop.
866 580 41 20 tala
925 587 30 13 om

205 616 84 24 ,»fånges
304 615 121 20 hänförande
440 616 31 18 till
486 616 40 19 viss
542 616 100 24 afdelning
657 616 6 18 i
678 616 118 23 anstalten",
812 615 51 19 blott
877 616 29 18 att
916 615 39 19 hit-

205 648 85 20 hörande
309 650 120 24 stadganden
447 650 48 19 böra
513 650 75 19 erhålla
607 650 37 18 den
663 649 109 25 affattning,
788 651 29 17 att
836 649 119 24 afdelnings-

205 683 107 25 begreppet
328 683 43 19 icke
387 686 55 22 tages
458 683 6 19 i
479 683 101 26 betydelse
596 683 20 19 af
630 683 65 18 skilda
706 683 81 19 lokaler.
810 683 39 19 För
860 682 95 20 ernående

205 718 21 19 af
247 717 53 20 detta
319 717 90 20 ändamål
429 717 35 19 och
484 717 31 20 för
533 720 29 17 att
577 717 57 20 äfven
651 717 57 25 eljest
723 717 43 19 med
781 717 90 19 afseende
887 717 11 19 å
913 717 41 18 fän-

205 751 99 25 gelsernas
330 752 144 25 byggnadssätt
496 751 86 20 undvika
604 751 124 25 svårigheter
750 751 34 19 vid
806 751 149 25 tillämpningen

205 785 59 20 hafva
280 785 59 20 orden
356 786 34 24 ,,af
404 793 72 12 samma
491 786 113 25 afdelning''
619 785 7 19 i
642 786 12 18 4
670 785 7 26 8
693 785 99 20 uteslutits
803 787 50 18 samt
863 785 45 20 hela
919 785 12 20 5
943 785 13 26 &

204 820 7 18 i
226 819 54 20 detta
295 820 45 25 kap.
356 819 37 20 fått
409 820 47 25 utgå
471 821 99 19 äfvensom
586 813 58 26 orden
660 820 79 24 ,,såvidt
754 820 76 25 möjligt
845 820 53 25 är',
897 809 11 41 i
915 820 11 19 6
942 819 13 26 &

204 854 76 25 tillagts
289 854 49 19 efter
347 855 61 24 ,,böra
418 855 43 24 de'',
474 855 92 19 hvarutom
578 861 22 13 en
608 855 74 18 mindre
691 854 82 25 ändring
782 854 94 25 vidtagits
884 855 7 18 i
902 854 25 19 12
936 854 19 25 $.

272 887 11 21 9
302 887 18 28 8.
336 888 21 26 (8
373 889 13 25 8
401 889 6 18 i
423 888 59 20 Utsk.
499 889 63 26 försl.)
585 888 63 19 Sedan
663 888 44 19 nåd.
723 895 54 18 prop.
793 889 7 18 i
816 888 12 19 2
843 888 13 25 &
869 889 21 18 af
904 888 50 19 före-

204 923 86 18 varande
309 923 75 24 kapitel
402 923 94 19 anordnat
510 923 215 19 arbetsverksamheten
742 923 34 18 vid
791 922 164 25 fängelsestraffet

204 957 87 24 sålunda,
314 959 30 16 att
365 957 36 18 den
424 957 69 19 härtill
515 957 87 24 ådömde,
626 957 6 18 i
654 959 81 17 motsats
754 957 31 19 till
806 957 148 24 tukthusfånge,

204 991 30 18 för
252 991 81 19 hvilken
349 991 148 25 tvångsarbetet
512 993 57 23 utgör
584 997 22 13 en
622 991 31 19 del
668 991 22 19 af
704 991 81 25 straffet,
801 991 30 19 får
846 991 50 19 efter
911 993 44 23 eget

204 1025 33 19 val
253 1025 36 20 och
304 1025 31 19 för
351 1032 47 18 egen
413 1025 84 25 räkning
513 1025 68 20 anvisa
596 1025 68 20 sådant
679 1026 74 23 arbete,
769 1032 40 13 som
825 1028 23 16 är
863 1025 93 25 förenligt

204 1059 42 19 med
269 1059 159 26 straffanstalten,
449 1060 115 19 bestämmer
582 1059 12 19 9
613 1059 13 26 &
645 1062 60 17 sättet
723 1059 31 20 för
769 1059 186 20 arbetsinkomstens

204 1093 116 25 fördelning.
336 1105 29 3 —
379 1093 30 20 Pä
423 1096 40 17 sätt
477 1100 23 13 ur
515 1094 43 19 näd.
574 1100 55 19 prop.
645 1093 103 24 inhemtas,
763 1094 81 19 innebär
859 1093 96 25 nemligen

205 1127 35 20 den
260 1128 152 25 omständighet,
433 1130 28 17 att
480 1128 147 25 fängelsefänge
646 1131 57 22 säges
718 1129 67 18 arbeta
800 1128 30 19 för
845 1135 49 18 egen
909 1128 43 19 räk-

204 1162 53 25 ning,
276 1162 43 19 icke
338 1164 29 17 att
382 1163 108 19 inkomsten
506 1163 21 19 af
540 1163 77 19 arbetet
631 1163 7 18 i
653 1162 44 20 dess
712 1162 67 20 helhet
795 1162 75 19 komme
885 1162 70 19 honom

204 1196 31 19 till
250 1196 57 25 godo,
322 1199 47 16 utan
384 1196 52 19 skall
451 1196 118 25 tredjedelen
585 1197 21 19 af
620 1197 67 24 priset,
703 1203 40 12 som
759 1203 68 18 genom
838 1196 117 25 försäljning

204 1229 21 19 af
242 1230 32 19 det
290 1230 139 24 förfärdigade,
449 1230 50 19 efter
514 1231 68 24 afdrag
598 1231 21 18 af
632 1230 194 19 arbetstillbehörens
841 1230 68 25 värde,
925 1237 28 12 er-

204 1262 70 25 hälles,
290 1263 81 18 tillfalla
387 1263 80 24 kronan,
483 1263 67 19 staden
566 1264 49 19 eller
630 1263 113 25 tingslaget.
773 1263 68 19 Ehuru
852 1263 103 19 Utskottet

204 1299 22 16 är
244 1303 46 12 ense
309 1297 43 18 med
367 1297 43 20 näd.
427 1303 54 19 prop.
497 1297 71 26 derom,
584 1299 30 17 att
632 1303 22 12 en
674 1297 77 19 skilnad
766 1297 82 19 emellan
863 1297 92 18 tukthus-

204 1331 36 19 och
261 1330 169 26 fängelsestraffen
449 1331 35 20 bör
503 1338 35 19 ega
557 1338 41 13 rum
619 1331 59 20 också
696 1332 6 18 i
721 1332 22 19 sä
761 1331 59 20 måtto
835 1333 36 23 att,
886 1331 68 20 medan

204 1364 45 20 hela
267 1365 77 19 vinsten
363 1365 22 19 af
401 1365 151 26 tukthusfänges
572 1366 66 20 arbete
657 1365 91 20 tillfaller
766 1366 81 24 kronan,
868 1365 36 19 den
923 1365 32 19 till

204 1399 147 25 fängelsestraff
368 1400 81 19 ädömde
471 1400 107 26 berättigas
597 1400 31 19 till
647 1400 57 20 andel
723 1401 6 19 i
748 1400 37 20 den
803 1400 85 19 inkomst
906 1400 48 20 hans

206 1434 66 20 arbete
291 1434 107 25 inbringar,
416 1434 37 20 har
468 1435 102 19 Utskottet
584 1434 50 20 dock
648 1435 44 19 icke
708 1435 74 19 kunnat
797 1434 103 26 godkänna
919 1435 35 19 den

274 1468 179 21 Siraflagsutskottets
466 1469 104 16 betänkande
582 1468 34 17 N:o
629 1469 15 16 1.
