1028 1703
324 402 304 40 Reservationer.

464 462 20 22 I.

171 506 94 22 Emedan
281 506 26 22 de
323 506 96 29 religiösa
434 508 102 22 behofven
553 512 34 18 äro
603 508 31 22 för
650 509 124 22 menniskan
789 510 26 22 de
823 511 26 28 pä

104 549 26 13 en
145 541 55 28 gång
215 541 72 28 högsta
303 541 38 22 och
356 541 140 29 innerligaste,
512 543 66 21 måste
593 543 89 22 friheten
698 546 31 19 att
738 544 52 21 efter
798 553 51 13 sam-

103 579 47 18 vete
165 575 37 22 och
218 575 140 28 öfvertygelse
373 575 65 22 ordna
453 576 45 22 sina
514 577 96 28 religiösa
626 578 174 27 angelägenheter
815 580 34 21 be-

102 609 79 22 traktas
196 609 67 22 såsom
278 609 41 22 den
334 610 135 28 naturligaste
484 611 37 22 och
538 611 67 22 tillika
620 611 40 22 den
676 612 120 28 dyrbaraste
807 615 42 20 rät-

101 644 73 29 tighet.
204 644 49 21 Men
270 644 7 21 i
291 652 79 13 samma
386 644 47 22 män
449 653 44 14 som
508 645 57 22 detta
579 650 23 17 är
617 645 63 26 fallet,
697 646 75 22 blifver
787 647 61 22 äfven

102 681 31 19 ett
147 678 63 28 tvång
225 677 24 29 på
266 678 35 22 det
316 678 96 28 religiösa
426 679 94 22 området
535 679 46 22 icke
597 680 52 21 blott
664 680 131 28 orättfärdigt
810 682 37 21 och

102 712 130 29 upprörande
256 715 50 19 utan
328 712 62 22 äfven
412 713 92 29 skadligt
526 714 38 21 och
584 714 200 28 fördärfbringande.
815 716 33 28 Ty

102 748 74 21 medan
192 746 25 29 på
233 747 64 21 andra
311 747 99 22 områden
426 748 85 28 tvånget
526 748 73 22 endast
613 748 120 22 framkallar
744 752 31 19 ett
782 753 66 19 större

101 782 51 22 eller
174 782 81 22 mindre
278 782 52 22 mått
352 781 23 22 af
395 782 89 26 lidande,
507 783 75 28 skapar
602 783 35 22 det
652 783 96 29 religiösa
763 784 85 28 tvånget

101 816 105 22 dessutom
229 816 48 22 med
299 816 157 29 nödvändighet
478 817 94 29 hyckleri
594 818 38 21 och
648 817 132 29 förställning
794 821 54 19 samt

100 850 76 22 förstör
191 850 86 22 sålunda
293 851 136 22 karaktärens
444 852 110 21 redbarhet
568 852 39 21 och
622 852 94 28 sanning,
730 852 67 28 jämte
813 853 35 22 det

101 885 119 28 därigenom
236 885 73 22 alstras
325 885 129 29 likgiltighet
468 886 38 22 och
522 886 69 22 förakt
606 886 31 22 för
652 886 25 22 de
692 886 74 29 frågor,
776 887 71 22 hvilka

100 919 32 23 för
147 920 72 28 hvarje
234 919 110 22 människa
359 920 63 22 borde
437 928 49 14 vara
503 921 25 21 de
544 921 71 28 högsta
630 921 38 21 och
684 921 106 29 heligaste.

169 954 49 22 Med
241 954 98 22 afseende
361 954 66 29 härpå
448 955 54 21 hade
522 955 36 22 det
572 955 54 22 varit
641 955 97 29 önskligt,
755 956 26 22 då
796 956 52 28 Lag-

100 989 102 22 utskottet
216 988 23 22 af
252 988 114 29 tvingande
381 988 108 29 praktiska
504 989 46 22 skäl
565 990 66 22 beslöt
646 989 32 29 sig
692 990 32 22 för
734 998 26 14 en
769 990 78 22 dissen-

100 1023 66 28 terlag
181 1023 22 22 af
216 1023 85 30 mycket
315 1023 127 28 begränsadt
456 1023 90 29 omfång,
562 1026 31 20 att
603 1024 108 22 Utskottet
720 1024 127 23 åtminstone

100 1058 53 21 hade
175 1058 81 21 kunnat
271 1057 56 22 inom
343 1057 57 23 detta
414 1058 84 28 omfång
513 1058 23 22 så
550 1058 120 29 genomföra
686 1059 160 28 religionsfrihe-

101 1095 46 20 tens
163 1092 87 29 princip,
266 1094 32 20 att
312 1092 26 22 de
353 1099 104 22 personer,
473 1093 72 22 hvilka
560 1093 68 22 denna
636 1093 162 28 religionsfrihet
812 1102 36 13 var

99 1127 72 22 afsedd
193 1129 30 20 att
245 1126 175 29 tillgodokomma,
444 1127 46 22 icke
512 1127 72 22 behöft
606 1127 83 28 tvingas
704 1127 32 22 till
752 1128 95 28 religiösa

99 1161 124 29 handlingar
237 1161 7 22 i
259 1161 52 22 strid
326 1163 43 20 mot
383 1161 37 23 sitt
434 1164 98 20 samvete.
556 1161 81 23 Genom
655 1162 40 22 den
710 1162 84 28 utgång,
803 1170 41 14 om-

100 1196 121 28 röstningen
237 1195 127 23 beträffande
380 1197 13 26 $
410 1196 26 21 10
450 1196 8 21 i
473 1196 39 22 den
528 1196 46 21 nåd.
591 1196 153 28 propositionen
760 1197 22 25 (8
798 1197 24 20 11
840 1197 7 21 i

100 1230 118 22 Utskottets
233 1230 140 27 betänkande)
388 1230 73 26 erhöll,
478 1230 43 22 blef
533 1230 66 21 likväl
615 1230 133 29 uppnåendet
762 1230 24 22 af
790 1231 57 21 detta

99 1264 98 29 syftemål
211 1264 7 22 i
233 1264 105 28 väsentlig
353 1264 48 22 mån
417 1264 159 29 omöjliggjordt.

167 1299 13 21 I
202 1298 112 28 anledning
336 1298 61 22 häraf
416 1299 38 21 och
470 1298 26 22 då
510 1298 101 28 därjämte
626 1298 63 28 några
704 1298 64 22 andra
784 1299 62 21 bland

99 1333 26 21 de
147 1333 67 21 beslut
237 1332 23 22 af
273 1333 109 24 utskottet,
398 1332 32 21 till
445 1332 73 21 hvilka
533 1332 168 21 undertecknade
717 1332 46 21 icke
778 1332 68 21 bidra-

98 1366 37 28 git,
158 1371 35 16 äro
214 1366 23 21 af
250 1366 19 28 ej
285 1366 59 27 ringa
359 1365 112 28 betydelse,
487 1368 53 19 samt
555 1365 66 22 delvis
636 1365 100 22 innebära
751 1373 25 14 en
792 1367 53 19 mot-

99 1400 81 29 sägelse
203 1403 43 20 mot
267 1400 26 22 de
311 1399 8 22 i
341 1399 141 24 betänkandet
497 1399 91 23 uttalade
602 1399 136 28 grundsatser
753 1399 7 22 i
775 1399 70 29 öfrigt,
