1009 1703
227 142 12 16 4
456 140 23 19 U.
492 140 23 19 B.
527 150 21 4 —
560 140 61 22 Prop.
634 140 35 18 N:o
681 140 16 19 1.

204 198 102 20 utlåtande
321 199 22 19 af
354 198 163 25 jurisprofessorn
531 199 33 19 vid
575 198 75 26 Upsala
660 198 115 19 universitet
785 197 19 19 J.
815 197 133 25 Hagströmer,

205 232 100 20 bvarefter
320 232 75 26 förslag
410 232 30 19 till
455 232 44 20 nåd.
514 239 54 19 prop.
584 233 7 19 i
606 234 63 18 ämnet
683 232 107 19 utarbetats
804 231 52 19 inom
870 231 79 25 Kejser-

205 267 40 25 liga
268 266 83 20 Senaten
374 266 35 20 och
427 266 44 20 med
489 267 60 25 några
567 267 22 19 af
605 266 90 20 Komitén
711 266 30 19 för
755 266 62 19 finska
831 265 97 20 ärendena
943 265 5 19 i

205 301 30 19 S:t
250 301 122 25 Petersburg
386 301 113 19 verkstälda
515 301 103 25 ändringar
633 300 51 26 lagts
699 300 32 19 till
745 300 62 25 grund
823 300 31 19 för
867 299 36 20 den
919 300 30 19 till

205 336 108 19 Ständerna
327 335 144 20 öfverlemnade
486 335 72 26 nådiga
572 335 150 26 propositionen.

272 369 70 20 Medan
361 369 54 20 detta
433 369 117 20 omfattande
569 369 201 25 lagstiftningsarbete
788 369 83 19 sålunda
886 368 63 19 förbe-

203 403 60 26 redts,
285 403 60 20 hafva
367 403 90 26 partiella
480 403 140 25 förbättringar
641 403 28 19 uti
692 403 77 19 landets
791 402 95 20 straffrätt
907 403 43 19 med

204 437 117 20 Ständernas
336 437 57 20 bifall
408 437 107 20 verkstälts
530 437 135 25 förnämligast
675 443 69 19 genom
753 437 112 25 Kejserliga
875 437 74 19 förord-

203 472 94 25 ningarna
307 472 22 19 af
337 471 36 20 den
384 471 27 20 26
422 471 109 20 November
543 471 52 20 1886
606 471 97 25 angående
714 471 120 24 barnamord,
846 471 47 25 dråp
903 473 46 18 utan

203 506 72 25 uppsåt
289 508 29 17 att
333 505 49 19 döda
397 505 36 19 och
448 511 63 13 annan
525 505 118 20 misshandel
658 505 11 19 å
683 511 76 19 person,
775 505 52 19 falsk
841 505 109 24 angifvelse

203 539 36 20 och
265 545 61 13 annan
353 539 144 25 ärekränkning
523 542 49 16 samt
597 539 151 24 verkställighet
773 539 22 19 af
818 539 130 19 frihetsstraff.

204 574 103 20 Dessutom
326 576 70 22 antogo
415 572 108 20 Ständerna
541 574 33 18 vid
595 573 52 19 1867
663 573 32 19 års
711 572 93 26 landtdag
819 572 43 20 med
877 576 73 16 smärre

205 608 104 24 ändringar
327 608 35 18 två
380 608 29 18 uti
423 608 60 25 nådig
497 608 120 25 proposition
632 608 115 18 framstälda
761 607 75 25 förslag
851 607 98 25 angående

204 642 133 20 dödsstraffets
356 641 137 25 upphäfvande
513 642 30 19 för
561 642 52 19 vissa
628 642 53 19 brott
695 643 50 18 samt
760 640 100 27 angående
876 642 72 19 afskaf-

204 676 57 20 fande
277 676 21 19 af
311 675 97 20 särskilda
423 677 6 18 i
444 676 34 25 lag
492 678 74 17 utsatta
581 676 114 23 straffarter,
710 676 70 18 hvilka
794 676 43 19 icke
852 682 53 13 mera
920 676 28 19 öf-

203 710 144 20 verensstämde
363 709 42 20 med
421 709 184 26 tidsmedvetandet;
621 716 42 13 men
679 709 62 20 såsom
756 710 7 19 i
778 709 124 26 inledningen
917 709 31 20 till

203 744 134 25 föreliggande
357 744 119 25 proposition
495 744 89 25 antydes,
602 743 60 20 hafva
681 744 55 19 dessa
754 744 114 25 lagförslag,
887 744 61 19 ehuru

203 779 22 19 af
241 779 54 19 Hans
313 778 112 24 Kejserliga
443 777 92 26 Majestät
553 777 124 26 stadfästade,
695 778 44 19 icke
754 778 67 19 blifvit
840 778 107 25 utfärdade,

203 813 79 19 emedan
297 813 75 18 landets
388 812 149 19 straffanstalter
551 812 63 19 hittils
629 812 42 19 icke
687 812 51 19 varit
753 812 31 19 för
799 815 27 16 ett
841 812 60 19 ökadt
915 818 32 13 an-

203 847 28 20 tal
246 846 116 26 straffångar
376 846 158 26 iordningstälda.
556 847 132 19 Förenämnda
702 846 92 25 partiella
807 847 100 25 reformer,
917 847 31 19 till

202 881 71 20 hvilka
287 881 58 20 äfven
360 880 48 20 höra
423 881 23 19 de
461 881 7 19 i
483 880 176 26 Konkursstadgan
670 881 21 19 af
701 881 35 19 den
754 880 5 20 9
771 881 111 20 November
894 880 52 22 1868

203 916 36 20 och
258 915 122 26 Skogslagen
399 915 22 20 af
434 915 35 20 den
486 915 11 19 3
514 915 113 26 September
644 915 53 20 1886
712 915 94 26 ingående
817 916 130 25 stadgandena

202 957 31 12 om
247 950 58 19 straff
317 949 31 20 för
362 949 147 20 bankruttbrott
524 950 35 19 och
575 949 153 26 skogsåverkan,
739 950 94 19 innefatta
844 950 102 25 naturligt-

203 985 29 19 vis
251 984 68 19 endast
338 990 22 13 en
379 984 56 24 ringa
451 983 31 20 del
496 984 22 19 af
532 984 124 24 straffrätten,
672 984 36 19 och
724 985 35 18 den
774 984 71 25 nådiga
860 985 86 25 proposi-

202 1020 65 18 tionen
282 1018 61 19 måste
357 1017 65 20 derför
436 1017 65 20 helsas
516 1018 43 19 med
573 1018 50 25 liflig
636 1018 179 24 tillfredsställelse,
827 1018 62 19 såsom
900 1022 47 21 öpp-

203 1053 61 19 nande
283 1052 86 25 utsigten
387 1054 29 16 att
435 1051 75 20 landets
529 1051 111 20 föråldrade
655 1052 180 25 strafflagstiftning
850 1053 97 24 snarligen

203 1087 69 19 varder
290 1087 58 24 bragt
362 1086 7 19 i
384 1086 199 19 öfverensstämmelse
599 1085 42 20 med
656 1087 100 18 nationens
771 1086 176 19 rättsmedvetande

203 1121 36 19 och
253 1121 8 18 i
273 1120 100 26 jemnhöjd
388 1120 43 19 med
446 1119 60 20 andra
521 1119 120 20 kulturfolks
657 1120 61 25 lagar.

270 1154 102 21 Utskottet
390 1154 92 25 öfvergår
496 1161 25 12 nu
537 1154 68 19 främst
620 1154 30 19 till
666 1155 144 24 granskningen
825 1155 22 19 af

270 1235 82 25 Förslag
371 1234 29 20 till
419 1233 92 26 strafflag
531 1235 33 20 för
579 1234 196 23 Storfurstendömet
791 1235 87 22 Finland.

270 1290 10 19 I
302 1290 63 19 likhet
386 1289 43 20 med
450 1289 68 20 nutida
540 1289 112 26 strafflagar
670 1291 131 19 öfverhufvud
819 1291 128 20 sönderfaller

202 1325 93 25 förslaget
313 1324 7 19 i
339 1324 34 19 två
391 1323 60 25 delar,
470 1323 22 20 af
509 1323 69 20 hvilka
596 1324 36 19 den
651 1324 54 20 förra
719 1323 44 22 från
779 1325 35 19 och
829 1325 43 20 med
889 1326 9 18 1
915 1326 31 19 till

202 1359 36 19 och
252 1359 43 19 med
317 1358 11 19 9
349 1359 45 25 kap.
413 1357 108 20 innehåller
539 1359 96 19 allmänna
645 1359 119 25 stadganden
775 1361 48 18 samt
833 1360 37 19 den
880 1366 66 14 senare

201 1393 56 19 delen
276 1393 43 19 från
337 1392 35 20 och
391 1392 43 19 med
451 1392 25 18 10
491 1391 46 25 kap.
553 1392 200 26 straffbestämningar
767 1394 30 19 för
811 1393 24 20 de
850 1394 96 20 särskilda

201 1428 83 19 brotten.

269 1460 176 23 Strafflagsutskottets
457 1460 104 17 betänkande
573 1460 34 17 N:o
620 1462 15 15 1.
