1014 1706
403 136 38 22 N:o
457 135 18 22 1.
745 136 40 23 103

68 197 100 21 förblifva
190 200 50 18 utan
262 198 165 27 sysselsättning,
443 206 45 12 men
512 198 64 21 sedan
598 199 48 20 icke
668 199 80 21 lemnas
764 202 48 18 utan

69 232 77 20 arbete.

136 266 12 19 8
165 264 19 30 8.
215 266 9 19 I
248 266 103 20 läroklass
370 267 38 20 bör
426 267 147 25 tukthusfånge
592 268 66 20 under
674 268 82 26 ständig
773 268 40 20 till-

69 306 36 20 syn
122 300 89 20 förrätta
227 301 148 25 tvängsarbete
391 302 5 18 i
413 302 156 26 gemensamhet
583 302 47 19 med
642 302 94 20 klassens
747 302 67 26 öfriga

68 334 81 26 fängar,
166 341 52 20 men,
230 334 24 20 sä
269 335 45 19 vidt
330 335 81 27 möjligt
426 338 29 23 är,
467 336 108 26 tillbringa
585 337 97 19 nätterna
692 336 39 20 och
743 336 71 26 längre

68 368 113 21 fristunder
196 370 7 18 i
220 369 48 20 cell.
297 370 77 19 Finnes
390 370 115 26 trängande
521 370 45 20 skäl
583 370 32 20 till
625 370 52 21 hans
688 370 126 27 afskiljande

67 403 46 20 frän
136 404 68 20 andra
226 403 84 26 fängar;
333 404 53 20 skall
409 404 50 26 han,
481 405 68 20 sävidt
572 405 82 26 möjligt
676 408 29 22 är,
720 404 69 21 hällas
808 405 7 19 i

68 444 79 14 enrum.

136 471 46 29 98.
214 472 9 20 I
238 473 159 25 pröfvoklassen
413 472 61 21 skola
489 473 189 28 tukthusfängarne
693 473 66 20 under
774 473 40 20 till-

67 513 37 20 syn
124 507 89 20 förrätta
232 507 72 20 arbete
322 507 6 20 i
344 508 156 26 gemensamhet
516 508 45 20 med
578 507 119 22 hvarandra
712 511 54 17 samt
781 515 33 13 om

67 543 97 18 nätterna
180 542 67 20 hållas
262 542 6 19 i
285 541 98 21 samfäldt
398 542 83 25 sofrum,
498 542 37 21 der
547 542 49 21 icke
611 543 132 20 direktionen
759 542 55 27 pröf-

67 583 37 13 var
126 576 97 27 lämpligt
245 579 32 17 att
296 577 72 20 anvisa
388 577 71 26 lediga
478 577 110 20 nattceller
603 577 61 20 äfven
681 577 22 20 ät
718 577 95 26 fångar
801 572 15 36 i

69 610 70 21 denna
154 610 64 21 klass.
248 610 50 21 Sina
314 611 112 20 fristunder
441 611 34 20 mä
491 612 59 20 desse
565 611 81 26 fångar,
658 611 52 21 efter
726 614 89 17 omstän-

67 645 125 26 digheterna
207 645 40 20 och
263 645 144 20 direktionens
417 645 153 28 förordnande,
586 645 108 27 tillbringa
703 647 7 18 i
720 646 96 20 klassens

66 686 45 13 rum
127 679 52 20 eller
194 679 104 24 sofceller,
315 680 50 19 eller
380 679 13 20 &
409 680 116 20 tukthusets
541 680 121 26 gärdsplan.

137 715 25 19 10
178 712 20 29 &.
228 714 69 27 Begär
320 714 156 27 tukthusfänge,
491 715 85 20 hvilken
593 715 65 20 borde
673 715 69 20 hällas
758 715 6 19 i
780 720 35 21 ge-

68 749 130 20 mensamhet
214 749 46 20 med
276 749 67 20 andra
358 749 81 27 fängar,
455 751 31 18 att
501 749 21 20 fä
537 749 81 26 dygnet
629 756 32 13 om
674 749 64 20 vistas
748 749 6 20 i
766 748 50 25 cell;

68 784 33 19 mä
117 784 83 25 sädant,
216 784 54 19 efter
284 783 106 28 pröfning,
406 784 71 20 kunna
493 784 22 20 af
529 784 131 20 direktionen
678 784 94 26 beviljas,
782 790 33 13 om

68 818 56 27 ledig
148 818 83 26 dagcell
255 817 73 21 finnes.
358 818 85 26 Fången
464 819 65 20 varde
545 819 62 25 ändå,
623 819 52 20 efter
690 819 36 19 sitt
740 817 76 21 förhäl-

68 853 71 25 lande,
153 853 82 19 räknad
259 852 30 20 till
310 853 41 20 viss
367 853 64 25 klass,
447 853 38 20 och
503 853 32 20 må
550 853 28 26 på
593 859 53 20 egen
662 853 91 26 begäran
769 852 47 21 icke

68 887 72 26 flyttas
163 887 30 20 till
213 887 157 26 gemensamhet
385 887 47 20 med
449 887 66 20 andra
529 887 75 27 fångar
619 887 49 26 förr,
684 890 26 17 än
727 887 40 20 han
784 886 32 20 till

67 921 51 26 följd
135 921 23 19 af
172 922 31 18 sin
219 921 57 20 förra
292 921 100 20 anhållan
408 921 96 26 tillbragt
519 922 62 19 minst
597 928 24 13 en
639 921 74 20 månad
730 922 5 18 i
752 921 46 20 cell.

141 956 21 18 11
180 954 20 28 &.
230 956 120 20 Inkomsten
363 955 31 20 för
406 955 199 27 tukthusfängarnes
616 955 149 27 tvångsarbete
776 955 41 19 till-

68 989 51 21 falle
135 989 91 26 kronan;
242 996 47 14 men
305 990 70 26 fänge,
391 996 44 14 som
451 990 6 20 i
473 990 101 20 läroklass
590 989 52 21 eller
657 988 158 28 pröfvoklassen

69 1024 65 20 under
150 1024 33 20 hel
201 1024 76 20 månad
294 1024 93 20 förhällit
402 1025 32 25 sig
449 1025 41 27 väl,
503 1025 33 19 mä
551 1024 56 20 ändå
617 1024 33 20 för
661 1024 103 20 månaden
777 1024 39 20 till-

67 1058 149 28 godoskrifvas
232 1065 25 13 en
274 1059 146 26 sparpenning.
450 1058 102 28 Beloppet
567 1058 24 20 af
604 1059 59 26 dylik
674 1058 142 28 sparpenning

68 1093 33 19 för
124 1093 72 26 hvarje
219 1093 113 26 arbetsdag
353 1092 7 20 i
376 1094 26 19 de
417 1093 104 20 särskilda
535 1093 111 20 klasserna
660 1100 50 20 eger
726 1093 90 20 Senaten

68 1128 124 20 bestämma,
223 1127 29 19 Af
273 1128 142 26 sparpenning
431 1128 34 19 mä
479 1128 62 25 fånge
557 1134 74 20 genom
647 1127 169 21 föreständarens

69 1162 122 26 bemedling
214 1161 21 20 få
258 1162 98 20 använda
378 1162 7 20 i
400 1162 103 21 läroklass
518 1162 61 27 högst
595 1168 25 14 en
637 1162 101 26 tredjedel
755 1162 39 20 och
810 1162 6 19 i

69 1196 161 28 pröfvoklassen
253 1196 63 26 högst
337 1196 80 21 hälften
441 1197 32 19 till
495 1197 68 26 nägon
586 1196 157 27 begvämlighet
765 1196 51 20 eller

69 1230 97 27 prydnad
190 1231 5 19 i
220 1231 35 19 sitt
278 1231 101 26 fängrum,
399 1236 53 16 samt
467 1232 7 19 i
490 1231 159 27 pröfvoklassen
666 1231 104 19 dessutom
786 1230 31 20 till

69 1266 69 25 nägon
161 1264 126 28 förbättring
302 1266 6 18 i
324 1265 81 25 kosten,
421 1265 52 21 eller
489 1266 30 19 till
535 1272 69 13 annan
621 1264 98 27 oskyldig
735 1264 81 27 välfäg-

69 1299 48 24 nad,
141 1306 46 13 men
212 1300 6 18 i
240 1299 106 20 hvardera
365 1300 92 25 klassen,
478 1299 46 21 med
541 1299 143 20 direktionens
700 1298 116 28 samtycke,

69 1334 61 19 äfven
154 1333 66 25 nägot
242 1334 120 18 derutöfver
387 1334 30 18 till
437 1334 127 19 skadeständ
581 1334 21 18 ät
618 1334 54 22 dem,
688 1334 72 18 hvilka
775 1334 41 18 han

69 1373 74 20 genom
166 1367 58 20 brott
247 1367 61 27 bragt
331 1367 31 19 till
385 1367 92 27 lidande,
494 1367 39 20 och
549 1368 31 18 till
599 1367 114 19 understöd
730 1367 21 19 ät
766 1370 52 16 nära

69 1401 107 27 anhörige.

138 1435 147 27 Sparpenning
301 1435 33 20 mä
350 1435 66 20 under
431 1435 88 26 fängens
536 1434 90 21 strafftid
643 1435 18 26 ej
673 1435 102 26 tilleripas
786 1434 32 21 för
