1048 1714
444 138 38 21 N:o
498 136 19 22 1.

376 432 99 33 Förslag
500 432 34 27 till
557 431 114 33 Strafflag
689 432 39 26 för
744 432 107 26 Storfur-

308 478 133 26 stendömet
459 478 102 27 Finland.

440 559 8 20 1
466 558 48 27 Kap.

149 610 42 23 Om
206 609 62 29 dem,
284 615 51 17 som
350 611 43 21 äro
408 609 176 23 underkastade
598 609 64 32 finsk
677 609 130 23 straffrätt.

170 657 8 18 1
204 658 16 22 $.
251 656 59 19 Efter
326 656 53 19 finsk
395 655 35 27 lag
446 656 54 20 skall
516 656 54 20 finsk
587 663 46 12 man
651 656 72 19 dömas
739 656 33 20 för
787 656 61 24 brott,

98 697 45 14 som
166 690 42 19 han
232 690 71 26 begått
326 691 6 18 i
351 690 95 25 Finland,
463 691 51 19 eller
530 691 13 19 &
558 690 64 20 finskt
638 690 70 27 fartyg
723 691 53 19 eller
791 693 57 17 emot

99 725 90 20 Finland
207 725 52 19 eller
275 727 57 18 emot
347 725 53 19 finsk
416 731 47 13 man
479 727 57 18 utom
553 725 82 24 landet;
651 725 23 19 så
690 725 39 19 ock
741 725 32 19 för
784 728 65 17 annat

100 761 56 18 utom
180 759 74 20 landet
275 759 107 20 föröfvadt
406 759 60 25 brott,
490 766 32 13 om
546 759 101 26 Kejsaren
664 758 39 20 och
720 758 128 21 Storfursten

99 793 117 25 förordnar,
234 795 30 18 att
280 793 36 20 det
332 793 56 20 brott
402 793 55 20 skall
472 793 7 20 i
495 789 90 24 Finland
601 793 74 20 åtalas,

168 828 12 20 2
196 830 16 23 $.
243 827 51 26 Den,
317 834 44 13 som
384 827 46 20 icke
451 830 22 17 är
489 827 53 20 finsk
559 827 144 27 medborgare,
720 834 45 13 men
783 827 66 20 finnes

99 862 39 20 här
159 862 7 19 i
190 862 79 26 landet,
292 861 65 20 varde
380 861 53 20 efter
456 862 52 19 finsk
532 862 34 25 lag
589 862 40 19 och
651 861 24 20 af
688 861 54 20 finsk
757 861 91 20 domstol

99 897 61 20 dömd
178 897 32 20 för
224 896 64 26 brott,
304 903 44 13 som
365 896 41 20 han
422 897 91 19 föröfvat
522 897 57 20 inom
590 896 97 26 Finland,
699 896 51 20 eller
761 896 12 19 &
784 895 64 21 finskt

98 931 71 27 fartyg
185 934 56 17 utom
259 931 77 20 landet.

167 966 44 19 Har
233 966 65 20 sädan
323 972 47 13 man
391 968 56 18 utom
463 966 89 19 Finland
568 965 73 26 begätt
657 965 56 21 brott
729 967 56 18 emot
800 965 47 20 Fin-

99 1001 49 20 land
172 1001 52 20 eller
245 1000 54 20 finsk
322 1007 60 19 man;
405 1007 50 13 vare
477 1001 35 25 lag
535 1007 86 17 samma,
641 1006 32 14 om
691 999 100 27 Kejsaren
807 999 40 21 och

99 1035 128 20 Storfursten
243 1035 117 26 förordnar,
376 1037 32 17 att
423 1035 78 19 brottet
516 1034 55 20 skall
587 1035 36 19 här
638 1034 7 19 i
661 1034 72 20 landet
748 1034 75 20 ätalas.

167 1069 65 19 Finsk
248 1069 35 26 lag
298 1068 38 20 bör
352 1068 40 20 ock
410 1068 110 27 tillämpas,
530 1069 27 19 dä
572 1068 65 20 sådan
649 1074 47 14 man
708 1068 73 25 begått
791 1068 56 20 brott

98 1106 57 18 utom
178 1103 98 25 Finland,
298 1110 46 12 men
369 1103 91 20 derefter
482 1103 75 20 vunnit
580 1102 54 20 finsk
658 1102 189 26 medborgarerätt,

98 1140 54 18 samt
167 1137 102 27 Kejsaren
285 1138 41 19 och
342 1137 127 20 Storfursten
486 1137 115 25 förordnar,
618 1138 31 18 att
660 1136 36 20 det
705 1136 142 20 brottet'skall

98 1172 38 20 här
152 1172 76 20 ätalas.

166 1206 12 20 3
194 1208 18 22 $.
243 1206 42 20 Har
300 1206 66 20 sädan
383 1205 132 27 förbrytelse,
531 1212 44 13 som
592 1204 133 21 omförmäles
740 1205 7 19 i
763 1205 34 24 41,
813 1205 32 25 42,

97 1240 26 20 43
146 1240 52 20 eller
221 1240 27 20 44
271 1242 55 24 kap.,
350 1240 52 20 eller
426 1242 65 18 annat
514 1240 85 20 dermed
619 1239 100 20 likartadt
733 1238 58 21 brott
806 1238 40 21 för-

97 1274 69 21 öfvats
190 1276 55 18 utom
269 1274 83 24 landet;
374 1274 70 20 dömes
461 1274 32 20 till
508 1273 62 21 straff
582 1274 75 20 endast
671 1279 33 14 om
721 1273 76 20 sådant
811 1279 35 19 ge-

96 1315 49 13 nom
161 1308 36 24 lag
212 1308 52 20 eller
280 1308 86 26 fördrag
382 1311 23 17 är
421 1308 100 20 särskildt
536 1307 105 26 stadgadt.

166 1342 12 18 4
194 1344 16 21 5.
240 1342 44 18 Har
300 1342 48 24 den,
364 1348 44 12 som
426 1342 87 18 tilltalas
529 1342 32 18 för
577 1342 62 22 brott,
656 1340 32 19 till
703 1347 26 12 en
746 1340 33 19 del
794 1340 54 19 eller

97 1374 31 20 till
150 1374 52 20 fullo
226 1375 75 19 utstätt
323 1374 78 21 honom
426 1374 70 20 derför
515 1376 56 18 utom
587 1374 74 19 landet
676 1373 86 20 ädömdt
777 1372 69 25 straff;

96 1408 54 20 skall
166 1408 36 20 det
217 1408 153 26 undergängna
384 1407 90 26 straffet,
489 1408 54 20 efter
558 1407 105 27 pröfning,
676 1406 99 21 afräknas
791 1406 53 20 ifrän

97 1443 36 20 det
156 1442 66 26 straff,
238 1442 86 21 hvartill
347 1442 41 20 han
411 1442 33 20 för
462 1442 80 21 brottet
560 1442 65 20 borde
639 1442 8 19 i
662 1441 89 20 Finland
767 1441 79 25 dömas,
