1700 1864
491 221 25 21 16

681 220 70 21 Ständ.
765 220 34 21 Sv.
813 231 27 4 —
856 220 58 27 Prop.
929 219 34 22 N:o
977 219 32 22 10.

598 282 51 20 vård
671 282 80 25 lagligen
774 282 70 23 tillhör,
866 282 111 23 bestämma,
992 282 9 18 i
1013 281 77 22 hvilken
1105 281 112 20 bekännelse

598 316 68 20 barnet
681 316 50 20 skall
747 317 120 24 uppfostras.

666 349 65 24 Barn,
755 357 42 14 som
818 351 45 24 fyllt
879 352 38 23 tolf
930 351 29 24 år,
975 351 38 24 må,
1029 351 10 19 i
1051 350 90 20 händelse
1154 349 62 25 föräl-

599 384 72 20 drarne
693 385 47 20 eller
763 385 36 20 den
813 386 26 23 af
850 385 48 24 dem,
914 385 73 20 hvilken
1003 385 78 20 barnets
1095 385 50 19 vård
1160 384 57 25 lagli-

597 425 35 18 gen
655 419 70 24 tillhör,
747 419 80 25 öfvergå
846 420 30 19 till
890 426 64 14 annan
969 420 93 25 troslära,
1078 419 49 24 sjelf
1139 419 77 28 afgöra,

598 453 96 20 huruvida
717 453 33 21 det
768 454 35 19 vill
816 460 75 14 samma
907 454 86 20 troslära
1008 455 84 23 omfatta
1107 454 45 19 eller
1167 452 50 27 fort-

598 487 85 25 farande
701 488 79 20 tillhöra
803 488 31 20 det
852 488 159 25 kyrkosamfund,
1031 489 9 18 i
1052 488 61 20 hvars
1128 488 44 19 lära
1187 487 32 20 det

598 522 56 25 förut
667 523 130 24 uppfostrats.

667 557 36 19 Om
726 557 41 24 den,
791 563 40 14 som
854 557 45 25 fyllt
913 557 81 25 tjuguett
1008 557 30 23 år,
1053 557 50 24 gälle
1117 556 51 20 hvad
1183 557 8 19 i
1205 556 14 19 7

599 591 34 20 och
648 591 14 18 8
677 591 30 26 $$
722 591 86 25 stadgas.

879 659 15 27 $
908 659 31 20 14.

669 710 16 20 I
701 711 90 24 afseende
809 711 13 19 ä
835 711 50 19 hem-
901 711 33 20 och
948 698 201 43 skolundervisningen
1164 711 56 20 skola

601 745 108 19 vekännare
731 746 26 23 af
777 752 64 13 annan
859 745 142 25 protestantisk
1027 746 86 19 troslära
1135 746 26 19 än
1183 745 35 19 den

601 779 214 24 evangelisk-lutherska
830 780 33 19 och
878 780 59 19 deras
952 780 48 19 barn
1017 786 50 13 vara
1077 780 142 19 underkastade

600 813 90 25 gällande
707 814 82 24 stadgar
805 816 52 17 samt
875 820 56 14 anses
949 813 81 21 tillhöra
1045 814 32 20 det
1091 814 126 23 skoldistrikt,

601 848 52 20 inom
672 848 70 19 hvilket
761 848 23 19 de
804 849 37 19 äro
859 848 75 20 boende.
963 848 64 23 Barn,
1044 854 41 14 som
1099 848 41 20 icke
1154 848 65 20 tillhör

603 882 214 25 evangelisk-lutherska
835 882 62 24 läran,
917 882 52 20 skall
985 882 30 25 pä
1033 883 145 25 framställning
1196 884 22 23 af

602 916 143 20 vederbörande
759 917 96 19 målsman
869 918 86 24 fritagas
969 917 47 24 från
1031 916 137 26 undervisning
1177 917 43 20 deri

603 951 56 19 såväl
677 951 8 19 i
703 951 96 24 folkskola
814 957 41 13 som
870 952 8 18 i
893 951 202 25 elementarläroverk;
1110 951 48 20 dock
1172 951 47 25 ålig-

601 991 34 18 ger
649 985 97 24 inspektor
761 986 33 18 och
809 985 95 20 direktion
917 985 34 20 vid
965 985 35 19 den
1015 985 58 24 förra
1088 988 52 17 samt
1154 986 66 19 rektor

603 1020 46 19 eller
663 1019 174 24 föreståndarinna
851 1020 32 19 vid
898 1020 32 19 det
943 1026 68 13 senare
1026 1022 30 18 att
1070 1021 57 22 tillse,
1142 1020 32 20 det
1188 1020 32 20 så-

604 1054 47 19 dant
665 1054 49 19 barn
728 1060 66 18 genom
809 1054 106 19 målsmans
929 1054 80 24 försorg
1023 1054 83 20 erhåller
1120 1054 57 25 nödig
1192 1060 29 14 re-

604 1088 208 24 ligionsundervisning.
843 1086 133 22 Försummar
997 1088 102 24 målsman,
1123 1088 49 24 efter
1191 1094 30 14 er-

602 1122 63 20 hållen
688 1122 124 24 påminnelse,
837 1122 31 20 sin
893 1122 106 25 skyldighet
1021 1122 124 24 härutinnan,
1170 1123 52 19 skall

603 1156 98 20 skolrädet
722 1156 66 20 derom
810 1156 116 20 underrätta
940 1156 150 24 föreståndaren
1107 1157 8 19 i
1129 1157 35 19 den
1179 1157 42 23 för-

604 1191 88 25 samling,
714 1190 81 20 hvartill
815 1190 68 20 barnet
903 1190 64 20 hörer.
1001 1191 75 19 Varder
1098 1191 71 24 åtgärd
1191 1197 31 13 om

605 1226 59 19 barns
688 1226 226 24 religionsundervisning
939 1226 19 23 e
981 1226 94 24 vidtagen,
1099 1226 34 18 bör
1155 1225 68 20 barnet

605 1260 76 24 deltaga
696 1260 8 19 i
719 1260 34 19 den
769 1260 134 24 undervisning
916 1260 9 18 i
934 1259 214 25 evangelisk-lutherska
1158 1259 64 26 läran,

604 1300 42 14 som
660 1294 9 19 i
683 1294 67 20 skolan
765 1294 103 20 meddelas.

878 1360 15 26 $
911 1360 31 20 15.

674 1412 147 22 Protestantisk
842 1412 155 24 trosbekännare,
1019 1412 60 20 hvars
1094 1412 44 20 lära
1153 1412 19 25 &j
1185 1412 38 20 till-

606 1449 78 24 städjer
705 1449 69 19 honom
797 1448 77 25 edgäng,
896 1448 33 19 mä
951 1448 8 19 i
981 1448 65 21 stället
1060 1448 34 24 för
1109 1447 22 20 ed
1146 1447 78 26 afgifva

606 1490 64 14 annan
692 1483 113 25 försäkran,
827 1489 42 14 som
890 1482 43 20 med
956 1482 49 20 hans
1025 1482 86 20 troslära
1126 1482 97 25 öfverens-

605 1520 97 19 stämmer.
