1006 1709
240 142 26 31 22
472 148 23 18 U.
507 148 22 18 B.
543 158 20 4 —
575 148 61 23 Prop.
647 148 37 18 N:o
696 148 16 18 1.

86 202 46 20 Strf.
144 204 13 16 3
165 204 43 22 Kap.
221 205 44 19 icke
283 205 112 19 föranledde
414 206 31 18 till
461 206 111 25 straffrihet,
587 206 104 25 rätteligen
707 206 67 19 endast
789 212 23 13 en
827 205 136 20 förmildrande

222 239 150 26 omständighet,
398 246 41 13 som
464 240 34 20 vid
523 240 164 25 strafimätningen
711 240 51 19 inom
784 240 94 19 latituden
901 240 63 19 kunde

222 274 77 19 komma
314 274 6 18 i
335 274 133 20 betraktande.

290 308 103 20 Utskottet
408 315 57 14 anser
479 310 63 18 likväl
557 310 53 19 detta
624 309 66 19 inkast
704 309 43 19 icke
762 315 47 13 vara
824 309 21 19 af
858 309 63 25 nägon
931 309 34 19 be-

222 342 83 25 tydelse.
335 342 47 20 Sant
404 346 27 22 är,
454 345 29 18 att
501 343 272 25 tillräknelighetsbegreppet
791 343 42 19 icke
851 343 36 19 har
902 343 63 25 någon

222 377 118 25 gemenskap
363 377 42 19 med
427 378 69 25 frägan
515 384 29 13 om
563 378 66 19 mättet
649 378 21 18 af
687 378 107 25 subjektets
813 377 58 20 skuld
886 377 36 20 och
937 380 28 17 att

223 410 100 26 uttrycket
345 426 5 10 ,
352 411 125 25 förminskad
500 412 168 25 tillräknelighet'*
692 412 81 20 sålunda
794 412 43 20 icke
860 415 21 16 är
899 412 66 25 exakt,

222 452 43 12 men
285 446 94 19 derunder
398 446 64 26 ligger
475 446 43 20 icke
533 447 54 19 desto
603 446 73 20 mindre
692 449 28 17 ett
734 447 50 19 reelt
799 446 165 20 sakförhållande.

223 479 42 20 Den
291 486 61 19 nyare
378 480 258 26 medicinsk-psykologiska
658 481 131 25 vetenskapen
812 481 35 20 har
869 481 96 25 nemligen

222 514 105 25 ojäfaktigt
342 514 104 26 ådagalagt
460 515 92 20 tillvaron
568 516 21 18 af
602 515 53 20 vissa
669 516 102 19 medfödda
783 516 48 19 eller
841 515 124 20 förvärfvade

222 548 166 26 själssjukdomar,
407 549 69 19 hvilka
491 552 53 22 yttra
559 550 31 25 sig
604 550 58 19 bland
677 552 59 17 annat
751 550 47 24 deri,
813 552 30 17 att
858 550 107 25 subjektets

223 582 53 20 kraft
294 585 29 17 att
341 584 71 18 motstå
429 584 142 25 sinnesintryck
589 587 22 16 är
630 584 7 19 i
652 584 39 25 hög
705 584 48 26 grad
768 584 77 20 nedsatt
859 584 48 20 eller
923 584 42 19 dess

222 616 184 26 omdömesförmåga
423 618 122 26 fördunklad,
564 621 46 17 utan
629 621 28 17 att
675 619 33 19 det
726 619 49 19 dock
791 622 49 16 ännu
856 618 38 20 kan
909 625 56 13 anses

222 650 149 26 otillräkneligt.
401 652 44 19 Men
469 652 100 20 enahanda
591 652 112 20 företeelser
726 653 65 19 kunna
806 653 58 19 äfven
879 653 44 19 visa
936 653 30 25 sig

223 685 35 19 hos
278 692 22 12 en
320 692 69 18 person
404 686 43 19 med
462 686 55 26 eljest
533 687 83 19 normalt
631 687 78 25 själslif,
724 690 35 16 när
774 687 192 25 föreställningarnes

220 720 183 25 jemvigtstillständ
422 720 67 20 blifvit
504 728 69 18 genom
592 721 60 19 affekt
667 721 48 19 eller
730 722 22 18 af
765 721 60 19 andra
840 721 80 19 orsaker
935 721 31 19 till

222 754 118 25 ytterlighet
357 755 88 19 rubbadt.
475 755 89 21 Emellan
579 756 36 19 den
630 756 86 19 normala
731 756 95 25 psykiska
837 756 82 19 friheten
931 756 35 19 och

223 788 34 20 det
274 789 22 19 af
312 790 225 25 naturnödvändigheten
556 790 77 20 bundna
647 790 106 26 själelifvet
767 790 102 20 förefinnas
885 790 81 20 sålunda

223 823 132 25 mångfaldiga
370 824 195 25 öfvergängsstadier.

291 858 30 18 De
336 858 30 19 för
380 858 77 27 brotten
471 861 73 17 utsatta
559 858 126 20 latitudinära
700 859 142 19 straffsatserna
852 862 33 16 äro
894 859 73 28 visser-

222 891 53 25 ligen
291 892 109 19 beräknade
416 895 29 16 att
459 893 34 19 vid
508 893 165 25 straffmätningen
688 893 63 19 lemna
765 900 42 12 rum
822 894 57 18 äfven
895 893 30 19 för
940 896 28 16 ett

224 926 109 20 beaktande
349 927 21 19 af
383 927 36 19 den
435 927 102 25 skyldiges
553 927 162 25 sinnestillständ;
731 934 41 12 men
788 927 70 19 härvid
873 927 38 19 kan
926 928 41 24 lag-

222 960 91 19 stiftaren
336 960 42 20 icke
401 961 67 20 alltför
485 962 79 24 mycket
582 961 85 25 aflägsna
683 962 30 24 sig
727 962 43 18 frän
785 962 113 18 menniskan
903 956 12 34 i
935 962 34 18 sitt

223 994 80 26 vanliga
324 994 95 26 tillstånd,
442 995 78 19 emedan
543 995 130 20 straffbudens
691 995 78 19 minima
787 995 24 19 dä
826 995 59 19 borde
900 996 68 19 ställas

223 1018 83 41 mycket
320 1029 52 25 läga,
391 1029 77 20 hvilket
487 1030 42 19 äter
547 1030 64 19 kunde
626 1029 100 20 föranleda
741 1032 28 16 ett
784 1030 67 19 alltför
865 1030 56 19 mildt
935 1030 31 19 be-

224 1064 93 19 dömande
332 1064 22 19 af
368 1064 23 19 de
405 1064 81 25 vanliga
501 1064 65 20 fallen.
596 1064 36 19 Att
646 1064 42 20 &ter
703 1064 30 19 för
747 1064 61 25 nägra
823 1065 52 18 brott
891 1071 22 13 en
929 1067 39 17 sär-

223 1098 53 19 skild
287 1098 190 19 straffbestämmelse
486 1098 60 20 finnes
555 1099 30 19 för
593 1098 138 26 ,,synnerligen
741 1098 136 20 förmildrande
885 1101 83 17 omstän-

224 1132 104 25 digheter''
348 1132 56 19 beror
423 1132 24 26 pä
461 1132 128 25 synpunkter,
604 1138 40 14 som
660 1133 30 19 stä
705 1133 6 19 i
727 1132 137 26 sammanhang
879 1132 43 20 med
937 1133 32 19 det

224 1166 98 19 särskilda
340 1166 83 20 brottets
443 1169 62 17 natur.
535 1167 97 19 Behofvet
650 1167 21 19 af
689 1169 28 17 ett
735 1168 22 18 sä
773 1167 108 19 beskaffadt
896 1167 72 19 undan-

224 1200 158 25 tagsstadgande,
400 1207 40 13 som
459 1202 12 18 4
489 1201 13 25 &
521 1202 86 24 innebär,
623 1208 58 18 synes
697 1201 81 19 sålunda
791 1201 44 19 icke
850 1202 65 18 kunna
930 1202 38 18 för-

224 1234 66 19 nekas.

292 1267 36 19 Uti
347 1266 12 20 2
377 1274 56 12 mom.
451 1268 22 19 af
487 1268 12 18 4
514 1268 13 26 &
541 1269 122 20 bestämmes,
679 1271 28 16 att
721 1275 34 12 rus
771 1268 48 20 eller
834 1275 62 13 annan
913 1269 56 25 dylik

223 1301 178 25 sinnesförvirring,
418 1301 80 19 hvilken
513 1302 174 25 gerningsmannen
703 1302 46 25 sjelf
763 1302 76 26 ädragit
854 1302 36 26 sig,
907 1303 16 25 ej
939 1303 30 19 mä

224 1335 64 20 allena
303 1338 70 23 utgöra
387 1336 44 19 skäl
446 1336 31 19 till
492 1336 185 26 straffnedsättning.
706 1336 10 20 I
732 1337 102 19 Utskottet
849 1337 36 19 bar
899 1337 70 26 yrkats

224 1373 30 17 att
272 1370 45 20 hela
335 1377 55 13 mom.
406 1370 59 21 borde
480 1371 53 25 utgå,
550 1371 78 20 emedan
644 1371 53 21 detta
712 1372 99 25 undantag
825 1372 44 20 från
884 1371 36 21 den
935 1372 5 19 i
958 1372 8 19 1

224 1412 56 13 mom.
295 1405 104 26 uppstälda
413 1406 127 26 grundsatsen
559 1406 56 20 ledde
630 1406 31 19 till
675 1407 114 25 betänkliga
799 1407 169 26 inkonsegvenser.

224 1440 32 26 Ty
274 1440 67 19 medan
356 1446 33 13 rus
405 1440 48 20 eller
468 1442 57 18 annat
541 1440 66 26 dylikt
621 1441 159 26 sinnestillständ,
796 1448 29 13 om
841 1442 33 19 det
888 1442 82 26 uppnätt

291 1473 174 23 Siraflagsutskottets
476 1474 103 18 betänkande
591 1475 34 17 N:o
638 1476 15 15 1.
