1017 1698
303 139 64 25 Ständ.
383 141 31 23 $v.
430 154 25 2 —
471 140 54 30 Prop.
541 141 32 23 N:o
587 142 15 22 1.
760 143 39 21 157

76 205 56 23 bruk
154 205 23 22 af
193 206 109 27 handling,
321 212 46 15 som
381 206 42 22 han
437 207 65 22 visste
516 213 51 16 vara
582 207 65 26 falsk;
669 208 65 21 varde
749 207 80 22 ansedd

78 240 30 26 sä,
124 245 45 16 som
184 239 55 22 hade
253 240 43 21 han
311 240 49 27 sjelf
373 240 75 27 begätt
462 241 173 27 förfalskningen.

145 275 12 20 7
173 274 20 26 8.
222 274 46 21 Har
283 274 76 27 någon,
377 275 34 20 för
433 276 31 20 att
478 275 79 21 bereda
572 275 32 27 sig
618 275 52 21 eller
684 281 71 15 annan
769 277 59 24 nytta

75 307 52 22 eller
142 308 68 21 skada
228 314 78 20 annan,
325 307 132 28 uppsätligen
475 309 97 21 vilseledt
587 309 47 26 den,
649 309 85 20 hvilken
749 309 81 26 äligger

75 341 46 22 föra
136 341 118 27 kyrkobok,
275 341 229 28 mantalsförteckning,
524 342 52 21 eller
594 349 69 15 annan
679 342 57 27 dylik
751 342 77 22 allmän

74 375 108 28 handling,
198 375 40 22 och
253 375 90 22 sålunda
357 376 107 21 föranledt
473 377 76 26 oriktig
559 376 128 27 anteckning
697 377 54 26 deri;
767 377 61 21 straf-

74 409 32 23 fes
120 410 48 21 med
183 410 89 21 tukthus
288 411 7 20 i
310 411 61 26 högst
386 411 47 26 fyra
448 411 24 21 år
488 411 39 21 och
542 411 77 21 förlust
634 411 23 22 af
663 411 166 27 medborgerligt

74 443 129 28 förtroende,
218 444 58 27 eller,
297 444 38 21 der
354 445 208 26 omständigheterna
577 447 36 19 äro
633 445 133 27 synnerligen
783 445 46 22 mil-

74 478 88 26 drande,
177 478 48 21 med
240 478 94 27 fängelse
349 479 8 21 i
371 479 62 26 högst
448 479 36 21 två
499 480 23 21 år
538 479 53 22 eller
600 479 62 21 böter
672 479 18 27 ej
700 479 68 21 under
777 479 51 22 fem-

73 513 30 20 tio
126 512 68 21 mark.
224 511 79 29 Gjorde
324 513 42 21 han
386 513 56 21 bruk
461 513 23 22 af
502 513 40 22 den
557 513 92 27 oriktiga
663 514 165 26 anteckningen;

73 552 50 16 vare
138 545 83 23 straffet
238 547 89 21 tukthus
345 547 46 22 från
411 547 40 22 och
465 548 49 21 med
528 548 36 21 två
579 547 33 22 till
628 547 39 22 och
681 548 49 21 med
745 547 45 22 åtta
805 547 24 22 år

74 581 39 22 och
128 581 78 22 förlust
220 581 23 22 af
256 581 166 28 medborgerligt
436 581 130 22 förtroende.

142 615 90 28 Begicks
247 615 82 22 brottet
343 617 52 20 utan
411 616 66 22 sådan
492 616 75 27 afsigt;
582 622 51 16 vare
643 615 82 23 straffet
735 616 93 27 fängelse

72 651 8 20 i
95 650 63 27 högst
173 651 31 20 ett
219 650 24 21 år
257 650 54 21 eller
326 650 67 21 böter.

142 683 44 22 Gör
201 690 69 15 annan
286 684 7 21 i
309 684 70 27 afsigt,
394 690 45 16 som
454 685 7 20 i
479 685 10 21 1
505 691 62 15 mom.
586 687 55 24 sägs,
656 684 55 21 bruk
726 685 23 20 af
762 684 66 22 sådan

74 719 78 26 oriktig
168 718 134 27 anteckning;
321 719 65 21 varde
401 719 80 21 ansedd
497 719 28 27 så,
541 725 46 16 som
601 719 55 21 hade
671 719 42 21 han
729 719 48 27 sjelf
785 719 43 21 för-

73 752 73 22 anledt
160 752 161 27 anteckningen.

142 786 13 21 8
171 786 20 27 &.
220 786 61 21 Hvad
305 786 62 22 ofvan
389 787 8 20 i
419 787 59 21 detta
499 787 80 27 kapitel
601 787 92 26 stadgas,
715 787 55 26 gälle
788 787 40 22 ock

73 821 108 26 handling,
197 827 45 15 som
257 823 24 18 är
296 820 93 22 skrifven
404 821 54 21 eller
473 821 93 27 utgifven
582 821 7 21 i
604 822 66 20 annat
684 821 57 21 land.

142 855 14 21 9
171 854 17 28 8.
218 855 54 26 Den,
288 861 51 21 som,
355 855 34 21 för
403 857 31 19 att
449 855 78 22 bereda
542 856 32 26 sig
589 855 52 21 eller
648 862 70 14 annan
728 856 60 26 nytta
798 855 30 21 el-

73 890 32 21 ler
119 889 67 22 skada
201 896 76 20 annan,
292 890 134 27 uppsåtligen
445 890 116 27 borttager,
576 889 86 27 förstör,
678 890 86 26 rubbar,
779 889 49 28 flyt-

73 927 35 18 tar
122 924 52 21 eller
188 923 125 28 falskeligen
331 925 68 20 sätter
414 924 24 21 rå
456 924 52 22 eller
523 926 41 24 rör,
581 924 52 21 eller
647 924 72 21 märke
734 924 34 21 för
782 926 46 20 vat-

73 958 94 27 tenhöjd,
188 958 50 22 eller
258 960 65 20 annat
342 958 103 22 likartadt
459 958 80 27 märke,
555 957 84 23 straffes
653 958 49 22 med
716 958 89 22 tukthus
821 959 7 21 i

73 992 64 26 högst
151 992 47 27 fyra
212 992 24 21 år
252 992 38 22 och
307 992 78 22 förlust
402 992 23 22 af
445 992 165 28 medborgerligt
625 992 128 27 förtroende,
769 993 57 26 eller,

74 1026 38 22 der
127 1026 207 27 omständigheterna
349 1028 37 20 äro
399 1027 133 26 synnerligen
543 1026 122 26 mildrande,
677 1026 48 21 med
735 1026 92 27 fängelse

74 1060 18 26 ej
109 1060 59 21 öfver
182 1060 36 21 två
236 1060 29 21 år.

142 1093 89 27 Begicks
247 1094 127 27 handlingen
389 1095 52 21 utan
460 1094 65 22 sådan
545 1094 69 27 afsigt,
631 1100 45 15 som
691 1094 63 21 ofvan
769 1096 59 25 sägs;

73 1133 51 16 vare
139 1127 83 23 straffet
236 1128 95 27 fängelse
351 1129 7 21 i
375 1129 62 26 högst
453 1134 36 16 sex
504 1128 102 22 månader
621 1128 51 22 eller
686 1128 62 21 böter
762 1128 19 26 ej
797 1128 31 21 öf-

74 1168 38 16 ver
126 1162 127 22 femhundra
267 1162 67 22 mark.

144 1197 28 22 10
186 1196 17 28 8.
233 1197 64 27 Hvar,
313 1203 52 21 som,
380 1197 34 22 för
428 1199 33 20 att
475 1197 80 22 bereda
570 1197 32 27 sig
617 1197 52 22 eller
683 1203 70 15 annan
768 1198 60 25 nytta

76 1232 51 21 eller
142 1231 67 22 skada
223 1238 78 20 annan,

145 1267 19 19 1.
193 1265 93 27 eftergör
301 1265 52 22 eller
368 1265 115 22 förfalskar
497 1265 177 27 stämpelpapper,
683 1265 146 27 stämpelmär-

74 1299 35 26 ke,
124 1299 156 27 postfrimärke,
296 1295 179 36 stämpelaftryck,
490 1295 138 36 tullstämpel,
644 1299 52 22 eller
711 1301 65 20 annat
790 1299 38 21 all-

74 1335 60 19 mänt
148 1333 230 26 beskattningsmärke;

144 1367 20 20 2.
194 1365 13 22 å
222 1366 59 26 mått,
297 1367 44 26 vigt
356 1366 52 21 eller
422 1365 200 28 vägningsredskap,
638 1366 52 21 eller
705 1365 13 21 &
732 1372 51 15 vara
790 1365 40 22 fal-

76 1400 95 27 skeligen
186 1399 114 28 anbringar
314 1400 51 21 eller
379 1399 116 22 förfalskar
511 1400 92 22 kronans
621 1400 89 27 stämpel
725 1400 51 21 eller
791 1406 37 15 an-

75 1436 39 21 nat
128 1435 88 22 allmänt
232 1434 78 28 märke,
326 1441 45 16 som
386 1435 69 27 tjenar
469 1435 33 21 till
517 1435 59 21 bevis
592 1440 34 16 om
640 1435 61 27 mätt,
715 1435 51 27 vigt,
780 1437 49 25 väg-
