1020 1706
172 150 42 23 124

211 212 133 24 Förgiftning,
358 214 59 17 äfven
429 219 31 12 om
473 213 59 18 skada
545 214 17 22 ej
575 213 50 23 följt.

213 242 124 18 Barnamord.

212 270 144 18 Fördrifvande
368 272 21 16 af
400 270 83 22 qvinnas
494 270 60 18 foster
567 271 46 17 utan
625 270 73 17 hennes
710 269 53 23 vilja.

213 299 129 18 Bortförande
362 300 22 16 af
404 299 46 17 barn
470 300 61 17 under
549 299 75 18 femton
642 299 21 17 år
680 298 32 18 för
726 298 125 23 egennyttigt
862 300 25 15 än

146 328 69 18 damäl.

214 357 96 23 Väldtögt.

213 385 119 23 Enlevering
344 386 22 16 af
376 386 79 22 gvinna,
467 391 42 12 som
521 386 38 23 fylt
571 386 74 17 femton
657 386 27 16 är.

214 414 71 23 Tredje
297 414 76 23 gängen
386 414 47 24 grof
443 414 56 18 stöld.

214 442 59 18 Grroft
284 443 40 17 rän.

213 471 146 24 Yrkesmässigt
372 472 91 23 döljande
475 472 22 17 af
501 472 99 26 tjufgods.

213 499 129 24 Uppsätligen
362 500 101 24 begångna
479 501 82 17 allmänt
577 500 71 23 farliga
667 501 61 17 brott:
747 500 19 23 a)
779 500 118 18 mordbrand

145 528 21 23 b)
176 527 142 20 framkallande
330 528 22 18 af
366 529 166 24 öfversvämning,
545 531 17 21 c)
576 529 30 18 d:o
618 529 22 17 af
653 529 142 23 jernvägsfara,
808 529 19 22 d)
839 529 30 18 d:o
875 523 25 23 af

146 557 77 22 fartygs
239 557 109 23 sjunkande
366 557 47 18 eller
431 558 120 23 strandning,
563 559 17 22 e)
598 558 30 17 d:o
644 558 22 17 af
681 558 43 17 fara
741 557 31 18 för
784 557 114 23 sjöfarande

148 591 71 17 genom
230 585 138 19 förderfvande
380 587 22 17 af
412 586 110 24 sjömärken
534 587 17 23 f)
563 586 119 24 förgiftande
696 587 21 17 af
730 586 63 18 brunn
800 586 49 18 eller
856 587 41 18 vat-

149 614 115 23 tenledning
276 615 48 18 eller
336 615 22 17 af
368 621 51 16 vara,
432 621 42 12 som
486 615 62 18 hälles
560 616 31 17 till
603 615 48 18 salu.

214 643 141 24 Förfalskning
372 644 18 22 a)
409 644 22 17 af
447 644 84 18 dombok
547 645 48 17 eller
607 643 184 24 hufvudprotokoll,
804 649 32 12 om
849 643 49 18 bruk

148 672 57 17 deraf
220 672 79 23 gjordes
316 673 20 22 b)
354 672 58 18 äfven
430 673 6 17 i
454 672 60 18 andra
531 673 36 18 fall
585 678 31 12 om
634 673 72 17 brottet
724 673 75 22 begätts
818 673 23 17 af
851 673 48 22 tjen-

148 701 76 17 steman
236 700 7 17 i
255 701 84 22 tjensten
351 700 52 23 (40:2,
416 701 23 22 6).

216 728 113 24 Uppsätligt
347 729 140 18 föranledande
507 729 22 18 af
546 730 72 23 oriktig
636 729 119 24 anteckning
773 729 6 17 i
798 729 102 23 kyrkobok

149 757 47 18 eller
208 763 64 12 annan
284 757 54 23 dylik
351 757 100 24 handling,
464 764 31 12 om
508 758 50 18 bruk
569 759 58 17 deraf
637 758 84 23 gjordes.

216 785 197 24 Myntförfalskning,
425 787 82 18 förenad
519 787 44 18 med
576 787 133 23 utprängling.
719 805 3 4 ,

216 814 112 24 Uppsätligt
346 815 86 18 fällande
450 815 22 18 af
488 817 50 16 orätt
550 816 50 21 dom,
613 821 31 12 om
656 815 65 23 någon
733 815 114 24 derigenom
860 815 42 18 blef

151 843 101 24 oskyldigt
264 843 45 18 eller
320 843 32 18 för
364 844 58 17 härdt
433 844 64 18 dömd.

218 872 115 24 Delaktighet
344 873 7 17 i
364 873 56 18 dessa
432 873 132 23 förbrytelser.

218 901 70 18 Försök
299 901 38 19 till:
350 901 61 22 mord,
424 901 102 24 viljadräp,
537 901 64 24 fjerde
613 907 57 12 resan
683 901 57 22 stöld,
753 901 105 18 iterreradt
866 901 35 18 rän

152 929 48 18 eller
211 929 131 24 utpressning,
355 930 120 18 mordbrand
486 930 34 18 vid
532 931 73 17 allmän
617 930 48 18 fara.

152 1041 124 44 Öfversigt
296 1047 29 30 af
342 1046 95 32 sådana
459 1047 118 38 brottmål,
598 1057 56 21 som
678 1047 73 40 enligt
763 1048 137 31 Utskottets

218 1095 96 38 förslag
336 1095 101 30 komme
449 1099 40 32 att,
502 1096 94 30 utöfver
607 1096 31 29 de
650 1095 71 31 ofvan
734 1095 166 40 uppräknade,

220 1142 160 31 underställas
396 1142 106 31 Hofrätts
524 1143 120 40 pröfning,
667 1143 45 31 ifall
737 1143 74 30 straff
829 1142 73 31 blifvit

220 1189 109 32 ådömdt,

220 1265 142 22 Oqvalificerad
374 1265 78 22 mened.

220 1293 95 22 Tvegifte.

218 1320 144 20 Fördrifvande
379 1321 23 18 af
418 1321 83 24 gvinnas
518 1323 61 17 foster
596 1321 45 19 med
657 1321 74 20 hennes
743 1321 48 24 vilja
803 1323 52 17 emot
868 1327 33 14 ve-

149 1349 128 25 dergällning.

218 1378 82 19 Annans
312 1379 115 23 fängslande
439 1379 48 18 eller
498 1379 132 24 inspärrande,
642 1385 32 12 om
685 1379 95 20 frihetens
789 1380 73 18 förlust
867 1385 35 14 va-

151 1409 31 17 rat
192 1409 23 16 ut
226 1407 57 18 öfver
295 1407 22 18 30
329 1408 65 23 dagar.

218 1435 71 24 Tredje
301 1437 78 23 gängen
392 1436 138 23 ogvalificerad
543 1437 57 18 stöld.

223 1465 70 23 Tredje
305 1465 78 24 gängen
394 1465 79 18 inbrott.
