1003 1700
182 147 13 20 2
366 147 68 21 Ständ.
450 148 33 20 Sv.
499 159 27 3 -—
542 148 59 26 Prop.
617 147 35 21 N:o
666 147 21 21 9.

152 208 14 20 3
180 208 103 21 Februari
304 208 62 26 1868,
384 209 6 20 i
408 209 41 20 den
470 209 34 21 del
524 210 120 20 detsamma
662 209 68 27 angår
749 210 150 26 upphörandet

154 241 22 21 af
188 242 130 27 rättigheten
334 243 31 20 att
379 242 98 27 uppbära
491 243 94 21 inkomst
595 243 29 26 på
634 242 191 28 indragningsstat,
837 243 65 28 enligt

154 277 33 20 sin
202 275 133 28 ordalydelse
351 276 47 21 icke
412 282 51 21 eger
477 276 147 27 tillämplighet
639 277 29 26 på
683 277 35 22 det
735 276 42 27 fall,
794 277 28 22 då
834 277 68 22 entle-

154 310 63 27 digad
235 310 72 22 officer
325 311 47 21 åter
390 311 91 20 inkallas
501 311 29 21 till
551 311 140 27 tjenstgöring
709 311 36 21 vid
764 311 41 22 den
823 317 78 21 genom

152 345 201 27 Värnepligtslagen
371 344 24 22 af
407 345 42 21 den
464 345 26 21 27
507 345 118 22 December
648 345 54 22 1878
726 345 84 22 införda
832 350 70 17 reser-

152 385 48 21 ven,
219 379 67 21 ehuru
308 378 164 28 förordningens
488 379 87 28 mening
595 379 94 28 tydligen
705 385 64 22 synes
785 385 53 16 vara
853 379 49 27 den,

153 415 31 19 att
200 413 78 27 officer,
294 419 48 16 som
357 414 28 27 på
400 413 68 28 grund
484 413 23 22 af
520 414 66 27 sagde
601 413 12 28 $
628 413 84 28 uppbär
726 413 94 22 inkomst
830 414 29 27 på
869 413 33 22 in-

154 447 165 28 dragningsstat,
339 449 24 20 är
379 447 81 28 skyldig
478 450 37 25 att,
532 448 49 21 med
596 447 111 22 afstående
722 447 50 22 från
787 448 68 27 sagda
870 448 33 21 in-

152 482 78 25 komst,
246 483 28 26 på
288 482 88 21 kallelse
386 482 93 21 tillträda
490 488 73 15 annan
575 481 90 22 likartad
676 482 42 21 och
735 482 41 22 den
786 482 58 22 förra
855 482 49 22 icke

153 516 151 21 underordnad
325 517 70 27 tjenst,
414 519 51 18 utan
485 516 102 22 afseende
602 517 67 26 derpå
684 523 36 14 om
737 516 127 22 densamma
879 518 24 19 är

153 551 94 21 inrättad
264 551 36 21 vid
319 556 100 16 reserven
438 551 51 22 eller
508 551 35 21 vid
559 551 58 21 aktiv
631 553 70 25 trupp,
718 551 39 21 har
772 551 66 21 Eders
852 550 51 28 Kej-

153 586 77 26 serliga
250 584 105 28 Majestät,
376 584 33 22 för
423 585 180 27 undanrödjande
619 584 23 22 af
654 584 145 23 omförmälda
814 587 88 25 oegent-

153 620 70 26 lighet,
240 620 6 20 i
261 620 66 27 nådig
345 619 136 28 proposition
498 620 30 21 till
544 619 132 22 Ständernas
691 618 100 29 pröfning
806 620 42 20 och
864 626 38 14 an-

153 654 94 27 tagande
262 653 141 22 öfverlemnat
417 654 80 27 förslag
511 653 31 22 till
557 653 131 28 förordning,
705 653 148 22 innefattande
868 653 35 22 så-

154 688 43 21 dan
218 688 83 22 ändrad
323 688 80 27 lydelse
421 688 24 21 af
462 688 166 28 ifrågavarande
647 688 126 28 stadgande,
790 689 30 20 att
836 688 68 21 orden

154 723 44 26 »till
213 723 58 21 aktiv
286 723 154 27 tjenstgöring'*
457 723 4 20 i
479 729 76 16 senare
571 723 63 21 delen
648 723 24 20 af
682 722 46 28 8:ns
738 723 59 20 förra
807 724 97 20 moment

154 757 66 22 skulle
235 757 87 27 utbytas
337 759 46 19 mot
398 757 66 21 orden
473 753 12 35 ,,
488 757 36 26 till
540 757 80 21 militär
635 757 166 27 tjenstgöring
779 753 25 35 *.

221 791 41 21 Vid
284 791 157 27 behandlingen
461 791 24 21 af
501 791 41 22 den
561 791 79 27 nädiga
657 791 166 28 propositionen
839 791 65 21 hafva

153 825 127 26 Ständerna,
299 831 48 16 som
365 825 62 22 äfven
442 825 33 22 för
495 826 32 21 sin
543 825 36 22 del
594 831 59 20 anse,
669 827 31 19 att
716 825 126 22 förberörda
859 825 45 26 lag-

154 859 119 28 stadgande
288 859 66 28 enligt
368 859 164 27 förordningens
547 859 143 27 andemening
705 859 40 21 bör
761 865 40 21 ega
811 859 93 26 tillämp-

153 894 52 27 ning
226 894 14 21 &
262 893 229 28 tjensteförhällanden
513 893 60 23 säväl
594 893 36 22 vid
648 893 26 22 de
692 893 73 22 aktiva
787 895 118 25 trupperna

154 935 48 14 som
217 928 36 21 vid
268 933 107 22 reserven,
391 928 96 27 godkänt
508 927 102 28 förslaget
627 927 29 21 till
672 927 41 22 den
729 927 95 22 ändrade
840 927 66 28 lydel-

153 969 45 20 sen,
214 962 56 22 dock
285 964 32 20 att
331 962 121 22 Ständerna
472 962 95 22 förutom
585 962 67 27 nägra
667 961 70 22 andra
752 961 116 27 ändringar
884 961 23 21 af

153 997 84 22 mindre
258 997 110 28 betydelse
383 997 89 28 vidtagit
490 997 49 27 den,
556 999 31 19 att
603 996 67 22 orden
685 995 68 28 ,efter
767 995 138 22 utfärdandet

154 1031 22 22 af
193 1032 71 21 denna
284 1031 139 28 förordning'
443 1031 82 29 utbytts
545 1033 59 20 emot
625 1030 67 27 ,efter
712 1031 41 22 den
773 1031 13 21 3
802 1030 103 22 Februari

154 1066 75 26 1868,
248 1066 30 21 till
296 1065 157 28 förtydligande
468 1065 62 23 deraf
543 1067 32 20 att
590 1064 160 28 förordningen,
767 1065 73 21 såsom
856 1064 48 21 icke

153 1100 148 22 innebärande
316 1100 67 26 något
398 1102 46 25 nytt
461 1100 5 20 i
485 1100 45 27 sak,
549 1100 40 20 bör
608 1100 107 27 tillämpas
731 1100 80 26 jemväl
829 1100 28 26 pä
878 1099 27 21 de

152 1134 95 22 embets-
265 1134 41 22 och
326 1134 135 28 tjenstemän,
482 1134 73 22 hvilka
579 1134 30 21 till
632 1134 48 21 sina
702 1133 146 27 befattningar
871 1135 33 20 ut-

153 1170 87 20 nämnts
255 1168 91 27 tidigare
361 1171 29 19 än
405 1169 144 27 ändringarne
568 1168 63 21 träda
646 1169 7 20 i
668 1167 99 28 gällande
782 1167 62 22 kraft.

221 1213 122 22 Ständerna
357 1214 22 21 fä
394 1214 28 27 pä
437 1214 68 27 grund
520 1213 66 22 häraf
599 1213 155 27 underdänigst
771 1213 95 21 anmäla:

359 1265 33 20 att
405 1263 126 22 Ständerna
547 1264 35 27 för
597 1263 35 22 sin
646 1263 34 21 del
694 1263 87 28 antagit
789 1269 28 15 en
832 1263 24 21 sä
871 1263 33 26 ly-

290 1297 70 22 dande
