1028 1711
352 135 23 20 U.
390 135 22 20 B.
427 146 27 3 —
469 135 57 25 Prop.
541 134 37 20 N:o
593 135 14 19 1.
799 134 23 20 19

175 198 12 20 2
202 197 19 30 &.
252 197 63 26 Hvar,
331 204 51 20 som,
398 198 6 19 i
420 198 84 26 uppsåt:

176 233 18 20 1.
211 235 30 17 att
256 232 88 20 beröfva
359 232 100 26 Kejsaren
475 233 38 19 och
531 231 125 20 Storfursten
668 231 98 25 friheten,
778 231 74 25 bringa

105 267 78 20 honom
206 267 7 19 i
235 266 80 20 fiendes
337 266 56 24 våld,
414 266 115 19 fränhända
548 266 76 19 honom
647 265 131 26 regeringen,
801 264 53 21 eller

105 303 55 23 göra
175 300 76 20 honom
270 300 30 19 till
318 300 94 26 utöfning
429 300 60 19 deraf
503 300 130 26 oförmögen;

178 335 18 19 2.
213 336 30 18 att
258 334 64 26 lägga
337 334 89 20 Finland
443 334 50 20 eller
509 335 66 25 nägon
593 333 33 20 del
643 333 65 25 deraf,
725 333 52 20 eller
792 332 60 28 ryskt

104 369 88 20 omräde
216 369 65 19 under
303 368 128 20 främmande
453 371 57 23 magt
525 369 51 19 eller
591 368 68 26 nägon
676 368 33 20 del
725 368 24 20 af
761 368 89 20 Finland

106 404 45 20 från
168 403 161 27 Kejsaredömet
343 402 103 26 Ryssland
463 403 107 25 lösrycka;
587 402 51 20 eller

175 438 19 20 3.
225 440 31 18 att
275 437 104 27 olagligen
401 437 106 27 upphäfva
527 437 50 20 eller
593 437 65 19 ändra
674 437 101 20 Finlands
791 440 60 18 stats-

106 473 61 21 skick
184 472 51 20 eller
251 472 54 20 finsk
321 472 109 26 grundlag,
446 472 52 19 eller
513 472 134 20 statsskicket
662 472 7 19 i
681 472 112 26 Ryssland,
803 472 52 20 eller

107 510 31 18 att
154 508 63 25 bryta
232 507 101 20 Finlands
349 506 95 27 förening
456 507 46 19 med
511 506 163 27 Kejsaredömet,
684 507 51 20 eller
746 509 30 17 att
786 507 66 20 rubba

107 543 40 19 den
164 542 111 19 faststälda
291 541 115 26 ordningen
424 542 31 18 för
471 541 133 26 tronföljden,

176 575 65 26 begår
269 575 107 25 handling,
399 581 43 14 som
469 575 111 19 innefattar
602 575 107 25 uppsätets
735 575 120 20 fullbordan

108 610 53 20 eller
176 609 71 21 försök
264 609 76 26 dertill,
356 609 81 20 straffes
458 609 31 20 för
505 609 142 25 högförräderi
664 609 47 20 med
728 609 86 20 tukthus
830 610 27 25 på

108 644 66 20 lifetid
192 643 51 22 eller
258 644 45 19 från
320 643 38 20 och
376 643 45 20 med
439 644 43 19 åtta
497 643 31 20 till
545 644 38 19 och
600 643 46 20 med
663 644 39 19 tolf
717 644 27 19 är.

178 679 12 20 3
205 677 19 29 &.
255 678 69 20 Hafva
347 678 35 19 två
405 678 50 19 eller
477 678 49 20 flere
543 678 74 20 aftalat
632 680 30 17 att
678 678 53 27 begå
747 678 108 26 högförrä-

107 714 57 25 deri;
180 713 82 20 straffes
279 719 24 14 en
320 713 52 19 hvar
387 713 22 19 af
424 713 45 20 dem
486 713 31 19 för
533 713 63 20 sådan
613 713 111 26 stämpling
743 713 46 20 med
801 714 55 20 tukt-

107 749 39 19 hus
163 748 52 20 eller
231 747 95 27 fängelse
342 747 45 20 från
403 747 39 20 och
459 747 45 21 med
521 750 30 17 ett
567 748 30 19 till
615 748 39 20 och
671 749 46 18 med
733 749 45 20 åtta
795 749 29 20 år.

177 784 12 18 4
205 785 17 22 &.
253 782 52 25 Den,
329 789 52 18 som,
403 782 7 19 i
433 782 62 26 afsigt
511 784 30 18 att
557 783 53 26 begå
625 783 151 26 högförräderi,
792 786 64 17 sätter

109 818 31 26 sig
159 817 7 19 i
186 816 129 21 förbindelse
336 817 47 19 med
399 817 128 20 främmande
543 817 101 26 regering,
661 817 51 20 eller
729 818 126 19 missbrukar

109 852 41 19 den
174 851 211 26 embetsmyndighet,
407 857 44 13 som
474 854 22 16 är
517 851 75 19 honom
609 851 129 26 anförtrodd,
755 853 51 19 eller
822 859 34 13 an-

109 885 79 21 skaffar
204 892 67 20 vapen
288 885 51 20 eller
355 886 107 26 manskap,
479 886 51 20 eller
545 886 104 26 företager
665 892 69 14 annan
749 887 105 20 såbeskaf-

110 920 35 20 fad
163 919 143 21 förberedelse
322 920 107 26 handling,
445 920 82 20 straffes
543 920 46 20 med
605 921 84 19 tukthus
701 921 50 20 eller
764 921 93 27 fängelse

110 955 46 19 från
181 954 38 20 och
242 954 46 20 med
305 956 29 18 ett
353 954 32 21 till
401 954 38 20 och
456 955 45 19 med
519 956 42 18 åtta
577 954 27 20 år.
636 955 66 19 Sällar
718 956 32 26 sig
766 956 68 26 någon
850 957 7 19 i

111 988 61 28 dylik
196 989 63 26 afsigt
281 988 32 20 till
339 990 74 19 sådant
436 990 111 26 manskap;
567 990 71 20 dömes
658 990 30 19 till
706 990 86 20 tukthus
807 991 51 20 eller

111 1024 95 26 fängelse
221 1024 5 19 i
244 1024 61 27 högst
321 1024 36 20 två
372 1025 28 19 år.

182 1057 46 30 58.
259 1058 58 20 Hvad
341 1059 6 19 i
371 1060 12 19 2
407 1058 11 29 &
442 1060 12 18 4
476 1060 47 25 kap.
540 1063 21 16 är
578 1059 97 26 städgadt
691 1065 32 13 om
741 1060 68 19 försök
826 1060 32 20 till

111 1094 64 25 brott,
196 1093 52 20 skall
269 1093 40 20 ock
331 1093 104 27 tillämpas
456 1095 11 18 &
483 1094 69 20 försök
570 1093 30 20 till
616 1094 144 26 högförräderi
776 1097 53 17 samt
845 1094 12 20 &

112 1128 144 20 förberedelse
273 1128 76 19 dertill.

183 1162 11 19 6
211 1163 17 23 $.
258 1162 54 25 Den,
335 1168 43 13 som
395 1163 54 25 gjort
465 1163 31 25 sig
512 1162 84 26 skyldig
612 1162 32 18 till
660 1162 61 20 straff
735 1163 52 19 efter
802 1163 58 20 detta

113 1196 88 26 kapitel,
217 1196 54 19 skall
289 1196 46 26 ock,
352 1199 36 16 när
400 1197 87 19 brottets
498 1196 144 19 beskaffenhet
652 1196 68 20 dertill
733 1196 125 25 föranleder,

114 1231 73 19 dömas
203 1230 97 27 förlustig
315 1230 163 26 medborgerlig!
494 1230 125 20 förtroende.

436 1291 28 20 12
477 1292 67 22 Kap.

160 1328 33 21 Om
211 1327 159 22 landsförräderi
386 1328 37 21 och
439 1328 64 21 andra
517 1328 53 21 brott
586 1327 52 21 emot
655 1327 95 21 Finlands
765 1328 51 20 eller

378 1361 109 26 Rysslands
503 1360 100 21 säkerhet.

188 1402 6 18 1
214 1400 21 26 8.
265 1400 64 20 Finsk
345 1406 54 19 man,
414 1407 44 13 som
475 1401 5 19 i
497 1400 128 20 främmande
640 1400 61 20 lands
718 1402 62 25 tjenst
796 1400 66 21 under

116 1435 48 26 krig
185 1435 37 19 bär
242 1441 67 19 vapen
327 1437 54 17 emot
396 1434 95 25 Finland,
508 1433 102 26 Ryssland
627 1433 51 20 eller
693 1433 167 21 bundsförvandt
