995 1700
214 137 13 21 2
411 136 65 24 Ständ.
491 136 30 24 $v.
537 149 27 3 —
579 136 54 30 Prop.
649 136 30 24 N:o
695 136 19 24 6.

187 203 35 27 dig
237 203 129 27 proposition
386 208 34 16 om
436 202 65 22 sådan
516 202 89 28 ändring
620 202 23 22 af
656 202 11 28 $
682 203 28 21 44
724 204 8 20 i
746 202 99 28 gällande
860 202 74 28 sjölag,

187 238 32 20 att
240 236 149 28 sjöförklaring
410 236 56 28 finge
486 236 88 28 afgifvas
592 237 77 27 jemväl
683 237 33 21 till
731 237 149 27 ordningsrätt,
896 237 39 21 har

186 271 68 22 Eders
276 271 117 28 Kejserliga
416 271 105 28 Majestät,
540 272 49 21 med
607 271 60 22 bifall
682 271 32 22 till
729 271 90 22 berörda
835 271 99 22 anhållan

187 306 39 22 och
242 307 51 20 enär
308 306 40 21 den
364 306 22 22 af
400 305 117 23 Ständerna
531 306 95 28 begärda
641 306 116 28 ändringen
772 306 23 21 af
808 305 11 28 8
835 306 28 22 44
876 307 6 21 i
894 306 40 27 sjö-

186 341 64 27 lagen
269 341 61 22 äfven
351 341 96 27 påkallar
467 348 25 14 en
507 341 88 27 ändring
610 341 23 21 af
647 340 10 28 $
672 342 29 21 45
715 342 7 21 i
737 347 80 16 samma
832 342 41 26 lag,
889 340 48 22 låtit

187 376 96 26 uppgöra
301 376 40 20 och
361 376 6 20 i
387 376 63 26 nådig
464 376 131 26 proposition
611 375 33 21 för
659 382 28 15 nu
703 376 127 21 församlade
846 375 90 22 Ständer

188 409 117 27 framlägga
324 411 30 20 ett
373 409 80 28 förslag
467 410 33 20 till
514 410 123 26 förordning
652 410 109 27 angående
775 410 115 21 förändrad
904 409 32 27 ly-

188 443 58 22 delse
260 443 23 22 af
296 443 23 28 $$
333 443 29 22 44
377 444 39 22 och
430 444 28 21 45
473 444 7 21 i
496 444 94 27 sjölagen
605 443 24 22 af
643 444 41 22 den
699 444 12 21 9
726 444 51 21 Juni
794 444 61 22 1873.

256 478 60 22 Efter
330 478 108 22 verkstäld
452 478 128 27 granskning
595 478 23 21 af
631 478 160 27 ifrågavarande
801 479 78 26 nådiga
889 483 47 21 pro-

187 512 91 28 position
298 513 65 21 hafva
382 513 119 22 Ständerna
518 513 95 27 godkänt
635 513 121 22 densamma
777 513 8 21 i
800 513 64 26 öfrigt
878 513 58 20 utom

186 547 56 23 hvad
258 547 65 28 angår
337 547 138 27 affattningen
491 548 22 22 af
526 554 74 16 senare
615 553 62 16 mom.
693 548 8 21 i
714 547 12 27 $
739 547 34 22 44.
793 547 71 27 Enligt
875 547 62 21 orda-

188 582 94 27 lydelsen
296 582 7 21 i
318 582 93 22 nämnda
425 588 63 16 mom.
504 582 54 22 skall
572 582 41 22 den
629 584 81 26 protest
726 582 53 22 eller
793 582 99 22 anmälan
903 588 34 15 om

188 616 76 22 timadt
285 616 116 28 olycksfall,
425 623 45 15 som
492 617 39 21 bör
548 616 73 27 föregå
635 616 160 28 sjöförklarings
810 616 127 28 afgifvande,

187 651 126 22 verkställas
333 651 8 21 i
360 652 47 21 stad
426 651 39 21 hos
483 652 95 21 notarius
593 652 107 26 publicus;
714 657 49 15 men
778 651 28 22 då
819 651 65 27 något
899 650 38 22 all-

188 687 59 20 mänt
266 685 117 27 stadgande
408 685 46 21 icke
477 685 73 27 finnes,
576 686 55 21 huru
654 686 25 21 de
702 685 48 21 med
773 684 66 23 sådan
861 684 77 22 befatt-

189 720 51 27 ning
254 719 102 22 förenade
370 719 95 28 göromål
480 720 7 20 i
502 720 71 22 städer
587 720 48 21 med
647 720 144 26 ordningsrätt
801 719 60 22 skola
871 719 67 21 hand-

190 754 80 27 hafvas,
289 754 64 22 hafva
372 754 118 22 Ständerna
509 755 71 21 ansett
600 755 31 20 ett
648 754 156 27 förtydligande
819 754 74 27 tillägg
906 753 33 21 till

190 788 65 28 sagda
274 794 63 16 mom.
357 788 52 22 böra
423 790 63 26 göras
501 788 7 22 i
523 788 54 28 syfte
592 790 32 20 att
639 788 7 22 i
661 788 26 22 de
703 788 77 27 städer,
796 788 37 21 der
848 788 90 22 särskild

189 823 96 21 notarius
299 823 96 27 publicus
410 823 46 22 icke
467 823 75 27 finnes,
554 822 160 28 ifrågavarande
724 824 83 26 protest
815 822 42 28 må,
868 822 70 22 såsom

190 858 34 22 väl
238 857 62 22 äfven
315 857 144 28 lagstiftarens
474 858 63 27 afsigt
551 858 35 21 vid
598 857 151 22 utarbetandet
759 857 22 22 af
789 858 99 27 gällande
898 857 41 27 sjö-

190 892 35 28 lag
244 892 61 28 varit,
323 892 125 23 verkställas
467 894 38 21 hos
525 893 46 27 den,
591 899 45 16 som
654 892 104 22 bestrider
773 893 26 21 de
815 892 13 22 å
843 892 95 22 notarius

191 927 96 27 publicus
306 928 155 21 ankommande
480 927 101 28 göromål.
611 928 119 21 Ständerna
748 927 64 22 hafva
828 927 90 26 derföre,
933 927 6 21 i

191 960 217 23 öfverensstämmelse
428 962 48 21 med
492 962 55 21 hvad
562 968 34 16 om
611 963 80 25 protest
706 962 7 21 i
728 960 103 23 vexelmål
845 962 32 20 uti
892 961 48 21 stad

191 995 68 21 finnes
274 996 104 26 stadgadt,
394 995 54 23 efter
461 996 66 21 orden
539 1012 10 10 ,,
552 996 94 22 notarius
656 996 109 26 publicus"
777 996 7 20 i
793 1002 75 15 senare
877 1002 63 15 mom.

192 1029 23 22 af
227 1029 29 22 44
270 1030 12 26 8
296 1030 65 21 infört
376 1031 66 21 orden
459 1030 64 26 ,eller
539 1031 40 21 den
594 1030 53 21 hans
662 1030 94 26 göromål
771 1030 127 21 bestrider".

259 1064 30 22 På
311 1064 69 28 grund
402 1064 23 22 af
446 1065 35 21 det
504 1064 88 22 anförda
611 1064 22 22 få
653 1064 117 22 Ständerna
790 1064 151 28 underdånigst

192 1098 93 23 anmäla:

397 1143 30 19 att
447 1139 120 24 Ständerna
584 1139 95 28 godkänt
698 1140 39 22 den
751 1140 80 28 nådiga
843 1140 99 27 proposi-

329 1175 71 22 tionen
414 1175 47 22 med
476 1175 155 27 ofvannämnda
647 1175 72 28 tillägg
733 1175 30 21 till
774 1174 39 23 den
823 1175 119 27 föreslagna

327 1209 157 28 förordningen,
504 1209 79 23 hvilken
603 1209 92 22 sålunda
714 1209 78 22 komme
812 1212 30 19 att
864 1209 78 22 erhålla

329 1244 92 26 följande
436 1244 88 27 lydelse:

465 1276 114 28 Förordning
590 1276 97 28 angående
695 1276 102 24 förändrad
806 1276 70 29 lydelse
884 1276 20 23 af
912 1276 30 29 $$

397 1310 29 23 44
441 1310 34 23 och
491 1310 27 24 45
534 1311 5 22 i
553 1310 85 29 sjölagen
654 1310 20 24 af
689 1310 35 23 den
739 1310 12 23 9
767 1310 44 24 Juni
826 1310 56 24 1873.

399 1346 129 26 Härigenom
543 1346 74 22 varder
631 1345 135 28 förordnadt:
782 1348 30 20 att
827 1345 31 28 $$
867 1346 28 21 44
906 1346 36 22 och

329 1382 29 20 45
373 1381 9 21 i
396 1380 91 28 sjölagen
502 1381 34 27 för
552 1380 201 28 Storfurstendömet
761 1380 103 27 Finland,
874 1380 70 28 gifven

332 1416 39 21 den
387 1417 14 19 9
415 1415 55 23 Juni
479 1417 67 26 1873,
557 1415 58 23 skola
626 1415 79 23 erhålla
714 1415 91 29 följande
815 1415 128 28 förändrade

331 1450 86 29 lydelse:
