1023 1706
229 141 27 21 86
538 141 39 22 N:o
592 140 18 22 1.

528 221 22 21 41
569 220 47 27 Kap.

215 271 42 23 Om
273 271 65 23 brott
353 271 63 23 emot
431 271 131 23 föreskrift
576 270 119 29 angående
713 270 101 28 kyrklig
828 269 111 29 ordning.

271 320 8 18 1
297 321 18 22 $.
344 318 43 20 Har
410 318 88 21 medlem
520 319 24 20 af
563 317 227 27 evangelisk-luthersk
816 316 132 28 församling,

202 355 50 18 utan
274 352 92 20 tillstånd
385 352 23 20 af
422 353 154 26 kyrkoherden,
592 353 12 19 å
618 352 38 26 tid,
671 352 28 20 dä
714 352 79 20 allmän
809 351 119 27 gudstjenst
942 352 7 19 i

201 387 149 26 församlingen
372 387 133 26 förrättades,
520 388 61 20 hällit
596 387 51 20 eller
664 387 135 20 föranstaltat
814 386 83 20 enskild
913 393 36 13 an-

202 421 142 27 daktsöfning,
367 421 84 21 hvilken
472 423 19 25 ej
507 424 23 18 är
545 424 31 18 att
590 427 61 14 anses
666 421 32 20 för
713 421 127 25 husandakt,
856 421 40 20 och
910 421 39 19 har

202 456 42 20 han
267 456 55 20 förut
344 455 69 20 blifvit
435 456 79 20 varnad
530 456 68 20 säsom
613 455 7 19 i
635 455 134 26 kyrkolagen
786 455 95 26 stadgas;
899 455 49 20 böte

203 490 62 26 högst
280 489 112 20 etthundra
407 490 65 20 mark.

270 524 12 20 2
302 524 17 26 8.
349 524 42 20 Har
414 525 89 19 medlem
527 524 23 20 af
570 523 230 27 evangelisk-luthersk
826 523 123 27 församling

202 560 57 18 emot
274 558 139 26 kyrkorädets
434 559 74 20 förbud
525 558 62 20 hällit
602 558 145 25 läroföredrag
762 558 35 20 vid
814 558 83 20 enskild
913 565 37 13 an-

202 592 142 28 daktsöfning,
367 593 85 20 hvilken
476 594 18 26 ej
518 596 22 17 är
563 595 31 18 att
616 600 60 13 anses
698 592 33 21 för
754 593 130 26 husandakt;
900 593 49 20 böte

202 627 61 27 högst
278 627 124 21 femhundra
419 628 64 20 mark.

269 662 11 19 3
297 664 17 21 $.
346 662 65 20 Söker
420 662 226 26 evangelisk-luthersk
656 661 232 27 församlingsmedlem,
896 662 53 19 hvil-

201 695 41 20 ken
266 695 69 26 hyllar
357 696 126 20 villfarande
506 697 91 25 mening,
620 698 30 18 att
668 696 70 20 dertill
754 696 104 20 öfvertala
873 702 76 20 annan,

203 730 39 20 och
260 730 154 20 ästadkommer
434 731 120 25 derigenom
572 737 36 13 oro
624 730 38 20 och
679 730 115 26 förargelse
809 731 6 19 i
831 730 118 20 församlin-

202 770 53 20 gen;
271 764 49 20 böte
336 765 61 25 högst
411 765 124 19 femhundra
552 765 64 20 mark.

270 799 12 19 4
297 801 17 22 8.
344 798 42 20 Har
403 799 87 19 medlem
507 799 23 20 af
536 798 229 27 evangelisk-luthersk
775 798 123 26 församling
908 798 41 20 för-

203 836 90 16 summat
315 833 110 25 läsförhör,
447 840 44 12 som
515 833 40 20 han
577 836 23 17 är
615 832 85 27 skyldig
715 834 31 18 att
761 833 85 26 bivista,
862 833 52 20 eller
930 834 18 25 ej

201 866 48 20 lätit
271 867 36 20 sitt
327 868 50 19 barn
393 868 52 20 eller
461 874 75 22 annan,
553 868 85 20 hvilken
655 867 43 20 stär
713 868 67 20 under
795 868 51 20 hans
863 867 86 27 lydnad,

202 900 79 21 bivista
302 902 104 20 läsförhör
428 902 51 20 eller
494 902 133 25 skriftskola;
651 902 69 26 varde,
738 903 37 19 der
790 902 40 20 han
848 902 22 20 af
883 902 65 20 sädan

201 936 95 26 varning,
312 943 43 13 som
371 937 6 19 i
390 936 133 27 kyrkolagen
538 937 93 25 stadgas,
646 936 18 26 ej
682 936 47 20 låtit
744 938 56 18 rätta
810 936 38 27 sig,
860 936 88 20 straffad

203 970 46 20 med
265 970 60 20 böter
340 970 61 26 högst
417 970 71 21 femtio
505 970 65 21 mark.

258 1004 11 20 5
286 1006 16 22 $.
333 1004 63 26 Hvar,
411 1011 44 13 som
473 1006 12 19 &
501 1005 124 25 sabbatstid,
642 1004 46 20 med
705 1005 88 26 vetskap
810 1007 30 17 att
850 1005 41 19 han
904 1004 44 21 der-

202 1038 83 25 igenom
302 1041 44 17 stör
361 1045 79 13 annans
456 1039 86 26 andakt,
558 1039 61 20 idkar
634 1039 118 20 handtverk
772 1039 52 20 eller
838 1040 65 18 annat
917 1046 32 13 ar-

201 1071 54 26 bete,
280 1072 81 19 hvilket
381 1072 28 20 tål
426 1073 92 26 uppskof
532 1073 39 20 och
587 1073 18 26 ej
621 1073 47 20 sker
684 1073 32 20 till
732 1079 54 20 egen
802 1072 51 21 eller
869 1079 81 14 annans

202 1106 100 25 nödtorft,
319 1106 49 20 böte
383 1106 60 27 högst
459 1107 71 20 femtio
547 1107 65 20 mark.

270 1141 47 19 Med
340 1140 116 21 sabbatstid
480 1141 76 20 förstås
572 1141 56 20 tiden
649 1141 89 20 emellan
755 1141 91 20 klockan
862 1147 38 14 sex
915 1148 34 13 om

202 1181 112 19 morgonen
331 1175 39 19 och
388 1175 90 20 klockan
494 1182 37 13 sex
547 1183 32 13 om
596 1175 84 20 aftonen
696 1175 13 20 å
724 1175 87 26 söndag,
822 1175 52 21 eller
884 1176 65 26 kyrk-

201 1209 29 26 lig
246 1209 134 26 högtidsdag,
395 1216 44 13 som
456 1210 66 27 enligt
537 1210 36 27 lag
595 1209 163 27 allmänneligen
775 1209 66 20 hålles
856 1211 7 18 i
878 1210 71 27 helgd.

271 1244 11 18 6
299 1244 17 24 8.
347 1243 52 25 Den,
415 1251 44 12 som
475 1244 12 19 &
502 1244 117 19 sabbatstid
639 1244 67 19 håller
721 1244 110 19 kramläda
846 1245 52 18 eller
912 1244 37 25 dy-

205 1277 29 19 lik
250 1277 176 26 försäljniogsbod
443 1280 75 23 öppen,
534 1277 51 20 eller
600 1278 12 19 å
627 1277 64 20 sådan
709 1277 29 20 tid
752 1277 62 19 idkar
825 1277 124 26 torghandel

201 1311 55 20 efter
271 1310 91 20 klockan
378 1311 34 19 nio
428 1317 33 13 om
478 1317 122 20 morgonen,
616 1311 48 20 böte
680 1311 61 26 högst
756 1311 113 20 etthundra
884 1311 66 20 mark.

269 1346 11 19 7
298 1346 18 23 $.
347 1345 68 26 Begår
439 1345 67 27 någon
529 1345 57 20 brott
601 1345 12 20 å
628 1345 126 26 sabbatstid;
778 1345 54 20 skall
850 1345 39 21 den
906 1352 42 13 om-

201 1379 127 26 ständighet,
344 1382 30 17 att
389 1379 80 20 brottet
484 1379 49 20 sker
549 1380 12 19 å
576 1380 65 20 sådan
658 1379 37 26 tid,
711 1386 61 13 anses
787 1380 68 20 såsom
870 1379 79 21 försvå-

202 1414 72 25 rande,
294 1420 33 13 om
346 1414 138 27 förbrytelsen
505 1415 19 26 ej
540 1416 24 18 är
579 1415 23 19 så
618 1413 111 21 beskaffad
745 1416 30 18 att
791 1414 40 21 den
847 1415 75 20 endast
937 1414 13 21 å

202 1448 117 21 sabbatstid
336 1449 40 19 kan
393 1449 97 20 föröfvas.
939 1463 3 12 i;
