1023 1714
397 136 40 22 N:o
453 136 18 22 1.
754 137 28 21 75

61 197 56 21 ändå
132 199 31 19 att
178 197 41 21 han
235 198 70 20 märkt
326 198 173 29 förfalskningen,
515 199 84 21 straffes
623 200 46 20 med
688 200 93 27 fängelse
801 201 7 19 i

61 232 63 26 högst
139 234 29 18 ett
184 232 23 19 år
221 233 52 19 eller
289 232 66 22 böter.

130 266 12 19 4
157 266 20 26 8&.
207 266 61 20 Hvad
285 267 6 18 i
308 267 58 20 detta
388 267 80 26 kapitel
488 268 85 27 stadgas
589 275 33 13 om
638 268 170 26 penningesedel,

60 299 56 27 gälle
132 300 40 19 ock
187 300 66 20 sådan
270 301 71 25 tryckt
356 301 123 27 obligation,
498 302 101 24 banknot,
620 302 51 20 eller
687 302 12 20 &
714 301 94 21 innehaf-

61 340 64 14 varen
142 334 65 20 stäldt
223 334 153 28 värdepapper,
391 342 43 13 som
451 336 94 26 utgifvits
561 336 24 20 af
597 336 68 20 finska
681 338 76 23 staten,
772 342 37 14 an-

60 374 42 14 nan
118 370 40 18 stat
173 368 52 20 eller
240 368 101 21 Finlands
363 370 65 24 bank,
444 370 58 25 eller,
519 371 46 19 med
588 370 99 20 inländsk
706 370 52 20 eller
777 372 31 18 ut-

60 402 75 20 ländsk
160 403 109 27 regerings
293 403 100 27 tillstånd,
413 404 23 20 af
459 404 104 24 kommun,
585 404 102 25 samfund,
707 404 101 26 förening,

60 436 100 27 sällskap,
175 437 63 26 bolag
254 438 51 20 eller
322 438 81 20 enskild
420 445 82 19 person.

128 471 73 21 Såsom
218 472 71 26 tryckt
305 472 53 20 skall
375 474 146 26 värdepapper
537 480 60 13 anses
613 473 60 20 äfven
690 480 33 13 om
735 473 71 20 utstäl-

60 506 69 20 larens
145 506 136 26 underskrift,
298 506 51 21 eller
364 507 97 20 enskilda
476 507 38 21 ord
531 508 51 20 eller
593 507 69 20 siffror
674 510 36 18 äro
721 507 87 20 skrifna.

129 541 11 20 5
157 541 19 26 8.
207 540 63 27 Hvar,
287 548 43 14 som
349 542 56 25 skär,
426 542 52 26 filar,
495 542 52 21 eller
562 542 124 21 annorledes
707 541 99 27 uppsåtli-

60 581 40 20 gen
116 575 93 20 minskar
224 576 141 27 metallmynt,
381 576 82 20 hvilket
473 580 23 17 är
506 577 105 26 gångbart
621 577 56 19 inom
689 577 51 19 eller
749 578 58 18 utom

60 609 79 26 landet,
155 609 40 20 och
219 610 90 26 utgifver
332 613 81 24 myntet
436 611 66 20 såsom
526 611 117 26 fullgiltigt,
661 610 83 21 straffes
759 610 48 20 med

61 644 84 20 tukthus
160 644 6 19 i
182 644 62 27 högst
259 644 48 27 fyra
322 645 30 24 år,
368 645 59 26 eller,
445 645 37 20 der
492 645 208 26 omständigheterna
711 648 36 17 äro
758 651 47 20 syn-

60 679 95 26 nerligen
171 679 126 26 mildrande,
314 679 47 20 med
377 679 93 27 fängelse
487 681 18 25 ej
522 679 59 21 öfver
597 679 36 20 två
649 679 29 20 år.

129 713 42 20 Har
194 720 76 17 annan,
287 717 25 16 än
329 714 47 25 den,
393 714 85 20 hvilken
499 713 91 21 minskat
611 716 58 24 mynt
690 714 51 20 eller
756 714 54 19 varit

61 747 43 20 deri
121 747 102 27 delaktig,
237 748 85 26 utgifvit
338 750 81 25 myntet
435 749 68 20 såsom
519 749 116 26 fullgiltigt,
651 748 55 20 ändå
722 749 31 20 att
767 748 41 19 han

59 782 64 21 visste
140 783 35 20 det
186 789 51 14 vara
248 783 117 26 minskadt;
380 783 83 20 straffes
478 783 47 20 med
541 783 86 20 tukthus
643 783 6 20 i
665 782 62 27 högst
738 785 30 17 tre
779 782 30 25 år,

60 816 59 27 eller,
135 817 35 20 vid
186 817 134 26 synnerligen
345 817 117 20 mildrande
487 817 186 26 omständigheter,
696 817 47 20 med
766 817 44 19 fän-

60 851 58 28 gelse
134 852 18 27 ej
169 851 59 20 öfver
243 853 30 18 ett
289 851 29 20 år.

128 886 81 21 Försök
225 887 32 19 till
277 886 64 20 sådan
364 886 140 27 utprångling,
521 893 42 13 som
580 886 6 19 i
603 886 67 20 denna
686 886 13 25 &
715 888 93 23 nämnes,

60 923 23 18 är
98 921 115 20 straffbart.

130 956 11 19 6
158 955 19 26 8.
209 955 42 20 Har
267 955 76 26 någon,
359 955 32 20 för
407 955 148 26 eftergörande
571 955 52 20 eller
638 954 139 27 förfalskning
788 954 22 20 af

60 991 66 25 mynt,
141 989 164 27 penningesedel
327 990 51 19 eller
397 989 152 27 värdepapper,
565 989 124 27 förfärdigat
705 989 51 20 eller
771 995 36 14 an-

60 1024 79 21 skaffat
153 1026 75 24 stamp,
245 1024 112 28 märkjern,
373 1025 53 20 form
443 1024 51 20 eller
512 1026 64 18 annat
587 1024 69 20 dertill
668 1024 83 26 tjenligt
762 1024 46 20 red-

60 1059 62 27 skap;
138 1059 83 19 straffes
237 1059 47 20 med
300 1058 95 28 fängelse
411 1059 6 19 i
433 1059 63 27 högst
511 1059 36 19 två
562 1060 29 19 år.

129 1094 11 19 7
157 1094 18 26 8.
204 1093 135 27 Fftergjorda
359 1094 52 20 eller
430 1093 129 20 förfalskade
574 1094 65 26 mynt,
656 1092 151 27 penningesed-

61 1128 32 20 lar
108 1128 40 20 och
165 1128 144 26 värdepapper
324 1134 50 14 vare
389 1128 119 20 förbrutna.

128 1162 44 27 Lag
187 1169 80 13 samma
282 1168 50 14 vare
348 1168 33 14 om
397 1164 75 24 stamp,
489 1161 112 27 märkjern,
620 1161 52 20 form
689 1161 38 20 och
743 1162 67 18 annat

61 1196 99 27 redskap,
176 1196 81 20 hvilket
273 1197 67 25 tjenat
356 1196 30 20 till
403 1196 52 20 eller
471 1196 55 20 varit
541 1196 68 20 afsedt
620 1195 31 20 för
662 1195 148 25 eftergörande

62 1230 52 22 eller
129 1230 140 26 förfalskning
285 1230 22 20 af
321 1233 66 24 mynt,
406 1230 165 27 penningesedel
591 1229 52 21 eller
658 1230 151 25 värdepapper,

388 1309 29 22 38
432 1310 48 26 Kap.

168 1354 42 22 Om
225 1354 137 26 oredlighet
377 1354 43 21 och
438 1353 117 22 straffbar
570 1352 138 28 egennytta.

132 1401 8 18 1
159 1399 20 26 8.
210 1399 43 20 Har
269 1399 142 26 förmyndare,
427 1399 114 20 förvaltare
552 1398 23 20 af
584 1398 108 26 stiftelses,
703 1397 107 26 förenings

62 1434 53 21 eller
137 1434 102 26 sällskaps
261 1434 110 26 egendom,
395 1434 51 20 eller
469 1433 42 27 god
532 1439 48 14 man
601 1432 52 20 eller
672 1431 137 27 syssloman
796 1427 18 38 i
