1045 1714
424 132 40 28 N:o
479 132 19 23 1.
783 133 26 22 19

87 194 42 21 och
143 194 28 27 pä
186 194 44 21 lika
245 197 42 18 sätt
302 195 33 21 mä
350 195 41 20 den
406 196 6 19 i
429 196 12 20 6
456 198 10 22 $
482 196 109 20 bestämda
609 196 83 27 längsta
707 196 31 21 tid
754 196 23 21 af
790 197 44 20 fän-

87 228 121 27 gelsestraff
221 229 35 20 vid
271 229 73 25 hvarje
360 236 27 19 ny
408 229 106 28 lagföring
535 230 72 20 kunna
629 230 144 21 öfverskridas
789 231 46 20 med

87 262 62 27 högst
171 262 37 22 två
222 262 29 21 år.
281 263 10 20 I
307 263 75 20 domen
405 263 65 20 varde
486 263 40 20 ock
546 263 131 27 förordnadt,
692 265 32 19 att
739 263 45 21 från
800 264 36 20 det

85 296 161 26 sammanlagda
262 296 84 21 straffet
360 297 55 20 skall
431 297 99 21 afräknas
545 297 56 21 hvad
616 297 24 20 af
653 298 36 20 det
704 298 57 20 förra
775 298 60 20 straf-

87 331 30 20 fet
131 330 42 22 kan
190 337 51 14 vara
256 331 118 20 verkstäldt
388 331 54 21 efter
457 331 36 21 det
507 338 43 20 nya
566 331 88 22 brottets
668 332 133 21 föröfvande.

155 364 39 21 Om
217 365 63 20 straff
300 365 32 20 för
355 365 48 27 den,
426 373 45 13 som
494 366 69 21 blifvit
578 366 63 21 dömd
657 365 33 22 till
705 366 86 21 tukthus
806 367 28 26 på

87 399 66 21 lifstid
169 399 41 21 och
227 400 90 20 derefter
332 400 66 27 begår
413 402 48 25 nytt
476 401 62 26 brott,
555 404 23 17 är
592 401 6 20 i
621 402 6 19 2
644 401 41 27 kap
701 401 106 27 stadgadt.

415 474 15 22 8
452 475 49 28 Kap.

88 526 42 23 Om
145 525 36 22 tid
197 525 41 23 för
248 525 49 22 åtal
308 526 28 22 af
344 526 66 22 brott
420 526 45 23 och
474 526 41 23 för
524 526 187 28 verkställighet
721 527 27 22 af
756 527 77 22 straff.

158 573 7 19 1
183 574 17 23 6.
230 572 49 21 Rätt
295 575 31 18 att
341 573 57 21 åtala
413 573 58 20 brott
486 580 50 14 vare
552 573 109 21 förfallen:

156 607 17 19 1.
204 608 53 19 efter
279 607 58 26 tjugu
361 607 29 26 år,
414 614 33 13 om
463 608 93 19 svåraste
572 607 81 20 straffet
668 607 33 20 för
716 608 79 20 brottet
810 611 23 17 är

86 641 85 20 tukthus
187 640 28 27 på
229 641 42 20 viss
287 641 30 20 tid
334 641 82 20 utöfver
431 648 37 14 sex
484 642 35 27 år;

154 675 19 21 2.
204 675 53 20 efter
272 675 28 20 tio
316 675 28 24 år,
361 682 33 13 om
411 675 95 22 svåraste
520 676 82 20 straffet
613 679 23 17 är
647 676 85 21 tukthus
752 677 82 20 utöfver

85 710 37 21 två
137 710 34 19 till
188 709 39 20 och
244 710 46 20 med
307 716 37 14 sex
360 709 32 26 år;

154 745 19 20 3.
205 744 52 20 efter
280 744 41 20 fem
342 745 29 24 år,
392 751 32 13 om
442 745 36 20 det
493 748 22 17 är
530 745 84 20 tukthus
631 745 31 19 till
678 745 40 20 och
735 745 45 20 med
797 746 36 19 två

84 778 32 26 år,
131 778 53 21 eller
200 778 95 27 fängelse
311 779 82 20 utöfver
408 781 31 18 ett
454 779 32 25 år;

153 813 19 20 4,
203 812 54 20 efter
280 812 36 20 två
338 812 30 26 år,
389 819 33 13 om
439 813 35 20 det
490 816 22 17 är
528 813 93 26 fängelse
638 813 30 19 till
685 813 39 20 och
740 813 46 20 med
803 815 30 18 ett

84 846 31 27 år,
131 846 52 21 eller
199 846 72 25 böter;

153 881 20 20 5.
203 881 54 20 efter
273 883 29 18 ett
318 881 30 26 år,
363 887 33 14 om
413 881 78 20 brottet
501 884 23 17 är
539 881 76 20 sådant
629 887 43 14 som
690 881 5 19 i
712 881 33 24 41,
762 881 33 24 42,
807 881 25 20 43

87 915 53 20 eller
156 916 27 19 44
198 915 49 26 kap.
263 918 55 23 sägs,
334 915 51 20 eller
400 915 85 20 dermed
502 915 92 20 likartad
610 915 133 26 förbrytelse.

153 949 51 20 Rätt
219 951 31 18 att
265 949 59 20 åtala
338 949 58 20 brott
410 950 6 19 i
433 950 89 26 tjersten
542 956 57 19 vare,
614 956 34 13 om
663 949 125 26 ovärdighet
803 951 31 18 att

86 985 73 20 vidare
181 985 79 26 nyttjas
275 985 7 19 i
298 985 82 20 landets
400 985 64 26 tjenst
478 985 46 20 icke
540 984 41 20 kan
597 985 52 25 följa
664 984 12 19 å
691 984 86 25 brottet,
793 984 40 20 för-

85 1019 76 20 fallen:
177 1019 53 20 efter
246 1019 28 20 tio
290 1019 29 24 år,
336 1025 33 14 om
385 1019 79 20 brottet
474 1022 23 17 är
508 1019 86 26 belagdt
604 1018 46 20 med
662 1018 120 26 afsättning,
794 1018 39 21 och

86 1053 54 21 efter
155 1053 40 20 fem
212 1053 23 20 år
250 1054 6 19 i
273 1053 67 27 öfriga
355 1053 44 20 fall.
430 1053 116 20 Innefattar
565 1053 138 26 förbrytelsen
720 1053 6 19 i
743 1053 89 26 tjensten

85 1088 71 21 tillika
171 1089 64 18 annat
250 1087 63 28 brott,
330 1094 43 13 som
389 1088 53 19 efter
457 1088 72 26 längre
546 1088 29 20 tid
591 1087 32 20 får
638 1087 73 26 åtalas,
726 1087 55 26 gälle
793 1087 40 20 den

85 1122 75 27 längre
176 1121 56 20 tiden
249 1121 32 20 för
296 1121 67 27 begge
378 1122 91 20 brotten.

154 1156 50 20 Rätt
227 1156 31 20 till
281 1156 42 20 åtal
346 1156 77 20 räknas
441 1157 54 20 ifrån
514 1157 40 20 den
571 1156 36 26 tid,
623 1156 27 20 då
666 1156 40 20 den
723 1156 110 26 brottsliga

85 1190 130 27 handlingen
232 1191 98 19 utfördes.

153 1224 42 20 Får
217 1225 51 24 åtal,
289 1225 66 26 enligt
371 1225 40 26 lag,
428 1226 19 25 ej
464 1225 36 20 ske
515 1225 64 20 innan
594 1224 83 20 skilnad
694 1225 6 19 i
717 1225 116 25 äktenskap

87 1259 53 20 eller
155 1258 102 27 återgång
272 1259 23 20 af
308 1259 182 26 äktenskapsaftal
507 1259 52 20 eller
574 1259 105 26 giftermål
694 1259 71 20 blifvit
780 1258 55 25 sökt;

86 1292 78 21 räknas
187 1293 56 20 tiden
267 1293 53 26 från,
344 1300 46 13 men
414 1294 19 26 ej
456 1294 47 20 med
526 1294 39 20 den
582 1293 48 26 dag,
647 1293 26 20 då
689 1293 57 20 talan
763 1293 71 20 derom

86 1327 95 21 väcktes.
210 1327 65 20 Beror
295 1330 42 18 rätt
356 1330 30 17 att
402 1328 58 20 åtala
475 1328 107 20 horsbrott
597 1327 66 24 deraf,
678 1329 31 18 att
724 1327 111 20 underhåll

87 1359 23 22 åt
124 1360 60 25 barn,
207 1367 43 13 som
274 1361 6 19 i
303 1361 88 20 hordom
407 1361 68 26 aflats,
490 1361 71 20 blifvit
576 1360 107 25 utdömdt;
706 1360 54 20 skall
777 1360 57 20 tiden

87 1393 78 22 räknas
188 1394 51 25 från,
264 1401 45 13 men
334 1395 18 26 ej
376 1395 47 20 med
443 1395 40 19 den
500 1395 48 26 dag,
563 1395 27 20 då
605 1394 75 19 domen
697 1394 73 19 vunnit
786 1393 49 27 laga

89 1427 63 22 kraft.
