1014 1709
797 152 28 21 49

177 214 34 22 Då
229 214 116 22 emellertid
360 214 25 22 de
400 214 8 20 i
423 214 86 22 berörda
523 214 102 28 grundlag
640 214 37 22 och
693 215 120 28 privilegier
822 218 33 18 ut-

111 249 70 22 talade
196 249 133 29 grundsatser
344 256 34 14 om
393 248 64 22 enhet
471 249 7 20 i
494 248 112 28 religionen
621 249 37 21 hos
673 249 40 21 alla
721 250 134 27 medborgare

106 283 8 21 i
132 282 55 23 riket
202 284 38 21 och
256 283 175 22 uteslutanderätt
446 282 32 22 för
486 283 117 21 bekännare
619 283 22 21 af
647 283 207 28 evangelisk-luther-

107 318 41 22 ska
163 318 101 21 trosläran
280 319 31 20 att
325 317 55 22 hälla
395 317 94 28 offentlig
503 316 116 29 gudstjenst
634 318 64 21 redan
714 317 57 22 förut
784 317 70 23 blifvit

111 351 106 30 upphäfda
231 359 74 21 genom
321 352 12 21 7
350 352 13 26 &
378 352 8 21 i
401 351 195 29 Riksdagsbeslutet
605 352 40 21 den
656 352 27 22 26
693 352 90 21 Januari
793 353 60 24 1779,

108 386 69 28 kongl.
194 386 138 28 kungörelsen
347 386 24 21 af
383 386 41 21 den
439 386 28 21 24
481 386 89 22 Januari
587 386 52 21 1781
655 386 39 22 och
709 386 13 21 6
738 381 20 37 $i
756 386 97 28 gällan-

104 420 27 22 de
146 420 108 28 kyrkolag,
269 420 90 29 jämförd
374 420 47 22 med
437 420 104 28 ingressen
558 420 31 22 till
604 428 79 14 samma
697 421 40 27 lag,
749 425 53 18 samt
817 421 35 22 det

109 454 141 29 föreliggande
272 455 97 28 förslaget
387 454 32 22 till
435 454 136 29 dissenterlag
586 454 72 22 endast
673 455 54 21 afser
741 458 32 19 att
788 456 65 21 ordna

107 489 26 22 de
149 488 202 27 rättsförhällanden,
367 496 44 15 som
426 489 115 22 föranledas
557 488 23 23 af
593 489 39 21 den
643 489 8 21 i
659 490 127 28 kyrkolagen
795 491 57 21 med-

103 523 58 29 gifna
183 526 41 20 rätt
247 524 32 22 till
301 523 112 29 öfverg&ng
431 524 32 22 till
478 527 63 19 annat
556 523 171 29 kyrkosamfund,
743 524 71 22 kunna
830 525 19 21 vi

106 558 19 28 ej
141 558 60 22 finna
215 561 30 19 att
261 559 25 21 de
301 558 32 22 uti
348 558 40 22 den
402 558 106 28 förslagna
523 558 162 28 dissenterlagen
701 558 102 29 ingäende
817 560 35 20 be-

109 593 128 26 stämningar
259 593 68 22 skulle
341 593 100 22 innebära
456 593 66 29 nägon
538 593 87 28 ändring
639 593 32 22 uti
685 594 60 20 ännu
753 593 99 27 gällande

103 627 238 29 grundlagstadganden,
363 628 139 28 synnerligast
524 635 44 15 som
591 627 31 22 uti
637 635 26 13 en
678 627 114 28 föreslagen
809 632 42 17 sär-

105 661 55 22 skild
175 661 121 29 förordning
311 662 24 21 af
347 662 174 28 grundlagsnatur
535 662 129 22 främmande
679 662 172 22 trosbekännares

105 696 165 28 medborgerliga
292 696 122 28 rättigheter
436 697 83 21 komme
542 699 31 19 att
587 697 130 21 bestämmas.
747 696 43 22 Till
805 697 45 21 stöd

102 730 33 21 för
157 727 68 25 denna
247 730 37 22 vär
305 730 55 29 åsigt
373 730 22 22 få
410 730 21 22 vi
447 730 96 22 särskildt
558 730 88 28 åberopa
661 730 40 21 den
716 730 135 29 uppfattning

103 764 23 22 af
140 764 70 26 saken,
227 771 43 15 som
293 765 72 28 hystes
379 765 23 21 af
416 765 53 22 1877
485 765 34 22 ärs
533 765 115 28 lagutskott
662 765 38 21 och
716 764 67 23 ständ.
813 765 37 22 Uti

103 799 122 22 ständernas
241 800 49 21 und.
306 807 47 14 svar
367 800 8 21 i
389 800 114 28 anledning
517 799 23 22 af
553 800 39 21 den
608 799 26 22 dä
648 799 114 29 framlagda
777 806 74 22 propo-

104 833 64 23 sition
191 834 48 22 med
263 834 79 28 förslag
359 834 34 23 till
407 834 136 28 dissenterlag
564 834 100 22 förklaras
684 834 123 28 uttryckligt
821 838 30 18 att

103 868 76 22 ändast
203 869 25 21 de
253 868 7 22 i
285 868 98 30 förslaget
408 869 101 28 ingäende
527 869 152 28 bestämningar
693 869 88 21 rörande
796 869 54 21 finsk

103 903 145 29 medborgares
267 906 42 20 rätt
331 906 30 20 att
381 903 84 23 tillhöra
481 911 68 15 annan
564 903 87 29 religion
667 907 25 17 än
708 904 39 20 den
764 911 85 21 evange-

103 937 158 23 lisk-lutherska
286 941 53 19 samt
364 946 33 14 om
422 938 129 22 främmande
577 938 79 22 kristne
678 938 172 22 trosförvandters

102 971 125 29 befogenhet
249 975 31 19 att
301 973 75 21 bkläda
391 973 95 22 embeten
502 973 38 21 och
555 972 86 28 tjenster
656 972 7 22 i
678 972 71 22 landet
763 972 86 22 berörde

103 1006 107 29 grundlag,
233 1014 48 14 men
301 1010 30 19 att
345 1007 65 28 öfriga
425 1007 127 28 stadganden
567 1006 8 22 i
589 1006 100 27 förslaget
703 1006 47 22 icke
765 1014 49 14 voro
829 1006 23 22 af

99 1041 184 29 grundlagsnatur.

171 1076 32 22 Pä
217 1076 67 28 grund
300 1075 23 22 af
335 1076 35 22 det
385 1076 87 22 anförda
488 1076 51 29 väga
556 1076 20 23 vi
591 1077 105 21 vördsamt
711 1076 74 22 föreslä

341 1142 31 19 att
393 1141 14 20 1
429 1140 14 27 $
462 1139 26 22 R.
503 1140 27 21 F.
547 1140 36 22 och
597 1141 13 19 1
625 1140 15 28 $
655 1140 8 21 i
678 1139 173 28 Prästprivilegi-

306 1182 53 14 erna
381 1174 44 22 icke
450 1174 65 28 blefve
533 1176 32 20 uti
588 1174 110 28 ingressen
719 1174 33 21 till
769 1174 80 21 dissen-

309 1209 92 27 terlagen
417 1209 116 21 omnämda.

317 1272 233 27 Författningsförslaget
566 1272 33 21 N:o
615 1272 20 20 2.

173 1322 104 28 Slutligen
300 1323 72 21 kunna
393 1323 22 21 vi
434 1323 47 21 icke
496 1323 109 27 godkänna
620 1322 118 21 Utskottets
753 1320 53 28 åsigt
820 1324 30 18 att

102 1356 232 28 författningsförslaget
349 1356 41 21 N:o
405 1356 14 20 2
434 1355 105 29 angående
555 1358 41 19 rätt
610 1354 31 22 för
656 1355 112 21 dissenters
777 1357 29 18 att
815 1354 32 20 be-

104 1390 63 22 kläda
183 1390 95 22 ämbeten
293 1390 39 22 och
347 1390 86 28 tjenster
448 1390 7 21 i
471 1389 69 22 landet
556 1389 61 22 borde
633 1388 23 22 af
668 1388 111 22 ständerna
793 1390 55 18 anta-

101 1432 38 21 gas
169 1424 72 23 endast
265 1424 66 22 under
356 1424 67 22 vilkor
448 1427 31 20 att
501 1424 39 22 den
555 1424 117 28 föreslagna
687 1422 161 28 dissenterlagen

770 1464 11 16 4
