1039 1714
420 139 39 22 N:o
475 138 18 22 1.
774 140 28 21 33

81 202 54 20 eller
150 202 77 21 honom
243 202 32 20 till
292 202 64 28 något
372 203 89 26 tvungit,
477 202 51 20 eller
544 202 64 21 brutit
623 204 32 26 sig
670 205 22 17 ut
703 209 23 13 ur
736 203 94 26 fängelse

81 236 54 20 eller
159 239 66 17 annat
247 237 79 26 förvar;
346 236 82 21 straffes
449 237 32 21 för
502 237 81 26 myteri,
601 244 25 12 en
643 237 58 26 hvar,
717 243 42 14 som
776 238 55 26 gjort

81 270 33 27 sig
130 270 86 27 skyldig
231 271 31 19 till
280 270 49 21 våld
345 271 52 20 eller
413 271 38 21 hot
467 278 31 14 om
515 271 55 26 våld,
582 271 48 20 med
647 270 85 21 tukthus
747 272 7 19 i
769 271 62 27 högst

81 305 46 19 åtta
149 304 30 26 år,
195 307 53 17 samt
271 306 25 19 de
319 304 66 28 öfrige
405 306 46 19 med
468 305 85 21 tukthus
569 306 18 26 ej
604 305 59 20 öfver
677 305 47 27 fyra
740 306 23 20 år
778 306 52 20 eller

81 338 95 27 fängelse
192 339 19 26 ej
228 339 65 21 under
309 346 38 14 sex
363 340 106 20 månader.

153 380 24 20 14
200 381 17 23 $.
248 379 73 21 Gifver
344 380 52 20 eller
411 380 90 20 utfäster
516 380 68 27 någon
601 380 20 20 åt
637 379 124 29 tjensteman
778 380 53 21 eller

79 420 72 14 annan
175 414 65 20 sådan
256 421 83 20 person,
356 422 43 13 som
415 415 6 20 i
441 416 7 19 1
466 418 10 22 $
493 418 92 23 nämnes,
601 417 56 18 muta
672 415 32 20 för
719 417 30 17 att
765 415 67 20 förmå

81 448 77 20 honom
183 451 30 17 att
235 450 6 18 i
264 449 82 26 sysslan
369 451 55 18 orätt
449 449 84 26 främja;
555 449 82 20 straffes
652 450 47 20 med
715 449 116 27 fängelse
821 444 15 36 i

82 482 62 27 högst
159 485 30 17 tre
206 483 100 21 månader
322 483 52 20 eller
389 484 60 20 böter
466 485 18 25 ej
501 483 58 21 öfver
574 483 123 21 femhundra
713 484 66 25 mark,
792 484 38 20 och

82 519 59 17 muta
157 523 49 14 vare
222 517 113 21 förbruten,

152 558 26 19 15
194 558 17 26 $.
240 557 64 28 Hvar,
327 565 44 13 som
394 558 100 27 olofligen
515 561 76 24 pantar
605 558 65 26 något
685 558 32 20 till
733 559 31 26 sig
779 559 53 20 eller

80 592 129 21 annorledes
225 593 49 26 sjelf
288 595 59 24 tager
364 593 31 26 sig
411 595 47 24 rätt,
475 593 81 20 straffes
573 593 45 20 med
635 593 60 20 böter
710 593 61 27 högst
786 594 44 19 tvä-

82 625 83 22 hundra
187 627 58 20 mark
270 627 52 21 eller
345 627 94 27 fängelse
463 629 18 25 ej
506 628 58 20 öfver
587 629 35 18 tvä
637 627 106 25 mänader,
759 627 38 21 der
812 628 19 26 ej

80 662 118 27 gerningen
214 663 7 19 i
237 666 64 17 annat
317 663 82 26 lagrum
415 665 22 18 är
454 663 76 26 belagd
547 663 46 19 med
609 663 85 19 svärare
708 661 65 22 straff.

152 701 43 21 Har
210 703 68 26 nägon
295 703 61 26 eljest
371 705 49 18 utan
437 703 49 26 laga
497 705 42 18 rätt
550 702 98 26 företagit
659 702 108 26 handling,
778 702 52 20 hvil-

82 736 41 21 ken
139 737 32 19 får
187 737 78 20 utföras
281 737 54 21 blott
349 737 23 20 af
385 737 88 26 behörig
484 737 137 28 tjensteman;
637 737 82 20 straffes
728 737 46 20 med
786 737 44 20 fän-

81 771 60 25 gelse
163 771 6 20 i
192 771 61 27 högst
275 778 38 13 sex
336 773 102 20 mänader
461 773 51 19 eller
531 773 60 20 böter
606 773 19 26 ej
641 771 60 21 öfver
716 771 115 21 trehundra

82 806 68 21 mark.
181 805 78 28 Gjorde
278 806 41 20 han
336 807 35 20 det
386 807 7 19 i
409 807 108 26 bedräglig
533 806 72 26 afsigt;
625 813 49 14 vare
690 806 81 20 straffet
786 806 44 21 fän-

81 839 61 27 gelse
156 841 7 19 i
179 840 62 27 högst
256 840 36 21 två
308 841 29 20 är.

154 882 23 19 16
193 883 16 22 $.
240 881 92 26 Förstör,
348 882 84 25 skadar,
449 881 149 21 undanskaffar
616 881 51 21 eller
683 882 98 26 tillegnar
796 882 32 26 sig

82 915 69 27 någon
168 915 132 28 uppsåtligen
317 917 77 20 allmän
410 917 90 26 urkund,
516 917 112 26 protokoll,
638 916 190 28 rättegängshand-

82 951 45 26 ling
149 951 52 20 eller
224 957 69 14 annan
317 951 101 27 handling
441 952 52 20 eller
516 951 67 26 skrift,
599 958 43 14 som
658 951 94 21 förvaras
768 952 7 20 i
791 951 37 20 all-

81 987 60 18 mänt
161 985 60 20 arkiv
245 986 52 20 eller
321 985 36 21 hos
377 986 123 27 myndighet
515 986 52 21 eller
582 987 132 26 tjensteman,
730 986 51 20 eller
797 986 32 20 för

81 1021 102 26 tjenstens
205 1020 54 20 skull
283 1021 148 20 öfverlemnats
452 1022 21 19 åt
489 1021 124 26 myndighet
627 1020 51 21 eller
694 1021 135 26 tjensteman;

80 1054 91 27 straffes,
191 1061 33 14 om
248 1056 18 25 ej
290 1056 79 19 brottet
387 1056 38 20 bör
446 1056 67 25 enligt
533 1056 24 19 12
573 1056 48 25 kap.
637 1061 67 20 anses,
722 1056 45 19 med
783 1054 44 21 fän-

79 1088 67 27 gelse.

152 1124 25 20 17
192 1124 17 26 &.
240 1124 52 25 Den,
308 1130 45 14 som
377 1124 97 26 olofligen
499 1124 108 27 borttager
629 1124 52 20 eller
697 1124 131 27 uppsåtligen

79 1158 80 20 skadar
175 1158 52 20 eller
242 1158 115 21 vanställer
372 1159 95 26 offentlig
483 1158 132 27 myndighets
631 1158 52 21 eller
694 1159 136 26 tjenstemans

81 1193 134 27 kungörelse,
231 1193 86 20 hvilken
337 1196 23 17 är
378 1192 100 28 anslagen
495 1193 32 20 till
543 1193 79 20 allmän
638 1192 126 27 kännedom,
780 1192 50 21 böte

81 1227 63 27 högst
158 1227 115 21 trehundra
288 1227 67 21 mark.

151 1268 25 19 18
192 1269 17 23 $.
238 1267 65 26 Hvar,
318 1274 51 18 som,
385 1270 49 18 utan
451 1268 36 25 lof,
499 1267 131 28 uppsåtligen
647 1267 70 27 bryter
733 1267 95 27 myndig-

81 1301 46 21 hets
148 1301 51 21 eller
215 1303 135 25 tjenstemans
365 1302 88 27 insegel,
469 1302 101 20 hvarmed
586 1302 37 20 sak
639 1294 129 28 eller'skrift
783 1301 47 20 blif-

81 1336 30 18 vit
133 1335 114 26 förseglad,
265 1336 82 20 straffes
366 1336 46 19 med
429 1336 60 20 böter
505 1336 52 19 eller
571 1335 96 25 fängelse
682 1336 19 24 ej
717 1335 59 19 öfver
791 1342 38 12 sex

80 1368 108 20 månader.

149 1408 86 21 Rubbar
250 1408 69 27 någon
336 1408 131 28 uppsåtligen
482 1408 7 20 i
505 1408 98 26 qvarstad
619 1409 48 24 satt,
682 1409 77 19 utmätt
777 1407 52 21 eller

80 1443 7 19 i
103 1443 72 27 beslag
191 1445 57 25 taget
263 1444 63 26 gods;
343 1450 48 13 vare
407 1444 36 26 lag
459 1449 85 14 samma.
