1011 1706
403 144 39 23 N:o
458 144 18 22 1.
743 144 40 22 115

67 206 130 20 skadestånd
214 207 22 19 af
250 207 31 19 sin
298 207 120 26 fångesman
443 208 52 20 eller
517 208 46 24 den,
583 214 74 20 genom
680 208 61 20 hvars
756 207 56 20 brott

67 241 40 19 han
125 240 85 21 erhållit
225 242 73 26 tinget.

137 287 22 19 11
177 286 17 26 $.
224 287 25 26 Ej
266 287 34 19 må
315 286 68 26 någon
400 287 116 27 sjelfvilligt
540 288 94 26 ätertaga
654 288 41 26 det,
710 294 44 14 som
771 287 40 20 han

68 320 124 26 vidkännes,
208 320 66 21 ehvad
292 321 36 20 det
343 324 22 17 är
380 328 75 20 genom
480 322 55 20 brott
557 322 77 20 honom
650 322 95 25 afhändt,
761 322 51 20 eller

67 356 40 20 han
123 357 73 25 tappat
211 356 41 24 det,
269 358 49 17 utan
342 356 64 20 anlite
429 356 177 28 polismyndighet
629 356 50 20 eller
702 356 109 26 domaren;

67 390 54 20 dock
139 390 33 20 må
187 390 41 20 han
252 391 94 25 återtaga
362 391 35 19 det
412 391 22 20 af
449 391 31 20 lös
499 391 51 20 eller
568 391 69 21 okänd
661 398 81 20 person,
759 391 53 20 eller

67 426 24 19 af
103 424 48 26 den,
167 431 43 14 som
228 419 123 27 misstänkes
374 426 52 26 vilja
449 433 86 19 rymma,
550 426 51 20 eller
617 426 12 20 &
645 426 55 20 färsk
724 426 88 27 gerning

67 460 22 20 af
103 460 123 26 förbrytare.

136 506 24 20 12
176 506 19 26 8.
225 505 43 21 Har
283 506 68 26 någon
367 506 69 26 skälig
453 506 119 26 misstanke,
587 506 52 21 eller
654 508 42 26 vet,
707 506 52 20 hvar
770 509 41 18 stu-

66 540 29 20 let
111 539 51 20 eller
177 542 65 18 annat
256 546 76 20 genom
348 541 57 20 brott
420 540 76 21 honom
512 541 87 20 afhändt
614 541 52 27 gods
682 541 77 26 finnes;
776 541 35 21 be-

66 578 51 22 gäre
133 574 27 20 då
175 574 31 20 lof
219 574 24 20 af
264 575 130 27 kronofogde
410 576 52 19 eller
480 576 92 20 länsman
593 576 13 19 &
621 576 79 26 landet,
720 576 52 19 eller
792 575 22 20 af

66 609 116 27 magistrat,
197 609 162 27 poliskammare
375 609 53 21 eller
442 610 146 26 ordningsrätt,
599 610 52 20 eller
662 610 149 27 borgmästare,

67 644 146 26 polismästare
229 643 53 21 eller
302 644 148 27 ordningsman
466 644 6 19 i
488 644 53 26 stad,
557 646 31 18 att
603 644 36 20 der
659 644 97 25 ransaka,
772 645 39 19 och

66 681 51 23 säge
139 678 52 19 hvar
212 678 39 20 och
274 678 105 20 hurudant
398 678 40 20 han
458 678 53 26 mist,
527 680 54 18 samt
594 679 52 19 'sina
661 678 45 20 skäl
723 678 32 21 till
772 679 40 19 den

66 712 99 26 begäran,
181 712 67 20 såsom
264 715 32 17 att
312 713 39 19 den
375 713 123 19 misstänkte
520 713 42 20 förr
584 713 65 25 stulit,
665 712 51 21 eller
734 715 30 18 att
780 714 31 19 så-

67 746 55 20 dana
137 746 62 20 saker
214 750 36 17 äro
266 747 65 20 sedda
346 747 37 20 hos
400 747 83 27 honom,
499 747 51 20 eller
565 749 31 18 att
610 747 41 20 han
667 747 74 21 försålt
758 748 54 26 dem,

66 780 52 20 eller
134 783 31 17 att
180 781 40 19 han
243 781 67 20 håller
325 782 31 26 sig
373 781 69 21 undan
467 782 39 29 och
529 788 62 20 synes
614 784 49 24 taga
682 782 37 20 sak
736 782 12 20 å
764 782 48 27 bak,

66 814 51 21 eller
133 815 74 20 varit
200 810 13 37 i
224 816 92 26 sällskap
342 816 45 20 med
411 816 73 26 andra,
506 816 73 20 hvilka
601 816 78 20 brottet
698 816 47 21 med
766 816 45 20 skäl

65 849 42 20 kan
132 849 94 21 tillvitas.
255 850 10 20 I
281 850 60 20 dessa
357 851 39 20 och
412 851 66 20 andra
500 851 80 20 sådana
594 851 37 20 fall
652 851 33 20 mä
708 851 102 21 ransakan

65 884 19 26 ej
101 884 67 20 nekas
182 884 88 26 honom;
285 888 50 17 utan
352 885 82 27 begifve
450 885 41 20 han
506 886 32 26 sig
553 886 31 19 dit
601 885 46 20 med
664 886 35 19 två
714 886 98 20 nämnde-

65 921 48 17 män
130 919 52 20 eller
199 920 103 19 edsvurne
317 920 146 26 stadstjenare,
479 920 50 20 eller
544 920 39 20 ock
600 920 66 20 andre
687 920 55 26 gode
757 923 55 23 män,

65 952 40 20 och
121 954 103 20 förkunne
239 954 37 20 der
291 961 118 19 grannarne
424 954 53 20 eller
497 955 129 25 husbonden,
642 957 29 17 att
687 954 25 20 de
728 958 36 16 äro
781 954 30 20 dit

65 988 72 19 sände.
168 984 29 23 Är
219 988 122 21 husbonden
362 990 19 25 ej
397 988 50 28 sjelf
467 989 88 27 hemma,
571 991 49 18 utan
643 990 94 25 hustrun,
753 988 58 26 eller,

67 1028 34 14 om
119 1022 40 20 han
174 1024 24 18 är
213 1022 59 27 ogift,
288 1023 40 19 den
344 1023 40 19 han
401 1023 53 20 låter
470 1024 77 20 förestå
565 1024 70 25 huset;
657 1024 69 26 gånge
741 1030 71 14 ransa-

65 1056 41 19 kan
123 1056 32 20 för
170 1056 32 27 sig
218 1057 43 20 lika
277 1057 53 20 fullt.
360 1058 77 19 Finnes
459 1058 19 25 ej
502 1058 41 25 det,
559 1065 46 12 man
629 1050 100 28 ransakar
748 1058 65 25 efter
805 1054 12 34 ;

66 1091 44 19 vise
126 1091 27 19 då
169 1091 48 26 den,
233 1098 43 13 som
292 1091 92 27 begärde
400 1092 111 26 ransakan,
527 1092 52 20 eller
589 1091 83 28 aflägge
684 1092 33 27 ed,
729 1094 31 18 att
770 1092 41 20 han

65 1125 37 20 har
117 1126 49 19 mist
181 1125 35 21 sitt
232 1126 39 20 och
287 1127 19 25 ej
322 1127 23 19 af
358 1126 76 25 illvilja
449 1126 48 20 sökt
511 1127 136 26 ransakning.
675 1127 25 26 Ej
717 1126 34 21 må
762 1133 46 13 man

64 1159 132 22 annorlunda
212 1160 90 21 ransaka
318 1161 23 20 af
354 1161 111 27 sjelftagen
476 1163 62 24 magt.
562 1161 43 20 Gör
616 1161 35 20 det
661 1161 79 27 någon;
751 1161 59 20 straf-

64 1194 31 21 fes
110 1194 68 21 såsom
193 1195 7 19 i
216 1195 26 20 24
258 1195 48 27 kap.
323 1195 129 28 Strafflagen
468 1199 53 23 sägs.

134 1241 25 20 13
175 1241 21 27 &.
225 1241 126 21 Misstänkes
371 1242 69 27 någon
457 1243 27 26 på
499 1242 110 21 sannolika
623 1242 46 20 skäl
686 1242 31 21 för
732 1244 76 25 stämp-

65 1276 44 26 ling
125 1278 43 18 mot
190 1278 79 18 statens
292 1277 98 20 säkerhet
409 1277 51 20 eller
478 1279 64 18 annat
561 1277 56 26 groft
635 1277 62 26 brott,
712 1276 52 21 eller
779 1277 32 20 för

64 1310 101 27 döljande
180 1311 23 20 af
218 1311 121 26 brottsling;
357 1311 34 20 må
410 1311 150 26 husransakan,
576 1311 36 20 der
629 1311 38 20 den
686 1312 32 19 för
733 1311 76 20 sakens

63 1345 141 24 uppdagande
227 1344 65 20 finnes
315 1345 71 25 nödig,
402 1345 37 19 hos
455 1345 76 19 honom
554 1345 101 19 anställas
670 1345 23 19 af
707 1344 100 26 Kejsaren

63 1377 39 20 och
119 1377 137 21 Storfurstens
273 1378 239 26 befallningshafvande,
527 1379 52 19 eller
593 1379 24 19 af
630 1379 132 25 kronofogde
777 1379 30 19 el-

62 1412 31 19 ler
109 1412 95 20 länsman
219 1412 28 28 på
262 1412 79 26 landet,
356 1413 52 20 eller
428 1412 201 28 magistratsperson,
647 1412 120 21 stadsfiskal
782 1413 27 20 el-

64 1447 30 20 ler
108 1445 102 29 polisman
226 1447 6 20 i
248 1447 53 21 stad.
332 1447 9 20 I
357 1447 40 21 mål
414 1454 32 13 om
466 1447 71 27 oloflig
553 1447 144 28 tillverkning,
713 1447 96 29 forsling,
