1023 1709
98 810 42 23 $2

100 1016 11 23 $
123 1016 17 18 3.

178 131 27 21 58

150 212 8 20 i
174 211 65 21 deras
255 209 163 23 beskaffenhet
433 210 26 22 så
469 210 51 22 vidt
530 210 93 30 möjligt
634 216 43 21 ega
687 210 118 27 garantier
817 208 81 31 derför,

150 246 33 21 att
203 244 68 22 dessa
285 243 110 23 samfund
410 243 52 23 icke
477 244 71 22 måtte
563 244 80 22 arbeta
658 244 7 22 i
681 250 29 15 en
725 243 34 23 för
774 244 123 22 nationens

151 279 44 23 och
209 278 93 23 landets
317 279 115 22 intressen
443 278 146 23 främmande
600 277 62 23 anda
672 277 44 23 och
727 277 102 31 fullfölja
838 278 61 22 blott

151 313 57 23 eller
222 313 162 23 företrädesvis
400 312 39 23 det
453 313 110 28 religiösa
577 312 152 30 partisinnets
745 312 44 22 och
805 312 94 23 sektvä-

150 348 93 23 sendets
259 348 82 28 syften.
372 347 82 23 Såsom
469 347 89 23 sådana
581 346 131 29 fordringar
735 354 56 15 anse
806 347 25 22 vi
847 346 54 30 den,

151 385 34 20 att
206 382 61 23 både
284 381 157 23 föreståndare
457 382 44 22 och
516 382 75 22 lärare
606 382 64 22 inom
687 381 213 23 dissenterförsam-

150 417 53 28 ling
221 417 58 22 böra
297 423 58 16 vara
370 416 77 22 finske
463 416 154 28 medborgare
633 416 44 23 och
693 423 43 21 ega
751 415 47 23 den
813 416 35 22 för
863 419 36 19 ut-

151 451 114 28 öfningen
288 450 26 23 af
335 450 66 22 deras
424 450 51 23 kall
497 452 70 26 nöiga
587 450 54 22 bild
657 452 64 26 ning.
751 450 11 22 I
777 450 47 22 den
838 450 63 23 förra

151 486 181 27 bestämningen
342 492 25 15 se
381 486 25 22 vi
421 493 29 15 en
466 484 72 29 nödig
554 485 88 27 borgen
650 485 33 23 för
691 484 210 23 dissenterförsam-

151 520 121 28 lingarnes
295 519 124 29 möjlighet
437 522 33 20 att
488 519 79 23 utöfva
584 522 31 19 ett
630 519 124 28 gagneligt
768 518 133 29 inflytande

151 555 31 29 på
204 554 74 22 folket
297 554 8 22 i
328 553 45 22 den
396 560 81 16 senare
499 561 29 15 en
550 554 93 27 garanti
665 556 48 20 mot
729 552 46 23 den
790 552 111 30 religiösa

152 589 147 28 fanatismen,
322 595 50 15 som
389 589 81 27 tyvärr
485 588 47 22 ofta
546 588 110 22 herrskat
671 589 64 21 inom
751 587 150 23 sektförsam-

152 623 109 27 lingarne
281 622 38 22 till
340 622 75 22 skada
430 622 33 22 för
479 622 39 22 det
533 622 106 28 religiöst
654 622 92 28 sedliga
761 622 140 30 inflytande,

153 657 68 23 dessa
236 656 56 30 eljes
307 656 94 22 kunnat
415 656 84 23 utöfva.

221 691 35 22 På
273 690 78 28 grund
366 691 25 22 af
403 690 65 23 hvad
483 692 25 21 vi
522 690 52 24 haft
589 692 56 21 äran
661 690 85 30 anföra,
761 690 95 23 föreslås
869 693 34 20 att

154 728 12 25 8
184 727 11 20 1
211 726 72 22 måtte
302 725 91 23 erhålla
407 732 90 16 samma
513 724 92 30 lydelse
620 732 50 16 som
685 726 8 21 i
709 724 94 29 Nädiga
818 732 83 22 propo-

154 760 106 22 sitionen.

221 794 11 22 I
249 794 106 29 enlighet
377 794 54 22 med
452 793 65 23 hvad
539 794 157 28 Kyrkomötet
718 793 69 23 äfven
810 794 92 29 uttalat,

154 836 55 15 anse
224 829 25 21 vi
265 830 38 28 att,
319 830 55 21 enär
390 831 31 20 ett
435 828 191 29 kyrkosamfund
641 828 52 22 icke
708 828 50 22 kan
773 828 130 29 behörigen

153 862 182 30 upprätthållas,
351 862 74 23 derest
441 862 38 23 det
495 863 77 23 består
583 862 25 22 af
617 862 77 22 alltför
705 862 24 22 få
739 870 109 22 personer
859 862 43 23 och

153 896 98 24 emedan
267 896 38 23 det
320 898 25 21 är
361 897 24 22 af
393 898 51 27 vigt
461 899 33 21 att
505 898 79 22 dessas
594 896 135 29 personliga
740 896 163 24 beskaffenhet

152 932 75 22 måste
249 931 98 30 erbjuda
369 932 78 28 någon
469 932 94 28 garanti
585 931 34 23 för
642 933 31 20 ett
693 931 99 23 ordnadt
807 931 96 23 försam-

153 966 99 28 lingslif,
267 966 9 22 i
291 968 11 24 $
317 966 42 22 bör
373 968 68 26 göras
457 968 32 21 ett
503 966 87 28 tillägg
605 966 8 22 i
623 965 85 23 sådant
723 966 65 28 syfte.

222 1000 35 23 De
279 1001 43 21 här
344 1000 119 23 förordade
487 1000 164 28 förändringar
665 1001 125 22 motiveras
807 1000 24 22 af
845 1000 58 23 nöd-

153 1034 160 30 vändigheten
335 1035 34 22 för
391 1037 75 21 staten
487 1038 33 20 att
534 1036 8 22 i
557 1034 121 23 ledarenes
693 1035 34 22 för
743 1034 160 23 dissenterför-

152 1069 163 29 samlingarna
337 1076 108 22 personer
470 1076 43 22 ega
532 1069 73 28 nödig
619 1070 93 27 garanti
727 1069 34 23 för
777 1069 67 23 dessa
859 1069 45 23 för-

153 1104 142 28 samlingars
318 1104 104 27 förmåga
445 1106 32 20 att
499 1105 63 21 inom
586 1104 36 27 sig
645 1104 164 29 upprätthålla
831 1103 73 29 nödig

154 1137 101 29 ordning
277 1138 44 22 och
345 1138 79 22 utöfva
447 1140 31 20 ett
498 1138 87 28 sedligt
608 1138 105 28 religiöst
728 1137 131 29 inflytande
873 1139 31 28 på

154 1173 53 22 sina
221 1172 158 23 medlemmar.

225 1209 10 23 $
255 1207 14 21 4
284 1207 8 21 i
308 1206 107 28 enlighet
430 1206 53 22 med
498 1213 71 23 prop.,
585 1208 24 24 $$
630 1208 19 28 5,
671 1208 31 28 11,
723 1207 26 21 12
764 1206 43 22 och
824 1206 26 22 14
866 1208 38 20 äro

154 1241 51 21 lika
220 1240 54 22 med
289 1240 163 22 motsvarande
468 1244 23 21 $$
507 1242 8 20 i
531 1240 50 22 U:ts
597 1240 98 29 förslag;
713 1242 12 24 &
743 1241 25 20 15
784 1240 51 22 lika
850 1240 54 22 med

156 1275 11 27 &
185 1275 26 21 16
226 1274 45 22 och
287 1276 11 23 $
315 1274 25 20 18
357 1273 51 23 lika
423 1274 54 21 med
493 1276 10 23 $
520 1274 32 21 19.

225 1308 38 22 Dä
285 1307 78 23 denna
379 1310 12 24 $
406 1309 25 20 är
445 1307 78 23 riktad
538 1309 50 21 mot
602 1307 93 30 möjligt
709 1307 196 29 proselytmakeri

142 1334 65 32 "från
223 1342 125 23 dissenters
364 1341 51 24 sida
430 1342 71 22 hafva
516 1342 25 22 vi
556 1344 76 21 ansett
648 1344 31 20 ett
693 1342 86 28 tillägg
794 1342 57 23 böra
865 1344 40 26 gö-

155 1384 45 22 ras,
222 1384 50 15 som
293 1376 119 31 förbjuder
434 1376 142 24 inrättandet
599 1376 24 23 af
641 1376 107 29 förening
763 1376 34 24 för
811 1377 94 28 religiös

157 1412 158 30 propaganda.

225 1446 34 22 Af
279 1452 90 16 samma
392 1446 69 22 orsak
483 1445 65 23 torde
571 1448 31 20 ett
624 1446 84 22 förbud
731 1446 34 22 för
781 1446 124 23 dissenters
