986 1709
246 118 35 25 U.
297 119 44 23 B.
357 131 29 6 —
400 119 101 29 Prop.
516 118 58 24 N:o
590 119 30 23 2.

333 490 139 27 Lagutskottets
493 490 109 22 hemställan
620 491 6 21 i
641 490 98 28 anledning
753 490 22 22 af
786 490 22 21 de

265 524 67 26 beslut,
347 524 53 22 hvari
416 523 79 23 Ständen
510 525 75 21 stannat
600 525 29 21 vid
644 525 131 27 behandlingen
789 524 21 22 af

265 557 65 29 nådiga
344 558 136 28 propositionen
490 558 92 29 angående
590 559 116 28 förflyttande
714 559 29 22 till
752 560 56 20 stats-

267 592 73 22 arkivet
354 593 22 21 af
388 593 153 22 häradsarkivens
555 594 51 21 äldre
621 594 114 28 handlingar.

128 656 31 22 Af
179 656 27 22 de
225 656 201 28 protokollsutdrag,
449 663 44 15 som
508 657 7 21 i
531 657 59 21 detta
604 657 77 22 ärende
695 657 113 22 tillhanda-

60 691 89 22 kommit
163 690 117 27 Utskottet,
295 690 39 22 har
348 690 111 23 Utskottet
473 691 103 22 inhemtat
590 693 32 19 att
637 692 96 26 samtliga
748 691 61 22 Stän-

62 726 39 21 den
123 725 94 26 beslutit,
237 724 49 22 med
301 724 135 23 förkastande
451 725 22 21 af
485 725 121 22 Utskottets
620 725 140 25 betänkande,
777 726 32 21 att

61 760 90 22 omfatta
165 760 36 20 det
215 759 85 27 förslag,
315 765 45 15 som
375 759 123 22 framställts
512 760 8 20 i
535 760 99 21 Friherre
643 760 23 22 G.
679 760 25 21 A.
712 760 97 27 Langen-

61 794 80 22 skiölds
155 793 144 22 betänkandet
309 794 111 26 vidfogade
430 794 134 26 reservation,
576 794 91 22 hvarhos
676 794 133 22 Prestestån-

62 830 35 21 det
107 828 69 22 tillika
185 828 79 22 uttalat
276 829 32 21 att
319 828 39 22 den
367 828 119 28 föreslagna
495 828 159 27 förordningens
662 828 147 28 ordalydelse
798 824 14 37 i

61 863 218 23 öfverensstämmelse
293 863 49 21 med
357 864 47 21 dess
418 863 70 22 beslut
497 863 84 22 komme
592 865 32 20 att
634 863 64 22 blifva
707 863 101 28 följande:

63 898 63 28 »Med
149 898 88 27 ändring
259 898 24 21 af
303 898 12 21 7
338 897 12 29 &
368 899 12 20 2
396 898 48 27 kap.
459 898 25 22 R.
499 898 24 22 B.
538 898 89 22 varder*
643 904 18 16 o.
677 904 16 15 s.
709 904 19 16 v.
744 898 66 27 enligt

63 934 39 22 den
124 933 78 27 nädiga
223 932 158 28 propositionen
395 932 132 22 oförändrad.
557 933 102 27 Borgare-
674 933 39 21 och
727 933 84 21 Bonde-

62 968 90 22 stånden
173 967 64 22 hafva
258 967 46 22 åter
326 968 117 21 remitterat
465 967 135 27 lagförslaget
621 967 89 22 tillbaka
723 967 34 21 till
771 967 40 21 Ut-

63 1002 80 22 skottet
164 1002 33 21 för
219 1003 32 20 att
272 1002 8 20 i
303 1002 91 26 enlighet
413 1002 48 21 med
475 1002 64 27 sagda
553 1002 130 21 reservation
698 1002 113 21 omformu-

63 1037 60 21 leras.

131 1115 12 23 I
157 1114 52 28 följd
223 1114 63 22 häraf
298 1114 33 22 får
344 1114 111 22 Utskottet
468 1115 108 21 vördsamt
591 1114 77 22 föreslå

270 1168 32 19 att
324 1166 101 27 samtliga
445 1166 96 21 Ständen
555 1166 65 21 måtte
630 1166 84 28 förena
729 1166 33 27 sig
777 1172 34 14 om

201 1200 42 22 den
257 1200 31 27 af
297 1200 161 21 Presteständet
474 1202 95 25 antagna
581 1200 144 28 formulering
735 1200 29 27 af
770 1199 41 21 den

196 1234 129 28 Jöreslagna
335 1234 172 28 författningen,
523 1240 45 15 som
582 1234 94 21 sålunda
690 1234 81 21 komme
781 1236 32 19 att

203 1268 83 22 erhälla
296 1268 106 28 följande
418 1268 90 28 lydelse:

338 1330 114 26 Förordning
474 1329 92 27 angående
588 1330 116 20 förvarandet
725 1330 22 20 af
762 1330 51 20 äldre

271 1362 30 22 till
315 1362 143 22 häradsarkiven
473 1362 79 21 hörande
567 1362 114 28 handlingar.

271 1418 51 22 Med
344 1418 95 28 ändring
461 1418 29 28 af
499 1419 15 19 7
528 1418 15 28 $
557 1420 16 20 2
587 1418 49 28 kap.
652 1418 26 22 B.
693 1418 27 22 B.
736 1419 77 21 varder

203 1453 125 28 härigenom
345 1452 146 28 Jörordnadt:
510 1454 30 19 att
556 1452 62 22 äldre
632 1453 9 20 i
655 1453 158 30 häradsrätter-

136 1493 139 24 Lagutskottets
287 1493 115 19 hemställan.
