1048 1711
220 152 12 21 8
528 150 40 22 N:o
584 150 19 22 1.

190 214 53 20 eller
266 213 40 20 ock
329 213 57 26 gälla
410 213 69 20 såsom
502 214 61 20 straff
577 214 31 20 för
625 214 83 20 brottet.
741 214 57 20 Dock
816 214 37 20 bör
869 214 73 20 afsätt-

189 248 58 26 ning,
267 248 128 25 ovärdighet
417 249 32 19 att
468 249 80 25 nyttjas
564 249 7 19 i
588 248 83 20 landets
688 248 70 26 tjenst,
774 248 106 26 skiljande
896 248 46 20 från

190 282 96 25 utöfning
310 282 23 19 af
354 280 70 27 tjenst,
441 282 53 19 eller
513 282 75 20 förlust
608 282 23 19 af
646 282 164 26 medborgerligt
826 282 118 25 fötroende,

190 322 43 14 som
249 315 67 27 enligt
332 315 53 20 finsk
402 315 35 27 lag
453 316 42 20 bör
511 317 12 19 &
540 317 77 19 brottet
634 316 57 26 följa,
702 315 76 21 honom
795 316 37 19 här
848 316 96 21 ådömas.

259 349 105 21 Utländsk
383 350 48 19 dom
453 350 5 19 i
478 350 100 20 brottmål
596 350 33 20 må
644 351 5 18 i
667 349 89 20 Finland
774 351 18 24 ej
810 350 134 20 verkställas.

259 385 11 19 5
286 386 17 22 6.
334 384 82 19 Varder
441 385 47 25 den,
509 391 43 13 som
570 385 5 19 i
592 384 90 20 Finland
699 384 88 20 innehar
803 387 65 17 annat
884 384 61 20 lands

190 419 70 27 tjenst,
277 418 37 20 här
337 418 90 20 tilltalad
454 419 31 19 för
508 419 57 20 brott
581 421 56 18 emot
652 418 77 20 allmän
746 418 42 26 lag,
804 418 82 21 hvilket
900 419 42 19 han

190 453 6 19 i
212 453 40 20 den
273 453 64 26 tjenst
353 453 84 26 begått;
453 453 54 20 skall
523 453 41 20 han
583 453 53 20 blott
652 453 32 19 för
700 453 77 20 brottet
792 455 56 18 emot
864 453 79 20 allmän

191 487 35 26 lag
248 487 33 20 till
304 487 61 20 straff
383 487 77 20 dömas.
491 481 19 26 Å
527 487 135 25 skadestånd,
678 493 44 14 som
739 487 101 26 härflyter
855 487 24 20 af
893 487 27 20 fel
936 487 8 20 i

190 521 65 20 sådan
272 522 69 25 tjenst,
359 521 32 20 må
406 521 56 20 finsk
480 522 34 27 lag
530 522 114 26 tillämpas.

260 557 12 19 6
287 558 16 22 $.
335 555 38 21 Om
392 557 54 19 brott
464 557 23 19 af
500 556 130 20 främmande
646 559 68 23 magts
730 555 140 28 beskickning
887 556 59 26 gälle

190 596 55 20 hvad
272 596 89 20 allmänt
387 599 23 17 är
437 596 125 26 vedertaget
592 596 52 20 eller
666 602 76 20 genom
766 596 84 26 fördrag
874 596 72 20 blifvit

190 630 106 25 stadgadt.

528 728 13 21 2
558 728 48 27 Kap.

481 778 42 23 Om
539 778 108 23 straffen.

260 833 9 18 1
287 833 16 23 $.
335 831 114 21 Allmänna
464 831 116 21 straffarter
596 831 49 28 ärof:

262 872 16 20 1.
309 870 125 22 Dödsstraff.

259 906 18 20 2.
308 905 103 20 Tukthus.

260 939 18 21 3.
309 940 111 26 Fängelse.

260 974 19 20 4.
309 974 71 21 Böter,

258 1008 109 20 Särskilda
383 1008 62 20 straff
459 1008 32 20 för
509 1009 124 25 tjenstemän
651 1010 45 18 äro:

261 1044 17 19 1.
309 1042 126 26 Afsättning.

260 1077 18 21 2.
308 1076 110 27 Skiljande
434 1076 45 20 från
499 1077 95 26 utöfning
610 1076 23 20 af
647 1077 69 25 tjenst.

258 1112 13 20 2
287 1112 17 26 8.
334 1111 157 20 Tukthusstraff
514 1111 86 20 ädömes
623 1111 100 26 antingen
749 1111 27 26 pä
799 1110 72 26 lifstid,
895 1110 54 21 eller

190 1145 27 27 pä
239 1143 42 22 viss
303 1145 36 25 tid,
356 1145 19 26 ej
393 1145 68 20 under
477 1151 37 14 sex
531 1145 100 20 månader
646 1145 40 19 och
702 1145 19 26 ej
739 1145 59 20 öfver
815 1144 40 20 tolf
869 1145 29 24 år,
915 1148 33 17 ut-

196 1186 34 14 om
245 1180 36 19 vid
297 1179 196 27 sammanläggning
509 1180 23 19 af
544 1179 66 20 straff.

264 1213 85 20 Straffet
361 1215 87 18 utsättes
463 1213 2 20 i
477 1213 48 20 hela
536 1213 106 25 mänader,
652 1213 52 20 eller
715 1213 29 24 är,
754 1213 52 20 eller
815 1213 47 20 hela
874 1213 22 20 är
907 1213 40 20 och

195 1247 105 19 mänader.
332 1247 43 18 När
399 1247 34 18 vid
457 1247 199 25 sammanläggning
680 1247 22 18 af
723 1247 61 18 straff
798 1247 95 24 fängelse
909 1247 39 19 bör

196 1281 86 25 öfvergå
298 1280 32 19 till
347 1280 91 24 tukthus,
453 1280 35 19 mä
503 1280 40 19 ock
560 1280 74 19 dömas
650 1280 31 19 till
698 1280 88 20 tukthus
796 1280 7 19 i
814 1280 49 19 hela
874 1280 74 25 dagar.

264 1313 12 20 3
292 1315 17 23 $.
339 1313 42 20 Till
405 1313 124 26 ovilkorligt
551 1313 157 26 fängelsestraff
720 1313 72 20 dömes
808 1314 28 26 pä
851 1314 43 19 viss
910 1313 38 26 tid,

196 1349 18 26 ej
232 1347 66 21 under
314 1347 76 27 fjorton
407 1347 66 26 dagar
489 1347 40 20 och
546 1348 17 25 ej
580 1347 60 20 öfver
655 1347 46 27 fyra
718 1348 28 26 är,
758 1350 56 18 utom
826 1351 38 17 när
875 1348 73 26 längre

188 1385 55 24 änge
252 1382 63 20 lsetid
339 1385 23 17 är
383 1381 102 21 särskildt
504 1382 150 26 föreskrifven,
671 1382 52 20 eller
740 1382 35 20 vid
792 1382 156 27 sammanlägg-

190 1417 52 26 ning
258 1416 23 21 af
294 1416 68 21 straff,

260 1451 87 20 Straffet
370 1453 86 18 utsättes
479 1451 6 20 i
502 1451 48 20 hela
566 1451 72 26 dagar,
655 1451 51 20 eller
723 1451 105 25 mänader,
846 1451 53 20 eller
915 1451 31 26 är,
