<?xml version="1.0" encoding="UTF-8"?>
<alto xmlns="http://www.loc.gov/standards/alto/ns-v3#" xmlns:xlink="http://www.w3.org/1999/xlink" xmlns:xsi="http://www.w3.org/2001/XMLSchema-instance" xsi:schemaLocation="http://www.loc.gov/standards/alto/ns-v3# http://www.loc.gov/alto/v3/alto-3-0.xsd">
	<Description>
		<MeasurementUnit>pixel</MeasurementUnit>
		<sourceImageInformation>
			<fileName>/tmp/tess_zkcic2o2_input.PNG</fileName>
		</sourceImageInformation>
		<OCRProcessing ID="OCR_0">
			<ocrProcessingStep>
				<processingSoftware>
					<softwareName>tesseract 5.3.4</softwareName>
				</processingSoftware>
			</ocrProcessingStep>
		</OCRProcessing>
	</Description>
	<Layout>
		<Page WIDTH="1014" HEIGHT="1706" PHYSICAL_IMG_NR="0" ID="page_0">
			<PrintSpace HPOS="0" VPOS="0" WIDTH="1014" HEIGHT="1706">
				<ComposedBlock ID="cblock_0" HPOS="304" VPOS="122" WIDTH="496" HEIGHT="31">
					<TextBlock ID="block_0" HPOS="304" VPOS="122" WIDTH="496" HEIGHT="31">
						<TextLine ID="line_0" HPOS="304" VPOS="122" WIDTH="496" HEIGHT="31">
							<String ID="string_0" HPOS="304" VPOS="122" WIDTH="64" HEIGHT="24" WC="0.93" CONTENT="Ständ."/><SP WIDTH="15" VPOS="122" HPOS="368"/>
							<String ID="string_1" HPOS="383" VPOS="122" WIDTH="30" HEIGHT="29" WC="0.72" CONTENT="$v."/><SP WIDTH="16" VPOS="122" HPOS="413"/>
							<String ID="string_2" HPOS="429" VPOS="136" WIDTH="27" HEIGHT="3" WC="0.92" CONTENT="—"/><SP WIDTH="15" VPOS="136" HPOS="456"/>
							<String ID="string_3" HPOS="471" VPOS="124" WIDTH="53" HEIGHT="29" WC="0.93" CONTENT="Prop."/><SP WIDTH="16" VPOS="124" HPOS="524"/>
							<String ID="string_4" HPOS="540" VPOS="124" WIDTH="31" HEIGHT="24" WC="0.82" CONTENT="N:o"/><SP WIDTH="14" VPOS="124" HPOS="571"/>
							<String ID="string_5" HPOS="585" VPOS="124" WIDTH="15" HEIGHT="23" WC="0.95" CONTENT="1."/><SP WIDTH="173" VPOS="124" HPOS="600"/>
							<String ID="string_6" HPOS="773" VPOS="124" WIDTH="27" HEIGHT="22" WC="0.95" CONTENT="87"/>
						</TextLine>
					</TextBlock>
				</ComposedBlock>
				<ComposedBlock ID="cblock_1" HPOS="80" VPOS="186" WIDTH="754" HEIGHT="1269">
					<TextBlock ID="block_1" HPOS="83" VPOS="186" WIDTH="748" HEIGHT="132">
						<TextLine ID="line_1" HPOS="85" VPOS="186" WIDTH="745" HEIGHT="32">
							<String ID="string_7" HPOS="85" VPOS="186" WIDTH="55" HEIGHT="22" WC="0.96" CONTENT="dana"/><SP WIDTH="21" VPOS="186" HPOS="140"/>
							<String ID="string_8" HPOS="161" VPOS="187" WIDTH="8" HEIGHT="22" WC="0.96" CONTENT="i"/><SP WIDTH="21" VPOS="187" HPOS="169"/>
							<String ID="string_9" HPOS="190" VPOS="188" WIDTH="104" HEIGHT="22" WC="0.95" CONTENT="särskilda"/><SP WIDTH="14" VPOS="188" HPOS="294"/>
							<String ID="string_10" HPOS="308" VPOS="188" WIDTH="150" HEIGHT="30" WC="0.96" CONTENT="författningar"/><SP WIDTH="13" VPOS="188" HPOS="458"/>
							<String ID="string_11" HPOS="471" VPOS="191" WIDTH="91" HEIGHT="21" WC="0.96" CONTENT="nämnda"/><SP WIDTH="13" VPOS="191" HPOS="562"/>
							<String ID="string_12" HPOS="575" VPOS="190" WIDTH="65" HEIGHT="28" WC="0.96" CONTENT="brott,"/><SP WIDTH="15" VPOS="190" HPOS="640"/>
							<String ID="string_13" HPOS="655" VPOS="190" WIDTH="72" HEIGHT="23" WC="0.95" CONTENT="hvilka"/><SP WIDTH="14" VPOS="190" HPOS="727"/>
							<String ID="string_14" HPOS="741" VPOS="193" WIDTH="37" HEIGHT="19" WC="0.93" CONTENT="äro"/><SP WIDTH="15" VPOS="193" HPOS="778"/>
							<String ID="string_15" HPOS="793" VPOS="190" WIDTH="37" HEIGHT="22" WC="0.92" CONTENT="be-"/>
						</TextLine>
						<TextLine ID="line_2" HPOS="84" VPOS="221" WIDTH="746" HEIGHT="31">
							<String ID="string_16" HPOS="84" VPOS="221" WIDTH="64" HEIGHT="27" WC="0.96" CONTENT="lagda"/><SP WIDTH="15" VPOS="221" HPOS="148"/>
							<String ID="string_17" HPOS="163" VPOS="222" WIDTH="73" HEIGHT="23" WC="0.96" CONTENT="endast"/><SP WIDTH="14" VPOS="222" HPOS="236"/>
							<String ID="string_18" HPOS="250" VPOS="223" WIDTH="48" HEIGHT="21" WC="0.96" CONTENT="med"/><SP WIDTH="15" VPOS="223" HPOS="298"/>
							<String ID="string_19" HPOS="313" VPOS="224" WIDTH="62" HEIGHT="21" WC="0.96" CONTENT="böter"/><SP WIDTH="15" VPOS="224" HPOS="375"/>
							<String ID="string_20" HPOS="390" VPOS="224" WIDTH="51" HEIGHT="22" WC="0.96" CONTENT="eller"/><SP WIDTH="14" VPOS="224" HPOS="441"/>
							<String ID="string_21" HPOS="455" VPOS="225" WIDTH="48" HEIGHT="21" WC="0.95" CONTENT="med"/><SP WIDTH="9" VPOS="225" HPOS="503"/>
							<String ID="string_22" HPOS="512" VPOS="225" WIDTH="92" HEIGHT="27" WC="0.96" CONTENT="fängelse"/><SP WIDTH="11" VPOS="225" HPOS="604"/>
							<String ID="string_23" HPOS="615" VPOS="225" WIDTH="18" HEIGHT="27" WC="0.96" CONTENT="ej"/><SP WIDTH="11" VPOS="225" HPOS="633"/>
							<String ID="string_24" HPOS="644" VPOS="224" WIDTH="58" HEIGHT="22" WC="0.96" CONTENT="öfver"/><SP WIDTH="10" VPOS="224" HPOS="702"/>
							<String ID="string_25" HPOS="712" VPOS="232" WIDTH="38" HEIGHT="15" WC="0.92" CONTENT="sex"/><SP WIDTH="9" VPOS="232" HPOS="750"/>
							<String ID="string_26" HPOS="759" VPOS="225" WIDTH="71" HEIGHT="22" WC="0.92" CONTENT="måna-"/>
						</TextLine>
						<TextLine ID="line_3" HPOS="83" VPOS="255" WIDTH="748" HEIGHT="31">
							<String ID="string_27" HPOS="83" VPOS="255" WIDTH="38" HEIGHT="21" WC="0.93" CONTENT="der"/><SP WIDTH="14" VPOS="255" HPOS="121"/>
							<String ID="string_28" HPOS="135" VPOS="266" WIDTH="30" HEIGHT="5" WC="0.92" CONTENT="—"/><SP WIDTH="14" VPOS="266" HPOS="165"/>
							<String ID="string_29" HPOS="179" VPOS="256" WIDTH="36" HEIGHT="22" WC="0.96" CONTENT="det"/><SP WIDTH="14" VPOS="256" HPOS="215"/>
							<String ID="string_30" HPOS="229" VPOS="257" WIDTH="76" HEIGHT="27" WC="0.96" CONTENT="högsta"/><SP WIDTH="15" VPOS="257" HPOS="305"/>
							<String ID="string_31" HPOS="320" VPOS="258" WIDTH="65" HEIGHT="26" WC="0.96" CONTENT="straff,"/><SP WIDTH="16" VPOS="258" HPOS="385"/>
							<String ID="string_32" HPOS="401" VPOS="265" WIDTH="45" HEIGHT="15" WC="0.92" CONTENT="som"/><SP WIDTH="14" VPOS="265" HPOS="446"/>
							<String ID="string_33" HPOS="460" VPOS="259" WIDTH="140" HEIGHT="22" WC="0.92" CONTENT="förekommar"/><SP WIDTH="14" VPOS="259" HPOS="600"/>
							<String ID="string_34" HPOS="614" VPOS="260" WIDTH="8" HEIGHT="21" WC="0.93" CONTENT="i"/><SP WIDTH="14" VPOS="260" HPOS="622"/>
							<String ID="string_35" HPOS="636" VPOS="260" WIDTH="85" HEIGHT="21" WC="0.92" CONTENT="41—44"/><SP WIDTH="14" VPOS="260" HPOS="721"/>
							<String ID="string_36" HPOS="735" VPOS="256" WIDTH="96" HEIGHT="30" WC="0.96" CONTENT="kapitlen"/>
						</TextLine>
						<TextLine ID="line_4" HPOS="83" VPOS="288" WIDTH="249" HEIGHT="30">
							<String ID="string_37" HPOS="83" VPOS="288" WIDTH="24" HEIGHT="22" WC="0.93" CONTENT="af"/><SP WIDTH="12" VPOS="288" HPOS="107"/>
							<String ID="string_38" HPOS="119" VPOS="289" WIDTH="213" HEIGHT="29" WC="0.91" CONTENT="strafflagsförslaget."/>
						</TextLine>
					</TextBlock>
					<TextBlock ID="block_2" HPOS="81" VPOS="324" WIDTH="752" HEIGHT="268">
						<TextLine ID="line_5" HPOS="151" VPOS="324" WIDTH="681" HEIGHT="30">
							<String ID="string_39" HPOS="151" VPOS="324" WIDTH="13" HEIGHT="21" WC="0.88" CONTENT="8"/><SP WIDTH="16" VPOS="324" HPOS="164"/>
							<String ID="string_40" HPOS="180" VPOS="324" WIDTH="18" HEIGHT="27" WC="0.88" CONTENT="8."/><SP WIDTH="29" VPOS="324" HPOS="198"/>
							<String ID="string_41" HPOS="227" VPOS="325" WIDTH="42" HEIGHT="21" WC="0.96" CONTENT="Det"/><SP WIDTH="19" VPOS="325" HPOS="269"/>
							<String ID="string_42" HPOS="288" VPOS="331" WIDTH="61" HEIGHT="21" WC="0.96" CONTENT="synes"/><SP WIDTH="15" VPOS="331" HPOS="349"/>
							<String ID="string_43" HPOS="364" VPOS="325" WIDTH="32" HEIGHT="22" WC="0.93" CONTENT="för"/><SP WIDTH="15" VPOS="325" HPOS="396"/>
							<String ID="string_44" HPOS="411" VPOS="326" WIDTH="170" HEIGHT="28" WC="0.91" CONTENT="ådagaläggande"/><SP WIDTH="15" VPOS="326" HPOS="581"/>
							<String ID="string_45" HPOS="596" VPOS="326" WIDTH="24" HEIGHT="22" WC="0.96" CONTENT="af"/><SP WIDTH="12" VPOS="326" HPOS="620"/>
							<String ID="string_46" HPOS="632" VPOS="327" WIDTH="41" HEIGHT="27" WC="0.96" CONTENT="god"/><SP WIDTH="15" VPOS="327" HPOS="673"/>
							<String ID="string_47" HPOS="688" VPOS="329" WIDTH="33" HEIGHT="20" WC="0.96" CONTENT="tro"/><SP WIDTH="16" VPOS="329" HPOS="721"/>
							<String ID="string_48" HPOS="737" VPOS="328" WIDTH="18" HEIGHT="26" WC="0.96" CONTENT="ej"/><SP WIDTH="16" VPOS="328" HPOS="755"/>
							<String ID="string_49" HPOS="771" VPOS="328" WIDTH="61" HEIGHT="21" WC="0.96" CONTENT="alltid"/>
						</TextLine>
						<TextLine ID="line_6" HPOS="82" VPOS="358" WIDTH="749" HEIGHT="30">
							<String ID="string_50" HPOS="82" VPOS="363" WIDTH="51" HEIGHT="16" WC="0.96" CONTENT="vara"/><SP WIDTH="15" VPOS="363" HPOS="133"/>
							<String ID="string_51" HPOS="148" VPOS="358" WIDTH="130" HEIGHT="29" WC="0.96" CONTENT="tillräckligt,"/><SP WIDTH="15" VPOS="358" HPOS="278"/>
							<String ID="string_52" HPOS="293" VPOS="361" WIDTH="32" HEIGHT="20" WC="0.96" CONTENT="att"/><SP WIDTH="15" VPOS="361" HPOS="325"/>
							<String ID="string_53" HPOS="340" VPOS="360" WIDTH="46" HEIGHT="27" WC="0.96" CONTENT="den,"/><SP WIDTH="15" VPOS="360" HPOS="386"/>
							<String ID="string_54" HPOS="401" VPOS="367" WIDTH="46" HEIGHT="15" WC="0.96" CONTENT="som"/><SP WIDTH="14" VPOS="367" HPOS="447"/>
							<String ID="string_55" HPOS="461" VPOS="360" WIDTH="70" HEIGHT="23" WC="0.96" CONTENT="funnit"/><SP WIDTH="15" VPOS="360" HPOS="531"/>
							<String ID="string_56" HPOS="546" VPOS="361" WIDTH="50" HEIGHT="21" WC="0.96" CONTENT="eller"/><SP WIDTH="14" VPOS="361" HPOS="596"/>
							<String ID="string_57" HPOS="610" VPOS="361" WIDTH="65" HEIGHT="22" WC="0.96" CONTENT="hittat"/><SP WIDTH="14" VPOS="361" HPOS="675"/>
							<String ID="string_58" HPOS="689" VPOS="362" WIDTH="65" HEIGHT="26" WC="0.93" CONTENT="något"/><SP WIDTH="10" VPOS="362" HPOS="754"/>
							<String ID="string_59" HPOS="764" VPOS="362" WIDTH="67" HEIGHT="26" WC="0.90" CONTENT=",inom"/>
						</TextLine>
						<TextLine ID="line_7" HPOS="82" VPOS="391" WIDTH="749" HEIGHT="32">
							<String ID="string_60" HPOS="82" VPOS="391" WIDTH="79" HEIGHT="28" WC="0.96" CONTENT="fjorton"/><SP WIDTH="22" VPOS="391" HPOS="161"/>
							<String ID="string_61" HPOS="183" VPOS="394" WIDTH="66" HEIGHT="27" WC="0.96" CONTENT="dagar"/><SP WIDTH="14" VPOS="394" HPOS="249"/>
							<String ID="string_62" HPOS="263" VPOS="394" WIDTH="48" HEIGHT="22" WC="0.96" CONTENT="låtit"/><SP WIDTH="19" VPOS="394" HPOS="311"/>
							<String ID="string_63" HPOS="330" VPOS="395" WIDTH="72" HEIGHT="21" WC="0.96" CONTENT="derom"/><SP WIDTH="14" VPOS="395" HPOS="402"/>
							<String ID="string_64" HPOS="416" VPOS="395" WIDTH="66" HEIGHT="27" WC="0.82" CONTENT="lysa&quot;,"/><SP WIDTH="15" VPOS="395" HPOS="482"/>
							<String ID="string_65" HPOS="497" VPOS="395" WIDTH="88" HEIGHT="22" WC="0.96" CONTENT="emedan"/><SP WIDTH="15" VPOS="395" HPOS="585"/>
							<String ID="string_66" HPOS="600" VPOS="396" WIDTH="75" HEIGHT="21" WC="0.96" CONTENT="sådant"/><SP WIDTH="15" VPOS="396" HPOS="675"/>
							<String ID="string_67" HPOS="690" VPOS="396" WIDTH="93" HEIGHT="27" WC="0.96" CONTENT="lysande,"/><SP WIDTH="15" VPOS="396" HPOS="783"/>
							<String ID="string_68" HPOS="798" VPOS="396" WIDTH="33" HEIGHT="22" WC="0.96" CONTENT="för"/>
						</TextLine>
						<TextLine ID="line_8" HPOS="82" VPOS="426" WIDTH="749" HEIGHT="31">
							<String ID="string_69" HPOS="82" VPOS="428" WIDTH="33" HEIGHT="20" WC="0.96" CONTENT="att"/><SP WIDTH="13" VPOS="428" HPOS="115"/>
							<String ID="string_70" HPOS="128" VPOS="426" WIDTH="131" HEIGHT="25" WC="0.96" CONTENT="förekomma"/><SP WIDTH="10" VPOS="426" HPOS="259"/>
							<String ID="string_71" HPOS="269" VPOS="430" WIDTH="133" HEIGHT="27" WC="0.96" CONTENT="misstankar,"/><SP WIDTH="15" VPOS="430" HPOS="402"/>
							<String ID="string_72" HPOS="417" VPOS="430" WIDTH="43" HEIGHT="21" WC="0.93" CONTENT="kan"/><SP WIDTH="14" VPOS="430" HPOS="460"/>
							<String ID="string_73" HPOS="474" VPOS="430" WIDTH="136" HEIGHT="22" WC="0.91" CONTENT="föranstaltas"/><SP WIDTH="15" VPOS="430" HPOS="610"/>
							<String ID="string_74" HPOS="625" VPOS="430" WIDTH="61" HEIGHT="22" WC="0.96" CONTENT="äfven"/><SP WIDTH="10" VPOS="430" HPOS="686"/>
							<String ID="string_75" HPOS="696" VPOS="431" WIDTH="23" HEIGHT="21" WC="0.96" CONTENT="af"/><SP WIDTH="8" VPOS="431" HPOS="719"/>
							<String ID="string_76" HPOS="727" VPOS="431" WIDTH="48" HEIGHT="25" WC="0.95" CONTENT="den,"/><SP WIDTH="11" VPOS="431" HPOS="775"/>
							<String ID="string_77" HPOS="786" VPOS="437" WIDTH="45" HEIGHT="15" WC="0.96" CONTENT="som"/>
						</TextLine>
						<TextLine ID="line_9" HPOS="82" VPOS="462" WIDTH="751" HEIGHT="30">
							<String ID="string_78" HPOS="82" VPOS="462" WIDTH="57" HEIGHT="21" WC="0.93" CONTENT="mala"/><SP WIDTH="14" VPOS="462" HPOS="139"/>
							<String ID="string_79" HPOS="153" VPOS="462" WIDTH="42" HEIGHT="22" WC="0.92" CONTENT="fide"/><SP WIDTH="15" VPOS="462" HPOS="195"/>
							<String ID="string_80" HPOS="210" VPOS="463" WIDTH="89" HEIGHT="22" WC="0.96" CONTENT="innehar"/><SP WIDTH="15" VPOS="463" HPOS="299"/>
							<String ID="string_81" HPOS="314" VPOS="470" WIDTH="26" HEIGHT="15" WC="0.95" CONTENT="en"/><SP WIDTH="15" VPOS="470" HPOS="340"/>
							<String ID="string_82" HPOS="355" VPOS="464" WIDTH="45" HEIGHT="22" WC="0.93" CONTENT="sak."/><SP WIDTH="23" VPOS="464" HPOS="400"/>
							<String ID="string_83" HPOS="423" VPOS="464" WIDTH="117" HEIGHT="23" WC="0.92" CONTENT="Ständerna"/><SP WIDTH="10" VPOS="464" HPOS="540"/>
							<String ID="string_84" HPOS="550" VPOS="465" WIDTH="62" HEIGHT="22" WC="0.93" CONTENT="hafva"/><SP WIDTH="10" VPOS="465" HPOS="612"/>
							<String ID="string_85" HPOS="622" VPOS="464" WIDTH="131" HEIGHT="23" WC="0.92" CONTENT="fördenskull"/><SP WIDTH="9" VPOS="464" HPOS="753"/>
							<String ID="string_86" HPOS="762" VPOS="465" WIDTH="71" HEIGHT="27" WC="0.96" CONTENT="tillagt"/>
						</TextLine>
						<TextLine ID="line_10" HPOS="82" VPOS="496" WIDTH="751" HEIGHT="31">
							<String ID="string_87" HPOS="82" VPOS="496" WIDTH="66" HEIGHT="22" WC="0.93" CONTENT="orden"/><SP WIDTH="15" VPOS="496" HPOS="148"/>
							<String ID="string_88" HPOS="163" VPOS="498" WIDTH="50" HEIGHT="27" WC="0.61" CONTENT=",bör"/><SP WIDTH="15" VPOS="498" HPOS="213"/>
							<String ID="string_89" HPOS="228" VPOS="498" WIDTH="76" HEIGHT="22" WC="0.96" CONTENT="sådant"/><SP WIDTH="14" VPOS="498" HPOS="304"/>
							<String ID="string_90" HPOS="318" VPOS="501" WIDTH="74" HEIGHT="24" WC="0.91" CONTENT="genast"/><SP WIDTH="14" VPOS="501" HPOS="392"/>
							<String ID="string_91" HPOS="406" VPOS="499" WIDTH="180" HEIGHT="28" WC="0.91" CONTENT="tillkännagifva*,"/><SP WIDTH="16" VPOS="499" HPOS="586"/>
							<String ID="string_92" HPOS="602" VPOS="501" WIDTH="51" HEIGHT="20" WC="0.96" CONTENT="enär"/><SP WIDTH="11" VPOS="501" HPOS="653"/>
							<String ID="string_93" HPOS="664" VPOS="500" WIDTH="35" HEIGHT="21" WC="0.96" CONTENT="det"/><SP WIDTH="10" VPOS="500" HPOS="699"/>
							<String ID="string_94" HPOS="709" VPOS="506" WIDTH="62" HEIGHT="20" WC="0.96" CONTENT="synes"/><SP WIDTH="10" VPOS="506" HPOS="771"/>
							<String ID="string_95" HPOS="781" VPOS="506" WIDTH="52" HEIGHT="15" WC="0.96" CONTENT="vara"/>
						</TextLine>
						<TextLine ID="line_11" HPOS="81" VPOS="528" WIDTH="752" HEIGHT="33">
							<String ID="string_96" HPOS="81" VPOS="530" WIDTH="113" HEIGHT="29" WC="0.91" CONTENT="sjelffallet,"/><SP WIDTH="22" VPOS="530" HPOS="194"/>
							<String ID="string_97" HPOS="216" VPOS="534" WIDTH="32" HEIGHT="20" WC="0.96" CONTENT="att"/><SP WIDTH="17" VPOS="534" HPOS="248"/>
							<String ID="string_98" HPOS="265" VPOS="540" WIDTH="27" HEIGHT="14" WC="0.93" CONTENT="en"/><SP WIDTH="18" VPOS="540" HPOS="292"/>
							<String ID="string_99" HPOS="310" VPOS="533" WIDTH="68" HEIGHT="28" WC="0.90" CONTENT="redlig"/><SP WIDTH="17" VPOS="533" HPOS="378"/>
							<String ID="string_100" HPOS="395" VPOS="528" WIDTH="78" HEIGHT="27" WC="0.96" CONTENT="hittare"/><SP WIDTH="21" VPOS="528" HPOS="473"/>
							<String ID="string_101" HPOS="494" VPOS="534" WIDTH="89" HEIGHT="22" WC="0.96" CONTENT="omtalar"/><SP WIDTH="17" VPOS="534" HPOS="583"/>
							<String ID="string_102" HPOS="600" VPOS="534" WIDTH="38" HEIGHT="21" WC="0.96" CONTENT="sitt"/><SP WIDTH="13" VPOS="534" HPOS="638"/>
							<String ID="string_103" HPOS="651" VPOS="534" WIDTH="53" HEIGHT="27" WC="0.96" CONTENT="fynd"/><SP WIDTH="13" VPOS="534" HPOS="704"/>
							<String ID="string_104" HPOS="717" VPOS="534" WIDTH="34" HEIGHT="21" WC="0.96" CONTENT="för"/><SP WIDTH="14" VPOS="534" HPOS="751"/>
							<String ID="string_105" HPOS="765" VPOS="534" WIDTH="68" HEIGHT="22" WC="0.95" CONTENT="andra"/>
						</TextLine>
						<TextLine ID="line_12" HPOS="81" VPOS="572" WIDTH="107" HEIGHT="20">
							<String ID="string_106" HPOS="81" VPOS="572" WIDTH="107" HEIGHT="20" WC="0.95" CONTENT="personer."/>
						</TextLine>
					</TextBlock>
					<TextBlock ID="block_3" HPOS="81" VPOS="600" WIDTH="752" HEIGHT="132">
						<TextLine ID="line_13" HPOS="150" VPOS="600" WIDTH="683" HEIGHT="30">
							<String ID="string_107" HPOS="150" VPOS="600" WIDTH="46" HEIGHT="27" WC="0.75" CONTENT="98."/><SP WIDTH="29" VPOS="600" HPOS="196"/>
							<String ID="string_108" HPOS="225" VPOS="601" WIDTH="73" HEIGHT="22" WC="0.90" CONTENT="Andra"/><SP WIDTH="22" VPOS="601" HPOS="298"/>
							<String ID="string_109" HPOS="320" VPOS="602" WIDTH="112" HEIGHT="27" WC="0.95" CONTENT="meningen"/><SP WIDTH="22" VPOS="602" HPOS="432"/>
							<String ID="string_110" HPOS="454" VPOS="603" WIDTH="7" HEIGHT="21" WC="0.96" CONTENT="i"/><SP WIDTH="15" VPOS="603" HPOS="461"/>
							<String ID="string_111" HPOS="476" VPOS="603" WIDTH="68" HEIGHT="21" WC="0.96" CONTENT="denna"/><SP WIDTH="15" VPOS="603" HPOS="544"/>
							<String ID="string_112" HPOS="559" VPOS="602" WIDTH="17" HEIGHT="28" WC="0.45" CONTENT="8,"/><SP WIDTH="16" VPOS="602" HPOS="576"/>
							<String ID="string_113" HPOS="592" VPOS="602" WIDTH="102" HEIGHT="27" WC="0.92" CONTENT="börjande"/><SP WIDTH="14" VPOS="602" HPOS="694"/>
							<String ID="string_114" HPOS="708" VPOS="603" WIDTH="49" HEIGHT="21" WC="0.96" CONTENT="med"/><SP WIDTH="15" VPOS="603" HPOS="757"/>
							<String ID="string_115" HPOS="772" VPOS="602" WIDTH="61" HEIGHT="22" WC="0.96" CONTENT="ordet"/>
						</TextLine>
						<TextLine ID="line_14" HPOS="81" VPOS="634" WIDTH="752" HEIGHT="30">
							<String ID="string_116" HPOS="81" VPOS="634" WIDTH="111" HEIGHT="28" WC="0.44" CONTENT="nFinnes*,"/><SP WIDTH="21" VPOS="634" HPOS="192"/>
							<String ID="string_117" HPOS="213" VPOS="635" WIDTH="61" HEIGHT="23" WC="0.93" CONTENT="hafva"/><SP WIDTH="20" VPOS="635" HPOS="274"/>
							<String ID="string_118" HPOS="294" VPOS="636" WIDTH="117" HEIGHT="22" WC="0.92" CONTENT="Ständerna"/><SP WIDTH="17" VPOS="636" HPOS="411"/>
							<String ID="string_119" HPOS="428" VPOS="637" WIDTH="104" HEIGHT="27" WC="0.95" CONTENT="uteslutit,"/><SP WIDTH="21" VPOS="637" HPOS="532"/>
							<String ID="string_120" HPOS="553" VPOS="636" WIDTH="88" HEIGHT="22" WC="0.96" CONTENT="emedan"/><SP WIDTH="20" VPOS="636" HPOS="641"/>
							<String ID="string_121" HPOS="661" VPOS="638" WIDTH="36" HEIGHT="20" WC="0.96" CONTENT="det"/><SP WIDTH="14" VPOS="638" HPOS="697"/>
							<String ID="string_122" HPOS="711" VPOS="637" WIDTH="40" HEIGHT="22" WC="0.93" CONTENT="här"/><SP WIDTH="14" VPOS="637" HPOS="751"/>
							<String ID="string_123" HPOS="765" VPOS="638" WIDTH="68" HEIGHT="20" WC="0.92" CONTENT="omta-"/>
						</TextLine>
						<TextLine ID="line_15" HPOS="81" VPOS="668" WIDTH="751" HEIGHT="30">
							<String ID="string_124" HPOS="81" VPOS="668" WIDTH="49" HEIGHT="22" WC="0.93" CONTENT="lade"/><SP WIDTH="15" VPOS="668" HPOS="130"/>
							<String ID="string_125" HPOS="145" VPOS="669" WIDTH="97" HEIGHT="27" WC="0.90" CONTENT="lysandet"/><SP WIDTH="14" VPOS="669" HPOS="242"/>
							<String ID="string_126" HPOS="256" VPOS="671" WIDTH="20" HEIGHT="27" WC="0.96" CONTENT="ej"/><SP WIDTH="15" VPOS="671" HPOS="276"/>
							<String ID="string_127" HPOS="291" VPOS="671" WIDTH="7" HEIGHT="21" WC="0.96" CONTENT="i"/><SP WIDTH="16" VPOS="671" HPOS="298"/>
							<String ID="string_128" HPOS="314" VPOS="670" WIDTH="42" HEIGHT="22" WC="0.96" CONTENT="alla"/><SP WIDTH="15" VPOS="670" HPOS="356"/>
							<String ID="string_129" HPOS="371" VPOS="671" WIDTH="113" HEIGHT="21" WC="0.95" CONTENT="händelser"/><SP WIDTH="15" VPOS="671" HPOS="484"/>
							<String ID="string_130" HPOS="499" VPOS="671" WIDTH="41" HEIGHT="22" WC="0.95" CONTENT="kan"/><SP WIDTH="15" VPOS="671" HPOS="540"/>
							<String ID="string_131" HPOS="555" VPOS="678" WIDTH="50" HEIGHT="15" WC="0.96" CONTENT="vara"/><SP WIDTH="15" VPOS="678" HPOS="605"/>
							<String ID="string_132" HPOS="620" VPOS="671" WIDTH="33" HEIGHT="21" WC="0.93" CONTENT="till"/><SP WIDTH="14" VPOS="671" HPOS="653"/>
							<String ID="string_133" HPOS="667" VPOS="671" WIDTH="61" HEIGHT="27" WC="0.93" CONTENT="fylles"/><SP WIDTH="15" VPOS="671" HPOS="728"/>
							<String ID="string_134" HPOS="743" VPOS="671" WIDTH="33" HEIGHT="21" WC="0.92" CONTENT="för"/><SP WIDTH="15" VPOS="671" HPOS="776"/>
							<String ID="string_135" HPOS="791" VPOS="671" WIDTH="41" HEIGHT="22" WC="0.92" CONTENT="hit-"/>
						</TextLine>
						<TextLine ID="line_16" HPOS="81" VPOS="704" WIDTH="407" HEIGHT="28">
							<String ID="string_136" HPOS="81" VPOS="704" WIDTH="52" HEIGHT="26" WC="0.96" CONTENT="tare,"/><SP WIDTH="16" VPOS="704" HPOS="133"/>
							<String ID="string_137" HPOS="149" VPOS="710" WIDTH="45" HEIGHT="16" WC="0.96" CONTENT="som"/><SP WIDTH="16" VPOS="710" HPOS="194"/>
							<String ID="string_138" HPOS="210" VPOS="704" WIDTH="54" HEIGHT="22" WC="0.96" CONTENT="skall"/><SP WIDTH="14" VPOS="704" HPOS="264"/>
							<String ID="string_139" HPOS="278" VPOS="707" WIDTH="52" HEIGHT="25" WC="0.96" CONTENT="göra"/><SP WIDTH="14" VPOS="707" HPOS="330"/>
							<String ID="string_140" HPOS="344" VPOS="706" WIDTH="32" HEIGHT="26" WC="0.93" CONTENT="sig"/><SP WIDTH="14" VPOS="706" HPOS="376"/>
							<String ID="string_141" HPOS="390" VPOS="705" WIDTH="98" HEIGHT="27" WC="0.91" CONTENT="urtjufva."/>
						</TextLine>
					</TextBlock>
					<TextBlock ID="block_4" HPOS="80" VPOS="738" WIDTH="753" HEIGHT="132">
						<TextLine ID="line_17" HPOS="150" VPOS="738" WIDTH="681" HEIGHT="30">
							<String ID="string_142" HPOS="150" VPOS="739" WIDTH="28" HEIGHT="21" WC="0.91" CONTENT="10"/><SP WIDTH="15" VPOS="739" HPOS="178"/>
							<String ID="string_143" HPOS="193" VPOS="738" WIDTH="18" HEIGHT="28" WC="0.88" CONTENT="$."/><SP WIDTH="29" VPOS="738" HPOS="211"/>
							<String ID="string_144" HPOS="240" VPOS="740" WIDTH="62" HEIGHT="21" WC="0.96" CONTENT="Hvad"/><SP WIDTH="19" VPOS="740" HPOS="302"/>
							<String ID="string_145" HPOS="321" VPOS="740" WIDTH="39" HEIGHT="22" WC="0.96" CONTENT="här"/><SP WIDTH="18" VPOS="740" HPOS="360"/>
							<String ID="string_146" HPOS="378" VPOS="743" WIDTH="24" HEIGHT="19" WC="0.93" CONTENT="är"/><SP WIDTH="18" VPOS="743" HPOS="402"/>
							<String ID="string_147" HPOS="420" VPOS="741" WIDTH="99" HEIGHT="27" WC="0.91" CONTENT="stadgadt"/><SP WIDTH="15" VPOS="741" HPOS="519"/>
							<String ID="string_148" HPOS="534" VPOS="747" WIDTH="34" HEIGHT="15" WC="0.93" CONTENT="om"/><SP WIDTH="14" VPOS="747" HPOS="568"/>
							<String ID="string_149" HPOS="582" VPOS="740" WIDTH="88" HEIGHT="22" WC="0.92" CONTENT="klander"/><SP WIDTH="15" VPOS="740" HPOS="670"/>
							<String ID="string_150" HPOS="685" VPOS="740" WIDTH="23" HEIGHT="21" WC="0.96" CONTENT="af"/><SP WIDTH="14" VPOS="740" HPOS="708"/>
							<String ID="string_151" HPOS="722" VPOS="740" WIDTH="109" HEIGHT="28" WC="0.96" CONTENT="egendom,"/>
						</TextLine>
						<TextLine ID="line_18" HPOS="81" VPOS="773" WIDTH="751" HEIGHT="29">
							<String ID="string_152" HPOS="81" VPOS="778" WIDTH="45" HEIGHT="16" WC="0.93" CONTENT="som"/><SP WIDTH="16" VPOS="778" HPOS="126"/>
							<String ID="string_153" HPOS="142" VPOS="773" WIDTH="98" HEIGHT="23" WC="0.92" CONTENT="afhändts"/><SP WIDTH="16" VPOS="773" HPOS="240"/>
							<String ID="string_154" HPOS="256" VPOS="775" WIDTH="49" HEIGHT="21" WC="0.92" CONTENT="dess"/><SP WIDTH="15" VPOS="775" HPOS="305"/>
							<String ID="string_155" HPOS="320" VPOS="775" WIDTH="136" HEIGHT="21" WC="0.91" CONTENT="innehafvare"/><SP WIDTH="14" VPOS="775" HPOS="456"/>
							<String ID="string_156" HPOS="470" VPOS="781" WIDTH="76" HEIGHT="21" WC="0.93" CONTENT="genom"/><SP WIDTH="10" VPOS="781" HPOS="546"/>
							<String ID="string_157" HPOS="556" VPOS="774" WIDTH="62" HEIGHT="27" WC="0.92" CONTENT="stöld,"/><SP WIDTH="11" VPOS="774" HPOS="618"/>
							<String ID="string_158" HPOS="629" VPOS="775" WIDTH="38" HEIGHT="21" WC="0.96" CONTENT="rän"/><SP WIDTH="10" VPOS="775" HPOS="667"/>
							<String ID="string_159" HPOS="677" VPOS="774" WIDTH="52" HEIGHT="22" WC="0.93" CONTENT="eller"/><SP WIDTH="9" VPOS="774" HPOS="729"/>
							<String ID="string_160" HPOS="738" VPOS="777" WIDTH="94" HEIGHT="25" WC="0.90" CONTENT="utpress-"/>
						</TextLine>
						<TextLine ID="line_19" HPOS="81" VPOS="807" WIDTH="752" HEIGHT="29">
							<String ID="string_161" HPOS="81" VPOS="807" WIDTH="56" HEIGHT="27" WC="0.93" CONTENT="ning,"/><SP WIDTH="16" VPOS="807" HPOS="137"/>
							<String ID="string_162" HPOS="153" VPOS="814" WIDTH="63" HEIGHT="20" WC="0.93" CONTENT="synes"/><SP WIDTH="14" VPOS="814" HPOS="216"/>
							<String ID="string_163" HPOS="230" VPOS="808" WIDTH="53" HEIGHT="22" WC="0.93" CONTENT="böra"/><SP WIDTH="15" VPOS="808" HPOS="283"/>
							<String ID="string_164" HPOS="298" VPOS="810" WIDTH="56" HEIGHT="25" WC="0.93" CONTENT="gälla"/><SP WIDTH="14" VPOS="810" HPOS="354"/>
							<String ID="string_165" HPOS="368" VPOS="809" WIDTH="62" HEIGHT="21" WC="0.92" CONTENT="äfven"/><SP WIDTH="15" VPOS="809" HPOS="430"/>
							<String ID="string_166" HPOS="445" VPOS="810" WIDTH="76" HEIGHT="21" WC="0.91" CONTENT="sädant"/><SP WIDTH="14" VPOS="810" HPOS="521"/>
							<String ID="string_167" HPOS="535" VPOS="809" WIDTH="59" HEIGHT="27" WC="0.96" CONTENT="gods,"/><SP WIDTH="10" VPOS="809" HPOS="594"/>
							<String ID="string_168" HPOS="604" VPOS="815" WIDTH="45" HEIGHT="15" WC="0.97" CONTENT="som"/><SP WIDTH="10" VPOS="815" HPOS="649"/>
							<String ID="string_169" HPOS="659" VPOS="815" WIDTH="77" HEIGHT="21" WC="0.93" CONTENT="genom"/><SP WIDTH="9" VPOS="815" HPOS="736"/>
							<String ID="string_170" HPOS="745" VPOS="810" WIDTH="88" HEIGHT="20" WC="0.92" CONTENT="snatteri"/>
						</TextLine>
						<TextLine ID="line_20" HPOS="80" VPOS="840" WIDTH="226" HEIGHT="30">
							<String ID="string_171" HPOS="80" VPOS="840" WIDTH="127" HEIGHT="24" WC="0.92" CONTENT="fränhändts"/><SP WIDTH="15" VPOS="840" HPOS="207"/>
							<String ID="string_172" HPOS="222" VPOS="849" WIDTH="84" HEIGHT="21" WC="0.93" CONTENT="egaren."/>
						</TextLine>
					</TextBlock>
					<TextBlock ID="block_5" HPOS="81" VPOS="876" WIDTH="753" HEIGHT="235">
						<TextLine ID="line_21" HPOS="151" VPOS="876" WIDTH="682" HEIGHT="28">
							<String ID="string_173" HPOS="151" VPOS="876" WIDTH="25" HEIGHT="22" WC="0.96" CONTENT="17"/><SP WIDTH="17" VPOS="876" HPOS="176"/>
							<String ID="string_174" HPOS="193" VPOS="876" WIDTH="17" HEIGHT="28" WC="0.93" CONTENT="8."/><SP WIDTH="30" VPOS="876" HPOS="210"/>
							<String ID="string_175" HPOS="240" VPOS="877" WIDTH="30" HEIGHT="21" WC="0.96" CONTENT="Af"/><SP WIDTH="18" VPOS="877" HPOS="270"/>
							<String ID="string_176" HPOS="288" VPOS="877" WIDTH="47" HEIGHT="22" WC="0.93" CONTENT="skäl"/><SP WIDTH="18" VPOS="877" HPOS="335"/>
							<String ID="string_177" HPOS="353" VPOS="877" WIDTH="71" HEIGHT="22" WC="0.96" CONTENT="hvilka"/><SP WIDTH="19" VPOS="877" HPOS="424"/>
							<String ID="string_178" HPOS="443" VPOS="878" WIDTH="65" HEIGHT="21" WC="0.96" CONTENT="redan"/><SP WIDTH="18" VPOS="878" HPOS="508"/>
							<String ID="string_179" HPOS="526" VPOS="877" WIDTH="35" HEIGHT="22" WC="0.96" CONTENT="vid"/><SP WIDTH="17" VPOS="877" HPOS="561"/>
							<String ID="string_180" HPOS="578" VPOS="877" WIDTH="15" HEIGHT="21" WC="0.93" CONTENT="4"/><SP WIDTH="17" VPOS="877" HPOS="593"/>
							<String ID="string_181" HPOS="610" VPOS="877" WIDTH="11" HEIGHT="27" WC="0.68" CONTENT="$"/><SP WIDTH="15" VPOS="877" HPOS="621"/>
							<String ID="string_182" HPOS="636" VPOS="877" WIDTH="13" HEIGHT="21" WC="0.96" CONTENT="8"/><SP WIDTH="14" VPOS="877" HPOS="649"/>
							<String ID="string_183" HPOS="663" VPOS="877" WIDTH="49" HEIGHT="27" WC="0.96" CONTENT="kap."/><SP WIDTH="15" VPOS="877" HPOS="712"/>
							<String ID="string_184" HPOS="727" VPOS="877" WIDTH="24" HEIGHT="21" WC="0.93" CONTENT="af"/><SP WIDTH="12" VPOS="877" HPOS="751"/>
							<String ID="string_185" HPOS="763" VPOS="877" WIDTH="70" HEIGHT="22" WC="0.91" CONTENT="strafi-"/>
						</TextLine>
						<TextLine ID="line_22" HPOS="81" VPOS="910" WIDTH="752" HEIGHT="28">
							<String ID="string_186" HPOS="81" VPOS="910" WIDTH="149" HEIGHT="28" WC="0.92" CONTENT="lagsförslaget"/><SP WIDTH="21" VPOS="910" HPOS="230"/>
							<String ID="string_187" HPOS="251" VPOS="911" WIDTH="88" HEIGHT="27" WC="0.92" CONTENT="anförts,"/><SP WIDTH="23" VPOS="911" HPOS="339"/>
							<String ID="string_188" HPOS="362" VPOS="912" WIDTH="63" HEIGHT="21" WC="0.92" CONTENT="hafva"/><SP WIDTH="20" VPOS="912" HPOS="425"/>
							<String ID="string_189" HPOS="445" VPOS="912" WIDTH="119" HEIGHT="21" WC="0.92" CONTENT="Ständerna"/><SP WIDTH="21" VPOS="912" HPOS="564"/>
							<String ID="string_190" HPOS="585" VPOS="912" WIDTH="55" HEIGHT="21" WC="0.96" CONTENT="efter"/><SP WIDTH="14" VPOS="912" HPOS="640"/>
							<String ID="string_191" HPOS="654" VPOS="912" WIDTH="69" HEIGHT="21" WC="0.93" CONTENT="denna"/><SP WIDTH="7" VPOS="912" HPOS="723"/>
							<String ID="string_192" HPOS="730" VPOS="906" WIDTH="10" HEIGHT="37" WC="0.92" CONTENT="$"/><SP WIDTH="23" VPOS="906" HPOS="740"/>
							<String ID="string_193" HPOS="763" VPOS="911" WIDTH="70" HEIGHT="27" WC="0.89" CONTENT="tillagt"/>
						</TextLine>
						<TextLine ID="line_23" HPOS="82" VPOS="945" WIDTH="751" HEIGHT="28">
							<String ID="string_194" HPOS="82" VPOS="951" WIDTH="27" HEIGHT="15" WC="0.96" CONTENT="en"/><SP WIDTH="15" VPOS="951" HPOS="109"/>
							<String ID="string_195" HPOS="124" VPOS="952" WIDTH="28" HEIGHT="20" WC="0.93" CONTENT="ny"/><SP WIDTH="15" VPOS="952" HPOS="152"/>
							<String ID="string_196" HPOS="167" VPOS="945" WIDTH="18" HEIGHT="27" WC="0.81" CONTENT="$,"/><SP WIDTH="16" VPOS="945" HPOS="185"/>
							<String ID="string_197" HPOS="201" VPOS="946" WIDTH="150" HEIGHT="22" WC="0.84" CONTENT="innehållande"/><SP WIDTH="15" VPOS="946" HPOS="351"/>
							<String ID="string_198" HPOS="366" VPOS="946" WIDTH="156" HEIGHT="27" WC="0.95" CONTENT="bestämningar"/><SP WIDTH="15" VPOS="946" HPOS="522"/>
							<String ID="string_199" HPOS="537" VPOS="952" WIDTH="35" HEIGHT="15" WC="0.96" CONTENT="om"/><SP WIDTH="10" VPOS="952" HPOS="572"/>
							<String ID="string_200" HPOS="582" VPOS="945" WIDTH="77" HEIGHT="22" WC="0.93" CONTENT="allmän"/><SP WIDTH="10" VPOS="945" HPOS="659"/>
							<String ID="string_201" HPOS="669" VPOS="945" WIDTH="111" HEIGHT="28" WC="0.92" CONTENT="äklagares"/><SP WIDTH="10" VPOS="945" HPOS="780"/>
							<String ID="string_202" HPOS="790" VPOS="947" WIDTH="43" HEIGHT="20" WC="0.96" CONTENT="rätt"/>
						</TextLine>
						<TextLine ID="line_24" HPOS="83" VPOS="980" WIDTH="750" HEIGHT="28">
							<String ID="string_203" HPOS="83" VPOS="981" WIDTH="32" HEIGHT="20" WC="0.93" CONTENT="att"/><SP WIDTH="15" VPOS="981" HPOS="115"/>
							<String ID="string_204" HPOS="130" VPOS="981" WIDTH="49" HEIGHT="26" WC="0.93" CONTENT="taga"/><SP WIDTH="16" VPOS="981" HPOS="179"/>
							<String ID="string_205" HPOS="195" VPOS="981" WIDTH="30" HEIGHT="27" WC="0.93" CONTENT="sig"/><SP WIDTH="15" VPOS="981" HPOS="225"/>
							<String ID="string_206" HPOS="240" VPOS="980" WIDTH="64" HEIGHT="28" WC="0.93" CONTENT="talan,"/><SP WIDTH="16" VPOS="980" HPOS="304"/>
							<String ID="string_207" HPOS="320" VPOS="982" WIDTH="7" HEIGHT="20" WC="0.96" CONTENT="i"/><SP WIDTH="13" VPOS="982" HPOS="327"/>
							<String ID="string_208" HPOS="340" VPOS="980" WIDTH="38" HEIGHT="22" WC="0.93" CONTENT="fall"/><SP WIDTH="14" VPOS="980" HPOS="378"/>
							<String ID="string_209" HPOS="392" VPOS="981" WIDTH="135" HEIGHT="27" WC="0.92" CONTENT="mälsegande"/><SP WIDTH="15" VPOS="981" HPOS="527"/>
							<String ID="string_210" HPOS="542" VPOS="980" WIDTH="36" HEIGHT="22" WC="0.93" CONTENT="vid"/><SP WIDTH="13" VPOS="980" HPOS="578"/>
							<String ID="string_211" HPOS="591" VPOS="980" WIDTH="60" HEIGHT="27" WC="0.92" CONTENT="fräga"/><SP WIDTH="14" VPOS="980" HPOS="651"/>
							<String ID="string_212" HPOS="665" VPOS="987" WIDTH="35" HEIGHT="15" WC="0.96" CONTENT="om"/><SP WIDTH="11" VPOS="987" HPOS="700"/>
							<String ID="string_213" HPOS="711" VPOS="981" WIDTH="66" HEIGHT="26" WC="0.95" CONTENT="brott,"/><SP WIDTH="11" VPOS="981" HPOS="777"/>
							<String ID="string_214" HPOS="788" VPOS="986" WIDTH="45" HEIGHT="16" WC="0.96" CONTENT="som"/>
						</TextLine>
						<TextLine ID="line_25" HPOS="85" VPOS="1014" WIDTH="748" HEIGHT="28">
							<String ID="string_215" HPOS="85" VPOS="1014" WIDTH="75" HEIGHT="22" WC="0.93" CONTENT="endast"/><SP WIDTH="22" VPOS="1014" HPOS="160"/>
							<String ID="string_216" HPOS="182" VPOS="1014" WIDTH="23" HEIGHT="22" WC="0.96" CONTENT="af"/><SP WIDTH="20" VPOS="1014" HPOS="205"/>
							<String ID="string_217" HPOS="225" VPOS="1015" WIDTH="77" HEIGHT="21" WC="0.96" CONTENT="honom"/><SP WIDTH="20" VPOS="1015" HPOS="302"/>
							<String ID="string_218" HPOS="322" VPOS="1016" WIDTH="52" HEIGHT="20" WC="0.96" CONTENT="eller"/><SP WIDTH="18" VPOS="1016" HPOS="374"/>
							<String ID="string_219" HPOS="392" VPOS="1016" WIDTH="27" HEIGHT="26" WC="0.96" CONTENT="pä"/><SP WIDTH="18" VPOS="1016" HPOS="419"/>
							<String ID="string_220" HPOS="437" VPOS="1016" WIDTH="53" HEIGHT="21" WC="0.93" CONTENT="hans"/><SP WIDTH="18" VPOS="1016" HPOS="490"/>
							<String ID="string_221" HPOS="508" VPOS="1014" WIDTH="97" HEIGHT="22" WC="0.92" CONTENT="anmälan"/><SP WIDTH="19" VPOS="1014" HPOS="605"/>
							<String ID="string_222" HPOS="624" VPOS="1014" WIDTH="31" HEIGHT="22" WC="0.92" CONTENT="fär"/><SP WIDTH="19" VPOS="1014" HPOS="655"/>
							<String ID="string_223" HPOS="674" VPOS="1014" WIDTH="74" HEIGHT="27" WC="0.92" CONTENT="ätalas,"/><SP WIDTH="16" VPOS="1014" HPOS="748"/>
							<String ID="string_224" HPOS="764" VPOS="1014" WIDTH="69" HEIGHT="22" WC="0.97" CONTENT="skulle"/>
						</TextLine>
						<TextLine ID="line_26" HPOS="81" VPOS="1048" WIDTH="753" HEIGHT="27">
							<String ID="string_225" HPOS="81" VPOS="1048" WIDTH="58" HEIGHT="21" WC="0.92" CONTENT="rikta"/><SP WIDTH="21" VPOS="1048" HPOS="139"/>
							<String ID="string_226" HPOS="160" VPOS="1048" WIDTH="52" HEIGHT="22" WC="0.93" CONTENT="eller"/><SP WIDTH="22" VPOS="1048" HPOS="212"/>
							<String ID="string_227" HPOS="234" VPOS="1048" WIDTH="104" HEIGHT="23" WC="0.91" CONTENT="äterkalla"/><SP WIDTH="19" VPOS="1048" HPOS="338"/>
							<String ID="string_228" HPOS="357" VPOS="1050" WIDTH="31" HEIGHT="21" WC="0.93" CONTENT="sin"/><SP WIDTH="14" VPOS="1050" HPOS="388"/>
							<String ID="string_229" HPOS="402" VPOS="1050" WIDTH="60" HEIGHT="21" WC="0.93" CONTENT="talan"/><SP WIDTH="15" VPOS="1050" HPOS="462"/>
							<String ID="string_230" HPOS="477" VPOS="1050" WIDTH="75" HEIGHT="21" WC="0.96" CONTENT="endast"/><SP WIDTH="13" VPOS="1050" HPOS="552"/>
							<String ID="string_231" HPOS="565" VPOS="1050" WIDTH="44" HEIGHT="21" WC="0.96" CONTENT="mot"/><SP WIDTH="15" VPOS="1050" HPOS="609"/>
							<String ID="string_232" HPOS="624" VPOS="1055" WIDTH="27" HEIGHT="14" WC="0.96" CONTENT="en"/><SP WIDTH="14" VPOS="1055" HPOS="651"/>
							<String ID="string_233" HPOS="665" VPOS="1049" WIDTH="52" HEIGHT="21" WC="0.93" CONTENT="eller"/><SP WIDTH="14" VPOS="1049" HPOS="717"/>
							<String ID="string_234" HPOS="731" VPOS="1049" WIDTH="66" HEIGHT="26" WC="0.92" CONTENT="nägra"/><SP WIDTH="14" VPOS="1049" HPOS="797"/>
							<String ID="string_235" HPOS="811" VPOS="1048" WIDTH="23" HEIGHT="21" WC="0.96" CONTENT="af"/>
						</TextLine>
						<TextLine ID="line_27" HPOS="83" VPOS="1082" WIDTH="396" HEIGHT="29">
							<String ID="string_236" HPOS="83" VPOS="1082" WIDTH="26" HEIGHT="22" WC="0.92" CONTENT="de"/><SP WIDTH="16" VPOS="1082" HPOS="109"/>
							<String ID="string_237" HPOS="125" VPOS="1083" WIDTH="95" HEIGHT="28" WC="0.92" CONTENT="skyldiga"/><SP WIDTH="14" VPOS="1083" HPOS="220"/>
							<String ID="string_238" HPOS="234" VPOS="1090" WIDTH="49" HEIGHT="15" WC="0.93" CONTENT="men"/><SP WIDTH="14" VPOS="1090" HPOS="283"/>
							<String ID="string_239" HPOS="297" VPOS="1083" WIDTH="47" HEIGHT="22" WC="0.93" CONTENT="icke"/><SP WIDTH="15" VPOS="1083" HPOS="344"/>
							<String ID="string_240" HPOS="359" VPOS="1085" WIDTH="57" HEIGHT="20" WC="0.96" CONTENT="emot"/><SP WIDTH="14" VPOS="1085" HPOS="416"/>
							<String ID="string_241" HPOS="430" VPOS="1083" WIDTH="49" HEIGHT="22" WC="0.91" CONTENT="alla."/>
						</TextLine>
					</TextBlock>
					<TextBlock ID="block_6" HPOS="81" VPOS="1117" WIDTH="752" HEIGHT="132">
						<TextLine ID="line_28" HPOS="151" VPOS="1117" WIDTH="681" HEIGHT="28">
							<String ID="string_242" HPOS="151" VPOS="1117" WIDTH="28" HEIGHT="22" WC="0.95" CONTENT="29"/><SP WIDTH="15" VPOS="1117" HPOS="179"/>
							<String ID="string_243" HPOS="194" VPOS="1117" WIDTH="19" HEIGHT="28" WC="0.61" CONTENT="8."/><SP WIDTH="29" VPOS="1117" HPOS="213"/>
							<String ID="string_244" HPOS="242" VPOS="1117" WIDTH="34" HEIGHT="22" WC="0.95" CONTENT="Då"/><SP WIDTH="14" VPOS="1117" HPOS="276"/>
							<String ID="string_245" HPOS="290" VPOS="1118" WIDTH="80" HEIGHT="21" WC="0.96" CONTENT="häktad"/><SP WIDTH="14" VPOS="1118" HPOS="370"/>
							<String ID="string_246" HPOS="384" VPOS="1124" WIDTH="84" HEIGHT="21" WC="0.93" CONTENT="person,"/><SP WIDTH="16" VPOS="1124" HPOS="468"/>
							<String ID="string_247" HPOS="484" VPOS="1118" WIDTH="67" HEIGHT="21" WC="0.96" CONTENT="ehuru"/><SP WIDTH="14" VPOS="1118" HPOS="551"/>
							<String ID="string_248" HPOS="565" VPOS="1117" WIDTH="85" HEIGHT="22" WC="0.96" CONTENT="frikänd"/><SP WIDTH="15" VPOS="1117" HPOS="650"/>
							<String ID="string_249" HPOS="665" VPOS="1117" WIDTH="47" HEIGHT="22" WC="0.96" CONTENT="från"/><SP WIDTH="9" VPOS="1117" HPOS="712"/>
							<String ID="string_250" HPOS="721" VPOS="1117" WIDTH="36" HEIGHT="22" WC="0.96" CONTENT="det"/><SP WIDTH="10" VPOS="1117" HPOS="757"/>
							<String ID="string_251" HPOS="767" VPOS="1117" WIDTH="65" HEIGHT="26" WC="0.96" CONTENT="brott,"/>
						</TextLine>
						<TextLine ID="line_29" HPOS="81" VPOS="1151" WIDTH="751" HEIGHT="29">
							<String ID="string_252" HPOS="81" VPOS="1153" WIDTH="34" HEIGHT="21" WC="0.93" CONTENT="för"/><SP WIDTH="20" VPOS="1153" HPOS="115"/>
							<String ID="string_253" HPOS="135" VPOS="1151" WIDTH="81" HEIGHT="23" WC="0.91" CONTENT="hvilket"/><SP WIDTH="19" VPOS="1151" HPOS="216"/>
							<String ID="string_254" HPOS="235" VPOS="1152" WIDTH="42" HEIGHT="22" WC="0.93" CONTENT="han"/><SP WIDTH="15" VPOS="1152" HPOS="277"/>
							<String ID="string_255" HPOS="292" VPOS="1152" WIDTH="93" HEIGHT="27" WC="0.92" CONTENT="häktats,"/><SP WIDTH="15" VPOS="1152" HPOS="385"/>
							<String ID="string_256" HPOS="400" VPOS="1153" WIDTH="99" HEIGHT="27" WC="0.92" CONTENT="möjligen"/><SP WIDTH="13" VPOS="1153" HPOS="499"/>
							<String ID="string_257" HPOS="512" VPOS="1152" WIDTH="63" HEIGHT="22" WC="0.92" CONTENT="äfven"/><SP WIDTH="14" VPOS="1152" HPOS="575"/>
							<String ID="string_258" HPOS="589" VPOS="1151" WIDTH="34" HEIGHT="22" WC="0.96" CONTENT="för"/><SP WIDTH="14" VPOS="1151" HPOS="623"/>
							<String ID="string_259" HPOS="637" VPOS="1157" WIDTH="26" HEIGHT="16" WC="0.96" CONTENT="en"/><SP WIDTH="15" VPOS="1157" HPOS="663"/>
							<String ID="string_260" HPOS="678" VPOS="1158" WIDTH="69" HEIGHT="15" WC="0.93" CONTENT="annan"/><SP WIDTH="16" VPOS="1158" HPOS="747"/>
							<String ID="string_261" HPOS="763" VPOS="1152" WIDTH="69" HEIGHT="25" WC="0.92" CONTENT="orsak,"/>
						</TextLine>
						<TextLine ID="line_30" HPOS="82" VPOS="1185" WIDTH="751" HEIGHT="30">
							<String ID="string_262" HPOS="82" VPOS="1188" WIDTH="129" HEIGHT="26" WC="0.88" CONTENT="exempelvis"/><SP WIDTH="23" VPOS="1188" HPOS="211"/>
							<String ID="string_263" HPOS="234" VPOS="1187" WIDTH="126" HEIGHT="27" WC="0.88" CONTENT="lösdrifveri,"/><SP WIDTH="19" VPOS="1187" HPOS="360"/>
							<String ID="string_264" HPOS="379" VPOS="1188" WIDTH="39" HEIGHT="21" WC="0.93" CONTENT="bör"/><SP WIDTH="16" VPOS="1188" HPOS="418"/>
							<String ID="string_265" HPOS="434" VPOS="1187" WIDTH="119" HEIGHT="28" WC="0.93" CONTENT="gvarhällas"/><SP WIDTH="15" VPOS="1187" HPOS="553"/>
							<String ID="string_266" HPOS="568" VPOS="1187" WIDTH="7" HEIGHT="22" WC="0.93" CONTENT="i"/><SP WIDTH="15" VPOS="1187" HPOS="575"/>
							<String ID="string_267" HPOS="590" VPOS="1187" WIDTH="71" HEIGHT="27" WC="0.93" CONTENT="häkte,"/><SP WIDTH="14" VPOS="1187" HPOS="661"/>
							<String ID="string_268" HPOS="675" VPOS="1187" WIDTH="40" HEIGHT="21" WC="0.93" CONTENT="har"/><SP WIDTH="14" VPOS="1187" HPOS="715"/>
							<String ID="string_269" HPOS="729" VPOS="1185" WIDTH="12" HEIGHT="28" WC="0.92" CONTENT="$"/><SP WIDTH="15" VPOS="1185" HPOS="741"/>
							<String ID="string_270" HPOS="756" VPOS="1186" WIDTH="77" HEIGHT="21" WC="0.92" CONTENT="under-"/>
						</TextLine>
						<TextLine ID="line_31" HPOS="81" VPOS="1221" WIDTH="326" HEIGHT="28">
							<String ID="string_271" HPOS="81" VPOS="1221" WIDTH="46" HEIGHT="27" WC="0.91" CONTENT="gätt"/><SP WIDTH="16" VPOS="1221" HPOS="127"/>
							<String ID="string_272" HPOS="143" VPOS="1229" WIDTH="26" HEIGHT="15" WC="0.96" CONTENT="en"/><SP WIDTH="15" VPOS="1229" HPOS="169"/>
							<String ID="string_273" HPOS="184" VPOS="1222" WIDTH="81" HEIGHT="21" WC="0.93" CONTENT="mindre"/><SP WIDTH="14" VPOS="1222" HPOS="265"/>
							<String ID="string_274" HPOS="279" VPOS="1222" WIDTH="128" HEIGHT="27" WC="0.92" CONTENT="förändring."/>
						</TextLine>
					</TextBlock>
					<TextBlock ID="block_7" HPOS="81" VPOS="1255" WIDTH="752" HEIGHT="165">
						<TextLine ID="line_32" HPOS="150" VPOS="1255" WIDTH="683" HEIGHT="29">
							<String ID="string_275" HPOS="150" VPOS="1257" WIDTH="28" HEIGHT="21" WC="0.94" CONTENT="32"/><SP WIDTH="15" VPOS="1257" HPOS="178"/>
							<String ID="string_276" HPOS="193" VPOS="1256" WIDTH="18" HEIGHT="27" WC="0.93" CONTENT="8."/><SP WIDTH="29" VPOS="1256" HPOS="211"/>
							<String ID="string_277" HPOS="240" VPOS="1256" WIDTH="71" HEIGHT="22" WC="0.92" CONTENT="Slutet"/><SP WIDTH="17" VPOS="1256" HPOS="311"/>
							<String ID="string_278" HPOS="328" VPOS="1256" WIDTH="24" HEIGHT="21" WC="0.96" CONTENT="af"/><SP WIDTH="16" VPOS="1256" HPOS="352"/>
							<String ID="string_279" HPOS="368" VPOS="1257" WIDTH="70" HEIGHT="22" WC="0.93" CONTENT="denna"/><SP WIDTH="14" VPOS="1257" HPOS="438"/>
							<String ID="string_280" HPOS="452" VPOS="1257" WIDTH="12" HEIGHT="27" WC="0.52" CONTENT="&amp;"/><SP WIDTH="14" VPOS="1257" HPOS="464"/>
							<String ID="string_281" HPOS="478" VPOS="1257" WIDTH="47" HEIGHT="21" WC="0.96" CONTENT="från"/><SP WIDTH="15" VPOS="1257" HPOS="525"/>
							<String ID="string_282" HPOS="540" VPOS="1257" WIDTH="40" HEIGHT="21" WC="0.96" CONTENT="och"/><SP WIDTH="14" VPOS="1257" HPOS="580"/>
							<String ID="string_283" HPOS="594" VPOS="1256" WIDTH="48" HEIGHT="21" WC="0.93" CONTENT="med"/><SP WIDTH="15" VPOS="1256" HPOS="642"/>
							<String ID="string_284" HPOS="657" VPOS="1255" WIDTH="28" HEIGHT="28" WC="0.92" CONTENT=",ej"/><SP WIDTH="16" VPOS="1255" HPOS="685"/>
							<String ID="string_285" HPOS="701" VPOS="1255" WIDTH="78" HEIGHT="22" WC="0.85" CONTENT="heller”"/><SP WIDTH="15" VPOS="1255" HPOS="779"/>
							<String ID="string_286" HPOS="794" VPOS="1255" WIDTH="39" HEIGHT="21" WC="0.96" CONTENT="har"/>
						</TextLine>
						<TextLine ID="line_33" HPOS="82" VPOS="1289" WIDTH="751" HEIGHT="29">
							<String ID="string_287" HPOS="82" VPOS="1290" WIDTH="125" HEIGHT="27" WC="0.57" CONTENT="uppilyttats"/><SP WIDTH="16" VPOS="1290" HPOS="207"/>
							<String ID="string_288" HPOS="223" VPOS="1291" WIDTH="39" HEIGHT="21" WC="0.93" CONTENT="och"/><SP WIDTH="10" VPOS="1291" HPOS="262"/>
							<String ID="string_289" HPOS="272" VPOS="1291" WIDTH="108" HEIGHT="27" WC="0.93" CONTENT="inskjutits"/><SP WIDTH="8" VPOS="1291" HPOS="380"/>
							<String ID="string_290" HPOS="388" VPOS="1291" WIDTH="54" HEIGHT="21" WC="0.93" CONTENT="efter"/><SP WIDTH="10" VPOS="1291" HPOS="442"/>
							<String ID="string_291" HPOS="452" VPOS="1291" WIDTH="65" HEIGHT="21" WC="0.93" CONTENT="orden"/><SP WIDTH="10" VPOS="1291" HPOS="517"/>
							<String ID="string_292" HPOS="527" VPOS="1292" WIDTH="76" HEIGHT="25" WC="0.92" CONTENT=",sättas"/><SP WIDTH="9" VPOS="1292" HPOS="603"/>
							<String ID="string_293" HPOS="612" VPOS="1291" WIDTH="7" HEIGHT="20" WC="0.84" CONTENT="i"/><SP WIDTH="9" VPOS="1291" HPOS="619"/>
							<String ID="string_294" HPOS="628" VPOS="1291" WIDTH="31" HEIGHT="20" WC="0.91" CONTENT="ett"/><SP WIDTH="10" VPOS="1291" HPOS="659"/>
							<String ID="string_295" HPOS="669" VPOS="1289" WIDTH="64" HEIGHT="27" WC="0.84" CONTENT="rum”,"/><SP WIDTH="12" VPOS="1289" HPOS="733"/>
							<String ID="string_296" HPOS="745" VPOS="1289" WIDTH="88" HEIGHT="22" WC="0.96" CONTENT="emedan"/>
						</TextLine>
						<TextLine ID="line_34" HPOS="82" VPOS="1323" WIDTH="751" HEIGHT="28">
							<String ID="string_297" HPOS="82" VPOS="1325" WIDTH="109" HEIGHT="20" WC="0.89" CONTENT="bristande"/><SP WIDTH="21" VPOS="1325" HPOS="191"/>
							<String ID="string_298" HPOS="212" VPOS="1327" WIDTH="102" HEIGHT="24" WC="0.92" CONTENT="utrymme"/><SP WIDTH="16" VPOS="1327" HPOS="314"/>
							<String ID="string_299" HPOS="330" VPOS="1326" WIDTH="98" HEIGHT="20" WC="0.92" CONTENT="stundom"/><SP WIDTH="14" VPOS="1326" HPOS="428"/>
							<String ID="string_300" HPOS="442" VPOS="1325" WIDTH="151" HEIGHT="26" WC="0.92" CONTENT="undantagsvis"/><SP WIDTH="15" VPOS="1325" HPOS="593"/>
							<String ID="string_301" HPOS="608" VPOS="1324" WIDTH="42" HEIGHT="21" WC="0.96" CONTENT="kan"/><SP WIDTH="13" VPOS="1324" HPOS="650"/>
							<String ID="string_302" HPOS="663" VPOS="1326" WIDTH="53" HEIGHT="25" WC="0.96" CONTENT="göra"/><SP WIDTH="15" VPOS="1326" HPOS="716"/>
							<String ID="string_303" HPOS="731" VPOS="1324" WIDTH="36" HEIGHT="21" WC="0.93" CONTENT="det"/><SP WIDTH="14" VPOS="1324" HPOS="767"/>
							<String ID="string_304" HPOS="781" VPOS="1323" WIDTH="52" HEIGHT="21" WC="0.93" CONTENT="nöd-"/>
						</TextLine>
						<TextLine ID="line_35" HPOS="81" VPOS="1352" WIDTH="751" HEIGHT="33">
							<String ID="string_305" HPOS="81" VPOS="1358" WIDTH="88" HEIGHT="27" WC="0.84" CONTENT="vändigt"/><SP WIDTH="14" VPOS="1358" HPOS="169"/>
							<String ID="string_306" HPOS="183" VPOS="1359" WIDTH="32" HEIGHT="20" WC="0.92" CONTENT="att"/><SP WIDTH="14" VPOS="1359" HPOS="215"/>
							<String ID="string_307" HPOS="229" VPOS="1358" WIDTH="85" HEIGHT="21" WC="0.93" CONTENT="förvara"/><SP WIDTH="14" VPOS="1358" HPOS="314"/>
							<String ID="string_308" HPOS="328" VPOS="1352" WIDTH="201" HEIGHT="33" WC="0.91" CONTENT="ransakningsfänge"/><SP WIDTH="15" VPOS="1352" HPOS="529"/>
							<String ID="string_309" HPOS="544" VPOS="1359" WIDTH="7" HEIGHT="20" WC="0.96" CONTENT="i"/><SP WIDTH="15" VPOS="1359" HPOS="551"/>
							<String ID="string_310" HPOS="566" VPOS="1363" WIDTH="81" HEIGHT="16" WC="0.96" CONTENT="samma"/><SP WIDTH="14" VPOS="1363" HPOS="647"/>
							<String ID="string_311" HPOS="661" VPOS="1363" WIDTH="53" HEIGHT="20" WC="0.96" CONTENT="rum,"/><SP WIDTH="16" VPOS="1363" HPOS="714"/>
							<String ID="string_312" HPOS="730" VPOS="1363" WIDTH="45" HEIGHT="15" WC="0.96" CONTENT="som"/><SP WIDTH="10" VPOS="1363" HPOS="775"/>
							<String ID="string_313" HPOS="785" VPOS="1356" WIDTH="47" HEIGHT="26" WC="0.96" CONTENT="den,"/>
						</TextLine>
						<TextLine ID="line_36" HPOS="81" VPOS="1391" WIDTH="361" HEIGHT="29">
							<String ID="string_314" HPOS="81" VPOS="1392" WIDTH="86" HEIGHT="22" WC="0.91" CONTENT="hvilken"/><SP WIDTH="15" VPOS="1392" HPOS="167"/>
							<String ID="string_315" HPOS="182" VPOS="1392" WIDTH="104" HEIGHT="28" WC="0.91" CONTENT="undergär"/><SP WIDTH="15" VPOS="1392" HPOS="286"/>
							<String ID="string_316" HPOS="301" VPOS="1391" WIDTH="141" HEIGHT="23" WC="0.90" CONTENT="frihetsstraff."/>
						</TextLine>
					</TextBlock>
					<TextBlock ID="block_8" HPOS="151" VPOS="1425" WIDTH="682" HEIGHT="30">
						<TextLine ID="line_37" HPOS="151" VPOS="1425" WIDTH="682" HEIGHT="30">
							<String ID="string_317" HPOS="151" VPOS="1427" WIDTH="28" HEIGHT="22" WC="0.92" CONTENT="36"/><SP WIDTH="15" VPOS="1427" HPOS="179"/>
							<String ID="string_318" HPOS="194" VPOS="1427" WIDTH="17" HEIGHT="28" WC="0.87" CONTENT="$."/><SP WIDTH="31" VPOS="1427" HPOS="211"/>
							<String ID="string_319" HPOS="242" VPOS="1427" WIDTH="116" HEIGHT="22" WC="0.89" CONTENT="Ständerna"/><SP WIDTH="20" VPOS="1427" HPOS="358"/>
							<String ID="string_320" HPOS="378" VPOS="1426" WIDTH="64" HEIGHT="22" WC="0.95" CONTENT="hafva"/><SP WIDTH="14" VPOS="1426" HPOS="442"/>
							<String ID="string_321" HPOS="456" VPOS="1427" WIDTH="70" HEIGHT="22" WC="0.96" CONTENT="ansett"/><SP WIDTH="14" VPOS="1427" HPOS="526"/>
							<String ID="string_322" HPOS="540" VPOS="1425" WIDTH="88" HEIGHT="23" WC="0.96" CONTENT="framför"/><SP WIDTH="15" VPOS="1425" HPOS="628"/>
							<String ID="string_323" HPOS="643" VPOS="1425" WIDTH="61" HEIGHT="23" WC="0.93" CONTENT="ordet"/><SP WIDTH="15" VPOS="1425" HPOS="704"/>
							<String ID="string_324" HPOS="719" VPOS="1425" WIDTH="114" HEIGHT="28" WC="0.80" CONTENT=",beredas&#39;"/>
						</TextLine>
					</TextBlock>
				</ComposedBlock>
			</PrintSpace>
		</Page>
	</Layout>
</alto>
