1020 1700
308 142 65 24 Ständ.
388 142 31 24 8v.
435 155 26 3 —
476 143 54 29 Prop.
546 142 32 24 I:o
592 143 15 23 1.
769 145 41 21 133

150 208 14 22 2
179 208 18 28 8.
226 208 132 22 Verkställes
372 209 146 21 husransakan
534 209 23 21 af
570 209 102 27 obehörig
687 210 52 21 eller
754 210 7 21 i
776 210 64 27 olaga

82 241 90 28 ordning
187 242 23 21 af
221 242 90 27 behörig
325 249 89 20 person;
440 242 83 22 straffes
538 244 47 20 med
600 243 63 21 böter
677 244 52 20 eller
743 244 95 26 fängelse

82 276 19 26 ej
117 275 59 22 öfver
192 278 31 19 ett
237 276 30 22 är.

150 316 14 20 3
179 315 18 27 $.
226 316 54 26 Den,
295 322 46 15 som
359 316 135 27 uppsåtligen
512 316 44 22 slår
574 317 21 21 in
610 317 81 21 fönster
705 318 39 20 hos
760 324 77 20 annan,

82 350 53 21 eller
156 350 73 22 kastar
250 351 22 21 in
295 352 47 20 sten
363 351 52 21 eller
437 352 65 20 annat
520 351 6 21 i
542 350 53 22 hans
609 357 53 20 rum,
677 351 47 27 hus,
739 352 53 26 gärd
807 352 30 21 el-

81 384 33 22 ler
135 384 75 28 fartyg,
232 384 52 22 eller
300 385 81 27 skjuter
401 385 31 21 dit
447 386 21 20 in
483 385 49 21 med
547 391 74 21 vapen,
637 385 84 22 straffes
736 386 48 21 med
798 386 39 21 bö-

81 420 34 20 ter
136 419 63 27 högst
220 419 127 22 femhundra
368 420 60 21 mark
452 420 51 21 eller
524 420 93 26 fängelse
633 419 18 27 ej
667 419 60 22 öfver
741 426 37 16 sex
793 421 44 21 mä-

81 452 73 22 nader.

150 493 77 27 Bryter
241 494 76 28 någon,
333 495 69 21 såsom
417 502 29 14 nu
461 496 24 20 är
500 495 67 27 sagdt,
582 494 41 22 frid
638 495 8 21 i
660 494 47 27 hus,
722 494 52 28 gård
784 495 53 21 eller

81 528 76 27 fartyg,
180 528 38 22 der
239 528 103 27 Kejsaren
365 529 39 21 och
424 529 130 21 Storfursten
569 528 125 28 uppehäller
708 530 38 26 sig,
762 530 52 20 eller
828 530 8 20 i

76 562 52 30 hus,
152 562 38 22 der
212 562 83 23 landets
316 563 97 27 Ständer,
429 564 51 21 eller
498 563 62 22 stånd
575 563 52 22 eller
642 563 82 22 utskott
739 564 13 21 &
766 564 70 21 landt-

83 597 41 26 dag
145 597 63 22 hafva
230 598 161 27 sammanträde,
415 598 51 21 eller
488 599 6 20 i
514 598 128 21 embetsrum
661 598 53 22 eller
728 605 54 19 rum,
798 599 38 21 der

81 631 207 28 tjensteförrättning
310 632 58 27 sker;
391 632 83 22 straffes
493 633 48 21 med
561 633 62 21 böter
641 632 51 21 eller
707 633 93 26 fängelse
815 633 19 26 ej

82 665 60 22 öfver
157 667 31 20 ett
204 665 30 22 är.

150 706 14 21 4
180 705 17 27 8.
228 706 64 26 Hvar,
312 712 46 15 som
372 706 48 21 från
439 707 49 26 graf
502 706 97 27 olofligen
615 706 108 27 borttager
737 706 31 21 lik
783 706 53 21 eller

82 740 34 21 del
139 739 66 28 deraf,
226 741 52 21 eller
300 742 52 20 utan
367 741 32 21 lof
419 741 84 27 förstör,
518 740 151 22 undanskaffar
684 741 52 21 eller
750 741 86 26 styckar

81 774 37 27 lik,
135 780 45 16 som
196 775 18 26 ej
230 777 24 19 är
266 775 93 27 jordadt,
375 775 52 22 eller
441 775 93 22 föröfvar
550 775 49 27 ofog
614 775 13 21 &
641 775 36 27 lik,
693 775 51 21 eller
758 775 77 22 obehö-

81 809 60 26 rigen
162 808 80 22 förstör
262 809 51 21 eller
334 810 78 21 skadar
426 809 53 28 graf,
495 809 52 22 eller
561 811 38 26 gör
614 809 49 27 ofog
678 809 56 27 derä,
751 808 85 23 straffes

80 843 49 21 med
144 842 93 28 fängelse
253 844 7 21 i
275 843 63 28 högst
353 846 30 19 ett
398 845 24 20 är
437 845 52 20 eller
504 845 68 21 böter.

149 877 14 21 5
178 877 17 27 8.
225 877 25 27 Ej
266 878 35 21 mä
315 878 118 27 fridsbrott,
453 885 46 15 som
513 879 7 20 i
540 879 18 26 1,
574 878 13 21 2
602 878 51 21 eller
668 878 13 20 3
696 877 11 27 $
723 878 112 21 omförmä-

80 911 38 27 les,
142 911 68 22 åtalas
232 911 23 22 af
275 912 77 21 allmän
367 912 105 27 åklagare,
496 919 34 15 om
552 913 18 26 ej
591 912 148 27 mälseganden
754 911 80 22 anmält

80 946 81 21 brottet
176 946 33 21 till
224 946 50 27 åtal,
290 947 51 21 eller
355 947 142 27 förbrytelsen
516 947 57 22 skett
588 946 13 21 å
615 946 76 21 sådant
705 947 68 26 ställe,
789 953 47 14 som

80 981 8 20 i
103 981 13 20 2
131 985 63 16 mom.
211 980 10 21 1
238 979 12 28 $
268 982 93 20 nämnes.

400 1093 34 20 25
446 1094 67 24 Kap.

291 1140 31 24 Om
337 1140 51 24 brott
404 1142 49 22 emot
468 1148 73 17 annans
556 1142 65 24 frihet.

150 1203 11 21 1
177 1202 18 28 $.
225 1203 65 27 Hvar,
310 1210 45 15 som
377 1204 49 21 med
448 1204 55 27 våld,
525 1206 39 20 hot
585 1205 52 21 eller
651 1205 37 21 list
702 1204 133 27 bemägtigar

79 1238 32 25 sig
133 1243 77 21 annan,
233 1238 7 21 i
263 1238 63 26 afsigt
348 1240 31 19 att
400 1238 76 27 bringa
497 1240 77 20 honom
589 1240 8 20 i
611 1241 65 19 annat
690 1240 62 20 lands
766 1239 69 27 krigs-

80 1271 52 21 eller
146 1271 104 27 sjötjenst,
265 1272 52 21 eller
332 1272 7 21 i
355 1272 85 22 slafveri
456 1273 52 21 eller
526 1273 138 27 lifegenskap,
680 1274 52 20 eller
747 1274 7 20 i
768 1274 67 20 annat

79 1304 172 28 tvängstillständ
273 1307 58 20 utom
353 1306 80 27 landet,
455 1307 53 21 eller
522 1308 7 21 i
549 1307 101 27 hjelplöst
667 1307 48 27 läge
730 1308 12 20 &
757 1307 79 21 sådant

79 1338 67 27 ställe,
162 1339 38 21 der
214 1339 46 21 fara
275 1342 24 18 är
313 1340 34 20 för
361 1340 54 21 hans
430 1340 30 26 lif,
476 1340 83 22 straffes
574 1341 48 21 med
637 1341 88 21 tukthus
735 1340 48 22 från
794 1341 39 21 och

79 1372 48 21 med
143 1372 46 27 fyra
204 1372 32 22 till
252 1373 39 21 och
310 1373 48 21 med
377 1373 42 21 tolf
433 1374 23 21 är
474 1376 55 20 samt
544 1374 76 22 förlust
635 1375 23 21 af
669 1375 166 26 medborgerligt

78 1405 130 23 förtroende.

147 1440 45 23 Gör
206 1442 68 28 nägon
290 1443 32 27 sig
337 1443 83 27 skyldig
434 1444 32 20 till
482 1443 119 23 slafhandel
616 1444 53 22 eller
683 1444 89 22 slafvars
780 1444 54 22 fors-
