1700 1861
661 235 20 21 U.
696 235 21 21 B.
733 248 28 3 —
776 235 56 27 Pröp.
849 236 34 21 N:o
899 236 30 21 10.
1113 236 29 22 35

562 296 160 22 underkastade
744 298 102 27 gällande
867 298 91 26 stadgar
975 301 56 18 samt
1046 305 61 14 anses
1125 298 45 21 till-

561 331 54 20 höra
631 331 34 21 det
680 331 141 26 skoldistrikt,
838 332 56 20 inom
909 331 80 28 hvilket
1004 332 26 20 de
1037 333 39 19 äro
1085 332 84 21 boende.

563 365 68 26 Barn,
652 371 44 14 som
720 365 43 21 icke
783 365 74 21 tillhör
880 365 243 28 evangelisk-lutherska
1140 367 30 19 lä-

562 405 47 21 ran,
625 399 58 21 skall
694 399 32 28 på
730 399 170 27 framställning
909 399 30 26 af
943 399 157 22 vederbörande
1108 400 62 21 måls-

562 439 50 14 man
625 432 97 27 fritagas
733 432 57 27 från
803 432 156 28 undervisning
973 433 47 21 deri
1029 434 76 20 såväl
1094 428 10 37 i
1109 433 62 28 folk-

562 467 60 21 skola
645 473 43 15 som
704 467 8 20 i
731 467 224 26 elementarlävoverk;
971 467 53 21 dock
1039 467 84 28 åligger
1138 468 31 20 in-

561 501 87 28 spektor
671 501 37 22 och
723 501 107 22 direktion
845 502 35 21 vid
897 502 39 20 den
945 501 68 26 förra
1029 504 55 19 samt
1099 501 72 22 rektor

562 536 51 22 eller
630 536 198 27 föreståndarinna
850 536 36 21 vid
909 536 34 21 det
965 543 76 14 senare
1058 539 33 18 att
1106 536 64 26 tillse,

563 571 35 21 det
613 571 79 21 sådant
709 571 54 21 barn
777 578 74 21 genom
866 571 117 21 målsmans
993 571 90 28 försorg
1101 571 71 20 erhäl-

564 607 31 19 ler
603 605 66 28 nödig
677 606 264 27 religionsundervisning.
958 605 142 21 Försummar
1108 605 64 21 mäls-

564 647 56 18 man,
644 640 55 26 efter
722 640 95 22 erhällen
835 640 139 28 päminnelse,
997 640 35 21 sin
1050 639 122 29 skyldighet

563 675 141 26 härutinnan,
720 675 56 21 skall
791 674 108 22 skolrädet
915 674 70 22 derom
1001 674 129 21 underrätta
1135 674 37 27 fö-

563 710 142 22 veständaren
721 710 9 20 i
745 709 39 21 den
795 709 143 28 församling,
953 709 88 21 hvartill
1051 709 74 21 barnet
1137 708 35 22 hö-

564 752 41 14 rer.
641 744 82 22 Varder
745 744 79 28 åtgärd
845 750 33 15 om
902 744 65 21 barns
988 743 183 28 veligionsunder-

564 780 86 27 visning
672 780 19 26 ej
714 779 107 27 vidtagen,
844 778 37 22 bör
903 778 76 22 barnet
1001 778 87 27 deltaga
1110 778 7 20 i
1131 777 42 21 den

564 813 155 27 undervisning
743 813 6 20 i
764 811 240 30 evangelisk-lutherska
1020 812 71 26 läran,
1107 818 44 15 som
1167 811 7 22 i

564 849 76 21 skolan
655 847 115 22 meddelas.

837 905 15 26 $
868 904 33 21 15.

635 944 158 22 Protestantisk
816 943 173 26 trosbekännare,
1013 943 62 21 hvars
1092 943 49 20 lära
1157 944 19 26 ej

567 980 118 28 tillstädjer
706 979 77 21 honom
805 978 91 28 edgäng,
919 978 35 20 mä
977 978 8 20 i
1006 977 73 21 stället
1096 976 40 28 för
1151 977 26 21 ed

568 1015 87 28 afgifva
671 1020 74 15 annan
755 1013 129 27 försäkran,
901 1018 44 15 som
961 1012 46 20 med
1017 1012 54 20 hans
1081 1011 95 21 troslära

568 1050 204 21 öfverensstämmer.

840 1100 14 27 $
870 1100 33 20 16.

637 1141 64 22 Hvad
716 1141 81 21 allmän
814 1140 36 28 lag
865 1139 91 28 stadgar
965 1138 110 28 angäende
1083 1137 96 21 sabbats-

570 1177 56 21 brott
641 1177 14 20 &
669 1177 47 19 sön-
733 1175 51 21 eller
799 1173 138 29 högtidsdag,
952 1173 57 27 gälle
1025 1172 38 21 ock
1074 1172 104 20 bekänna-

570 1218 22 14 re
609 1211 29 26 af
649 1217 74 15 annan
736 1208 156 29 protestantisk
908 1207 95 21 troslära
1018 1209 29 19 än
1063 1206 40 22 den
1119 1212 60 14 evan-

570 1243 195 30 gelisk-lutherska,
787 1241 83 22 ändock
893 1242 70 27 dagen
978 1242 67 27 enligt
1061 1241 54 20 hans
1131 1240 49 21 lära

571 1281 52 20 eller
638 1277 121 30 kyrkodruk
775 1277 44 21 icke
835 1277 68 20 hälles
919 1275 62 28 helig.

843 1335 14 27 $
874 1334 33 21 17.

647 1376 82 21 Varder
739 1375 103 28 rättighet
852 1374 33 21 till
894 1373 97 27 ofentlig
1000 1371 183 28 religionsöfning

573 1411 29 28 af
609 1411 135 28 församling
760 1408 137 22 missbrukad
911 1408 32 24 sä,
959 1409 33 18 att
1008 1406 123 26 derigenom
1148 1405 35 25 lag

574 1444 38 21 och
634 1442 103 29 sedlighet
761 1441 95 20 kränkas
879 1439 53 21 eller
947 1438 41 27 god
1004 1437 95 27 ordning
1114 1438 69 25 Öyver-

575 1477 78 26 trädes,
669 1476 50 21 eller
735 1475 77 21 varder
827 1474 69 21 sådan
907 1472 142 28 regelbunden
1057 1471 126 28 gudstjenst,

574 1519 44 15 som
633 1512 47 20 dess
695 1508 209 28 samfundsordning
919 1506 93 27 kräfver,
1029 1505 43 21 icke
1088 1506 97 26 upprält-

506 1553 133 25 Lagutskottets
651 1550 107 19 betänkande
770 1549 35 17 No
819 1549 15 16 9.
