1039 1717
412 140 39 22 N:o
467 140 19 21 1.
772 141 24 21 17

412 227 13 21 7
442 227 48 27 Kap.

244 266 41 22 Om
301 266 227 22 sammanträffande
544 266 28 22 af
586 266 73 22 brott.

149 314 7 18 1
174 315 16 22 5.
221 312 76 21 Finnes
313 313 66 19 under
394 319 80 13 samma
485 312 103 28 lagföring
598 312 69 28 någon
680 319 50 14 vara
740 313 86 27 skyldig

78 347 32 21 till
133 347 51 20 flera
206 346 66 26 brott;
296 347 53 20 skall
373 347 76 20 honom
473 347 31 20 för
526 347 43 20 alla
591 348 83 19 brotten
693 347 86 21 ådömas
795 349 32 19 ett

77 380 81 22 straff
153 376 13 37 i
174 382 40 20 den
229 382 94 20 svåraste
339 381 24 20 af
375 382 26 19 de
417 381 121 26 straffarter,
554 381 86 20 hvartill
655 381 41 21 han
712 381 32 21 för
759 383 65 26 något

78 416 23 21 af
114 416 84 21 brotten
213 419 23 17 är
252 415 109 26 förfållen;
376 416 54 21 dock
447 416 38 21 bör
499 416 7 19 i
523 416 75 21 domen
615 418 87 18 utsättas
714 416 36 21 det
760 416 68 26 straff,

78 451 86 20 hvartill
180 451 39 20 den
236 451 100 26 skyldige
351 452 78 19 ansetts
445 450 97 21 förfallen
559 450 31 21 för
601 451 72 26 hvarje
684 451 62 20 brott.
772 451 54 26 Den,

79 492 42 14 som
146 488 23 17 är
192 485 96 20 förfallen
310 485 33 20 till
359 485 59 20 straff
432 485 7 20 i
455 485 76 20 allmän
548 485 92 20 straffart
655 485 39 20 och
710 485 70 20 tillika
796 485 31 21 till

79 520 114 25 afsättning
217 519 50 21 eller
287 519 105 27 skiljande
408 519 45 21 från
470 519 95 27 utöfning
581 519 23 20 af
617 520 69 26 tjenst,
702 520 124 27 ovärdighet

78 556 31 19 att
131 555 7 19 i
161 553 82 21 landets
267 555 64 25 tjenst
352 554 86 27 nyttjas,
462 554 52 20 eller
536 553 74 21 förlust
626 554 23 20 af
663 553 166 28 medborgerligt

78 588 129 27 förtroende,
230 588 52 20 eller
301 594 68 14 annan
385 588 60 27 dylik
460 588 87 27 påföljd,
565 588 92 25 ädömes,
674 592 55 17 utom
745 588 82 21 straffet

79 623 6 19 i
101 623 79 20 allmän
195 622 100 25 straffart,
311 623 61 19 äfven
388 623 65 19 sådan
470 622 86 27 påföljd.

148 659 13 18 2
176 659 17 22 $.
223 653 44 24 Äro
291 658 51 19 flera
364 657 57 20 brott
443 657 109 20 föröfvade
574 663 75 20 genom
672 663 22 14 en
703 657 127 28 handling;

80 693 55 20 skall
151 692 36 20 det
202 691 65 26 straff,
283 698 43 13 som
343 694 23 17 är
381 694 111 24 strängast,
509 691 57 27 eller,
583 698 33 13 om
632 691 42 20 alla
690 691 83 21 brotten
790 692 40 20 för-

81 728 58 25 tjena
160 727 45 19 lika
228 729 85 23 stränga
336 725 64 25 straff,
425 726 57 19 detta
498 725 60 21 straff
571 726 112 25 tillämpas.
713 727 67 26 Brott,
794 726 33 21 för

80 761 83 20 hvilket
184 761 101 20 särskildt
307 760 62 21 straff
381 761 18 26 ej
416 760 92 25 ädömes,
531 760 55 20 skall
609 761 69 19 säsom
693 761 137 21 försvärande

81 795 157 26 omständighet
253 795 64 26 gälla.

167 830 12 19 3
195 832 17 22 $.
242 829 81 27 Utgöra
339 830 121 26 upprepade
475 829 112 27 brottsliga
600 829 127 28 handlingar
737 829 95 22 fortsätt-

82 865 51 27 ning
149 864 22 21 af
185 871 80 14 samma
288 864 67 26 brott;
377 863 53 21 skall
452 863 62 21 straff
527 864 40 20 den
583 864 98 27 skyldige
696 864 86 21 ådömas
798 865 32 20 så-

82 906 44 14 som
137 899 32 21 för
185 901 30 18 ett
230 899 63 26 brott,
310 905 46 14 men
373 899 39 20 den
432 898 182 28 omständigheten
633 899 57 26 gälla
706 899 67 20 såsom
790 900 43 21 för-

82 934 111 26 svårande,
210 936 31 18 att
257 934 77 20 brottet
350 933 69 20 blifvit
434 933 88 20 fortsatt.

152 970 12 19 4
180 971 17 22 $.
227 964 43 24 Äro
291 968 51 20 flera
357 967 57 20 brott
430 967 109 21 föröfvade
554 975 75 19 genom
645 968 105 21 särskilda
765 969 65 20 hand-

83 1003 76 28 lingar,
174 1003 75 20 hvilka
264 1003 49 20 icke
329 1005 74 24 utgöra
419 1002 134 28 fortsättning
568 1002 24 21 af
604 1009 80 14 samma
695 1003 67 26 brott;
777 1003 57 21 skall

85 1038 36 21 det
142 1037 66 26 straff,
228 1044 45 13 som
289 1040 22 17 är
327 1039 113 25 strängast,
463 1037 58 26 eller,
537 1044 33 14 om
586 1037 44 20 alla
645 1037 82 21 brotten
743 1037 90 28 förtjena

84 1072 45 21 lika
144 1071 66 26 straff,
226 1071 58 21 detta
299 1071 60 20 straff
373 1071 111 27 tillämpas,
500 1072 7 19 i
523 1071 103 21 hvardera
637 1072 59 21 fallet
707 1071 71 21 tillökt
786 1072 46 21 med

85 1107 64 21 minst
164 1106 87 25 hälften,
268 1106 56 21 dock
340 1107 18 25 ej
376 1106 45 20 med
438 1106 51 21 fulla
500 1106 104 27 beloppen
616 1106 22 21 af
648 1106 25 21 de
684 1107 66 26 straff,
760 1107 76 20 hvilka

86 1141 13 20 å
114 1141 27 21 de
155 1141 70 26 öfriga
240 1141 83 20 brotten
339 1141 47 20 bort
402 1141 57 26 följa.

156 1177 11 19 5
183 1178 17 22 $.
230 1171 30 24 Är
276 1176 69 25 någon
367 1175 97 20 förfallen
481 1175 31 20 till
528 1175 119 26 dödsstraff,
663 1175 51 20 eller
730 1176 31 19 till
778 1177 55 19 tukt-

87 1211 39 20 hus
140 1210 28 27 på
183 1209 76 26 lifstid;
275 1209 60 20 skola
359 1209 42 20 alla
424 1209 67 26 öfriga
509 1209 79 20 straff
582 1205 12 36 i
604 1209 78 20 allmän
698 1210 92 20 straffart
804 1211 32 20 in-

87 1245 100 27 begripas
202 1245 6 19 i
225 1243 140 26 dödsstraffet,
381 1246 54 18 samt
446 1244 42 19 alla
498 1243 136 22 frihetsstraff
642 1244 39 20 och
693 1244 59 20 böter
762 1245 6 19 i
781 1245 56 20 tukt-

88 1279 127 21 husstraffet.

157 1314 10 20 I
183 1314 115 26 afsättning
313 1313 120 27 inbegripes
449 1312 103 28 skiljande
567 1313 46 21 från
629 1314 95 26 utöfning
735 1314 23 19 af
767 1314 71 26 tjenst.

159 1348 11 18 6
187 1350 16 20 $.
235 1348 39 18 Vid
299 1348 196 25 sammanläggning
510 1348 23 18 af
546 1347 60 19 straff
619 1347 52 19 eller
686 1347 117 25 öfvergång
816 1348 26 18 af

91 1388 25 13 en
139 1380 93 21 straffart
255 1380 31 20 till
310 1386 25 13 en
359 1386 68 14 annan
448 1380 67 25 skola,
531 1380 47 20 med
593 1380 139 26 iakttagande
747 1380 21 19 af
783 1380 57 20 hvad

91 1415 38 21 här
145 1414 63 21 ofvan
224 1416 22 18 är
263 1414 105 26 stadgadt,
384 1412 93 28 följande
493 1413 130 21 föreskrifter
639 1413 115 26 tillämpas:

163 1450 17 19 1.
211 1448 40 20 Till
268 1447 135 21 frihetsstraff
416 1449 27 25 på
458 1449 40 19 viss
515 1448 30 20 tid
561 1448 35 20 må
610 1448 19 26 ej
641 1448 72 20 dömas
725 1448 31 20 för
766 1447 75 28 längre

762 1493 10 17 2
