1025 1700
310 133 65 24 Ständ.
391 134 31 24 Sv.
429 142 35 8 *—
480 134 53 30 Prop.
549 134 32 25 Mio
595 135 15 23 1.
767 137 42 21 203

81 200 35 22 får
138 199 68 24 åtalas
228 200 24 21 af
264 200 80 21 allmän
363 200 106 28 åklagare,
485 207 33 15 om
534 201 46 21 icke
595 200 150 29 mälseganden
760 203 79 21 anmält

84 234 36 22 det
134 234 34 21 till
183 234 52 26 åtal;
258 234 56 22 skall
329 234 51 21 derå
397 235 106 27 tillämpas
517 234 56 22 hvad
588 236 8 20 i
610 236 14 20 4
640 236 39 20 och
694 236 14 21 5
723 236 23 27 $$
762 236 13 21 8
790 237 49 26 kap.

83 268 123 27 strafflagen
221 270 56 25 sägs.

152 308 26 21 18
194 308 18 27 $.
248 308 70 26 Begär
338 307 142 28 mälsegande,
503 310 33 20 att
562 309 78 21 allmän
662 309 101 27 åklagare
785 310 55 22 skall

83 343 58 22 åtala
162 343 64 26 brott,
250 349 46 15 som
318 342 68 22 denne
401 342 19 28 ej
441 342 32 22 får
488 343 56 21 åtala
559 344 53 20 utan
626 342 162 28 målsegandens
803 351 36 15 an-

82 377 100 28 gifvelse;
204 383 50 16 vare
277 377 106 21 allmänna
406 377 113 27 åklagaren
543 377 75 27 pligtig
634 379 32 20 att
680 378 71 22 utföra
766 379 73 26 åtalet,

83 418 35 15 om
132 412 47 22 icke
194 413 87 21 bevisen
301 412 34 21 för
353 412 130 27 angifvelsen
503 415 36 19 äro
555 413 24 21 så
593 414 68 26 ringa,
677 414 32 20 att
725 414 41 21 den
781 414 19 27 ej
816 416 24 19 är

82 447 98 26 grundad
198 447 27 26 på
240 447 111 21 sannolika
365 447 54 21 skäl.

152 487 27 21 19
194 486 18 27 $.
242 487 45 21 Har
302 487 135 26 målsegande
452 487 66 21 åtalat
528 487 51 21 eller
593 487 32 21 till
633 487 43 22 åtal
684 488 81 21 anmält
773 488 66 26 brott,

83 527 46 15 som
144 521 7 21 i
168 521 26 21 18
209 520 11 28 $
236 523 54 24 sägs,
306 521 40 21 och
360 521 64 21 hafva
439 521 52 21 flera
505 522 55 21 varit
576 521 107 27 delaktige
698 522 7 21 i
721 521 36 22 det
771 522 68 25 brott;

83 561 39 21 ege
144 555 78 22 allmän
245 555 100 27 åklagare
365 557 43 20 rätt
430 557 31 19 att
476 555 46 22 föra
537 555 59 22 talan
611 557 57 20 emot
683 556 42 22 alla
741 556 26 22 de
783 556 56 27 skyl-

84 590 54 26 dige,
155 589 55 22 ändå
226 591 30 19 att
271 590 67 21 åtalet
353 589 52 22 eller
425 590 129 26 angifvelsen
570 590 18 26 ej
604 590 67 26 gäller
687 590 46 21 dem
749 590 47 22 alla.

152 624 122 27 Återkallar
288 629 150 27 målseganden
457 630 129 27 angifvelsen
602 630 52 21 eller
668 630 116 28 nedlägger
798 630 42 22 han

83 664 69 22 åtalet
166 666 45 20 mot
225 664 69 26 någon
310 664 23 21 af
347 664 26 21 de
388 664 101 27 skyldige,
505 670 48 16 men
568 664 19 27 ej
602 666 58 20 emot
676 664 47 22 dem
739 665 52 25 alla;
805 666 34 19 ut-

82 700 52 25 göre
149 698 36 21 det
200 698 18 27 ej
234 698 76 22 hinder
324 698 35 22 för
373 699 79 21 allmän
467 698 99 28 åklagare
582 700 32 20 att
628 699 91 21 anställa
729 699 52 21 eller
791 698 48 22 full-

83 732 51 27 följa
149 732 43 22 åtal
208 735 56 19 emot
279 733 47 27 den,
341 732 34 22 till
389 733 64 21 hvars
467 732 82 22 förmån
563 732 150 23 återkallelsen
723 733 54 21 eller
789 733 50 21 ned-

82 766 115 28 läggandet
214 766 63 22 skett.

151 807 29 21 20
194 806 18 27 8.
241 806 83 22 Varder
345 807 69 27 någon
434 807 35 21 vid
489 807 123 21 föröfvande
627 807 23 21 af
663 807 58 21 brott
736 808 103 26 ertappad

82 841 14 22 å
110 841 38 21 bar
163 841 94 27 gerning,
273 841 52 21 eller
340 841 125 21 misstänkes
481 841 68 27 någon
564 841 32 21 för
613 842 57 21 brott
686 842 39 21 och
740 844 24 18 är
779 842 60 21 miss-

82 876 80 21 tanken
184 876 96 27 grundad
300 876 14 21 &
333 876 80 22 sädana
432 875 53 27 skäl,
501 877 32 20 att
548 876 91 21 domstol
657 876 43 21 kan
715 876 56 22 finna
786 876 53 21 hans

82 910 136 26 brottslighet
232 916 51 16 vara
298 910 108 26 sannolik;
422 910 27 22 dä
464 910 34 21 mä
512 911 48 26 han,
577 910 37 22 der
622 910 104 27 häktning
735 910 48 22 icke
791 911 48 21 stri-

83 944 38 22 der
136 946 57 20 emot
212 944 230 28 landtdagsordningen
463 944 51 22 eller
534 944 229 27 ständsprivilegierna,
778 946 61 25 tagas

82 980 8 20 i
104 979 66 21 häkte
186 980 32 20 uti
232 979 94 27 följande
341 978 48 22 fall:

152 1020 19 20 1.
202 1025 34 15 om
244 1014 12 36 ä
278 1020 82 20 brottet
374 1019 19 27 ej
409 1019 42 21 kan
466 1019 50 27 följa
531 1019 84 27 ringare
630 1018 63 22 straff
706 1021 28 19 än
749 1019 89 21 tukthus

82 1054 8 21 i
104 1054 36 21 två
154 1054 32 26 år;

151 1094 21 21 2.
202 1099 34 16 om
256 1094 13 21 å
288 1094 81 21 brottet
384 1094 42 21 kan
446 1093 51 27 följa
511 1094 89 21 tukthus
615 1094 68 20 under
698 1094 36 21 två
748 1093 25 21 år
787 1093 51 21 eller

83 1128 95 28 fängelse
201 1128 19 27 ej
240 1128 68 21 under
329 1128 36 22 två
380 1128 30 27 år,
431 1128 52 22 eller
498 1134 33 16 om
546 1128 88 26 brottet,
650 1128 67 21 ehuru
731 1128 8 21 i
753 1128 35 27 lag
803 1128 36 21 be-

82 1163 59 28 lagdt
156 1163 48 21 med
220 1163 84 26 ringare
324 1162 67 27 straff,
411 1164 87 25 utgöres
518 1163 22 21 af
552 1162 63 27 stöld,
631 1163 81 20 inbrott
727 1162 52 21 eller
794 1163 45 21 döl-

80 1197 65 28 jande
160 1197 24 21 af
196 1197 100 27 tjufgods,
316 1197 41 21 och
375 1197 8 21 i
397 1197 44 21 alla
456 1197 60 21 dessa
534 1196 38 22 fall
588 1197 68 26 skälig
671 1196 114 27 anledning
800 1196 39 22 fin-

82 1239 45 19 nes,
143 1233 32 20 att
195 1232 40 21 den
251 1231 116 27 ertappade
388 1231 53 22 eller
455 1232 125 21 misstänkte
595 1231 55 22 skall
665 1231 86 27 begifva
765 1231 32 26 sig
805 1230 34 27 -på

83 1266 81 27 flykten
187 1266 51 21 eller
260 1266 76 21 hindra
355 1265 76 22 sakens
447 1266 112 26 utredning
574 1271 75 21 genom
665 1265 173 27 undanrödjande

84 1300 23 22 af
120 1300 58 21 bevis
192 1300 52 21 eller
258 1300 137 26 annorledes;

152 1334 20 20 3.
202 1340 33 14 om
255 1334 48 26 den,
326 1339 45 15 som
391 1335 108 25 ertappats
521 1334 51 20 eller
587 1333 127 21 misstänkes
729 1335 32 19 att
775 1332 64 21 hafva

83 1368 74 26 begått
172 1368 83 26 ringare
270 1367 66 26 brott,
352 1369 27 19 än
394 1367 7 21 i
416 1368 13 20 2
444 1367 95 27 punkten
554 1368 55 25 sägs,
625 1368 24 19 är
664 1366 71 21 okänd
750 1366 40 21 och
802 1372 37 14 un-

84 1401 119 27 dandrager
218 1401 32 27 sig
264 1403 32 19 att
314 1400 101 28 uppgifva
434 1401 36 21 sitt
489 1407 63 15 namn
568 1400 51 22 eller
634 1400 32 22 sin
681 1400 89 26 hemort,
787 1399 52 22 eller

84 1435 40 22 ock
138 1435 95 27 skäligen
248 1435 127 22 misstänkes
390 1434 34 22 för
439 1441 66 16 osann
519 1434 84 28 uppgift
618 1434 82 27 derom;
716 1434 54 22 dock
785 1434 55 22 skall
