1017 1700
234 147 40 22 138
423 146 74 25 .Ständ.
512 146 32 24 $v.
559 159 28 3 —
601 146 56 28 Prop.
671 146 33 23 N:o
718 146 15 23 1.

204 212 66 26 brott,
292 212 52 21 eller
366 218 71 15 annan
459 211 65 22 sådan
546 211 108 28 handling,
674 217 45 16 som
737 212 43 21 kan
795 211 79 27 ådraga
889 211 68 21 denne

204 245 140 27 missaktning
359 246 53 21 eller
425 252 52 15 vara
491 246 78 27 menlig
584 245 33 22 för
627 246 54 21 hans
691 246 75 27 näring
776 245 52 22 eller
837 244 121 26 fortkomst,

204 281 52 21 eller
271 280 39 22 ock
326 281 73 21 derom
416 281 107 26 utsprider
541 280 67 27 rykte,
629 280 90 27 straffes,
739 286 33 15 om
788 280 110 21 sannolika
912 279 47 22 skäl

204 315 35 21 för
252 315 123 21 tillvitelsen
390 315 53 21 eller
458 314 71 27 ryktet
548 314 18 27 ej
586 314 71 22 kunna
671 314 86 26 företes,
772 315 47 21 med
834 315 62 20 böter
911 313 47 22 från

204 348 40 23 och
259 349 48 21 med
321 348 74 22 femtio
409 349 34 21 till
459 349 39 21 och
515 348 49 22 med
582 348 127 22 femhundra
723 349 61 21 mark
799 349 51 21 eller
865 347 93 28 fängelse

204 384 20 26 ej
239 383 58 22 öfver
312 389 37 16 sex
364 383 106 22 månader.

273 417 54 22 Sker
349 418 67 21 sådan
434 417 103 22 smädelse
557 417 129 28 offentligen,
709 417 52 22 eller
775 423 76 21 genom
866 417 92 27 tryckal-

204 453 50 25 ster,
277 451 63 22 skrift
359 452 52 21 eller
426 452 74 27 bildlig
520 451 162 28 framställning,
699 458 45 15 som
760 452 40 21 den
815 451 95 28 skyldige
924 453 34 20 ut-

205 486 82 27 sprider
309 485 53 22 eller
384 486 53 21 låter
459 486 108 27 utsprida;
589 492 50 15 vare
662 486 83 21 straffet
762 485 62 22 böter
839 486 65 21 minst
918 487 40 20 ett-

205 521 83 21 hundra
302 521 62 20 mark
378 521 53 20 eller
445 521 94 26 fängelse
555 520 18 27 ej
589 519 60 22 öfver
664 521 31 20 ett
710 521 30 20 år.

272 555 14 21 3
301 554 18 28 &.
349 555 65 26 Hvar,
436 561 45 15 som
504 555 132 26 annorledes,
657 557 27 19 än
702 561 29 15 nu
746 557 24 19 är
784 554 68 27 sagdt,
867 554 93 22 kränker

204 596 69 15 annan
298 589 48 22 med
371 589 107 27 skymfligt
497 590 105 26 yttrande,
628 589 52 21 eller
704 590 88 25 hotelse,
815 589 53 21 eller
890 595 69 15 annan

204 624 107 27 handling,
335 630 45 15 som
395 626 25 19 är
442 624 135 26 missfirmlig,
593 624 84 21 straffes
692 624 35 21 för
741 624 155 26 förolämpning
910 623 49 21 med

204 659 62 21 böter
287 659 64 26 högst
368 658 120 21 tvåhundra
507 658 60 21 mark
583 658 52 21 eller
649 657 95 28 fängelse
759 658 19 27 ej
794 657 59 22 öfver
868 659 33 20 tre
915 657 43 22 må-

208 693 73 22 nader.

273 727 53 22 Sker
347 727 184 28 förolämpningen
554 727 130 27 offentligen,
706 728 52 21 eller
776 733 77 22 genom
868 727 91 27 tryckal-

204 762 51 26 ster,
275 761 62 23 skrift
356 761 53 22 eller
427 762 76 27 bildlig
517 762 162 27 framställning,
700 769 46 15 som
761 763 40 21 den
816 762 95 27 skyldige
926 763 34 20 ut-

204 796 83 27 sprider
300 797 51 21 eller
361 797 54 21 låter
420 797 107 26 utsprida;
542 803 50 16 vare
600 796 84 23 straffet
691 797 63 21 böter
761 797 63 27 högst
834 796 126 23 femhundra

204 831 60 21 mark
283 831 52 21 eller
349 831 94 27 fängelse
458 831 18 28 ej
493 831 60 22 öfver
567 831 47 28 fyra
629 831 107 22 månader.

272 865 47 27 48.
348 866 55 26 Den,
426 872 45 15 som
493 866 94 27 skymfar
607 866 43 21 död
669 873 60 14 mans
745 867 77 26 minne,
837 871 76 22 genom
928 867 32 20 att

204 901 57 20 emot
282 899 71 21 bättre
375 900 90 21 vetande
489 901 142 26 sanningslöst
650 899 95 28 påbörda
760 900 78 21 honom
853 900 107 22 bestämdt

203 933 66 27 brott,
292 933 53 22 eller
364 935 52 20 visst
439 934 44 27 slag
501 934 24 21 af
538 935 64 26 brott,
618 935 52 21 eller
685 941 70 15 annan
770 935 66 21 sådan
851 934 108 27 handling,

204 967 91 26 hvilken,
312 967 37 21 der
363 968 43 21 han
421 968 71 27 lefvat,
508 968 69 21 skulle
592 969 56 21 varit
663 969 69 26 egnad
747 970 32 20 att
792 969 80 26 ådraga
882 969 78 20 honom

204 1001 145 28 missaktning,
365 1002 52 21 eller
433 1002 39 22 ock
487 1002 73 21 derom
575 1003 108 26 utsprider
698 1003 47 21 dikt
760 1003 51 21 eller
820 1004 61 21 osant
891 1002 67 28 rykte,

204 1035 85 22 straffes
305 1036 48 21 med
368 1035 94 28 fängelse
477 1037 7 21 i
499 1037 62 26 högst
577 1043 37 15 sex
629 1037 102 22 månader
746 1037 52 22 eller
812 1038 68 21 böter.

271 1070 46 21 Har
340 1070 46 27 den,
410 1072 57 20 emot
488 1070 85 22 hvilken
596 1071 121 21 tillvitelsen
739 1071 63 27 skett,
821 1072 55 20 varit
896 1071 64 22 död
948 1066 15 36 i

203 1104 61 27 tjugu
279 1104 24 21 år
317 1104 52 21 eller
383 1104 74 27 längre
472 1104 43 27 tid;
534 1111 50 15 vare
600 1107 43 19 rätt
658 1107 32 20 att
704 1106 58 21 åtala
777 1105 183 28 ärekränkningen

203 1138 105 21 förfallen.

272 1171 47 27 5$.
349 1172 53 26 Den,
426 1179 45 15 som
495 1173 87 21 tilltalas
605 1173 34 21 för
661 1173 163 27 ärekränkning,
846 1174 90 21 hvarom
953 1175 7 20 i

205 1206 58 21 detta
277 1205 82 27 kapitel
374 1205 92 28 stadgas,
482 1206 62 22 hafve
554 1208 43 19 rätt
607 1208 31 20 att
648 1207 73 21 bevisa
732 1207 116 26 sanningen
859 1207 23 22 af
890 1207 70 27 gjordt

204 1239 95 26 tillmäle,
315 1239 88 21 såframt
418 1240 43 20 han
477 1240 128 21 förbehåller
620 1241 32 25 sig
663 1242 32 19 att
705 1241 73 26 styrka
788 1240 97 21 bestämd
896 1241 65 21 hand-

204 1273 53 26 ling;
281 1273 40 21 och
341 1273 64 20 varde
420 1273 59 21 bevis
495 1273 73 22 derom
589 1273 122 21 framstäldt
725 1275 8 20 i
748 1274 212 27 ärekränkningsmå-

204 1306 38 21 let.
271 1305 74 23 Vittne
367 1306 35 21 må
425 1306 55 21 dock
501 1307 62 22 äfven
585 1307 63 22 höras
668 1307 57 22 inför
742 1313 70 16 annan
827 1306 91 23 domstol
933 1309 28 20 än

205 1341 47 26 den,
269 1341 37 21 der
320 1340 66 22 målet
406 1341 177 28 anhängiggjorts,
602 1341 28 28 på
649 1343 43 20 sätt
710 1343 8 20 i
737 1343 9 20 4
760 1342 11 27 8
788 1341 25 22 17
829 1341 49 28 kap.
894 1342 25 22 R.
936 1342 24 22 B.

204 1377 25 20 är
244 1375 105 28 stadgadt.

273 1410 119 22 Innefattar
407 1410 99 22 tillmälet
523 1410 134 28 beskyllning
675 1411 34 21 för
723 1411 65 27 brott,
803 1412 88 21 hvarom
906 1411 55 22 fallit

205 1445 55 27 dom,
276 1451 45 16 som
335 1445 76 22 vunnit
426 1445 48 27 laga
488 1445 67 27 kraft;
580 1445 55 22 skall
650 1446 100 22 tillmälet
764 1453 62 16 anses
841 1447 70 26 styrkt
926 1452 34 16 om
