1017 1703
226 159 28 22 62
428 152 65 29 Stänä.
508 157 30 24 Sv.
553 170 28 4 —
597 157 54 29 Prop.
667 157 32 23 N:o
712 157 16 23 1.

199 223 70 22 skulle
291 223 56 22 vålla
361 224 70 26 någon
445 223 140 27 vidlyftighet.
613 223 64 21 Emot
692 222 41 22 den
748 222 110 22 definition
872 222 76 27 nådiga

197 258 160 27 propositionen
371 258 96 27 uppstält
481 264 61 20 synes
556 257 65 21 likväl
635 257 72 22 kunna
717 256 119 27 anmärkas,
844 257 32 21 att
887 256 61 22 ordet

197 292 118 27 ybesviker*
330 294 25 20 är
369 292 72 22 alltför
456 291 113 23 sväfvande
584 291 39 22 och
632 291 120 23 obestämdt
762 291 34 21 för
803 292 33 21 att
842 291 105 27 uttrycka,

196 327 56 21 hvad
275 326 86 21 dermed
380 326 63 26 afses,
461 326 104 27 nemligen
579 327 32 20 att
625 326 191 26 gerningsmannen
830 331 76 21 genom
922 326 26 21 de

196 361 8 21 i
218 360 34 28 8:n
275 361 92 26 antydda
389 360 68 23 medel
477 359 127 29 framkallar
619 360 49 21 eller
681 360 139 22 underhåller
834 359 114 28 villfarelse

196 395 37 22 hos
255 401 86 16 annan.
370 395 119 22 Ständerna
509 395 64 22 hafva
595 394 56 28 förty
670 396 7 21 i
692 401 29 16 nu
736 395 98 22 anmärkt
848 395 100 21 afseende

196 430 125 27 förtydligat
335 429 134 28 paragrafen.

266 464 62 21 Hvad
343 464 221 27 straffbestämningen
579 463 109 28 beträffar,
703 464 65 21 hafva
783 464 118 22 Ständerna
911 469 37 16 an-

196 499 43 21 sett
261 500 32 20 att
313 499 36 20 vid
371 497 133 28 synnerligen
525 497 137 23 försvärande
678 498 181 27 omständigheter
873 498 75 21 endast

194 532 89 22 tukthus
305 533 40 21 bör
367 532 153 27 ifrägakomma
541 534 55 20 samt
617 532 128 22 ädömandet
768 533 23 21 af
810 532 77 22 förlust
901 532 48 21 utaf

196 567 165 27 medborgerligt
375 566 122 22 förtroende
509 567 78 26 jemväl
602 567 39 21 bör
655 567 33 21 till
704 567 58 21 detta
770 566 37 22 fall
814 566 132 22 inskränkas.

264 601 73 27 Enligt
358 601 7 21 2
379 607 63 16 mom.
457 600 68 23 skulle
539 601 112 26 bedrägeri
665 607 52 16 vara
727 601 123 27 förhanden,
862 607 35 15 om
907 601 39 21 ock

196 635 144 28 förbrytarens
361 635 63 27 afsigt
443 636 75 21 endast
537 642 37 15 var
589 636 32 21 att
635 635 67 22 skada
715 642 77 15 annan.
821 635 77 22 Denna
910 635 36 21 be-

194 670 107 26 stämning
322 669 65 22 hafva
407 669 118 22 Ständerna
544 669 123 27 förtydligat
686 670 87 26 derhän,
788 671 32 20 att
836 670 40 21 den
891 669 55 27 äsyf-

196 704 48 22 tade
267 704 39 22 och
328 704 138 21 förorsakade
481 703 80 23 skadan
575 704 40 21 bör
629 703 103 22 innebära
745 703 201 28 förmögenhetsför-

193 738 50 26 lust,
267 740 23 25 ty
312 744 77 15 annars
413 738 80 22 erhölle
515 737 197 28 bedrägeribrottet,
728 744 46 16 som
788 738 33 21 till
836 739 32 21 sin
883 739 62 20 natur

193 772 113 27 rätteligen
328 775 25 18 är
371 778 25 15 en
417 772 246 27 egendomsförbrytelse,
679 772 38 22 allt
732 772 34 21 för
780 773 46 20 stor
840 772 104 22 utsträck-

192 808 56 26 ning.

259 841 14 21 2
289 840 17 28 8.
336 840 178 22 Karakteristiskt
534 840 33 22 för
587 840 36 22 det
643 847 16 15 s.
674 841 21 21 k.
710 840 237 28 försäkringsbedräge-

191 876 41 21 riet
246 876 25 20 är
285 876 8 20 i
308 875 116 27 subjektivt
439 875 98 21 afseende
552 875 145 27 förbrytarens
713 875 65 27 afsigt
793 877 32 20 att
840 876 50 21 ernä
900 876 43 21 för-

190 910 201 26 säkringssumman.
421 909 42 21 Det
487 916 62 20 synes
573 909 82 23 derföre
670 910 46 21 icke
738 916 52 16 vara
812 910 73 27 riktigt
907 912 38 24 att,

190 944 71 22 säsom
277 944 8 21 i
301 944 79 26 nädiga
394 944 157 27 propositionen
567 944 55 26 sker,
634 944 99 27 uttrycka
743 945 60 21 detta
813 944 133 22 förhällande

190 984 77 20 genom
287 978 66 21 orden
368 978 7 21 i
390 978 119 27 ,bedräglig
523 978 84 27 afsigt*,
621 978 101 22 eftersom
737 979 33 21 till
784 978 112 27 bedrägeri
910 980 8 20 i
934 980 11 20 1

190 1012 12 26 $
217 1012 78 21 räknas
316 1012 62 21 äfven
398 1012 75 21 sådant
487 1012 64 27 brott,
567 1019 44 15 som
627 1012 56 22 afser
699 1014 32 20 att
745 1013 115 26 tillskynda
875 1019 70 15 annan

190 1045 77 22 förlust
285 1047 52 20 utan
358 1046 69 27 någon
447 1045 13 22 å
478 1045 145 28 förbrytarens
641 1047 46 21 sida
705 1046 150 22 motsvarande
869 1046 76 23 fördel.

190 1079 119 22 Ständerna
331 1080 65 22 hafva
417 1079 56 28 förty
495 1081 76 21 ändrat
593 1080 33 27 S:n
648 1081 95 26 sålunda,
765 1082 33 20 att
812 1082 7 21 i
834 1081 59 22 detta
908 1081 37 22 fall

191 1114 111 21 enahanda
322 1114 63 27 afsigt
403 1114 113 27 erfordras,
535 1121 46 15 som
599 1115 7 20 i
627 1115 11 20 1
654 1121 63 16 mom.
733 1115 23 21 af
771 1115 11 21 1
799 1115 18 27 &,
832 1115 113 22 hvarutom

190 1147 62 23 äfven
269 1149 40 21 den
324 1149 90 26 ändring
429 1150 35 25 egt
478 1155 53 21 rum,
547 1151 31 20 att
592 1148 77 23 förlust
684 1149 23 22 af
721 1149 166 28 medborgerligt
902 1149 43 22 för-

190 1183 91 21 troende
296 1183 95 26 stadgats
407 1183 69 22 såsom
490 1183 80 27 påföljd
585 1183 74 21 endast
675 1184 27 21 dä
717 1183 42 22 den
778 1185 96 26 skyldige
889 1184 56 26 gjort

190 1217 32 27 sig
236 1216 101 22 förfallen
352 1217 33 21 till
400 1217 158 23 tukthusstraff.

262 1252 20 25 3,
305 1252 14 20 4
339 1251 38 20 och
397 1252 14 20 5
426 1252 29 26 $$.
485 1252 33 20 Då
533 1252 36 20 det
584 1252 118 26 subjektiva
717 1254 118 19 momentet
849 1253 8 20 i
872 1252 25 20 de
913 1253 32 20 uti

189 1284 15 21 4
224 1284 39 21 och
281 1284 14 21 5
313 1283 24 28 $$
352 1284 92 22 nämnda
459 1285 85 21 brotten
560 1284 113 22 betecknas
688 1286 49 20 med
752 1285 65 21 orden
834 1286 44 27 ,sig
892 1285 52 21 eller

190 1324 70 16 annan
275 1318 33 22 till
322 1319 61 26 nytta
398 1318 51 22 eller
464 1325 70 15 annan
548 1319 33 21 till
594 1318 83 27 skada",
691 1319 102 22 hvarmed
807 1320 77 27 nådiga
894 1326 48 21 pro-

189 1353 121 27 positionen
325 1353 167 27 uppenbarligen
507 1353 56 22 velat
581 1354 68 21 uttala
664 1354 75 22 endast
754 1355 32 20 att
802 1356 74 25 nyttan
891 1354 53 21 eller

190 1387 83 22 skadan
289 1387 40 22 bör
343 1387 64 22 hafva
421 1388 56 21 varit
491 1387 89 28 äsyftad,
595 1389 47 21 icke
657 1390 32 19 att
704 1389 66 21 sädan
786 1389 108 28 verkligen
905 1389 39 21 bör

190 1421 64 23 hafva
269 1422 138 27 uppkommit,
423 1423 24 21 sä
461 1422 113 22 förefinnes
589 1423 66 26 enligt
669 1423 133 22 Ständernas
816 1423 65 22 tanke
896 1424 47 21 icke

190 1457 70 27 nägon
279 1457 112 26 anledning
411 1458 31 20 att
462 1457 3 22 i
481 1457 11 21 1
507 1463 64 16 mom.
587 1457 22 22 af
623 1458 13 21 3
651 1457 10 27 $
677 1457 71 22 afvika
763 1458 47 21 frän
825 1459 65 26 sagda
906 1459 37 21 ka-
