989 1703
379 150 53 23 N:o
447 150 26 22 8.

327 559 67 21 Hans
416 560 147 27 Kejserliga
579 560 135 27 Majestäts
730 560 72 28 nädiga

260 594 125 26 proposition
413 594 28 21 till
467 594 93 22 Finlands
583 594 93 27 Ständer,
698 594 104 28 angående

258 628 109 20 Tärändrad
384 628 76 26 lydelse
477 628 20 21 af
514 627 27 29 $$
558 628 37 27 20,
611 628 28 22 25
655 629 37 21 och
708 628 29 22 43
744 623 11 38 i
774 629 28 21 le-

258 658 120 30 gostadgan
395 662 32 21 för
450 662 114 22 husbönder
586 663 37 20 och
643 662 123 28 tjenstehjon
782 663 20 21 af

258 695 37 22 den
311 695 30 22 30
356 695 80 22 Januari
452 696 61 22 1865.

121 769 37 21 Uti
180 769 112 21 skrifvelse
308 769 24 22 af
346 770 40 21 den
402 771 28 20 22
444 770 42 27 Maj
505 771 53 20 1885
573 771 64 20 hafva
652 771 102 20 Finlands
770 777 32 22 se-

53 805 50 19 nast
125 803 130 21 församlade
278 803 92 22 Ständer
392 804 125 26 framhållit,
540 805 108 24 hurusom,
665 807 52 18 enär
732 806 69 25 någon

53 837 43 21 viss
116 837 32 21 tid
163 837 33 21 för
212 837 140 27 tjenstehjons
368 839 121 25 antagande
505 839 47 20 icke
569 838 75 21 funnes
659 841 69 18 utsatt
742 839 7 20 i
765 838 37 21 nå-

53 871 50 27 diga
125 872 141 26 legostadgan
289 871 32 22 för
345 872 122 21 husbönder
483 873 38 20 och
537 872 129 27 tjenstehjon
682 873 23 20 af
719 873 40 20 den
775 873 27 20 30

52 905 92 22 Januari
168 907 61 24 1865,
254 906 26 20 de
304 905 44 21 deri
368 906 106 26 ingående
490 907 195 26 bestämningarna,
701 909 32 18 att
748 907 53 26 tjen-

52 940 95 26 stehjon,
162 940 63 20 hvars
240 940 142 26 legostämma
397 941 62 26 utgår
475 941 40 20 den
533 942 9 19 1
559 941 126 26 November,
701 941 47 20 icke
763 941 39 20 har

52 976 44 19 rätt
112 976 31 19 att
160 974 23 20 af
197 974 111 21 husbonde
323 974 75 21 fordra
414 975 125 21 orlofssedel
555 975 12 20 å
583 981 71 14 annan
664 975 38 27 tid,
713 977 28 19 än
750 975 52 21 mel-

52 1008 37 20 lan
113 1008 40 20 den
176 1009 26 19 29
224 1008 44 21 Juli
285 1008 39 20 och
340 1009 41 20 den
397 1009 12 20 8
426 1008 131 27 September,
573 1011 56 19 samt
644 1011 32 18 att
691 1009 111 21 husbonde

53 1042 19 26 ej
97 1048 50 20 eger
169 1044 97 24 uppsäga
289 1042 131 26 tjenstehjon
436 1048 81 22 senare,
534 1045 27 18 än
577 1044 13 19 å
605 1043 133 21 sistnämnde
754 1044 47 25 dag,

54 1076 61 26 gifvit
131 1076 115 26 anledning
262 1076 72 21 dertill
350 1079 32 18 att
392 1076 34 22 för
436 1078 135 20 närvarande
582 1078 124 26 städjandet
717 1077 22 21 af
748 1077 54 27 tjen-

52 1110 78 21 stefolk
152 1111 27 25 på
202 1110 147 27 landsbygden
372 1111 90 21 allmänt
483 1112 98 26 vidtager
596 1112 67 20 redan
678 1112 7 20 i
701 1112 65 20 slutet
780 1112 24 20 af

51 1144 45 22 Juli
112 1144 85 27 månad,
212 1144 84 22 hvilket
311 1144 135 22 förhållande
462 1145 123 21 Ständerna
595 1146 65 20 likväl
671 1148 70 18 ansett
751 1152 52 14 vara

52 1178 118 27 olämpligt,
187 1179 45 20 dels
243 1179 50 20 med
304 1179 100 21 afseende
416 1180 57 25 derå,
485 1182 32 18 att
527 1180 153 20 landtmannen
691 1180 35 20 vid
737 1180 66 26 sagda

53 1212 32 21 tid
99 1213 28 25 på
143 1218 119 16 sommaren
278 1215 58 18 ännu
351 1213 47 21 icke
414 1213 71 21 kunde
500 1214 95 20 beräkna
605 1214 55 21 hvad
671 1214 57 21 årets
739 1214 64 21 skörd

53 1246 84 22 komme
157 1249 32 19 att
204 1247 100 26 inbringa
320 1247 40 21 och
375 1248 47 20 sina
441 1248 62 20 deraf
517 1248 107 20 beroende
639 1248 116 26 tillgångar
770 1248 33 20 för

50 1281 117 21 underhåll
183 1281 40 21 och
238 1281 113 21 aflönande
368 1281 23 21 af
404 1282 125 26 tjenstefolk
544 1282 69 20 under
629 1282 36 20 det
676 1282 126 21 kommande

49 1315 106 26 legoåret,
179 1317 55 19 samt
256 1317 32 19 att
312 1316 25 20 de
360 1319 56 17 mest
432 1316 136 21 brådskande
581 1316 222 26 jordbruksarbetena

49 1348 29 20 dä
91 1348 79 25 jemväl
186 1349 99 25 päginge,
303 1348 45 21 dels
365 1349 49 20 med
429 1349 85 26 hänsyn
529 1349 33 20 till
575 1349 40 20 den
626 1349 66 26 långa
702 1350 101 30 tidrymd,

48 1387 48 16 som
113 1382 74 20 dervid
203 1384 58 19 ännu
276 1382 110 21 äterstode
402 1381 23 22 af
433 1383 90 26 löpande
534 1383 146 26 legostämma,
692 1383 39 20 och
742 1383 61 20 hvar-

51 1416 69 21 under
135 1416 137 27 tjenstehjon,
289 1422 45 15 som
349 1416 85 21 komme
451 1419 32 19 att
498 1417 68 27 flytta,
581 1417 8 20 i
604 1417 117 22 allmänhet
731 1417 72 22 visade

51 1451 84 21 mindre
150 1451 42 26 häg
207 1451 39 21 och
261 1451 32 21 flit
308 1451 36 21 vid
359 1451 145 27 fullgörandet
520 1451 23 21 af
552 1451 47 21 sina
611 1451 142 27 äligganden;
765 1452 39 21 coh
