1020 1709
195 156 28 21 50

166 219 95 21 kommer
283 218 31 21 till
334 218 66 22 stånd.
430 218 33 22 Då
478 218 7 21 i
500 218 71 22 landet
585 218 63 22 redan
663 218 67 22 finnes
744 218 40 22 och
798 218 62 23 äfven
875 226 34 14 om

166 252 98 28 förslaget
287 252 32 22 till
344 252 135 29 dissenterlag
503 252 46 22 icke
574 252 69 22 blefve
665 252 23 22 af
701 252 111 22 ständerna
826 255 83 26 antaget

166 286 65 21 likväl
253 286 95 21 kommer
372 287 30 20 att
424 287 66 21 finnas
515 289 30 19 ett
559 289 51 20 stort
625 286 57 21 antal
697 286 117 25 dissenters,
830 287 39 21 och
883 286 28 22 då

168 320 34 22 det
217 320 66 22 måste
298 327 48 14 vara
362 320 113 22 önskvärdt
489 322 30 20 att
533 320 69 22 dessas
617 320 164 29 medborgerliga
795 320 113 23 förhållan-

168 355 40 22 den
233 354 26 29 på
282 355 169 28 grundlagsenlig
474 359 39 24 väg
537 355 91 29 regleras
643 355 156 28 fullständigare
814 359 27 17 än
856 355 57 22 detta

168 390 56 21 skett
248 397 74 20 genom
349 390 53 21 1781
427 389 33 22 års
475 390 129 28 kungörelse,
627 389 38 22 har
680 397 26 14 en
721 389 127 28 författning,
865 397 45 14 som

168 424 56 23 afser
247 427 30 19 att
300 423 64 23 ordna
389 425 58 21 dessa
461 424 151 25 förhållanden,
628 423 62 23 äfven
705 424 116 22 oberoende
837 423 23 22 af
872 424 42 21 dis-

169 459 129 28 senterlagen
314 466 26 14 en
354 458 130 29 själfständig
497 459 114 28 betydelse.
634 459 30 22 Vi
678 458 76 23 föreslå
768 458 70 23 därför
852 459 60 22 vörd-

170 496 56 19 samt

409 558 30 20 att
461 557 33 20 det
515 557 28 27 af
563 556 101 22 Utskottet
678 558 15 19 &
707 556 39 22 sid.
762 557 30 21 39
807 556 28 27 af
847 556 70 21 betän-

376 590 76 22 kandet
475 591 133 27 framstälda
632 590 88 28 förslag
749 591 33 21 till
806 591 109 21 uttalande

376 624 63 27 blefve
455 624 94 22 lämnadt
564 626 52 20 utan
630 624 105 27 afseende.

241 675 138 29 Helsingfors,
396 676 39 21 den
449 676 15 21 4
478 676 63 28 April
559 676 59 22 1888.

243 739 20 21 R.
279 739 19 21 A.
313 739 76 22 Wrede.
607 739 71 22 Gustaf
693 739 155 28 Langenskiöld.

243 774 20 21 V.
279 774 24 21 M.
317 779 39 16 von
372 774 58 21 Born.
610 775 19 20 F.
644 774 113 27 Stjernvall.

243 808 27 21 W.
285 808 101 22 Calonius.
612 809 55 22 Josef
682 809 108 22 Stenbäck.

244 842 56 23 Ferd.
314 842 95 23 Jusélius.
616 844 57 22 Ernst
689 843 113 23 Rönnbäck.
