1039 1709
363 140 23 20 U.
401 140 22 20 B.
438 152 28 2 —
480 140 59 25 Prop.
553 140 38 20 N:o
605 140 15 20 1.
797 142 38 20 109

117 202 72 20 dessas
211 201 146 21 beskaffenhet
380 203 39 19 och
441 201 158 22 föreskrifterna
622 202 6 19 i
651 202 69 20 denna
736 203 128 28 förordning,

118 238 116 18 motsvaras
250 236 22 20 af
286 236 26 20 de
328 236 6 20 i
350 236 122 26 strafflagen
489 236 126 20 föreskrifna
630 236 94 20 tukthus-
737 238 39 19 och
785 237 80 27 fängel-

117 269 91 21 sestraff.

186 304 11 20 5
213 304 14 26 $
242 306 41 22 (4).
315 304 40 20 Vid
371 304 134 26 tillämpning
520 305 23 19 af
557 304 65 20 sådan
638 305 59 19 äldre
712 305 36 26 lag
763 305 51 20 eller
825 306 41 20 för-

117 338 98 26 fattning,
236 345 44 13 som
304 345 74 19 genom
396 339 70 20 denna
481 339 123 25 förordning
619 338 46 20 icke
682 338 68 21 blifvit
766 340 99 26 upphäfd,

119 372 61 27 skall,
197 374 57 20 utom
270 372 57 22 hvad
342 373 8 20 i
365 373 13 20 4
393 373 16 28 $
423 372 95 28 stadgas,
533 374 116 25 iakttagas:

187 408 17 20 1.
234 410 31 17 att
287 408 73 26 hvarje
382 408 6 19 i
404 408 64 20 sådan
484 408 59 20 äldre
560 408 33 26 lag
609 408 59 26 gjord
692 408 125 26 hänvisning
833 409 32 19 till

116 441 201 28 straffbestämning,
340 449 43 13 som
404 442 66 26 enligt
486 443 10 20 1
514 444 9 22 $
541 442 79 26 upphör
636 444 30 18 att
681 442 64 27 gälla,
761 443 53 20 skall
831 450 34 13 an-

116 483 32 13 ses
171 476 68 20 såsom
262 476 126 28 hänvisning
410 477 31 19 till
457 477 130 26 strafflagen,
611 482 32 14 om
667 476 36 20 der
723 476 62 22 straff
799 478 66 20 finnes

116 513 64 17 utsatt
196 512 12 18 å
224 511 62 25 brott,
306 512 32 19 för
354 511 80 20 hvilket
450 512 149 25 hänvisningen
616 513 23 17 är
655 511 77 25 gifven,
749 518 46 13 men
805 512 60 26 eljest

117 544 95 26 förfalla
203 540 12 34 ;

184 580 20 19 2.
234 582 31 17 att
292 579 105 21 föreskrift
420 580 70 20 derom
516 582 30 19 att
569 580 33 19 vid
627 580 195 27 sammanläggning
845 580 22 20 af

116 613 62 21 straff
191 614 7 19 i
217 614 55 20 vissa
288 614 37 20 fall
341 614 85 20 ensaks-
442 614 39 20 och
498 614 115 20 vitesböter
628 613 61 21 skola
705 614 92 26 förfalla,
813 621 53 20 upp-

115 648 39 21 bör
165 650 31 18 att
210 648 57 27 gälla
282 648 9 20 i
305 648 67 28 fråga
387 655 33 14 om
436 648 64 26 brott,
514 654 45 15 som
571 647 113 28 föröfvats
699 648 55 27 efter
765 648 41 21 den
816 649 49 27 dag,

115 683 29 21 då
159 682 128 28 strafflagen
303 682 73 28 blifvit
390 682 114 28 gällande;
520 684 57 19 samt

183 718 19 20 3.
232 720 32 18 alt
286 717 39 21 der
344 717 131 27 strafflagen
494 717 99 27 stadgar,
609 718 33 19 att
657 717 42 21 viss
710 716 121 28 föreskrift
846 718 20 27 ej

117 752 34 20 mä
175 752 111 26 tillämpas
306 752 14 20 &
339 751 63 25 brott,
422 758 44 14 som
482 753 26 19 är
519 751 126 27 jemförligt
660 751 46 21 med
721 751 53 26 dem,
792 751 73 22 hvilka

117 788 92 18 nämnas
231 785 9 20 i
261 786 33 25 41,
319 785 38 27 42,
372 786 29 21 43
416 785 38 21 och
468 786 28 20 44
512 785 101 27 kapitlen,
630 786 70 20 såsom
714 786 80 21 sådant
810 786 57 21 brott

115 819 57 21 skall
186 826 63 14 anses
264 819 74 28 hvarje
349 819 139 28 förbrytelse,
504 819 85 21 hvilken
603 820 9 19 i
626 819 63 21 äldre
704 819 36 28 lag
755 822 27 18 är
791 820 75 28 belagd

115 853 48 21 med
178 853 78 21 endast
272 853 58 21 böter
346 853 52 21 eller
410 853 101 27 fängelse
526 853 9 21 i
549 853 62 27 högst
625 860 37 13 sex
676 853 111 21 månader.

188 889 11 19 6
215 887 13 29 &
245 889 42 25 (5).
307 888 42 20 Vid
365 888 59 20 äldre
439 888 45 27 lags
500 888 131 26 tillämpning
648 888 27 20 uti
692 888 25 21 de
732 889 6 19 i
754 889 19 24 3,4
783 890 60 19 och
853 890 11 18 5

119 921 26 29 $$
161 923 105 20 omtalade
280 923 36 19 fall
332 922 54 20 skall
403 923 31 19 för
450 922 64 27 öfrigt
529 922 114 27 iakttagas;

190 958 16 19 1.
237 960 30 17 att
284 958 58 20 böter
358 958 39 20 och
415 956 55 22 viten
489 957 84 20 tillfalla
589 957 89 25 kronan;
695 958 23 19 så
733 958 40 20 ock
784 958 81 20 förbru-

116 993 29 18 tet
161 992 59 26 gods,
236 992 81 20 hvilket
338 992 18 26 ej
373 992 37 20 bör
425 992 107 20 tilldömas
547 992 146 26 målsegande;

188 1027 19 19 2.
238 1028 30 18 att
291 1026 32 20 till
346 1026 74 20 förlust
443 1027 21 19 af
482 1026 35 20 arf
531 1026 52 20 eller
598 1026 86 20 arfsrätt
699 1026 32 20 för
746 1026 57 20 brott
817 1027 48 20 icke

116 1061 33 19 får
171 1060 72 20 dömas
264 1061 6 19 i
294 1061 66 20 andra
383 1062 43 24 fall,
448 1064 26 17 än
498 1062 6 18 i
525 1061 7 20 6
549 1061 47 26 kap.
627 1057 145 25 Ärfdabalken
789 1061 75 21 omför-

117 1095 76 25 mälas;

184 1129 12 26 (
200 1128 76 26 Utesl.)

188 1163 19 20 3.
238 1165 31 17 att
291 1163 54 20 hvad
369 1164 7 19 i
396 1163 122 27 strafflagen
535 1167 22 17 är
573 1164 104 26 stadgadt,
693 1165 29 19 uti
738 1164 13 22 3
766 1165 49 26 kap.
831 1172 33 14 om

117 1198 99 25 grunder,
238 1198 72 19 hvilka
333 1198 92 20 utesluta
444 1198 52 20 eller
513 1199 81 19 minska
608 1198 143 27 straffbarhet,
766 1200 6 19 i
789 1201 11 18 4
816 1200 48 26 kap.

117 1238 32 14 om
167 1232 78 26 försök,
266 1232 8 20 i
290 1233 11 19 5
318 1232 50 27 kap.
385 1240 32 12 om
434 1233 138 26 delaktighet,
588 1234 6 18 i
611 1234 10 19 6
638 1233 48 26 kap.
703 1240 32 13 om
752 1234 90 26 återfall,

116 1267 11 19 7
145 1266 49 26 kap.
220 1273 32 13 om
275 1267 197 27 sammanläggning
494 1268 22 19 af
531 1267 66 26 straff,
618 1268 1 18 i
637 1268 13 20 8
665 1268 48 26 kap.
729 1275 33 13 om
778 1271 42 17 rätt
835 1272 31 16 att

118 1300 58 20 åtala
196 1301 56 19 brott
274 1301 40 20 och
329 1303 31 18 att
384 1302 115 20 verkställa
515 1302 86 20 ådömdt
617 1302 65 26 straff,
699 1305 53 17 samt
766 1303 7 19 i
789 1303 11 19 9
817 1303 48 27 kap.

117 1341 34 13 om
176 1335 135 25 skadestånd,
334 1336 38 18 bör
394 1336 114 24 tillämpas,
531 1335 38 20 der
588 1336 19 26 ej
623 1335 77 20 brottet
715 1336 52 20 eller
783 1336 81 20 brotten

116 1366 109 27 föröfvats
236 1367 54 27 förr
305 1370 28 18 än
348 1368 130 27 strafflagen
494 1368 59 21 trädt
570 1369 9 19 i
593 1368 102 28 gällande
702 1368 62 27 kraft
773 1368 38 21 och
825 1369 39 21 den

117 1400 63 21 äldre
196 1401 64 27 lagen
275 1403 27 19 är
316 1402 100 20 mildare.

190 1436 20 19 4.
240 1438 31 18 att
293 1438 41 18 rätt
355 1438 30 18 att
400 1436 56 20 åtala
472 1437 55 20 brott
549 1437 39 20 och
604 1439 31 17 att
651 1437 114 21 verkställa
779 1437 87 21 ådömdt
