1023 1700
305 138 65 24 Ständ.
385 138 32 24 Sv.
429 151 30 3 —
474 138 55 30 Prop.
545 138 32 24 N:o
591 139 15 23 4.
760 140 43 22 205

149 204 27 22 25
191 204 18 28 8.
239 205 65 26 Hvar,
320 210 44 16 som
380 205 70 22 blifvit
467 206 87 26 häktad,
570 206 54 21 skall
638 208 75 25 genast
727 206 57 22 föras
799 206 36 23 till

83 239 90 21 allmänt
187 238 71 28 häkte,
274 239 52 22 eller
340 239 73 21 ställas
427 240 34 21 för
475 241 57 20 rätta
546 239 70 22 såsom
632 240 7 21 i
653 240 28 22 26
696 240 10 27 $
721 242 55 25 sägs.

147 273 29 21 26
190 272 19 28 8.
238 273 46 21 Har
298 274 70 26 någon
382 273 71 22 blifvit
467 274 89 26 häktad;
573 274 55 21 skall
642 274 128 26 ransakning
780 276 51 19 utan

78 307 100 27 dröjsmål
200 307 127 22 verkställas
348 307 24 22 af
385 308 40 21 den
440 310 50 24 rätt,
508 308 86 22 hvilken
610 308 65 22 sådan
690 308 86 27 åligger.
806 308 25 27 Ej

78 341 35 22 må
128 342 86 21 domare
229 342 7 21 i
251 342 70 27 någon
335 342 102 22 händelse
452 342 116 27 uppskjuta
582 342 155 28 ransakningen
752 343 79 26 längre,

78 377 28 20 än
120 376 8 20 i
142 376 48 21 stad
205 375 46 22 åtta
271 376 55 26 dygn
342 376 39 22 och
400 376 28 27 på
446 376 72 22 landet
533 382 26 16 en
574 377 77 21 månad
666 376 47 22 från
728 377 41 21 den
784 377 47 26 dag,

79 410 28 21 då
121 410 99 21 anmälan
238 416 35 15 om
292 410 129 27 häktningen
443 411 85 26 gjordes
548 411 38 20 hos
602 411 84 21 honom.
716 406 30 26 Är
751 402 15 40 ä
787 411 45 20 lan-

78 444 37 21 det
130 444 101 21 domaren
246 444 92 21 hindrad
352 446 31 19 att
398 444 50 27 sjelf
456 444 60 27 börja
527 445 165 27 ransakningen;
708 445 78 27 begäre
792 445 39 21 hos

77 477 108 22 hofrätten
207 477 143 22 förordnande
372 478 33 21 för
427 485 70 15 annan
520 479 86 22 domare
620 480 38 25 att,
674 479 7 21 i
696 481 53 20 hans
764 479 69 26 ställe,

78 512 122 27 handlägga
215 512 70 27 mälet,
300 512 44 22 tills
359 514 32 20 att
405 513 86 21 hindret
505 513 100 28 upphört.

146 547 27 21 27
190 546 18 28 8.
237 547 79 21 Finner
335 549 69 20 rätten
424 547 81 22 brottet
520 555 51 15 vara
586 548 23 21 af
622 548 41 22 den
678 547 152 27 beskaffenhet,

78 583 31 20 att
132 582 41 21 den
195 581 105 22 tilltalade
322 582 71 21 derför
415 582 18 27 ej
450 582 48 22 bort
513 582 83 27 häktas,
612 582 52 22 eller
678 583 78 21 saknas
771 583 60 27 eljest

77 616 49 27 laga
148 616 46 21 skäl
209 618 32 19 att
260 616 110 26 gvarhälla
384 616 77 22 honom
477 618 7 20 i
499 617 77 26 häkte;
599 617 55 21 skall
668 617 42 21 han
725 617 106 26 lösgifvas.

146 650 28 22 28
189 650 17 27 &.
237 650 69 22 Hafva
329 652 45 20 mot
395 651 91 21 tilltalad
505 658 85 20 person,
611 658 45 15 som
672 654 23 19 är
710 651 28 27 pä
752 651 28 22 fri
793 652 37 24 fot,

77 684 77 27 inlupit
169 684 80 21 sädana
264 685 187 27 omständigheter,
473 687 31 20 att
519 686 42 21 han
577 686 71 20 derför
662 686 67 26 enligt
743 686 35 26 lag
793 686 39 20 bör

78 719 85 25 häktas;
178 718 100 22 förordne
294 719 28 21 dä
336 720 70 20 rätten
421 726 35 15 om
471 720 52 21 hans
538 720 113 21 häktande.
670 720 105 21 Tredskas
790 720 42 21 till-

77 752 58 22 talad
150 758 77 21 person
242 754 32 20 att
289 752 27 28 pä
335 754 80 20 rättens
431 754 43 21 bud
493 754 85 22 komma
592 754 34 21 till
640 760 70 20 svars;
732 760 50 15 vare
796 754 36 26 lag

78 793 45 15 som
138 787 7 21 i
163 786 208 28 Rättegängsbalken
387 790 54 25 sägs.

146 820 28 22 29
189 820 18 27 $.
237 822 78 21 Rätten
330 828 38 21 ege
383 824 32 19 att
435 822 89 28 lösgifva
541 822 80 22 häktad
636 829 83 20 person,
734 825 40 19 när
789 828 43 15 om-

78 855 174 27 ständigheterna
274 856 71 22 dertill
367 856 116 28 föranleda,
502 859 51 19 utan
568 857 76 21 hinder
658 856 24 22 af
694 857 77 26 beslut,
786 863 45 15 som

77 890 59 22 förut
150 889 70 22 blifvit
234 890 80 22 fattadt
328 897 34 15 om
377 891 136 27 häktningen.

147 924 28 22 30
189 924 18 27 8.
238 920 64 27 Öfver
317 927 80 21 rättens
413 926 70 22 beslut
498 933 34 15 om
547 926 109 27 häktning,
672 926 51 21 eller
738 932 34 15 om
780 926 52 20 häk-

78 959 37 21 tad
130 965 88 21 persons
234 960 151 26 gvarhällande
399 960 8 21 i
422 960 72 26 häkte,
515 961 34 21 mä
563 961 78 26 klagan
656 960 23 21 af
692 961 68 21 denne
774 960 58 21 föras

77 999 76 22 genom
168 994 105 22 särskilda
288 994 84 27 besvär;
393 995 55 21 dock
463 994 67 28 gänge
545 995 92 21 beslutet
652 995 18 27 ej
687 995 47 21 dess
750 995 81 21 mindre

78 1028 6 21 i
106 1028 168 27 verkställighet.
311 1029 11 21 I
344 1031 22 25 ty
389 1029 42 21 mäl
455 1036 48 15 vare
526 1030 77 26 klagan
626 1029 18 27 ej
667 1028 111 22 inskränkt
799 1028 33 22 till

77 1062 42 21 viss
134 1062 39 22 tid.

147 1100 26 21 31
190 1098 18 28 8.
238 1098 117 22 Frikännes
375 1098 47 27 den,
438 1104 45 16 som
503 1100 24 20 är
541 1098 81 22 häktad
638 1098 32 21 för
685 1098 69 26 brott;
776 1097 55 27 gifve

78 1137 71 21 rätten
171 1135 79 21 honom
272 1134 39 25 lös,
334 1139 34 15 om
386 1133 42 21 han
443 1133 47 22 icke
509 1134 40 21 bör
564 1132 119 28 gvarhällas
696 1133 8 21 i
719 1132 64 22 häkte
799 1132 33 21 för

55 1169 1 3 *
78 1177 70 16 annan
165 1169 70 22 orsak.

146 1203 71 22 Hafva
231 1203 35 21 vid
282 1202 112 21 underrätt
409 1202 135 27 synnerligen
558 1202 131 21 besvärande
704 1201 128 27 omständig-

78 1240 60 21 heter
161 1237 136 22 förekommit
318 1238 44 19 mot
378 1236 46 27 den,
445 1243 46 15 som
505 1236 86 21 häktats
606 1236 33 21 för
654 1237 68 25 brott;
745 1236 35 21 mä
794 1242 38 15 un-

78 1274 116 23 derrätten,
218 1271 67 21 ehuru
308 1271 42 21 han
369 1271 47 21 icke
435 1271 82 21 kunnat
533 1270 22 21 ät
570 1271 66 20 saken
649 1270 67 24 fällas,
732 1270 100 21 förordna

78 1308 32 21 att
124 1307 42 21 han
189 1306 54 20 skall
266 1306 6 20 i
295 1305 63 21 häkte
378 1304 104 27 förblifva,
502 1304 33 22 till
556 1304 47 22 dess
619 1304 149 21 underrättens
784 1304 47 21 dom

78 1341 76 20 vunnit
169 1340 48 24 laga
231 1338 63 26 kraft,
311 1339 53 20 eller
377 1338 81 20 hofrätt
473 1338 131 20 annorlunda
619 1338 117 20 förordnat.

148 1373 27 21 32
186 1372 18 26 $.
234 1372 47 21 Kan
297 1371 201 27 ransakningsfänge
514 1372 18 26 ej
549 1371 72 21 säkert
632 1370 76 22 vårdas
723 1372 53 20 utan
788 1372 44 19 sär-

78 1408 65 23 skildt
157 1407 90 27 fängsel;
263 1407 35 21 mä
312 1407 42 21 han
370 1406 85 22 dermed
471 1406 105 28 beläggas,
593 1406 54 21 dock
662 1405 19 27 ej
692 1405 139 26 annorlunda,

78 1443 52 22 eller
145 1442 33 22 för
193 1442 74 27 längre
282 1442 39 26 tid,
338 1444 26 19 än
380 1441 126 22 säkerheten
522 1440 89 22 fordrar.
