1048 1706
259 129 44 23 U.
319 129 44 23 B.
380 142 26 4 —
422 130 116 27 Prop.
554 130 66 23 N:o
636 131 54 21 10.

371 539 250 29 Strafflagsutskottets
647 539 139 23 betänkande
809 539 39 23 N:o

304 574 15 22 2
335 574 5 22 i
357 574 115 28 anledning
488 574 27 22 af
523 574 60 23 Hans
594 574 124 28 Kejserliga
729 574 121 28 Majestäts

303 607 80 29 nådiga
407 608 137 28 proposition
566 608 32 23 till
624 608 101 23 Finlands
748 608 101 28 ständer,

302 642 153 24 innefattande
479 643 63 23 bland
566 643 69 23 annat
650 642 87 30 förslag
752 642 32 23 till
800 642 49 23 för-

302 677 93 29 ordning
411 683 33 17 om
460 683 85 17 ansvar
560 677 37 23 för
613 678 48 28 den,
683 683 47 17 som
746 677 102 29 olofligen

301 711 87 23 förmär
403 711 72 29 nägon
491 712 31 23 till
539 712 123 28 öfvergäng
678 711 52 23 frän
747 718 26 16 en
788 712 61 22 tros-

304 746 49 23 lära
367 746 33 23 till
416 752 80 17 annan.

165 820 71 22 Sedan
252 820 159 23 ofvannämnda
425 821 82 27 nädiga
520 821 138 27 proposition,
672 821 88 22 hvilken
770 821 80 27 jemväl

99 855 121 22 innehäller
234 854 82 28 förslag
331 855 34 22 till
378 855 126 28 förordning
519 856 112 28 angäende
650 855 200 28 religionssamfund

96 889 7 22 i
118 889 95 22 Finland
235 889 25 22 af
280 896 72 15 annan
373 890 92 22 troslära
487 892 28 20 än
537 890 41 22 den
597 890 252 28 evangelisk-lutherska,

99 924 39 22 och
161 924 34 22 till
215 924 128 27 förordning
365 930 31 16 om
419 926 45 20 rätt
478 924 34 22 för
526 924 56 22 finsk
596 924 140 28 medborgare
752 924 24 22 af
788 924 63 22 frem-

96 958 80 22 mande
196 958 83 22 kristen
301 958 93 22 troslära
413 960 34 20 att
462 959 93 22 bekläda
570 958 98 23 embeten
682 959 39 22 och
736 959 91 27 tjenster
842 959 7 21 i

96 993 80 27 landet,
192 993 26 21 af
230 992 93 23 ständen
337 993 133 21 remitterats
484 993 34 21 till
526 993 162 28 Lagutskottet,
699 994 40 21 har
748 993 100 22 bemälda

94 1028 86 21 utskott
201 1028 38 21 hos
262 1027 122 21 Ständerna
403 1027 102 22 hemstält
526 1034 33 15 om
574 1027 48 22 icke
637 1027 42 21 den
693 1027 50 22 nåd.
759 1034 66 20 prop.,
841 1027 8 21 i

94 1061 59 22 hvad
168 1061 123 21 densamma
306 1061 70 27 angär
391 1067 79 16 ansvar
483 1061 34 22 för
532 1061 47 28 den,
595 1067 44 15 som
655 1061 98 27 olofligen
768 1061 81 21 förmär

95 1095 73 28 nägon
183 1095 34 21 till
232 1095 121 28 öfvergäng
368 1095 50 22 frän
433 1101 26 16 en
474 1095 92 22 troslära
580 1095 34 22 till
628 1101 76 22 annan,
715 1095 72 22 kunde
796 1095 52 22 hän-

94 1129 86 28 skjutas
195 1129 34 22 till
244 1129 231 28 Strafflagsutskottet,
490 1129 89 22 emedan
588 1129 136 28 stadganden
734 1129 114 28 angående

94 1163 114 22 enahanda
228 1163 59 22 brott
301 1163 52 28 ingå
368 1163 7 22 i
391 1163 41 22 den
446 1164 29 27 på
489 1163 144 22 nästnämnda
647 1163 95 22 utskotts
757 1163 91 28 gransk-

94 1197 53 28 ning
162 1197 156 22 ankommande
333 1197 81 28 nådiga
426 1198 159 27 propositionen
600 1197 113 28 angående
725 1197 123 28 antagande

94 1232 24 22 af
132 1232 79 22 allmän
226 1231 100 28 strafflag
341 1231 34 22 för
389 1232 103 27 Finland;
508 1233 39 21 och
562 1231 66 23 hafva
642 1231 102 28 samtliga
755 1232 93 21 stånden

93 1266 34 22 till
146 1267 70 21 denna
230 1266 129 22 hemställan
374 1266 86 22 bifallit.

162 1301 43 21 Vid
227 1301 41 22 den
288 1300 25 22 af
326 1301 224 27 Strafflagsutskottet
564 1301 8 22 i
586 1300 56 28 följd
656 1300 64 23 häraf
732 1300 116 28 företagna

94 1335 135 26 granskning
247 1335 25 20 af
284 1335 105 26 förslaget
403 1335 34 20 till
451 1335 169 26 ifrågavarande
636 1335 130 26 förordning,
782 1335 64 20 hvars

92 1367 132 22 utfärdande
238 1367 69 28 enligt
323 1367 112 28 ingressen
450 1367 34 22 till
499 1368 40 21 den
554 1367 50 22 nåd.
619 1374 59 21 prop.
694 1368 55 21 skall
759 1367 87 22 förfalla

92 1401 7 23 i
115 1401 103 23 händelse
233 1401 42 22 den
288 1401 127 28 föreslagna
429 1407 43 22 nya
487 1401 130 28 Strafflagen
627 1402 94 21 kommer
731 1401 34 22 till
774 1401 72 31 stånd,

92 1437 40 22 har
139 1436 106 22 utskottet
255 1436 72 22 funnit
336 1436 69 28 sagda
415 1435 83 29 förslag
508 1436 7 21 i
522 1435 124 24 hufvudsak
656 1437 191 23 öfverensstämma

158 1501 198 25 Strafflagsutskottets
368 1501 115 20 betänkande
495 1503 36 17 N:o
542 1503 18 19 2.
