1014 1706
233 138 32 38 60
435 142 65 24 Ständ.
515 142 30 24 $v.
562 156 26 3 —
603 143 55 29 Prop.
673 143 31 23 Wo
719 143 16 23 1.

204 208 108 27 upptagits
334 208 129 27 antändning
485 208 23 22 af
527 208 122 28 byggnader
671 208 52 22 eller
744 208 76 27 fartyg,
836 213 46 16 som
897 207 58 27 tjena

204 242 122 22 menniskor
340 241 32 22 till
386 242 80 27 boning
480 242 52 22 eller
546 242 103 27 tillfälligt
659 242 143 26 vistelserum;
817 242 8 21 i
838 242 10 21 2
859 241 40 22 och
908 241 13 21 3
932 240 23 29 $$

204 276 127 22 behandlats
354 276 148 28 gvalificerade
522 276 39 22 fall
583 276 23 22 af
623 276 137 28 mordbrand,
775 277 7 21 i
797 276 37 22 det
848 277 107 20 närmaste

203 311 149 21 motsvarande
374 311 14 21 2
410 311 39 21 och
471 311 14 21 3
507 317 62 16 mom.
585 311 23 21 af
622 312 11 20 1
649 311 11 27 8
674 312 9 20 i
697 311 77 27 nådiga
788 310 166 28 propositionen,

204 346 55 21 samt
272 345 8 21 i
294 346 14 20 4
323 344 11 28 $
349 346 78 21 utsatts
442 345 63 22 straff
517 346 34 22 för
565 346 131 27 antändning
710 345 24 22 af
741 346 47 26 hus,
797 344 98 28 byggnad
903 344 52 22 eller

203 380 69 28 fartyg
294 380 7 22 i
323 380 66 22 andra
410 380 39 22 fall
470 382 27 20 än
518 381 7 21 i
541 380 11 22 1
569 380 40 22 och
623 380 14 22 2
652 379 23 29 $$
690 383 94 23 nämnas,
799 380 53 22 eller
866 380 23 21 af
903 380 52 26 skog

204 414 51 23 eller
269 414 112 23 torfmosse
397 415 52 22 eller
463 415 144 28 hvarjehanda
621 415 132 28 varuupplag
767 422 28 15 m.
810 422 36 20 m.,
860 414 74 22 hvilka
947 414 8 22 i

203 450 14 21 2
239 449 11 28 8
272 449 23 22 af
316 449 77 28 nädiga
412 450 159 27 propositionen
586 449 142 27 omförmälas,
744 449 54 22 dock
812 449 96 27 sälunda,
923 450 32 21 att

203 490 76 21 genom
294 484 75 27 tillägg
383 484 24 21 af
418 484 66 22 orden
499 484 65 27 ,,eller
578 485 65 21 annat
658 484 81 27 dylikt**
747 485 110 27 möjlighet
864 485 91 26 öppnats

203 520 32 20 att
254 518 54 21 efter
327 518 69 21 denna
411 517 10 28 $
435 517 76 22 straffa
525 518 62 22 äfven
602 519 131 27 antändning
748 518 24 22 af
785 519 67 21 andra
866 517 89 22 föremäl

203 553 23 22 af
246 553 100 21 liknande
369 552 134 27 omfattning.
532 553 11 20 I
563 552 109 23 särskildt:
691 555 80 19 moment
787 553 66 21 under
868 552 58 22 såväl
943 553 10 20 1

203 593 45 16 som
262 587 15 22 4
292 586 11 28 &
317 587 39 21 har
370 587 88 21 fordran
473 587 13 21 ä
500 587 91 22 konkret
605 586 47 22 fara
667 587 106 27 uppstälts
780 593 76 22 genom
863 587 92 21 bestäm-

203 622 105 26 ningarna
322 622 32 21 att
368 621 131 21 mordbrand
513 621 66 28 enligt
595 621 11 21 1
623 621 10 28 $
649 621 18 27 ej
683 621 119 27 föreligger,
818 627 35 15 om
868 621 37 21 det
918 627 37 15 an-

202 656 66 21 tända
281 655 74 21 tillhör
370 655 191 27 gerningsmannen
577 655 49 27 sjelf
640 655 39 22 och
694 655 46 22 fara
755 655 34 22 för
803 661 81 16 annans
893 661 60 21 egen-

203 690 49 21 dom
267 689 52 22 eller
333 689 26 22 lif
372 689 52 22 eller
439 689 59 22 helsa
513 690 18 27 ej
547 692 24 19 är
585 689 118 22 förhanden
719 691 55 20 samt
788 691 32 20 att
830 689 63 22 straff
899 689 55 22 efter

202 725 14 21 4
231 724 11 27 8
257 724 19 27 ej
292 729 50 22 eger
356 729 55 21 rum,
426 730 34 15 om
476 723 25 22 de
517 725 38 20 der
569 724 93 27 antydda
672 724 116 22 föremålen
798 727 37 18 äro
846 724 108 27 gernings-

202 765 90 15 mannen
307 758 49 27 sjelf
369 758 108 27 tillhöriga
492 758 39 21 och
546 758 156 27 antändningen
717 759 19 27 ej
746 759 89 21 innebär
845 758 109 27 uppenbar

202 793 47 22 fara
270 793 34 21 för
325 799 81 15 annans
421 793 103 26 egendom
539 793 24 21 af
575 793 8 21 i
598 792 32 27 8:n
645 793 79 21 nämnd
738 792 149 22 beskaffenhet
902 793 52 21 eller

203 827 39 22 ock
256 827 34 22 för
304 827 65 26 nägot
385 827 22 20 af
421 827 26 20 de
462 827 235 26 mordbrandsföremäl,
714 833 45 16 som
774 827 136 21 omförmälas
925 827 27 21 i1

202 861 40 22 och
256 862 14 20 2
286 860 23 28 $$
324 861 52 21 eller
390 861 33 21 för
439 867 79 15 annans
533 861 26 22 lif
573 861 52 22 eller
640 861 64 22 helsa.
728 861 103 28 Slutligen
846 861 85 27 stadgas
947 861 7 21 i

201 896 14 21 5
230 895 11 28 &
257 901 34 16 om
306 895 37 21 det
356 895 45 27 fall,
417 901 45 16 som
477 897 86 20 nämnes
581 896 8 21 i
604 896 13 21 3
633 895 11 28 $
658 895 23 22 af
695 895 77 28 nädiga
786 896 167 27 propositionen.

202 942 27 3 —
244 930 41 21 Till
299 929 53 28 följd
366 929 25 22 af
404 930 41 21 den
460 930 159 27 omredigering,
635 936 45 15 som
688 929 90 22 sålunda
786 931 34 26 egt
828 936 53 20 rum,
890 929 64 22 hafva

201 964 62 22 äfven
285 964 251 21 straffbestämmelserna
558 964 33 21 för
612 964 129 21 mordbrand
761 964 112 27 undergätt
887 964 66 27 nägra

201 999 121 27 ändringar.

271 1039 14 22 5
300 1039 18 28 &
348 1039 48 21 Den
414 1039 89 27 ändring
523 1045 45 16 som
585 1039 7 21 i
611 1039 10 21 1
642 1038 10 28 $
667 1040 15 21 4
696 1039 48 27 kap.
760 1041 35 25 egt
809 1045 53 21 rum,
878 1038 76 22 verkar

201 1076 31 20 att
247 1073 178 28 fängelsestraffet
440 1074 7 21 i
462 1073 138 22 förevarande
615 1073 11 28 $
641 1074 39 21 bör
695 1073 22 22 få
731 1073 69 28 nedgä
814 1074 34 21 till
858 1074 37 21 sitt
902 1080 50 15 van-

200 1109 43 27 liga
256 1109 116 20 minimum.

269 1148 46 28 88.
344 1147 43 22 För
405 1148 105 21 vinnande
529 1148 24 21 af
569 1147 217 22 öfverensstämmelse
805 1148 50 21 med
870 1148 27 21 12
913 1147 39 22 och

202 1183 26 22 13
248 1182 24 28 88
286 1183 8 21 i
308 1182 77 27 nådiga
400 1182 157 27 propositionen
573 1182 62 21 hafva
651 1183 65 20 orden
732 1199 4 10 ,
739 1182 87 26 Försök
841 1185 24 19 är
880 1182 71 21 straff-

200 1217 62 22 bart'*
277 1216 124 28 nedflyttats
416 1217 53 21 efter
484 1217 13 20 3
511 1223 62 15 mom.

269 1257 13 20 9
298 1256 18 27 8.
345 1256 10 21 I
375 1256 70 21 denna
463 1255 10 27 $
491 1256 64 21 hafva
573 1256 119 21 Ständerna
711 1256 66 21 infört
791 1256 160 27 bestämningen

200 1292 32 20 att
247 1290 73 21 försök
334 1289 33 21 till
388 1289 1 22 i
412 1288 3 28 $
431 1289 125 21 omnämnda
571 1289 59 21 brott
644 1290 24 20 är
684 1289 116 22 straffbart.

270 1331 25 21 11
312 1329 17 28 8.
360 1329 84 22 Samma
463 1329 68 28 skydd
551 1336 46 15 som
611 1329 78 22 allmän
704 1329 170 28 telegrafanstalt
888 1330 63 22 hafva

201 1365 119 22 Ständerna
333 1366 70 20 ansett
417 1365 53 21 böra
483 1364 98 27 tilläggas
597 1363 61 22 äfven
673 1364 78 22 allmän
766 1365 163 22 telefonanstalt.

270 1412 27 21 14
312 1410 17 29 8.
360 1410 114 23 Skilnaden
488 1411 91 22 emellan
594 1411 68 22 denna
672 1411 11 28 $
694 1411 40 22 och
744 1411 13 22 5
772 1411 12 28 &
795 1406 24 37 44
828 1411 48 28 kap.
888 1418 63 21 synes

201 1446 67 23 blifva
282 1445 104 28 tydligare
401 1452 34 15 om
451 1445 65 22 orden
531 1445 95 28 ,,hvilket
641 1445 41 22 han
697 1447 37 20 vet
748 1445 95 23 medföra
856 1446 47 22 fara
917 1446 34 22 för
