1009 1714
156 153 25 21 16
393 150 20 20 U.
429 150 22 20 B.
465 161 29 2 —
509 150 57 25 Prop.
582 149 35 21 N:o
632 149 32 21 10.

154 214 29 27 på
205 214 36 20 det
255 212 212 28 grekisk-katholska
484 211 160 27 presterskapet
659 210 32 22 för
707 211 134 21 närvarande
858 211 46 21 skö-

155 252 31 17 ter
201 248 27 20 de
243 248 13 20 å
271 248 48 20 dem
335 245 149 28 öfverflyttade
501 245 114 21 enahanda
630 244 128 28 åligganden
769 244 134 22 beträffande

155 282 25 21 de
195 280 210 30 grekisk-katholska
421 280 182 27 församlingarna
613 279 94 26 ilandet,
717 280 54 20 efter
781 279 57 22 hvad
845 279 58 21 inor:

154 316 110 22 Utskottet
279 317 104 27 upplysts,
400 315 120 27 ingalunda
534 316 143 26 uppmuntrar
692 314 33 21 till
740 316 32 20 att
787 316 117 26 yttermera

155 351 130 22 öfverlemna
295 352 70 26 någon
377 350 34 22 del
422 350 25 21 af
457 350 202 27 civilregistraturen
670 350 23 20 åt
703 350 68 20 andra
780 349 126 27 myndighe-

154 389 33 18 ter
202 386 27 20 än
245 385 113 21 lutherska
373 384 173 28 presterskapet;
563 384 39 21 och
610 384 40 20 har
657 383 58 22 inom
724 383 110 22 Utskottet
842 384 62 22 äfven

155 420 89 22 uttalats
253 421 41 20 den
303 420 62 27 äsigt,
374 422 32 19 att
416 420 130 26 stadgandet
554 419 7 21 i
570 420 13 26 $
593 419 40 21 146
646 418 139 28 kyrkolagen,
794 426 45 14 som
847 418 58 28 äläg-

155 461 37 21 ger
210 454 175 28 kyrkoherdarne
400 454 7 20 i
423 454 26 20 de
467 452 245 28 evangelisk-lutherska
727 452 178 28 församlingarnt

155 491 39 23 att,
210 488 84 22 utöfver
309 488 40 21 dei
359 488 128 27 paragrafen
495 488 102 21 särskildt
605 488 142 27 uppräknade
754 488 86 25 böcker,
848 488 57 20 dess-

154 526 67 23 utom,
243 524 29 26 pä
294 522 183 28 kyrkostyrelsens
493 522 125 28 befallning,
634 522 47 22 föra
696 522 26 22 de
737 522 168 28 förteckningar,

155 558 72 21 hvilka
242 557 105 28 styrelsen
364 556 41 22 kan
423 556 60 22 finna
498 564 51 14 vara
565 556 23 22 af
601 556 100 22 behofvet
717 557 120 27 påkallade,
850 557 56 27 jerc-

154 592 58 22 fördt
234 592 48 21 med
299 593 12 25 &
329 593 26 20 14
369 592 8 20 i
392 591 138 29 kyrkolagen,
546 592 81 21 hvarur
642 591 94 28 framgår
751 594 32 18 att
799 592 40 21 den
854 592 53 27 hög-

158 630 33 18 sta
206 626 104 28 styrelsen
333 626 59 22 öfver
407 626 85 27 kyrkan
509 626 130 21 tillkommer
653 626 84 22 landets
753 626 104 28 regering,
872 634 34 20 sy-

155 668 38 14 nes
217 661 126 27 möjliggöra
357 662 39 24 att,
412 663 52 19 utan
481 661 91 27 ändring
586 660 25 22 af
623 660 112 28 kyrkolag,
751 661 77 27 ålägga
842 668 62 14 evan-

156 695 190 28 gelisk-lutherska
361 694 163 28 presterskapet
540 695 148 27 skyldigheten
704 697 32 19 att
752 695 47 21 föra
813 696 92 21 förteck-

155 730 78 27 ningar
248 730 62 21 äfven
327 730 110 26 angående
453 730 297 27 dissenterförsamlingarnas
760 730 145 21 medlemmar.

158 764 120 22 Utskottets
297 764 70 21 flertal
381 763 40 22 har
436 764 36 21 väl
487 764 89 21 anslutit
591 764 32 27 sig
638 764 33 21 till
686 765 71 21 denna
771 764 98 28 tolkning
884 764 24 22 af

156 799 131 28 kyrkolagen
297 798 39 22 och
345 799 18 27 ej
373 798 67 22 heller
449 798 57 22 velat
515 798 130 22 tillerkänna
654 799 36 21 det
697 798 112 22 lutherska
814 800 90 26 prester-

157 834 77 26 skapet
248 834 71 26 någon
335 834 44 20 rätt
386 835 39 24 att,
436 834 24 20 så
468 833 63 27 länge
541 834 35 20 det
585 833 77 21 fortfar
670 835 31 19 att
709 840 52 15 vara
769 834 18 27 ej
797 833 55 21 blott
859 834 49 27 kyr-

156 868 61 26 kans,
233 871 52 18 utan
301 868 64 21 äfven
381 870 81 19 statens
478 868 90 28 tjenare,
577 870 55 20 samt
643 870 32 19 att
685 868 6 21 i
702 869 134 21 sistnämnda
846 876 64 20 egen-

157 903 53 27 skap
233 902 85 28 åtnjuta
344 904 59 20 stora
426 902 110 22 förmoner
551 903 24 21 af
587 905 70 19 staten
673 903 90 21 framför
778 903 68 27 öfriga
861 904 47 28 kyr-

156 938 50 20 kors
221 937 144 27 presterskap,
380 944 25 14 ur
420 938 125 27 principiell
561 938 109 27 synpunkt
685 939 104 20 motsätta
803 938 39 26 sig,
852 938 58 22 hvad

157 974 70 19 staten
243 972 76 21 härvid
334 972 31 21 uti
383 971 107 28 offentligt
505 972 90 21 intresse
606 972 43 21 kan
657 972 59 21 finna
725 972 74 28 nödigt
807 972 101 28 påbjuda.

159 1006 49 22 Men
212 1002 11 37 '
232 1008 52 20 enär
299 1013 26 14 en
340 1006 109 21 föreskrift
464 1007 49 21 med
528 1006 54 28 syfte
598 1008 31 19 att
645 1006 77 28 ålägga
737 1006 111 22 lutherska
863 1014 48 20 pre-

158 1040 119 28 sterskapet
300 1040 145 28 skyldigheter
464 1040 133 22 beträffande
612 1040 296 28 dissenterförsamlingarnas

158 1075 176 27 civilregistratur
349 1074 160 28 otvifvelaktigt
526 1077 23 19 är
565 1082 26 14 en
602 1075 67 27 fråga,
681 1082 45 14 som
737 1076 68 26 angår
816 1076 93 27 kyrkans

157 1109 137 22 förhållande
318 1110 33 20 till
372 1112 71 19 staten
463 1110 40 21 och
518 1110 170 27 kyrkosamfund
703 1110 24 20 af
740 1117 73 14 annan
828 1110 82 21 trosbe-

157 1144 110 25 kännelse,
283 1151 49 14 men
348 1144 65 27 något
428 1144 82 26 förslag
527 1144 34 21 till
576 1145 65 20 sådan
659 1144 111 22 föreskrift
786 1144 27 27 ej,
828 1145 29 27 på
866 1146 45 20 sätt

158 1179 23 26 88
198 1179 26 21 14
235 1178 38 21 och
284 1178 42 22 455
334 1179 7 20 i
349 1178 132 28 kyrkolagen
490 1178 65 22 likväl
565 1179 83 27 stadga,
657 1178 104 28 förelegat
770 1178 139 28 Kyrkomötet

159 1212 34 21 till
207 1213 141 27 granskning,
364 1213 39 21 har
418 1213 111 22 Utskottet
545 1214 54 21 dock
615 1215 60 19 enats
691 1220 34 15 om
739 1216 33 19 att
785 1213 125 22 bibehålla
899 1208 15 37 i

158 1247 62 26 fråga
228 1248 94 19 varande
330 1247 161 20 bestämmelser
499 1247 7 20 i
515 1247 102 26 förslaget
625 1247 150 20 oförändrade.
805 1248 33 19 Då
846 1248 63 19 emel-

158 1280 64 21 lertid
237 1279 151 28 församlingar
403 1281 61 20 torde
479 1280 88 21 komma
575 1283 32 18 att
615 1281 76 24 finnas,
700 1281 25 20 de
735 1281 44 25 der,
787 1281 8 19 i
803 1281 107 20 anseende

159 1313 32 21 till
207 1314 46 20 sina
268 1313 151 22 medlemmars
435 1313 113 28 fåtalighet
563 1313 52 22 eller
630 1314 113 27 fattigdom
752 1314 53 21 eller
813 1314 24 21 af
842 1315 68 20 andra

160 1347 93 27 orsaker,
269 1348 47 21 icke
332 1349 37 20 äro
385 1348 7 20 i
407 1347 88 22 tillfälle
504 1350 32 19 att
544 1348 33 21 till
586 1348 32 21 sin
626 1348 149 22 föreståndare
785 1351 47 19 utse
843 1349 67 21 sådan

159 1389 85 21 person,
259 1382 87 22 hvilken
363 1383 63 21 dessa
441 1383 82 27 vigtiga
537 1383 161 27 förteckningar
708 1386 52 19 utan
771 1384 56 21 våda
837 1383 72 22 kunna

161 1417 114 25 ombetros,
291 1417 40 21 har
338 1417 110 22 Utskottet
459 1420 72 18 ansett
539 1417 118 28 Kejserliga
666 1417 92 23 Senaten
768 1418 53 21 böra
829 1418 81 21 lemnas

228 1456 135 23 Lagutskottets
375 1456 110 19 betänkande
496 1457 36 18 N:o
545 1457 16 17 9.
