1042 1706
175 146 14 21 6
347 146 70 22 Ständ.
432 146 31 22 Sv.
478 158 28 4 —
521 146 57 27 Prop.
594 146 35 22 N:o
642 146 33 22 10.

146 208 55 22 böra
224 209 98 21 förmena
343 208 84 22 landets
443 214 55 21 egna
513 208 148 28 medborgare.
690 208 116 22 Dessutom
823 209 74 22 kunna

147 242 208 28 lokalförsamlingar
377 242 76 27 finnas,
477 242 26 22 de
525 242 37 22 der
584 243 47 21 icke
652 242 70 22 förmå
736 243 92 22 bekosta
843 250 55 20 egen

147 277 128 28 kyrkogård,
292 278 42 21 och
349 284 53 15 anse
417 276 121 23 Ständerna
548 278 26 21 de
584 277 110 22 lutherska
704 277 195 28 församlingarnas

147 312 142 21 ekonomiska
303 312 92 21 intresse
410 318 53 14 vara
477 312 91 27 tillfylles
582 312 143 26 tillgodosedt,
734 318 36 15 om
781 312 64 22 dessa
854 312 47 22 för-

147 346 117 27 samlingar
278 345 129 22 förbehålles
423 345 59 27 afgift
496 346 30 21 till
542 346 115 22 enahanda
672 346 84 27 belopp,
772 353 48 15 som
828 347 71 27 erläg-

147 386 38 21 ges
207 380 34 22 för
263 380 63 26 döda,
348 380 73 21 hvilka
442 380 80 22 tillhört
545 387 73 15 annan
639 380 96 22 luthersk
750 380 149 28 församling
887 376 15 36 i

146 415 79 22 landet.
254 415 32 21 På
302 414 64 22 dessa
383 415 47 21 skäl
447 414 65 22 hafva
530 415 122 22 Ständerna
666 422 26 14 ur
706 415 129 27 paragrafen
850 418 50 20 ute-

148 450 57 20 slutit
221 449 74 27 orden,
311 449 28 27 ,ä
355 449 68 21 sådan
438 451 34 19 ort
487 449 37 22 der
539 449 183 27 lokalförsamling
738 450 18 27 ej
773 450 89 22 finnes".

215 489 29 21 Af
264 489 68 21 andra
354 496 65 14 mom.
441 489 7 21 i
468 489 12 27 $
496 491 11 20 7
523 492 58 19 samt
596 490 68 21 andra
679 496 64 16 mom.
760 490 23 21 af
796 490 12 28 $
824 492 12 20 8
851 491 48 26 har,

147 524 49 22 med
218 524 165 27 komplettering
405 524 8 20 i
435 524 80 27 nödiga
529 524 65 26 delar,
610 523 78 22 bildats
704 530 27 16 en
746 531 29 21 ny
790 524 108 28 paragraf,

153 571 26 3 —
195 558 41 28 $9
251 571 27 3 —
294 558 42 22 och
351 558 28 21 ha
394 558 6 21 i
416 558 51 27 följd
487 558 64 22 häraf
564 558 218 28 ordningsnummern
798 559 32 21 för
846 566 53 20 pro-

148 593 134 27 positionens
297 599 78 16 senare
389 592 125 28 paragrafer
526 593 80 27 jemväl
622 592 130 23 förändrats.

215 634 57 20 Enär
293 633 65 27 enligt
377 633 41 22 den
438 633 24 21 af
478 632 122 23 Ständerna
615 635 95 25 antagna
725 633 81 28 lydelse
822 634 22 21 af
858 634 11 28 &
885 634 14 20 3

147 668 100 22 förandet
268 668 23 22 af
305 668 217 22 dissentersamfunds
538 668 161 27 förteckningar
714 668 6 22 i
735 668 59 22 vissa
809 668 36 22 fall
856 668 45 22 kan

148 704 117 21 ankomma
283 704 14 20 å
316 703 107 27 borgerlig
440 702 130 28 myndighet,
590 702 64 22 hafva
670 702 121 22 Ständerna
806 703 7 21 i
828 702 72 22 öfver-

148 738 163 22 ensstämmelse
326 737 90 22 härmed
431 737 143 27 omredigerat
590 738 11 27 $
617 738 13 21 9
646 738 7 20 i
668 738 42 21 den
725 737 79 27 nådiga
819 744 82 21 propo-

148 773 98 21 sitionen.

215 813 81 22 Senare
314 814 119 20 momentet
453 813 7 21 i
480 813 12 27 $
509 813 25 21 10
549 813 40 21 har
604 812 155 28 omredigerats
775 812 6 22 i
797 812 54 28 syfte
866 815 34 19 att

147 848 104 28 tydligare
274 848 106 27 utmärka,
403 848 57 20 hvad
483 848 58 21 detta
560 849 96 20 moment
672 847 86 27 äsyftar.
788 847 112 27 Härjemte

147 882 65 22 hafva
235 882 121 22 Ständerna
379 882 6 21 i
408 888 27 15 en
457 889 29 20 ny
507 882 103 27 paragraf
623 882 53 22 efter
691 882 12 27 $
721 883 25 21 10
762 881 65 22 infört
842 882 57 22 före-

147 916 84 22 skrifter
245 916 134 22 beträffande
395 916 84 22 skilnad
494 917 7 21 i
517 916 118 27 äktenskap
652 916 41 22 och
706 916 116 27 trolofning
832 917 66 21 emel-

146 952 36 20 lan
204 952 161 26 kontrahenter,
389 950 23 22 af
431 951 72 21 hvilka
525 951 79 22 endera
624 951 50 21 eller
689 951 72 21 hvilka
776 951 68 27 begge
860 952 39 20 äro

148 986 121 22 dissenters.
299 986 41 20 Vid
355 986 127 21 affattandet
497 985 23 21 af
532 986 64 20 dessa
610 984 132 22 föreskrifter
757 985 65 21 hafva
836 984 63 22 Stän-

148 1020 67 22 derna
235 1020 6 21 i
261 1020 120 27 möjligaste
402 1026 51 15 mon
469 1020 86 21 anslutit
570 1020 33 26 sig
617 1020 32 20 till
664 1020 42 21 den
720 1020 68 21 redan
804 1019 96 22 förefint-

147 1055 42 26 liga
204 1054 160 27 lagstiftningen
379 1055 6 20 i
401 1056 80 25 ämnet,
497 1055 68 20 sädan
581 1054 41 21 den
638 1054 124 27 innehälles,
778 1054 66 21 bland
859 1060 41 14 an-

147 1091 44 24 nat,
207 1089 8 20 i
229 1089 75 27 Kongl.
319 1088 83 22 brefvet
417 1089 42 20 den
476 1089 25 21 13
516 1088 122 22 November
654 1089 60 21 1795.

216 1129 29 22 Ur
267 1129 77 28 början
364 1129 23 21 af
405 1130 13 20 2
436 1135 65 15 mom.
517 1129 11 27 $
546 1130 23 20 11
586 1128 65 21 hafva
666 1128 122 22 Ständerna
803 1128 98 22 uteslutit

147 1163 68 22 orden
235 1181 5 9 ,
242 1164 42 27 vid
306 1163 88 22 barnets
408 1163 81 22 födelse
504 1164 50 21 eller
569 1169 83 21 senare,
669 1169 50 16 men
734 1163 73 21 förrän
822 1163 77 21 barnet

148 1197 46 28 fyllt
211 1198 26 21 12
251 1199 38 20 år"
305 1198 74 21 såsom
395 1197 145 28 öfverflödiga.

216 1238 8 19 [
239 1238 12 26 8
269 1239 26 20 12
310 1237 65 21 hafva
389 1237 122 21 Ständerna
530 1238 70 26 utbytt
614 1237 108 26 uttrycket
738 1236 161 27 ,,folkskoleun-

148 1271 164 26 dervisningen"
336 1273 45 18 mot
404 1271 35 20 det
457 1277 60 15 mera
539 1271 132 20 omfattande
694 1287 4 10 ,
701 1271 68 26 hem-
785 1271 41 20 och
841 1270 58 21 skol-

148 1305 203 27 undervisningen",
367 1305 7 20 i
389 1305 70 21 stället
474 1304 33 22 för
522 1298 62 29 ofdet
599 1305 7 20 i
621 1305 63 21 slutet
700 1304 23 22 af
736 1305 68 21 andra
814 1305 85 21 menin-

146 1345 42 22 gen
204 1339 126 28 ,tillbörlig'*
346 1339 67 21 insatt
426 1339 108 28 uttrycket
549 1339 99 27 ,nödig',
665 1339 77 22 ändrat
757 1339 67 22 orden
840 1341 59 26 ,sty-

146 1375 71 21 relsen
231 1374 8 21 i
254 1374 36 21 det
304 1374 183 28 kyrkosamfund'
502 1374 30 21 till
547 1374 36 22 det
604 1374 102 22 exaktare
721 1392 5 9 ,
729 1374 171 27 föreståndaren

147 1409 7 21 i
177 1409 43 22 den
242 1409 139 27 församling'
400 1411 57 19 samt
476 1415 25 16 ur
521 1409 53 22 sista
589 1409 116 27 meningen
719 1409 97 22 uteslutit
831 1409 68 22 orden

148 1462 5 10 s
156 1445 43 27 det
214 1445 102 22 oaktadt'
332 1444 33 22 för
381 1446 31 19 att
427 1444 109 28 dymedels
552 1445 53 26 göra
619 1444 166 28 bestämningen
801 1445 45 21 deri
864 1444 34 21 til-
