1006 1703
401 131 35 22 N:o
452 131 32 22 10.
777 133 12 20 9

65 205 63 16 svara
153 199 78 27 derför,
251 201 32 20 att
301 201 56 21 hvad
373 201 99 26 gällande
487 201 35 27 lag
538 202 38 21 och
593 201 153 27 författningar
762 201 55 22 före-

65 234 81 21 skrifva
171 235 131 21 beträffande
325 235 91 27 lysning,
441 236 208 27 äktenskapshinder
673 235 38 21 och
736 235 80 27 förord,

64 268 112 27 afvittring
200 269 39 22 och
262 269 69 27 öfriga
355 270 141 27 iakttagelser
512 271 33 20 vid
562 271 132 26 äktenskaps
712 270 105 27 ingående

64 303 78 20 varder
158 303 116 26 behörigen
290 304 113 27 iakttaget.

135 337 54 26 Den,
205 344 45 14 som
266 338 60 26 viger
341 338 132 21 främmande
482 339 176 25 trosbekännare,
671 344 49 15 vare
732 338 85 26 skyldig

64 372 32 20 att
112 371 56 21 inom
185 378 37 14 sex
241 372 89 20 veckors
346 372 84 27 förlopp
447 374 73 20 derom
538 373 122 26 skriftligen
678 372 84 22 anmäla
777 372 39 21 hos

65 406 46 26 den,
128 412 45 15 som
189 406 226 27 hinderlöshetsbetyg
431 407 33 21 för
479 407 157 21 kontrahenten
653 407 102 21 utfärdat.

409 470 11 27 $
437 471 31 20 11.

132 509 56 21 Barn
212 509 23 21 af
256 510 51 20 äkta
332 509 80 26 makar,
437 510 71 21 hvilka
532 510 67 26 begge
619 510 100 21 bekänna
736 516 81 15 samma

63 544 171 27 protestantiska
250 544 99 26 troslära,
367 544 54 21 skall
438 546 6 20 i
460 546 67 26 sagda
543 545 45 21 lära
605 545 133 27 uppfostras.

133 578 38 22 Om
192 578 134 22 föräldrarne
348 580 35 20 vid
400 580 86 21 barnets
502 580 82 21 födelse
601 580 53 20 eller
670 586 82 19 senare,
769 585 47 15 men

63 614 73 21 förrän
153 614 76 20 barnet
244 614 49 26 fyllt
311 614 23 21 12
351 613 30 26 år,
398 614 88 21 tillhöra
501 614 59 21 olika
574 614 170 27 protestantiska
761 616 54 19 tros-

63 647 148 26 bekännelser,
235 654 38 20 ege
296 648 81 25 fadren,
403 648 57 24 eller,
484 649 7 20 i
515 648 101 21 händelse
640 649 41 20 han
698 650 24 19 är
738 647 77 22 afliden

63 682 52 21 eller
130 682 102 20 makarne
248 682 57 20 lefva
321 682 70 21 skilda
407 682 51 20 eller
474 682 135 21 föräldrarne
626 682 17 26 ej
660 682 70 26 ingått
741 682 74 20 äkten-

63 716 53 29 skap
133 716 47 20 med
196 716 127 26 hvarandra,
341 716 46 25 den,
404 716 84 21 hvilken
503 717 87 21 barnets
601 716 52 20 vård
668 716 93 26 lagligen
773 717 46 20 till-

62 750 46 26 hör,
125 750 119 21 bestämma
259 751 7 20 i
282 750 86 21 hvilken
384 750 130 22 bekännelse
526 752 76 20 barnet
618 750 53 21 skall
684 751 131 26 uppfostras.

131 784 57 21 Barn
205 790 44 15 som
270 784 48 27 fyllt
336 786 23 20 12
376 784 24 21 år
415 785 40 25 må,
472 785 6 20 i
495 785 101 21 händelse
612 784 135 22 föräldrarne
763 785 52 20 eller

63 820 40 20 den
126 820 24 20 af
171 820 54 25 dem,
245 820 86 20 hvilken
348 820 87 20 barnets
451 820 52 21 vård
520 820 94 26 lagligen
631 820 79 26 tillhör,
728 820 88 26 öfvergå

62 854 33 21 till
119 860 70 15 annan
212 854 100 26 troslära,
337 854 49 27 sjelf
408 854 81 26 afgöra,
506 855 105 21 huruvida
628 854 36 20 det
681 854 36 21 vill
734 860 81 15 samma

62 890 93 20 troslära
171 888 90 22 omfatta
277 889 52 21 eller
345 889 133 21 fortfarande
491 890 87 20 tillhöra
591 890 36 20 det
637 889 177 26 kyrkosamfund,

62 924 6 21 i
84 924 64 21 hvars
164 924 46 21 lära
226 924 37 20 det
278 923 59 22 förut
353 924 141 27 uppfostrats.

130 958 39 21 Om
194 958 46 26 den,
265 964 46 15 som
334 958 48 27 fyllt
405 960 24 20 21
455 958 29 26 år,
508 959 56 26 gälle
583 959 55 21 hvad
654 959 7 20 i
678 960 11 19 7
706 958 40 22 och
761 960 12 20 8
790 958 24 28 $$

62 992 97 27 stadgas.

408 1022 11 26 $
437 1022 31 20 12.

131 1060 10 21 I
157 1061 100 21 afseende
281 1060 12 21 &
309 1060 289 28 folkskoleundervisningen
614 1061 62 21 skola
692 1061 123 22 bekännare

62 1095 23 20 af
105 1095 132 21 främmande
260 1095 158 26 protestantisk
441 1095 92 22 troslära
556 1096 39 21 och
614 1096 62 21 deras
694 1096 52 21 barn
763 1101 52 16 vara

61 1129 160 22 underkastade
236 1129 101 27 gällande
353 1131 88 26 stadgar
457 1132 55 19 samt
528 1136 62 15 anses
606 1130 89 21 tillhöra
710 1130 36 21 det
757 1130 58 21 skol-

62 1164 95 28 distrikt,
173 1165 58 21 inom
247 1165 82 21 hvilket
345 1165 26 21 de
387 1167 36 19 äro
435 1166 89 21 boende.
550 1165 65 26 Barn,
626 1171 45 15 som
683 1165 47 22 icke
741 1165 74 21 tillhör

62 1199 247 26 evangelisk-lutherska
328 1199 67 26 läran,
414 1200 54 20 skall
484 1200 28 26 pä
527 1199 158 26 framställning
704 1200 23 21 af
741 1200 74 21 veder-

61 1233 95 21 börande
172 1233 104 21 målsman
287 1233 90 26 fritagas
389 1233 47 21 från
448 1234 153 25 undervisning
612 1234 46 20 deri
670 1233 60 22 såväl
741 1234 7 21 i
760 1233 55 22 folk-

61 1267 62 21 skola
142 1273 45 15 som
208 1268 6 20 i
233 1267 228 26 elementarläroverk;
478 1268 54 21 dock
548 1268 83 25 äligger
646 1268 113 26 inspektor
775 1267 39 21 och

61 1301 108 21 direktion
185 1301 91 28 vid5den
292 1301 59 21 förra
362 1304 56 19 samt
429 1302 73 21 rektor
513 1302 53 21 eller
579 1301 189 22 föreståndarinna
778 1301 37 21 vid

61 1335 37 21 det
113 1341 75 15 senare
204 1337 32 19 alt
252 1336 64 25 tillse,
333 1335 36 21 det
385 1336 77 20 sådant
478 1336 52 20 barn
546 1341 76 21 genom
640 1335 115 21 målsmans
772 1336 43 20 för-

61 1374 51 21 sorg
135 1369 92 20 erhäller
250 1369 105 26 tillbörlig
377 1369 264 26 religionsundervisning.
676 1369 138 21 Försummar

60 1403 112 25 mälsman,
196 1402 53 21 efter
273 1403 95 21 erhällen
392 1403 138 26 päminnelse,
552 1404 32 20 sin
601 1403 124 26 skyldighet
740 1403 73 21 härut-

60 1437 72 27 innan,
156 1437 56 21 skall
235 1437 112 22 skolrädet
370 1437 73 21 derom
466 1438 126 21 underrätta
616 1438 106 26 styrelsen
746 1438 8 21 i
778 1438 37 21 det
