1003 1709
221 144 24 18 40
451 143 21 19 U.
484 143 22 19 B.
518 152 22 4 —
552 142 62 24 Prop.
626 142 37 20 N:o
675 142 16 18 1.

63 202 46 19 Strå.
127 201 5 17 9
142 201 45 22 Kap.
201 201 52 20 detta
268 201 77 20 lidande
360 201 80 20 alldeles
455 201 82 19 förlorar
552 201 36 19 den
602 200 121 20 bestämdhet
737 200 7 19 i
758 200 127 25 gvantitativt
894 200 48 18 hän-

201 235 76 26 seende,
299 242 41 13 som
362 236 30 19 för
414 235 143 20 fastställandet
578 235 22 20 af
616 237 28 17 ett
662 234 118 20 skadestånd
798 237 21 17 är
837 234 21 19 af
874 234 69 19 nöden.

199 270 103 19 Dessutom
321 270 64 19 skulle
405 272 29 17 ett
452 270 104 25 stadgande
575 270 7 19 i
600 270 56 25 lageu
671 269 22 20 af
706 276 25 12 nu
746 269 150 25 ifrågavarande
910 269 34 18 be-

200 304 108 20 skaffenhet
326 303 149 26 otvifvelaktigt
494 304 86 19 medföra
600 311 23 12 en
637 303 116 26 ytterligare
769 303 103 26 förökning
887 303 21 19 af
921 302 24 20 de

200 338 59 20 redan
274 345 25 12 nu
314 338 34 19 vid
363 339 47 19 våra
426 338 104 20 domstolar
544 345 38 18 nog
593 338 69 20 talrikt
672 337 155 20 förekommande
838 337 106 20 ärekränk-

201 373 128 25 ningamälen,
349 373 48 19 eller
419 373 114 19 åtminstone
555 373 100 19 motverka
676 372 35 20 den
730 372 110 25 minskning
857 372 22 19 af
895 371 50 26 dem,

202 413 40 13 som
257 407 99 20 sannolikt
370 407 7 19 i
392 407 63 26 någon
469 407 43 19 mån
528 407 65 20 blefve
608 407 79 25 följden,
698 413 31 13 om
744 407 80 19 böterna
835 406 110 23 framdeles,

203 441 63 20 såsom
282 441 26 19 44
323 441 13 26 &
352 441 21 20 af
386 441 94 26 förslaget
494 441 31 20 till
540 441 112 25 förordning
668 448 29 13 om
712 441 122 25 strafflagens
846 441 101 19 införande

202 475 173 25 innehåller,
325 471 7 34 '
336 471 43 34 helt
389 476 35 19 och
440 475 62 20 hållet
517 476 79 19 tillfölle
611 476 79 19 kronan.

270 510 39 19 För
327 510 59 25 öfrigt
400 510 36 20 har
450 511 7 18 i
472 510 101 20 Utskottet
588 510 111 26 föreslagits
714 517 24 13 en
754 511 158 24 omformulering
927 510 23 19 af

203 545 12 19 3
231 545 86 26 punkten
333 545 6 19 i
355 545 36 20 den
406 545 93 26 riktning,
511 548 28 17 att
555 545 39 20 alla
609 545 40 19 de
643 541 13 34 i
664 545 26 20 25
703 545 45 25 kap.
759 545 125 20 omförmälda
894 545 53 19 brott

203 579 96 20 derunder
313 579 109 26 hänfördes,
439 586 42 13 men
496 580 103 20 Utskottet
613 586 57 13 anser
680 579 87 26 punkten
782 579 58 20 äfven
855 580 7 19 i
872 579 30 19 sin
913 587 35 12 nu-

203 614 85 20 varande
303 614 102 25 affattning
420 614 98 25 medgifva
532 613 127 21 skadestånds
674 614 115 19 utdömande
804 614 29 19 uti
847 614 41 19 alla
903 614 23 19 de
941 614 7 19 i

205 649 60 25 sagda
284 649 46 25 kap.
345 649 81 19 nämnda
444 649 42 25 fall,
502 649 34 19 der
554 649 68 20 sådant
640 648 38 20 kan
696 649 146 25 ifrågakomma.
872 649 29 19 På
916 649 33 19 det

204 685 29 18 att
250 683 63 20 likväl
332 683 33 26 S:n
383 683 16 26 ej
418 683 31 19 må
468 683 54 26 gifva
541 683 103 25 anledning
663 683 32 19 till
713 683 36 19 den
768 683 180 25 missuppfattning,

204 719 28 18 att
250 717 68 19 endast
336 717 32 18 det
385 717 77 26 fysiska
476 717 85 20 lidandet
576 717 30 19 får
621 719 55 24 tagas
691 717 7 18 i
713 717 127 19 betraktande
855 717 34 18 vid
904 717 43 19 ska-

205 751 110 20 deständets
329 751 150 25 bestämmande,
490 751 35 20 har
536 751 102 20 Utskottet
648 753 64 18 ansett
722 751 31 25 sig
763 752 47 19 böra
820 751 55 26 gifva
885 752 20 19 åt
916 751 33 26 $:n

205 792 23 13 en
244 786 6 19 i
266 785 22 20 så
302 785 60 20 måtto
378 786 103 19 förändrad
492 786 83 25 lydelse,
587 788 29 17 att
627 785 54 20 ordet
693 785 138 26 ,,kroppsligt',
842 785 109 20 undvikits.

273 819 44 29 48.
346 820 31 20 Då
395 820 23 20 de
437 821 7 18 i
464 821 9 19 1
494 827 56 13 mom.
565 821 113 25 begagnade
693 820 105 25 uttrycken
813 827 38 19 ,,en
865 820 31 19 för
910 820 41 19 alla

205 854 35 20 och
259 854 40 20 alla
316 854 31 19 för
365 855 44 25 en'',
425 854 62 20 såsom
504 855 140 20 förutsättande
660 861 24 13 en
699 860 109 20 gemensam
823 854 128 25 ansvarighet

205 883 41 26 lika
260 889 100 20 beskaffad
375 889 43 20 med
434 889 42 25 den,
488 889 81 20 hvilken
585 889 74 26 åligger
674 890 34 19 två
723 889 49 20 eller
786 889 47 20 flera
848 889 25 25 på
887 888 63 26 grund

205 923 22 20 af
243 923 48 20 aftal
311 923 112 20 solidariskt
440 924 118 25 förpligtade
576 923 120 26 gäldenärer,
712 926 56 23 synts
784 923 101 20 Utskottet
899 923 7 19 i
921 923 28 19 fö-

205 958 107 24 revarande
327 957 36 20 fall
377 958 43 19 icke
435 965 48 13 vara
496 958 99 26 lämpliga,
606 958 36 19 har
651 958 103 19 Utskottet
764 957 113 20 formulerat
888 957 63 19 denna

205 991 32 20 del
251 992 22 19 af
286 995 103 16 momentet
404 992 86 25 sålunda,
506 995 28 17 att
550 993 29 24 de,
591 999 39 13 som
645 992 52 19 varit
712 991 100 25 delaktiga
826 991 7 19 i
848 994 29 17 ett
891 992 59 25 brott,

206 1025 56 20 skola
281 1032 24 14 en
323 1025 51 21 hvar
392 1031 60 16 svara
469 1025 35 26 för
522 1025 112 28 gäldandet
648 1025 26 27 af
686 1025 55 27 fulla
755 1025 152 21 skadeståndet.
923 1037 27 3 —

205 1052 28 27 Åt
251 1066 67 13 senare
335 1060 102 25 meningen
453 1061 6 18 i
474 1067 72 13 samma
560 1062 82 18 moment
657 1060 36 20 har
708 1060 101 20 Utskottet
822 1060 73 25 jemväl
905 1059 45 20 sökt

206 1094 55 25 gifva
275 1101 23 12 en
314 1095 97 24 tydligare
426 1095 108 26 affattning.

274 1129 152 20 Vidkommande
442 1129 36 20 den
492 1131 117 24 regressrätt
623 1129 30 20 för
668 1129 96 20 utbetaldt
774 1129 123 24 skadestånd,
909 1135 40 14 som

205 1163 7 19 i
227 1162 13 21 2
255 1169 56 14 mom.
327 1163 110 20 tillerkänts
452 1164 7 19 i
474 1163 118 26 förbrytelse
607 1163 87 26 delaktig
710 1170 75 19 person,
797 1163 64 20 kunde
876 1163 72 26 ifråga-

206 1199 67 23 sättas,
292 1197 97 20 huruvida
410 1199 112 18 momentets
544 1198 76 25 lydelse
641 1198 58 25 gåfve
718 1198 104 25 anledning
840 1198 31 19 till
891 1198 59 19 sådan

206 1231 73 25 oriktig
297 1231 96 25 tolkning,
408 1234 30 17 att
456 1231 73 20 enhvar
546 1232 96 25 delaktigs
658 1232 56 19 andel
729 1232 8 19 i
752 1232 137 19 skadeståndet
903 1232 47 19 nöd-

206 1264 112 25 vändigtvis
333 1264 59 19 borde
407 1265 95 19 beräknas
518 1265 49 18 efter
579 1264 130 20 hufvudtalet.
734 1265 100 19 Utskottet
846 1271 56 13 anser
911 1265 39 18 lik-

206 1298 33 19 väl
258 1299 108 24 uppenbart
384 1304 53 19 vara,
457 1299 29 18 att
504 1298 106 19 domstolen
626 1305 46 18 eger
686 1299 50 18 efter
750 1305 23 12 en
788 1298 50 20 hvar
852 1298 99 25 delaktigs

206 1332 57 20 andel
281 1332 6 19 i
306 1333 72 19 brottet
393 1332 35 20 och
444 1332 32 19 det
491 1332 129 25 förhällande,
636 1332 57 20 hvari
707 1332 39 20 han
760 1333 8 19 i
782 1332 60 26 öfrigt
857 1333 48 19 stätt
919 1333 32 19 till

206 1367 43 20 sina
262 1367 170 26 medbrottslingar
446 1373 25 14 m.
489 1374 23 13 m.
528 1367 50 25 dyl.,
593 1367 106 20 bestämma
713 1367 33 20 det
760 1367 71 26 belopp
847 1367 21 20 af
881 1367 70 20 skade-

206 1401 83 25 ständet,
305 1408 40 13 som
359 1404 23 17 är
396 1404 29 17 att
440 1408 55 13 anses
510 1401 63 20 säsom
588 1401 48 20 hans
652 1402 88 20 enskilda
755 1405 69 23 anpart
839 1402 47 19 deri.

273 1481 178 23 Straflagsutskottets
462 1482 102 17 betänkande
577 1482 34 16 N:o
624 1482 16 17 1.
