992 1703
307 132 19 23 U.
342 132 20 23 B.
380 144 23 3 —
420 131 54 29 Prop.
490 131 33 24 N:o
538 131 21 24 4.
754 132 25 21 13

196 194 64 20 lande
283 196 32 19 att
337 194 194 28 Borgareståndets
550 194 127 28 privilegier
694 194 115 27 undergått

196 227 96 29 ändring
316 228 52 21 eller
387 228 87 28 frågan
495 229 33 27 på
552 228 71 21 andra
652 227 48 21 skäl
729 229 80 19 ansetts

196 261 101 27 erfordra
312 262 46 20 alla
368 262 58 28 fyra
440 262 103 21 ståndens
557 260 113 29 samtycke.

128 355 58 25 RA
202 356 70 25 Wrode.
519 356 66 25 Gustaf
599 356 141 29 Langonskiöld.

128 413 20 24 V.
164 413 24 24 M.
204 421 34 17 von
254 414 54 23 Born.
523 414 19 23 F.
557 413 106 29 Sijoravall.

126 470 54 24 Ford.
195 471 91 24 Juselius.

128 555 11 22 I
153 555 133 22 förestående
301 557 129 21 reservation
444 556 74 22 förena
532 556 32 27 sig

127 612 21 25 H.
164 613 90 30 Råbergh.
523 613 20 23 A.
559 613 24 23 W.
598 613 55 30 Lyra.

551 692 52 25 Matti
619 693 18 23 E.
653 693 88 24 Niemelä.

131 877 95 22 Emedan
238 877 37 27 jag
290 883 62 16 anser
367 878 31 20 att
413 877 36 21 det
464 883 73 16 senare
556 877 100 27 förslaget
677 876 32 22 till
730 877 81 22 förord-

62 912 50 27 ning
127 911 88 22 innebär
229 917 26 16 en
270 911 89 27 ändring
373 911 23 22 af
408 910 109 29 grundlag,
534 911 63 22 utber
608 911 37 27 jag
659 911 42 27 mig
716 913 32 20 att
762 911 8 21 i
784 917 26 16 en

60 946 131 22 reservation
212 945 22 22 fä
256 946 114 27 framlägga
392 946 43 21 min
456 945 46 23 frän
524 945 145 28 pluralitetens
685 946 7 20 i
706 946 105 22 utskottet

61 974 112 23 afvikande
187 974 61 28 äsigt.

130 1014 57 22 Sista
208 1016 116 20 momentet
346 1014 7 21 i
367 1015 11 20 4
396 1014 11 27 $
423 1014 21 21 af
464 1014 24 21 F.
503 1021 19 14 o.
541 1014 20 21 S.
584 1014 33 26 A.
639 1013 80 22 hvilket
740 1014 69 27 lyder:

67 1065 5 11 s
74 1049 56 27 Men
152 1049 23 21 tä
197 1054 26 16 en
245 1048 76 22 ofrelse
342 1047 136 22 Embetsman
500 1048 74 21 blifver
597 1047 93 28 upphöjd
714 1047 24 22 til
762 1048 49 22 ade-

61 1083 29 27 lig
104 1082 116 27 värdighet,
236 1082 42 21 kan
290 1082 43 21 han
348 1082 18 27 ej
377 1081 72 27 längre
464 1082 84 21 behälla
565 1081 46 22 thet
625 1081 89 22 Embete
728 1081 43 22 han
777 1082 33 21 sä-

62 1123 47 15 som
117 1116 77 22 ofrälse
200 1116 33 22 för
238 1116 76 21 ofrälse
320 1116 104 21 Ständens
431 1115 105 27 säkerhet,
544 1115 56 22 förut
607 1115 40 22 fått
652 1115 39 22 och
695 1115 116 27 innehaft'*,

63 1150 40 22 har
117 1149 98 23 afseende
230 1151 27 26 pä
271 1150 159 27 borgmästare-,
446 1150 107 21 rädmans-
568 1149 39 22 eeh
621 1150 190 27 magistratssekre-

65 1184 159 27 teraretjenster
237 1184 8 21 i
260 1184 104 21 städerna.
394 1184 75 21 Denna
483 1184 56 26 äsigt
552 1183 39 21 har
605 1183 87 21 allmänt
710 1184 54 26 gjort
780 1184 32 26 sig

66 1218 98 27 gällande
179 1218 39 21 och
234 1217 106 22 biträddes
355 1217 61 23 äfven
431 1217 22 23 af
472 1216 243 23 kodifikationskomiten
737 1218 75 28 (enligt

64 1252 94 22 motiven
172 1253 14 21 &
200 1259 20 20 p.
236 1253 43 25 99).
310 1252 38 22 Om
364 1252 80 22 säledes
460 1251 105 23 adelsmän
581 1252 65 27 enligt
659 1252 105 27 grundlag
777 1258 36 15 va-

64 1286 29 22 rit
107 1286 135 22 förhindrade
257 1288 32 20 att
310 1286 90 22 bekläda
415 1286 65 27 sagda
494 1286 93 27 tjenster,
609 1286 40 22 och
671 1292 28 15 nu
719 1286 92 26 stadgas,
827 1300 2 2 -

63 1322 33 20 att
112 1321 108 21 adelsmän
234 1320 48 22 icke
297 1323 36 19 äro
348 1320 135 22 förhindrade
498 1320 77 26 dertill,
599 1321 24 20 sä
646 1320 43 21 kan
707 1320 37 26 jag
765 1320 47 21 icke

66 1353 57 22 finna
146 1356 69 23 annat,
238 1356 27 19 än
287 1355 32 19 att
340 1353 40 22 här
402 1353 107 27 verkligen
523 1352 110 27 föreligger
648 1360 25 14 en
689 1353 88 26 ändring
792 1352 23 22 af

64 1387 110 28 grundlag.
204 1387 48 22 Men
268 1387 66 27 enligt
347 1387 145 27 pluralitetens
507 1387 7 21 i
533 1387 104 22 utskottet
659 1386 84 27 mening
764 1386 49 22 sker

67 1427 75 22 genom
158 1423 32 20 ett
203 1421 76 22 sädant
294 1422 114 27 stadgande
423 1421 56 22 blott
493 1427 27 16 en
534 1420 151 27 inskränkning
702 1420 23 22 af
737 1421 76 27 grund-

64 1455 72 29 lagens
162 1455 153 28 tillämplighet,
352 1457 31 20 Ar
405 1456 59 22 detta
484 1455 119 23 förfarande
625 1455 34 22 vid
681 1454 89 29 ändring
792 1455 23 22 af

132 1496 140 23 Lagutskottets
285 1496 115 18 betänkande
413 1498 33 16 N:o
460 1495 16 19 4.
