1020 1709
187 144 27 20 56

156 206 98 23 storiens
276 204 151 29 vittnesbörd,
448 204 219 28 kyrkosamfunden
682 204 60 22 varit
757 203 43 22 och
816 204 37 21 äro
870 202 30 23 de

157 240 119 28 egentliga
285 239 112 22 bärarena
405 238 24 22 af
436 238 93 22 folkens
538 238 109 28 religiösa
656 238 143 28 uppfostran.
815 238 85 22 Denna

157 274 136 29 uppfostran
308 273 56 29 kan,
379 272 112 23 särskildt
505 272 64 23 hvad
584 272 52 22 vårt
649 272 58 22 land
722 271 115 31 beträffar,
847 271 54 23 icke

156 310 95 21 ersättas
276 307 25 23 af
320 306 91 31 skolan,
436 307 30 22 då
486 308 27 29 ju
535 306 100 23 faktiskt
658 306 83 23 endast
763 313 28 15 en
808 306 93 22 mindre

155 343 38 23 del
209 343 23 22 af
245 342 52 22 vårt
310 342 63 22 folks
387 342 59 22 barn
462 342 91 30 åtnjuta
568 342 36 22 sin
621 340 170 29 undervisning
806 342 9 21 i
830 340 29 23 de
874 341 26 22 af

156 380 75 21 staten
253 376 158 24 underhållna
426 376 144 28 skolorna.*)
599 376 37 22 Då
651 376 24 22 vi
690 376 31 28 på
735 375 96 23 anförda
846 374 54 24 skäl

225 446 15 23 *)
252 446 23 18 Vi
292 446 60 17 tillåta
363 450 29 13 oss
404 446 34 17 här
450 446 27 16 att
489 445 64 18 anföra
566 447 25 16 ett
602 445 67 23 utdrag
681 445 21 17 af
713 445 34 17 den
760 445 53 17 äfven
826 450 28 12 om
866 444 33 18 vär

155 476 85 23 kyrkliga
250 472 117 26 fagstiftning
379 474 20 18 så
411 474 44 23 högt
467 474 78 22 förjente
557 474 108 22 professorn,
677 474 102 18 sedermera
787 473 112 18 riksarkiva-

154 505 39 17 rien
205 504 115 18 Nordströms
332 503 86 23 yttrande
430 503 5 17 i
448 503 56 17 saken
516 503 6 17 i
535 502 35 18 den
578 502 77 18 svenska
661 502 115 22 Riksdagens
784 502 57 18 första
847 502 51 18 kam-

155 538 50 13 mare
220 532 33 18 den
262 534 7 16 1
277 532 52 22 April
343 533 48 17 1873.,
398 531 76 23 Kongl.
480 532 128 22 förordningen
615 531 21 17 af
640 531 67 19 år1860
712 532 100 17 innefattar
831 541 11 3 —
856 542 14 2 —
877 541 23 3 —

156 563 28 16 att
197 562 36 16 han
252 561 43 23 (den
306 560 28 18 till
346 560 72 18 utträde
430 560 91 22 anmälde)
530 560 15 22 ej
563 560 46 18 skall
621 564 52 14 anses
685 560 41 17 från
738 560 77 17 svenska
827 560 71 23 kyrkan

156 590 57 22 skiljd
230 589 62 18 förrän
308 589 36 17 han
356 589 62 17 blifvit
432 589 3 17 i
447 591 57 15 annat
515 589 6 17 i
533 588 49 18 riket
593 588 68 18 tillåtet
672 588 171 23 religionssamfund
855 594 43 17 upp-

155 621 60 20 tagen,
236 618 33 17 och
286 617 83 18 sådant
363 613 10 32 i
388 617 77 23 stadgad
482 617 76 23 ordning
571 619 19 16 är
602 617 64 18 vordet
678 617 131 18 konstateradt.
834 618 64 17 Denna

156 646 96 18 föreskrift
270 648 21 16 är
308 646 108 22 utelemnad,
428 646 34 17 och
481 646 54 22 derpå
547 646 30 17 må
588 646 29 17 det
630 646 69 17 tillåtas
710 646 42 23 mig,
764 646 50 18 Mina
826 646 73 22 Herrar,

158 677 28 17 att
198 676 48 17 fästa
258 675 41 18 eder
312 675 102 22 synnerliga
426 675 164 22 uppmärksamhet.
613 674 35 18 Vid
657 674 134 18 utelemnandet
798 680 51 17 synes
859 680 43 12 man

156 704 56 18 hafva
224 704 60 23 utgått
296 703 41 18 från
349 704 34 17 den
395 703 53 23 åsigt,
461 705 27 16 att
504 704 99 17 innehållet
615 704 21 16 af
646 704 58 17 denna
717 704 58 22 punkt
786 704 116 17 uteslutande

155 733 59 18 skulle
226 732 89 18 innefatta
326 734 27 16 ett
364 732 73 22 intrång
449 733 6 16 i
468 732 33 17 den
513 733 85 22 religiösa
610 732 83 18 friheten.
706 732 57 18 ehuru
775 733 76 17 moitvet
870 732 28 18 till

156 762 104 17 densamma
277 760 96 24 rätteligen
385 762 21 16 är
418 763 27 15 att
457 761 45 17 söka
514 761 5 17 i
533 762 34 17 den
578 761 102 23 borgerliga
692 761 203 23 samhälls-ordningens

157 790 48 18 kraf.
228 790 52 18 Efter
292 791 27 16 att
330 790 56 18 hafva
397 790 77 22 uppnått
486 791 22 17 18
520 790 21 17 år
553 789 79 18 anmäler
644 794 21 13 en
678 794 65 18 person
755 790 32 17 hos
800 790 28 17 sin
834 790 66 22 kyrko-

157 819 56 17 herde
230 820 28 16 sin
274 818 56 22 afsigt
342 819 27 16 att
380 818 73 18 utträda
466 824 21 11 ur
499 818 31 18 vär
542 818 58 23 kyrka
615 818 33 18 och
660 819 28 16 att
700 818 73 18 inträda
785 818 6 16 i
803 820 27 16 ett
842 820 62 20 annat,

158 847 94 22 uppgifver
270 846 111 18 främmande
399 847 132 17 trossamfunds
549 847 114 22 gemenskap,
676 846 33 18 och
726 847 55 17 minst
793 848 10 16 2
814 847 88 17 månader

158 876 76 17 dereftet
252 874 81 18 inställer
345 875 36 17 han
393 874 27 23 sig
434 885 20 2 —
466 885 23 2 —
501 885 21 3 —
535 874 113 23 personligen
659 875 33 17 hos
704 875 28 17 sin
744 874 114 23 kyrkoherde
872 874 32 18 för

159 905 27 17 att
202 903 140 23 tillkännagifva
362 903 28 22 sig
409 903 105 18 framhärda
531 904 5 16 i
555 903 27 17 sin
598 903 53 23 afsig.
674 903 53 18 Hvad
744 903 35 17 blir
797 909 24 12 nu
833 903 69 23 följden

159 932 63 18 häraf?
235 932 63 22 Enligt
309 932 87 22 förslaget
408 932 40 20 den,
461 933 27 16 att
500 932 36 17 han
548 936 52 13 anses
613 932 41 16 från
666 932 78 17 svenska
756 932 72 22 kyrkan
841 932 62 22 skiljd,

158 962 34 17 och
204 963 27 16 att
243 960 127 23 kyrkoherden
382 960 47 18 skall
441 962 44 21 göra
497 960 108 23 anteckning
618 961 62 17 derom
692 962 5 16 i
710 961 124 23 kyrkoboken.
858 961 42 18 Men

159 996 28 12 om
200 990 101 18 sedermera
315 989 34 17 den
362 989 78 23 affällige
452 989 40 17 icke
505 989 88 23 fullföljer
607 990 28 17 sin
647 989 46 18 först
705 989 88 23 uppgifna
805 990 56 22 afsigt
873 991 28 16 att

160 1018 45 19 söka
216 1018 71 18 inträde
299 1018 5 18 i
316 1018 55 22 nägot
382 1018 51 21 visst,
445 1018 112 18 främmande
568 1018 128 22 trossamfund,
710 1024 29 12 om
751 1018 36 18 han
800 1018 102 18 sedermera

159 1047 40 18 icke
216 1047 54 17 söker
287 1046 70 18 inträde
375 1046 5 17 i
392 1046 105 24 nägotslags
509 1047 70 21 sädant,
591 1048 44 17 utan
648 1047 65 18 fortfar
725 1048 27 17 att
763 1047 49 18 lefva
824 1048 5 16 i
842 1052 22 13 en
876 1048 27 17 uti

159 1076 81 22 kyrkligt
252 1075 102 18 hänseende
366 1075 111 23 fullkomligt
489 1075 78 18 isolerad
578 1076 91 22 ställning,
682 1076 58 18 såsom
749 1076 30 18 det
787 1076 57 22 enligt
856 1076 48 18 före-

160 1104 84 23 liggande
261 1104 69 22 förslag
346 1104 58 17 skulle
415 1104 56 17 blifva
483 1105 46 17 hans
547 1105 118 17 oantastbara
677 1104 92 23 rättighet,
782 1106 42 16 enär
835 1104 69 18 honom

160 1134 40 17 icke
212 1133 69 22 äligger
292 1132 39 18 visa
343 1134 27 16 att
382 1133 42 21 han,
433 1132 46 18 efter
485 1133 28 17 sin
521 1133 83 18 anmälan
616 1138 29 12 om
656 1133 73 17 utträde
741 1138 21 12 ur
775 1133 77 17 svenska
863 1133 41 23 kyr-

160 1162 37 18 kan
208 1161 92 23 verkligen
312 1161 43 17 sökt
367 1161 33 17 och
412 1161 63 17 vunnit
487 1162 71 16 inträde
570 1162 5 16 i
588 1163 55 16 annat
655 1161 130 21 trossamfund,
799 1162 56 17 ehuru
866 1162 38 17 han

160 1190 24 22 på
201 1189 58 23 grund
277 1190 20 17 af
308 1190 27 16 sin
347 1190 84 17 anmälan
443 1195 28 12 om
483 1190 74 17 utträde
568 1190 47 18 skall
628 1195 52 13 anses
692 1195 43 13 vara
747 1190 42 18 från
801 1190 32 18 vår
844 1190 60 23 kyrka

160 1218 57 23 skiljd
228 1228 22 2 —
261 1228 23 3 —
295 1228 22 2 —
329 1218 53 18 Hvad
394 1218 34 18 blir
440 1218 36 18 han
488 1218 29 18 väl
530 1218 34 18 då?
573 1219 40 17 Han
624 1218 41 22 blir,
677 1220 49 16 mina
737 1219 75 21 Herrar,
823 1219 38 17 helt
874 1224 29 12 en-

159 1248 39 16 kelt
210 1252 27 15 en,
250 1247 30 17 för
291 1248 27 16 att
330 1247 20 16 så
362 1248 48 20 säga,
424 1247 70 22 religiös
507 1248 43 16 eller
563 1247 69 23 andelig
639 1248 90 22 vagabond
738 1248 49 17 inom
799 1248 102 20 samhället,

160 1275 41 17 med
214 1274 33 18 och
259 1280 28 12 om
295 1274 83 18 hvilkens
384 1274 85 22 religiösa
477 1275 151 23 angelägenheter
639 1275 53 23 ingen
700 1280 42 18 eger
750 1277 43 21 taga
801 1275 103 23 befattning

160 1303 44 17 eller
216 1304 43 21 göra
272 1303 27 22 sig
310 1302 109 23 bekymmer.
439 1302 41 18 Men
493 1304 27 16 att
531 1303 56 17 hafva
599 1303 90 22 förbisett,
702 1304 50 17 detta
764 1306 26 19 är,
802 1304 47 17 efter
860 1304 43 17 mitt

161 1332 87 21 omdöme,
261 1333 26 16 ett
299 1331 20 18 af
329 1331 93 23 grunfelen
435 1332 5 16 i
453 1332 30 17 det
495 1337 24 12 nu
534 1332 101 23 framlagda
648 1332 92 24 förslaget.

228 1360 36 18 För
276 1364 27 14 att
314 1360 39 18 visa
365 1360 34 18 den
411 1366 24 12 nu
447 1361 120 18 omhandlade
579 1361 127 18 föreskriftens
718 1364 45 16 nära
769 1362 87 18 samhand
862 1362 41 17 med

161 1390 34 18 den
212 1389 103 23 borgerliga
332 1389 196 23 samhällsordningens
544 1391 94 21 intressen,
653 1391 69 17 tillåter
736 1391 32 23 jag
780 1391 36 22 mig
829 1392 72 22 antaga,

160 1421 28 20 att
204 1423 21 13 en
242 1418 20 18 så
277 1418 94 21 beskaffad
391 1418 71 23 andelig
475 1418 42 18 eller
534 1420 74 22 religiös
625 1419 95 23 vagabond
733 1420 58 18 kallas
804 1419 27 18 till
843 1420 59 17 vittne
