1003 1703
292 125 20 24 U.
328 125 20 24 6.
365 138 25 3 —
406 125 56 30 Prop.
477 126 32 24 N:o
524 126 19 24 6.
773 127 13 22 3

62 186 78 28 ningen
154 188 33 20 att
200 187 34 22 för
248 187 132 23 vittnesmåls
395 188 123 28 afläggande
533 192 91 20 närvara
645 190 36 22 vid
703 190 112 27 sjöförkla-

62 220 58 28 rings
135 220 126 28 afgifvande,
277 223 24 20 är
316 223 76 21 endast
406 229 26 15 en
447 224 71 22 direkt
532 224 52 27 följd
600 224 23 22 af
639 225 41 21 den
701 224 113 27 utvidgade

63 254 136 28 befogenhet,
222 261 46 17 som
290 256 6 20 i
319 256 11 28 $
353 257 28 21 44
396 257 118 27 medgifvits
530 258 151 27 ordningsrätt,
698 258 40 22 och
752 258 62 22 torde

61 288 86 23 derföre
160 288 55 22 böra
228 289 131 27 godkännas.

129 344 32 23 På
175 346 69 26 grund
258 346 24 22 af
295 346 36 22 det
345 347 89 22 anförda
448 348 33 21 får
491 349 106 21 utskottet
605 349 110 21 vördsamt
724 348 88 22 föreslå:

266 406 33 19 att
319 404 85 22 landets
425 405 117 30 höglofliga
572 405 95 22 Ständer
696 406 50 21 ville
775 405 38 22 hos

199 436 65 23 Hans
278 438 124 29 Kejserliga
416 440 105 26 Majestät
536 441 95 26 anmäla,
643 441 35 20 det
689 440 124 22 Ständerna

198 472 112 28 godkändt
325 473 41 22 den
381 475 82 28 nådiga
479 475 166 28 propositionen
667 475 48 22 med
736 474 77 28 ofvan-

198 508 97 21 nämnda
309 508 78 29 tillägg
402 509 35 21 till
451 509 42 21 den
502 510 133 27 föreslagna
641 509 171 28 förordningen,

197 541 86 22 hvilken
298 543 94 23 sålunda
406 543 82 22 komme
502 546 32 19 att
548 544 85 21 erhålla
653 543 106 28 följande
781 544 31 28 ly-

198 576 68 22 delse:

268 640 140 29 Förordning
424 642 112 28 angående
545 641 132 28 förändrad
691 642 80 28 lydelse
787 647 26 21 aj

199 675 31 28 $$
250 677 29 19 44
302 676 38 21 och
362 677 29 19 45
413 677 9 19 i
436 677 98 27 sjölagen
549 677 30 27 af
589 676 41 21 den
646 677 13 19 9
675 676 57 21 Juni
746 677 64 21 1873.

266 740 133 28 Härigenom
413 740 78 22 varder
500 740 150 28 förordnadt:
677 742 33 19 att
731 740 31 28 $$
783 741 29 20 44

197 773 38 22 och
250 774 29 20 45
293 774 9 21 i
316 774 97 28 sjölagen
423 774 44 28 för
483 774 206 28 Storfurstendömet
703 774 107 27 Finland,

195 807 76 29 gifven
286 808 41 21 den
343 810 14 19 9
371 808 57 21 Juni
443 810 64 24 1873,
522 808 62 22 skola
603 808 84 22 erhålla
709 808 101 28 följande

192 842 143 27 förändrade
350 843 91 28 lydelse:

471 908 15 27 $
501 908 34 20 44.

265 953 63 15 mom.
344 948 13 20 1
371 946 47 22 lika
433 947 48 21 med
492 947 171 28 propositionen.

264 1015 87 22 Protest
367 1016 97 21 anmäles
482 1016 134 27 mundtligen
631 1016 9 20 i
655 1015 50 22 stad
719 1016 39 21 hos
773 1023 38 14 no-

197 1050 69 21 tarius
279 1049 102 28 publicus
398 1049 52 22 eller
464 1050 42 21 den
521 1050 55 21 hans
589 1051 98 26 göromål
707 1049 104 22 bestrider

196 1084 38 21 och
247 1085 32 27 på
294 1084 74 21 landet
382 1085 38 21 hos
434 1084 151 22 tullkammare
596 1084 51 21 eller
657 1084 153 28 kronobetjent,

196 1125 48 14 men
258 1118 158 29 sjöjörklaring
432 1118 38 21 bör
484 1119 35 21 till
534 1119 91 21 domstol
635 1119 52 21 eller
696 1119 115 28 ordnings-

195 1155 45 19 rätt
250 1153 125 28 skriftligen
390 1153 111 28 aflemnas.
531 1153 40 27 De,
587 1153 74 21 hvilka
676 1153 54 22 idka
740 1153 71 22 sådan

195 1186 61 22 kust-
266 1188 39 20 och
319 1187 87 27 sjöfart,
421 1194 46 14 som
489 1188 8 20 i
518 1188 16 28 $
556 1188 28 21 31
607 1188 146 27 omförmäles,
775 1195 36 21 ege

195 1221 55 22 dock
264 1224 45 19 rätt
324 1224 32 19 att
377 1222 187 28 sjöförklaringen
586 1222 134 28 mundtligen
737 1222 73 27 fram-

195 1256 73 22 ställa.

468 1320 16 27 $
498 1321 35 20 45.

263 1359 59 21 Lika
336 1359 49 21 med
395 1360 171 26 propositionen.

127 1491 139 25 Lagutskottets
278 1491 117 18 betänkande
406 1492 37 17 N:o
455 1491 13 18 2
