1045 1709
169 152 26 21 12

349 153 70 21 Ständ.
434 153 32 21 Sv.
482 165 24 5 —
524 154 57 26 Prop.
597 154 34 20 N:o
645 152 33 22 10.

275 215 136 23 föreståndare
428 216 98 24 behörigen
545 216 102 24 fullgöras,
666 215 113 25 uppdragas
795 215 21 20 åt
829 216 61 24 magi-

275 250 52 18 strat
344 250 44 19 eller
406 250 133 24 ordningsrätt
558 250 8 19 i
583 250 45 19 stad
646 251 51 18 samt
710 249 117 25 kronofogde
842 249 46 20 eller

276 284 89 19 länsman
376 283 29 25 på
420 283 70 20 landet.

344 313 18 24 Å
378 318 122 20 Guvernören
520 318 109 20 ankommer
646 320 29 18 att
688 317 63 25 hafva
766 318 65 25 tillsyn
847 318 44 20 der-

275 352 60 24 öfver,
352 354 29 18 att
402 352 135 24 föreståndare
559 352 34 24 för
614 352 211 26 dissenterförsamling
847 353 44 20 sina

275 386 113 25 åligganden
403 387 98 24 behörigen
515 387 78 25 fullgör,
609 387 33 19 och
657 387 32 19 mä
704 386 129 21 Ecklesiastik
847 387 44 20 Ex-

272 420 110 26 peditionen
396 422 9 18 i
418 420 81 21 Senaten
514 422 64 24 äfven,
595 421 25 19 då
635 421 72 20 sådant
717 421 86 25 pröfvas
817 421 73 25 nödigt,

276 456 41 19 låta
330 462 66 18 genom
412 456 65 19 dertill
486 456 109 24 förordnad
601 462 73 18 person
683 456 108 24 inspektion
801 456 26 24 af
835 456 56 20 dessa

276 490 141 24 församlingar
431 490 111 20 verkställa.

559 547 16 27 $
588 547 18 19 4.

344 592 116 21 Bekännare
477 593 26 25 af
518 600 64 13 annan
599 592 142 26 protestantisk
760 594 87 20 troslära
867 594 26 20 än

277 628 35 19 den
326 628 212 24 evangelisk-lutherska
556 628 34 20 mä
604 628 19 24 e&
637 627 34 25 för
685 628 44 20 sina
744 628 146 26 församlingar,

277 662 131 24 inrättningar
425 663 46 19 eller
489 662 93 24 stiftelser
599 664 46 18 utan
663 662 107 25 Kejsarens
788 663 33 20 och
836 663 54 21 Stor-

276 696 86 24 furstens
385 697 87 20 tillstånd
493 697 105 25 förvärfva
619 696 34 20 och
674 697 70 20 besitta
766 704 64 14 annan
850 698 43 25 fast

277 731 87 25 egendom
381 731 9 19 i
408 732 68 23 landet,
498 732 25 19 än
537 733 48 19 tomt
599 732 33 24 för
646 731 62 24 kyrka
723 732 33 19 och
771 732 55 20 skola
841 734 52 18 samt

277 765 175 26 vegrafningsplats
469 767 60 24 jemte
548 766 14 20 &
583 766 41 20 dem
639 766 99 24 uppförda
753 766 69 25 nödiga
837 767 55 25 bygg-

276 800 70 25 nader;
369 801 33 19 och
424 808 46 13 vare
492 801 54 20 desse
566 801 148 20 trosbekännare
728 801 40 20 icke
782 801 111 24 förmenadt

277 836 35 22 att,
332 840 31 14 om
380 834 23 20 de
422 835 24 19 sä
463 835 66 23 önska,
544 835 30 24 pä
592 834 199 25 evangelisk-luthersk
806 834 86 25 försam-

277 869 48 25 lings
347 869 175 25 begrafningsplats
544 871 49 18 emot
614 869 93 24 stadgade
722 869 82 25 afgifter
818 870 75 19 erhålla

277 904 98 24 lägerstad
389 904 33 24 för
437 904 45 20 sina
497 904 57 20 döda.

559 961 15 27 $
588 961 19 20 5.

345 1007 64 20 Innan
426 1007 58 25 något
500 1008 36 19 hus
557 1007 45 19 eller
615 1013 45 13 rum
674 1007 26 23 af
713 1006 179 25 dissenterförsam-

277 1041 38 25 ling
337 1042 31 19 till
388 1041 84 25 offentlig
493 1042 108 24 gudstjenst
614 1037 99 29 Vegagnas,
730 1041 51 20 skall
795 1041 98 25 förestän-

277 1076 60 19 daren
357 1076 65 20 derom
439 1078 48 22 göra
502 1076 90 20 anmälan
607 1076 13 19 å
635 1076 64 19 landet
712 1076 35 19 hos
761 1075 131 25 kronofogden

278 1110 34 21 och
327 1110 8 19 i
349 1110 45 19 stad
410 1111 35 19 hos
459 1110 157 24 poliskammare,
637 1110 37 20 der
691 1109 62 20 sådan
767 1110 66 24 finnes,
850 1116 43 14 men

278 1144 53 25 eljest
345 1144 35 19 hos
393 1144 105 25 magistrat
512 1144 44 20 eller
571 1144 138 24 ordningsrätt.

349 1178 35 20 Vid
398 1179 149 24 församlingens
561 1178 108 25 gudstjenst
681 1178 34 20 mä
728 1178 85 20 tillträde
823 1178 19 24 ej
851 1177 41 25 för-

276 1214 73 24 vägras
364 1212 84 26 offentlig
462 1212 112 26 myndighet.

560 1269 14 25 $
590 1268 18 20 6

345 1313 115 21 Bekännare
484 1314 26 24 af
528 1320 65 14 annan
611 1312 141 27 protestantisk
767 1313 86 21 troslära
867 1315 26 19 än

277 1349 35 19 den
330 1348 213 24 evangelisk-lutherska
562 1355 47 13 vare
623 1348 19 24 ej
656 1347 71 21 tillåtet
741 1350 30 19 att
784 1349 33 19 vid
832 1351 61 19 annat

278 1384 77 24 tillfälle
378 1384 25 18 än
424 1383 112 25 begrafning
555 1383 84 20 anställa
658 1383 84 25 offentlig
753 1384 112 26 procession
880 1384 13 20 å

277 1420 41 24 väg,
336 1419 52 24 gata,
410 1419 42 23 torg
470 1418 45 19 eller
532 1424 64 14 annan
613 1419 52 19 utom
684 1418 61 25 kyrka
765 1418 46 20 eller
825 1418 68 25 kyrko-

276 1454 50 24 gård
341 1453 75 25 belägen
427 1454 63 24 plats.
