1025 1709
211 149 26 20 48
422 149 24 20 U.
460 149 22 19 B.
497 159 28 3 —
539 149 59 25 Prop.
613 148 37 20 N:o
665 149 15 19 1.

183 213 46 19 med
251 212 35 19 tvä
306 211 101 20 mänäder
422 210 32 20 till
470 210 37 21 och
533 211 45 19 med
595 210 35 20 tvä
651 210 22 20 är
689 210 51 20 eller
756 210 60 20 böter
831 212 19 24 ej
866 210 67 20 under

182 246 117 22 tvåhundra
315 245 66 21 mark,

251 279 92 28 (Utesl.)

251 326 13 19 2
280 325 20 26 &.
331 325 53 24 Den,
399 331 43 14 som
459 325 140 26 uppsåtligen,
618 323 53 21 dock
686 323 46 22 icke
747 327 54 18 emot
816 324 70 21 bättre
901 331 32 14 ve-

183 359 73 27 tande,
279 359 105 26 påbördar
408 365 68 14 annan
500 359 105 20 bestämdt
629 359 62 24 brott,
710 359 52 20 eller
778 359 51 20 visst
852 359 46 26 slag
913 359 23 20 af

183 394 62 25 brott,
269 393 52 20 eller
344 399 74 14 annan
434 393 65 20 sådan
516 393 108 26 handling,
641 399 43 13 som
706 393 40 19 kan
763 393 79 26 ådraga
865 393 68 20 denne

183 429 139 25 missaktning
345 427 52 20 eller
416 434 50 13 vara
490 427 77 26 menlig
591 427 31 20 för
643 427 53 20 hans
718 427 75 26 näring
808 427 52 20 eller
883 427 52 21 fort-

184 464 75 24 komst,
283 463 52 20 eller
358 462 39 20 ock
421 462 71 19 derom
516 462 103 26 utsprider
642 461 68 26 rykte,
734 461 88 25 straffes,
837 468 34 13 om
887 468 48 14 san-

183 497 73 21 nolika
278 497 46 19 skäl
348 495 32 21 för
402 496 123 21 tillvitelsen
549 496 51 20 eller
622 495 71 27 ryktet
715 497 19 26 ej
758 496 70 20 kunna
850 496 85 25 företes,

185 533 46 20 med
255 531 60 21 böter
338 531 45 20 från
408 531 39 20 och
472 531 45 19 med
542 531 71 20 femtio
637 530 31 19 till
693 531 38 20 och
748 531 47 20 med
809 531 126 20 femhundra

185 566 57 20 mark
259 566 52 20 eller
326 565 96 26 fängelse
438 565 18 25 ej
473 565 58 20 öfver
547 571 37 14 sex
600 564 105 21 månader.

253 599 53 21 Sker
324 599 65 20 sådan
410 599 104 20 smädelse
533 599 130 26 offentligen,
683 599 52 20 eller
749 606 75 21 genom
841 599 93 27 tryckal-

184 637 49 23 ster,
248 634 62 20 skrift
330 633 52 21 eller
401 633 75 27 bildlig
496 633 161 27 framställning,
673 640 44 13 som
734 634 39 20 den
791 633 97 27 skyldige
904 637 30 17 ut-

183 669 81 26 sprider
287 669 51 20 eller
362 669 54 19 låter
438 669 104 26 utsprida;
566 675 49 13 vare
639 668 81 20 straffet
741 669 61 20 böter
816 669 63 20 minst
895 671 39 18 ett-

184 703 82 20 hundra
281 703 58 20 mark
357 703 51 20 eller
424 703 93 26 fängelse
533 704 20 25 ej
569 703 58 20 öfver
643 705 30 17 ett
690 703 29 19 år.

253 749 11 20 3
280 749 20 26 $.
331 749 63 25 Hvar,
413 755 43 14 som
477 749 132 25 annorledes,
629 751 26 17 än
677 755 26 13 nu
720 751 23 18 är
758 749 68 26 sagdt,
842 749 93 20 kränker

184 791 69 13 annan
277 783 46 20 med
348 783 112 26 skymfligt
481 783 107 26 yttrande,
611 783 51 20 eller
686 783 87 24 hotelse,
796 783 53 20 eller
865 790 68 14 annan

184 819 110 25 handling,
314 825 44 13 som
379 821 23 16 är
422 817 132 28 missfirmlig,
570 817 82 20 straffes
668 817 32 20 för
714 817 157 28 förolämpning
888 819 46 20 med

185 853 59 20 böter
264 852 61 27 högst
346 852 118 20 tvåhundra
480 852 58 20 mark
555 852 52 20 eller
622 852 95 27 fängelse
733 852 19 27 ej
769 852 59 21 öfver
844 854 32 19 tre
892 854 43 20 må-

184 889 72 19 nader.

252 921 53 20 Sker
315 921 182 27 förolämpningen
509 921 129 27 offentligen,
650 915 53 26 eller
713 928 76 20 genom
802 922 133 27 tryckalster,

184 957 62 20 skrift
261 956 53 20 eller
330 955 75 27 bildlig
416 955 162 27 framställning,
599 962 43 13 som
659 955 41 22 den
716 956 98 26 skyldige
830 957 105 26 utsprider

184 991 51 21 eller
251 991 52 20 låter
319 989 105 27 utsprida;
440 997 49 12 vare
505 990 80 20 straffet
597 990 59 20 böter
667 990 61 27 högst
739 991 124 20 femhundra
875 992 60 19 mark

184 1026 52 19 eller
251 1025 95 26 fängelse
362 1025 18 25 ej
398 1024 58 20 öfver
472 1024 46 26 fyra
535 1024 105 21 månader.

251 1066 13 19 4
279 1065 22 27 $.
331 1063 55 28 Den,
402 1071 45 14 som
462 1063 98 29 skymfar
581 1065 44 20 död
639 1071 63 15 mans
718 1065 78 25 minne,
812 1072 75 21 genom
903 1069 32 18 att

185 1101 53 20 emot
261 1099 70 21 bättre
352 1099 90 20 vetande
461 1099 150 28 sanningslöst
622 1099 102 27 påbörda
739 1099 77 22 honom
831 1099 104 22 bestämdt

184 1135 63 25 brott,
263 1133 53 21 eller
331 1133 52 20 visst
399 1133 48 27 slag
462 1133 28 28 af
503 1133 63 26 brott,
582 1133 51 22 eller
649 1140 75 15 annan
740 1134 70 21 sådan
820 1134 115 29 handling,

185 1167 92 26 hvilken,
296 1167 38 20 der
354 1167 43 22 han
420 1167 72 28 lefvat,
508 1167 70 22 skulle
592 1168 58 21 varit
665 1168 71 28 egnad
751 1171 33 19 att
799 1169 85 28 ådraga
900 1169 35 21 ho-

185 1209 48 14 nom
248 1201 152 28 missaktning,
416 1202 53 20 eller
484 1202 37 21 ock
537 1203 73 20 derom
625 1203 113 27 utsprider
754 1203 46 21 dikt
812 1203 53 21 eller
873 1206 63 19 osant

183 1236 69 27 rykte,
267 1235 89 26 straffes
372 1236 48 20 med
430 1236 104 27 fängelse
551 1237 8 20 i
572 1237 62 27 högst
645 1243 36 15 sex
691 1237 106 21 månader
806 1237 54 22 eller
870 1237 65 22 böter.

252 1267 45 22 Har
319 1269 48 25 den,
388 1272 58 17 emot
464 1270 87 20 hvilken
573 1271 122 19 tillvitelsen
715 1271 63 26 skett,
796 1271 55 20 varit
871 1271 64 20 död
924 1263 16 38 i

185 1305 58 24 tjugu
260 1303 23 20 år
298 1303 52 19 eller
367 1303 71 26 längre
454 1303 40 25 tid;
511 1310 48 14 vare
575 1306 42 17 rätt
631 1307 31 16 att
677 1304 58 20 åtala
750 1305 185 26 ärekränkningen

183 1337 105 20 förfallen.

252 1377 14 20 5
281 1377 21 26 $.
332 1375 56 27 Den,
409 1383 44 15 som
470 1377 95 22 tilltalas
580 1378 43 27 för
637 1379 172 27 ärekränkning,
824 1379 89 22 hvarom
928 1381 8 20 i

186 1411 58 21 detta
267 1410 82 28 kapitel
370 1412 98 26 stadgas,
490 1411 63 28 hafve
576 1415 46 19 rätt
637 1415 33 18 att
686 1413 70 21 bevisa
770 1415 125 26 sanningen
910 1415 30 27 af

185 1444 73 28 gjordt
281 1445 98 26 tillmäle,
398 1446 96 27 säframt
508 1446 43 22 han
562 1446 138 28 förbehäller
715 1448 33 28 sig
764 1450 32 19 att
811 1448 76 28 styrka
903 1448 32 22 be-
