1014 1709
333 138 23 19 U.
368 138 23 20 B.
403 149 22 4 —
437 139 62 24 Prop.
512 140 36 18 N:o
559 140 17 18 1.
781 141 22 17 27

83 194 111 26 sättningen
213 196 21 19 af
251 196 123 20 dödsstraffet
391 198 36 19 och
441 198 229 20 lifstidstukthusstraffet
684 199 8 18 i
706 199 62 25 begge
783 198 42 26 lag-
838 198 44 21 Strf.
896 199 10 15 4
917 198 44 22 Kap.

83 235 86 13 rummen
188 230 62 25 enligt
268 230 43 20 nåd.
330 238 55 18 prop.
405 235 21 16 är
445 232 83 20 identisk
548 232 35 20 och
600 232 131 20 förhållandet
745 236 22 16 är
782 239 43 13 ena-

83 262 64 20 handa
161 264 43 20 med
219 265 157 19 straffmaximum
393 266 30 19 för
437 266 23 19 de
475 266 79 20 relativt
568 266 99 20 bestämda
681 266 85 25 straffen,
777 266 49 20 efter

83 297 36 20 den
134 298 113 26 förändring
262 299 102 20 Utskottet
379 300 84 25 vidtagit
477 301 7 18 i
500 301 128 26 nyssnämnda
643 301 83 25 lagrum,
738 301 22 19 så
774 301 52 19 kom-

83 338 40 13 mer
140 333 202 26 straffnedsättningen
358 337 29 17 att
401 335 6 18 i
423 335 40 20 alla
479 335 101 20 afseenden
595 335 63 19 blifva
672 335 41 19 lika
724 335 28 19 uti
763 335 63 25 begge

83 362 125 35 lagrummen.
383 378 3 2 :

151 401 35 20 Uti
204 401 13 20 2
236 409 56 13 mom.
312 403 36 19 har
366 403 102 20 Utskottet
485 404 84 25 vidtagit
587 404 61 25 några
666 403 73 20 mindre
758 403 67 20 redak-

82 435 193 27 tionsförändringar,
294 443 69 19 genom
385 437 69 20 hvilka
476 438 58 19 bland
556 440 58 17 annat
636 437 55 20 ordet
710 438 116 25 ,,vanfräjd''

81 469 101 20 undvikits
200 470 7 19 i
226 471 199 20 öfverensstämmelse
446 473 42 19 med
503 472 111 20 Utskottets
629 472 111 20 förfarande
754 473 72 19 beträf-

82 503 57 20 fande
158 505 24 18 14
197 505 13 25 &
226 505 12 19 2
254 505 44 25 kap.

379 587 16 21 5
411 587 121 26 Kapitlet.

148 641 45 29 38
222 643 43 20 Den
284 645 21 18 af
322 644 102 20 Utskottet
442 645 33 19 vid
496 646 7 18 1
525 645 13 26 &
554 646 12 18 4
582 645 44 25 kap.
643 645 101 19 anmärkta
758 645 68 18 inkon-

80 683 107 19 segvensen
202 677 6 19 i
224 678 89 19 afseende
328 679 12 18 &
354 679 153 19 straffminimum
522 679 30 19 för
566 679 59 25 brott,
638 685 40 13 som
695 683 33 15 äro
743 679 83 24 belagda

80 711 42 19 med
142 711 104 20 dödsstraff
258 712 49 19 eller
322 712 81 19 tukthus
419 713 24 24 pä
461 713 68 24 lifstid,
546 713 35 19 och
595 713 77 19 minima
685 713 31 19 för
729 713 97 19 särskilda

80 745 60 19 andra
154 746 60 23 brott,
225 747 64 24 gäller
304 747 57 19 äfven
376 747 133 25 stadgandena
523 754 30 13 om
568 747 57 20 straff
638 747 30 20 för
683 747 96 26 medhjelp
794 747 31 19 till

80 779 62 26 brott;
159 780 36 19 och
215 781 106 19 oberoende
340 781 56 19 deraf
413 784 21 17 är
453 782 32 19 det
503 782 30 19 för
548 781 97 26 medhjelp
659 781 32 20 till
706 781 119 20 fullbordadt

79 813 54 20 brott
147 814 7 19 i
169 814 106 20 allmänhet
290 817 73 18 utsatta
378 815 104 25 minimum,
494 818 29 17 tre
535 816 116 25 fjerdedelar
660 816 22 19 af
690 816 31 19 det
733 816 30 19 för
773 816 51 19 brot-

79 849 28 18 tet
125 848 95 26 stadgade
234 849 65 26 lägsta
314 849 60 26 straff,
392 850 95 20 likaledes
502 850 36 20 allt
553 851 30 19 för
597 850 54 26 högt.
680 850 99 26 Medhjelp
795 850 30 19 till

80 883 52 19 brott
150 883 38 20 kan
204 884 118 20 förekomma
338 885 6 18 i
362 885 22 19 sä
398 885 70 25 mänga
483 885 96 20 skiftande
594 885 78 25 former,
687 887 29 17 att
731 885 45 25 läga
790 885 33 19 mi-

79 917 52 20 nima
146 918 35 19 här
196 921 33 17 äro
244 919 125 25 synnerligen
384 919 103 26 behöfliga.
505 919 30 20 En
549 921 57 24 ringa
621 923 128 22 uppmuntran
762 922 14 17 t.
788 926 37 18 ex.,

79 958 41 13 som
140 959 21 12 en
178 953 81 25 dräpare
274 953 80 20 erhällit
368 954 22 19 af
403 954 62 25 nägon
481 954 131 25 närastäende,
628 954 64 19 skulle
707 954 117 19 otvifvelak-

80 987 37 24 tigt
133 987 81 25 mängen
230 988 52 25 gäng
297 988 76 19 straffas
388 988 31 19 för
434 991 81 22 strängt,
528 995 29 12 om
573 989 16 25 ej
606 988 102 25 möjlighet
718 989 68 18 funnes
797 991 29 16 att

79 1021 69 19 ådöma
166 1021 106 26 lindrigare
290 1022 57 19 straff
363 1025 23 16 än
405 1029 51 18 resp.
476 1023 11 19 6
507 1023 47 19 eller
573 1023 11 19 3
603 1023 32 19 års
654 1023 80 19 tukthus
754 1023 42 25 (21:
812 1023 12 19 2

80 1061 55 13 mom.
158 1055 8 19 1
187 1055 36 20 och
242 1056 28 25 2).
300 1053 65 22 Äfven
384 1057 127 19 förevarande
530 1057 75 25 lagrum
619 1057 37 19 har
670 1057 121 19 fördenskull
806 1057 20 19 af

80 1089 102 20 Utskottet
196 1090 79 19 ändrats
290 1090 87 25 sålunda,
389 1092 28 17 att
433 1091 6 18 i
455 1091 89 19 afseende
559 1092 12 18 å
585 1091 96 25 medhjelp
697 1091 31 18 till
744 1091 80 19 fallbor-

80 1123 46 19 dadt
140 1124 54 19 brott
208 1124 203 25 straffnedsättningen
425 1125 35 18 bör
475 1131 36 19 ega
525 1131 42 13 rum
582 1125 49 19 efter
642 1125 22 19 de
675 1125 149 25 bestämningar,

79 1164 41 13 som
138 1158 7 19 i
164 1157 12 20 2
195 1158 13 26 &
227 1158 11 19 3
258 1158 46 25 kap.
323 1161 33 17 äro
375 1159 98 25 stadgade.
504 1159 62 20 Dessa
588 1159 144 25 bestämningar
754 1159 71 19 besitta

79 1192 81 19 sålunda
175 1195 29 16 ett
218 1193 96 19 företräde
330 1193 58 19 äfven
403 1193 48 24 deri,
464 1195 29 17 att
507 1193 23 19 de
545 1194 6 18 i
566 1193 90 20 afseende
671 1193 12 19 &
694 1193 54 19 såväl
758 1193 66 19 försök

79 1233 41 12 som
135 1226 97 26 medhjelp
248 1227 31 19 till
295 1227 51 19 brott
361 1230 33 16 äro
410 1227 84 20 särdeles
510 1228 99 25 lämpliga.

148 1261 35 19 Uti
208 1261 8 19 1
240 1264 113 17 momentets
376 1268 67 13 senare
465 1262 31 19 del
517 1262 121 23 bestämmes,
657 1264 29 17 att
704 1269 30 12 om
752 1262 73 19 brottet

79 1295 93 19 stannade
188 1295 33 19 vid
236 1295 72 25 försök,
324 1303 40 12 som
378 1297 35 18 bör
428 1296 76 19 straffas
520 1296 61 25 enligt
599 1296 7 18 1
624 1295 12 26 &
652 1296 12 18 4
680 1296 52 25 kap.,
746 1296 78 24 ,,dömes

79 1329 132 24 medhjelpare
226 1329 31 19 till
272 1329 58 25 högst
344 1330 75 19 hälften
435 1330 21 18 af
470 1330 32 19 det
517 1330 59 23 straff,
587 1337 40 11 som
643 1331 43 17 bort
700 1330 68 18 honom
779 1330 46 18 &dö-

80 1368 47 18 mas,
146 1368 31 13 om
198 1363 174 24 gerningsmannen
395 1363 49 18 hade
466 1363 107 18 fullbordat
591 1363 92 18 brottet."
714 1363 31 18 Då
764 1363 61 18 denna

79 1396 123 24 bestämning
220 1396 38 19 kan
276 1397 56 24 gifva
349 1396 104 25 anledning
469 1396 31 19 till
515 1396 36 19 den
566 1396 135 25 misstydning,
716 1399 29 16 att
760 1396 64 19 doma-

80 1436 33 14 ren
132 1431 36 19 bör
186 1430 69 26 pröfva
273 1430 50 20 huru
342 1433 49 17 stort
409 1431 56 19 straff
479 1430 144 27 medhjelparen
637 1431 20 19 in
672 1433 88 17 concreto
775 1430 49 20 hade

148 1464 176 23 Straflagsutskottets
335 1465 103 17 betänkande
451 1465 33 16 N:o
498 1465 14 16 1.
