1017 1706
295 134 65 25 Ständ.
375 135 31 23 Sv.
421 149 27 3 —
464 136 52 30 Prop,
532 137 32 23 N:o
578 138 14 22 1.
762 139 27 21 91

138 470 128 48 Strafilag
290 470 45 39 för
358 470 255 41 Storfurstendömet
638 472 115 39 Finland.

399 587 12 19 1
425 586 68 25 Kap.

177 629 30 23 Om
223 629 47 25 dem,
286 634 40 17 som
342 629 33 22 äro
391 628 139 24 underkastade
545 629 49 23 finsk
609 629 102 24 straffrätt.

139 681 12 22 1
167 681 18 26 8.
215 681 60 21 Efter
292 680 56 22 finsk
366 681 35 26 lag
416 680 54 22 skall
484 681 56 22 finsk
558 688 49 15 man
623 681 72 22 dömas
710 681 33 21 för
758 682 64 25 brott,

70 722 45 16 som
134 715 43 22 han
196 715 73 27 begätt
288 716 8 21 i
315 715 96 26 Finland,
432 716 50 21 eller
502 715 12 22 &
533 716 65 21 finskt
615 715 70 28 fartyg
700 715 52 22 eller
766 717 58 20 emot

70 751 90 21 Finland
175 750 53 21 eller
242 751 58 20 emot
314 749 56 22 finsk
384 756 49 15 man
447 752 59 19 utom
520 750 82 26 landet;
618 751 24 21 sä
656 751 40 21 ock
710 750 34 22 för
758 751 65 21 annat

69 786 60 20 utom
143 785 74 21 landet
231 783 106 23 föröfvadt
351 784 65 27 brott,
432 791 34 15 om
476 784 104 27 Kejsaren
590 784 40 21 och
640 785 131 22 Storfursten
780 784 42 21 för-

71 819 83 27 ordnar,
170 820 32 20 att
218 819 35 21 det
266 819 60 20 brott
340 819 54 21 skall
408 819 8 20 i
430 819 90 21 Finland
535 819 73 22 ätalas.

138 854 13 21 2
167 853 17 28 8.
215 853 53 26 Den,
288 859 46 15 som
353 853 47 21 icke
419 855 25 19 är
458 853 54 21 finsk
530 853 145 27 medborgare,
691 859 48 16 men
754 853 68 22 finnes

70 889 39 21 här
123 889 8 21 i
144 887 79 28 landet,
238 887 66 22 varde
320 887 54 22 efter
388 887 56 22 finsk
458 887 36 27 lag
508 888 40 21 och
558 887 23 22 af
590 887 54 22 finsk
658 887 91 22 domstol
760 887 63 22 dömd

70 923 34 21 för
118 923 65 26 brott,
199 929 45 14 som
259 922 43 21 han
320 921 92 22 föröfvat
426 923 56 20 inom
497 921 96 28 Finland,
609 922 51 21 eller
674 922 14 21 å
702 922 65 22 finskt
781 921 41 23 far-

69 959 37 25 tyg
118 958 60 20 utom
191 957 80 21 landet.

138 991 45 21 Har
202 991 65 22 sädan
287 997 49 15 man
355 992 58 19 utom
432 991 90 21 Finland
541 990 74 27 begätt
629 991 58 20 brott
702 992 58 20 emot
774 990 40 22 Fin

70 1026 49 21 land
135 1026 52 21 eller
202 1025 54 22 finsk
271 1031 58 20 man;
344 1031 50 16 vare
409 1025 35 27 lag
459 1031 86 21 samma,
556 1031 34 16 om
600 1025 104 26 Kejsaren
714 1025 40 22 och
764 1025 59 21 Stor-

70 1060 82 22 fursten
166 1059 118 26 förordnar,
301 1061 32 20 att
347 1060 82 21 brottet
444 1060 55 21 skall
513 1060 39 21 här
566 1060 7 21 i
588 1059 73 22 landet
675 1060 75 21 ätalas.

138 1094 66 22 Finsk
218 1095 35 26 lag
268 1094 39 21 bör
322 1095 39 20 ock
376 1095 113 26 tillämpas,
505 1094 27 21 dä
546 1094 65 21 sädan
622 1101 50 14 man
681 1094 74 27 begätt
765 1093 59 22 brott

70 1131 59 20 utom
144 1129 96 26 Finland,
255 1135 48 15 men
319 1128 92 22 derefter
424 1129 75 21 vunnit
506 1129 55 21 finsk
571 1129 189 26 medborgarerätt,
768 1129 55 20 samt

70 1163 104 27 Kejsaren
196 1163 39 21 och
254 1162 130 23 Storfursten
402 1163 118 26 förordnar,
539 1163 32 21 att
591 1163 36 21 det
642 1163 58 21 brott
714 1162 55 21 skall
783 1162 40 21 här

70 1198 75 21 åtalas.

138 1231 12 28 $
165 1233 20 20 3.
215 1231 45 22 Har
280 1232 48 26 den,
349 1238 44 15 som
408 1234 24 19 är
447 1232 7 21 i
468 1232 83 21 landets
566 1231 64 28 tjenst
645 1231 90 27 anstäld,
751 1231 72 27 begått

70 1266 213 27 tjensteförbrytelse;
298 1266 72 27 varde,
386 1266 67 21 ehvad
470 1267 35 20 det
514 1267 58 20 skett
581 1267 57 20 inom
648 1266 51 21 eller
708 1267 60 20 utom
778 1265 44 22 lan-

72 1301 42 26 det,
130 1300 64 21 dömd
210 1300 54 21 efter
278 1300 55 21 finsk
348 1300 35 27 lag
398 1300 39 21 och
452 1300 23 22 af
488 1300 55 21 finsk
556 1300 96 22 domstol.

138 1334 14 19 4
166 1334 18 26 8.
214 1334 46 20 Har
275 1335 66 19 sådan
358 1334 134 25 förbrytelse,
507 1340 46 14 som
568 1334 133 20 omförmäles
717 1334 7 20 i
738 1335 35 24 41,
788 1334 34 24 42,

70 1367 28 21 43
113 1367 52 21 eller
180 1367 29 20 44
230 1366 56 27 kap.,
307 1367 51 21 eller
377 1368 64 20 annat
456 1367 88 20 dermed
556 1367 116 26 jemförligt
686 1367 59 20 brott
758 1366 65 21 föröf-

70 1401 46 22 vats
131 1403 59 20 utom
205 1401 83 26 landet;
307 1401 72 21 dömes
397 1400 33 22 till
444 1400 62 23 straff
519 1401 75 21 endast
608 1407 34 15 om
658 1401 76 22 sädant
747 1406 76 21 genom

69 1436 35 27 lag
119 1435 52 22 eller
186 1435 86 28 fördrag
287 1437 24 20 är
326 1435 101 22 särskildt
442 1435 105 27 stadgadt.
