1017 1700
304 136 62 24 Stän$
385 136 73 30 Se
474 136 55 30 Prof.
543 136 63 24 Ike.
762 138 41 22 125

146 202 82 22 Försök
243 202 33 22 till
291 202 68 28 dylikt
372 202 124 23 förledande
511 206 24 19 är
549 203 117 23 straffbart.

146 236 88 27 Qvinna,
257 242 46 16 som
325 238 8 20 i
355 237 76 22 sådant
449 237 47 27 hus,
518 237 52 22 eller
589 238 61 26 eljest
663 238 169 28 allmänneligen,

78 270 55 23 låter
147 270 69 23 bruka
230 272 32 26 sig
275 271 35 21 till
325 271 128 27 skörlefnad,
468 271 83 23 straffes
567 272 48 21 med
629 272 96 27 fängelse
740 272 19 27 ej
774 273 59 21 öfver

77 304 37 22 två
128 304 30 23 år.

148 339 25 21 11
190 338 18 28 $.
237 339 101 22 Förleder
360 340 52 21 eller
430 339 79 23 förmår
528 340 70 26 någon
617 341 32 21 sin
671 341 70 21 dotter
756 340 33 22 till
803 341 31 21 lä-

77 373 92 27 gersmål
184 374 49 21 med
251 380 80 20 annan;
353 374 84 22 straffes
457 374 48 22 med
520 374 89 22 tukthus
623 374 48 22 från
686 374 39 22 och
739 375 49 21 med
802 376 32 21 ett

77 408 34 22 till
125 408 40 22 och
180 408 49 22 med
242 408 43 22 fem
301 407 24 22 år
340 408 39 22 och
394 408 78 22 förlust
486 408 24 22 af
523 408 166 28 medborgerligt
704 408 129 23 förtroende.

78 442 90 23 Förmär
182 442 70 28 någon
267 442 71 22 dertill
351 443 33 21 sin
399 443 140 22 fosterdotter
553 442 54 23 eller
617 443 93 28 gvinliga
718 444 115 27 mynäling,

79 477 52 22 eller
146 477 41 22 den
207 477 68 26 flicka,
296 478 63 21 hvars
375 477 125 28 uppfostran
521 477 52 22 eller
592 478 151 27 undervisning
757 480 25 19 är
796 478 38 21 ho-

79 517 50 16 nom
144 511 100 27 betrodd;
259 518 50 15 vare
324 511 83 22 straffet
420 511 89 23 tukthus
524 513 7 20 i
546 512 63 27 högst
623 513 33 20 tre
671 512 25 21 år
711 512 40 22 och
758 512 77 22 förlust

80 546 23 22 af
116 546 165 27 medborgerligt
296 546 129 27 förtroende,
446 546 51 22 eller
512 546 96 28 fängelse
622 546 47 22 från
684 547 40 21 och
738 546 49 22 med
801 548 33 20 tre

80 580 103 22 månader
197 580 33 22 till
245 581 39 21 och
299 580 48 22 med
362 583 32 19 tre
410 581 31 21 år.

149 614 82 22 Försök
246 617 23 19 är
285 614 117 22 straffbart.

150 650 27 20 12
192 649 18 27 8.
240 644 65 26 Öfvar
327 648 69 28 någon
419 649 62 21 otukt
501 649 47 21 med
567 655 69 15 annan
652 649 23 21 af
689 655 79 16 samma
782 648 52 27 kön;

80 682 85 23 straffes
179 683 105 21 hvardera
298 683 49 21 med
361 682 95 28 fängelse
471 684 8 20 i
493 683 64 26 högst
575 684 36 20 två
625 683 31 21 år.

150 717 45 22 Gör
216 718 32 26 sig
267 718 71 27 någon
357 717 84 27 skyldig
455 718 34 21 till
509 717 79 27 tidelag
602 717 52 22 eller
668 718 74 21 försök
756 717 80 27 dertill;

82 751 84 23 straffes
182 752 48 22 med
244 752 94 28 fängelse
353 753 8 21 i
376 752 63 27 högst
453 752 36 22 två
503 752 30 22 år.

152 787 26 21 13
194 786 18 28 8.
241 787 46 21 Har
309 787 47 27 den,
379 792 47 16 som
443 788 54 20 viste
511 787 33 27 sig
558 793 51 15 vara
623 786 102 22 behäftad
740 786 48 22 med
802 793 36 15 ve-

82 820 72 23 nerisk
169 821 104 27 sjukdom,
293 827 76 22 genom
387 821 113 27 lägersmål
518 821 102 22 öfverfört
635 821 124 27 sjukdomen
774 821 13 22 å
801 828 37 14 an-

83 862 54 20 nan;
152 855 86 23 straffes
252 856 50 21 med
316 856 89 21 tukthus
420 856 53 21 eller
486 856 94 27 fängelse
595 856 8 21 i
615 856 63 27 högst
692 856 37 22 två
743 856 31 22 år.

154 890 27 21 14
195 890 18 27 $.
242 890 65 26 Hvar,
323 896 45 16 som
384 889 123 27 offentligen
522 889 108 28 företager
640 889 83 27 otuktig
731 890 107 27 handling,

84 925 40 21 och
146 924 122 27 derigenom
290 924 159 22 åstadkommer
470 924 122 28 förargelse,
615 924 85 22 straffes
715 924 48 22 med
778 924 61 22 böter

84 959 53 21 eller
150 958 96 28 fängelse
261 959 7 21 i
282 958 64 28 högst
361 965 38 15 sex
413 958 108 22 månader.

153 992 45 27 Lag
219 999 80 15 samma
320 998 57 22 vare,
400 998 34 16 om
457 992 68 28 någon
547 992 114 28 utsprider,
677 992 52 22 eller
743 992 14 22 &
771 992 68 26 ställe,

85 1027 80 22 hvilket
180 1030 24 19 är
222 1028 33 21 för
274 1027 143 22 allmänheten
436 1027 135 28 tillgängligt,
591 1027 71 22 anslår
676 1026 53 22 eller
743 1027 98 22 utställer

85 1062 135 27 tryckalster,
234 1061 63 23 skrift
311 1062 54 21 eller
385 1061 76 28 bildlig
479 1061 162 28 framställning,
657 1068 46 16 som
718 1061 60 23 sårar
792 1062 49 21 tukt

85 1096 41 22 och
140 1096 111 27 sedlighet.

156 1131 27 22 15
198 1130 18 28 8.
245 1131 40 22 Om
299 1130 64 23 straff
376 1130 34 23 för
425 1131 61 22 otukt
501 1131 7 22 i
521 1132 57 21 vissa
592 1130 38 22 fall
645 1130 137 28 stadgas
737 1126 11 37 i
753 1126 25 37 25
791 1130 51 28 kap.

401 1238 30 20 21
443 1237 70 24 Kap.

251 1280 30 22 Om
297 1278 59 27 mord,
373 1279 47 29 dräp
436 1279 35 24 och
486 1285 61 18 annan
563 1278 122 24 misshandel.

159 1338 11 20 1
186 1337 18 26 &.
234 1337 53 25 Den,
307 1342 53 20 som,
382 1337 8 20 i
404 1337 78 25 uppsåt
503 1338 32 20 att
558 1336 62 25 döda,
641 1336 48 20 med
703 1336 76 21 berädt
794 1336 50 20 mod

88 1370 100 22 beröfvar
211 1376 70 16 annan
303 1370 66 26 lifvet,
391 1370 56 22 skall
468 1370 33 22 för
515 1370 61 21 mord
591 1370 74 21 dömas
679 1370 34 20 till
727 1368 118 22 dödsstraff

86 1404 56 22 eller
163 1405 33 21 till
211 1404 88 22 tukthus
314 1404 29 28 pä
356 1404 68 22 lifstid
442 1405 39 21 och
495 1404 78 22 förlust
587 1404 23 22 af
621 1404 167 27 medborgerligt
801 1403 42 22 för-

88 1440 97 22 troende.
