1031 1709
427 142 39 22 N:o
482 142 18 21 1.
781 144 28 21 55

159 205 12 20 2
186 202 20 30 8.
237 204 51 27 Stjäl
305 212 55 19 man,
376 206 68 20 ehvad
460 207 74 19 värdet
550 207 63 26 stiger
629 206 59 20 öfver
699 207 58 26 tjugu
768 207 69 25 mark,

89 238 52 20 eller
156 240 30 24 ej:
280 237 8 4 N

159 274 18 19 1.
208 273 6 20 i
230 273 69 26 kyrka
315 274 69 27 nägot,
402 281 43 14 som
462 274 70 21 tillhör
547 275 82 26 kyrkan
646 274 52 21 eller
713 277 23 18 är
747 275 37 20 der
795 277 44 18 satt

89 308 7 18 i
112 307 81 26 förvar;

158 342 19 19 2.
208 341 71 27 något,
304 349 43 13 som
371 343 32 19 till
426 343 89 26 forsling
538 346 22 17 är
582 343 90 20 förtrodt
694 343 21 20 ät
731 343 106 21 allmänna

89 378 74 24 posten
179 376 51 20 eller
245 383 70 13 annan
331 377 77 20 allmän
424 377 127 26 inrättning;

157 411 18 21 3,
205 411 70 27 något,
299 417 44 14 som
366 411 94 20 förvaras
483 412 6 19 i
513 411 96 28 offentlig
633 412 50 20 bok-
704 412 51 20 eller
771 412 65 20 hand-

88 445 168 26 skriftssamling,
265 445 52 20 eller
332 446 7 19 i
355 445 96 26 offentlig
466 446 89 26 samling
571 446 23 19 af
608 447 159 26 vetenskapliga
782 447 54 20 före-

87 479 41 20 mä!
145 479 52 20 eller
212 479 65 21 alster
292 480 47 19 utaf
354 480 63 20 konst
432 481 52 20 eller
500 480 64 27 slöjd;

156 514 19 20 4,
207 521 22 12 ur
245 514 97 20 tillslutet
357 514 48 20 bref
418 515 54 20 eller
489 514 95 21 tillslutet
600 515 91 27 omslag;

156 549 19 19 5.
205 548 65 27 något
284 548 47 20 med
348 548 89 25 inbrott;

157 583 18 20 6.
205 583 90 20 nattetid
317 584 6 18 i
348 583 38 20 hus
409 583 51 20 eller
484 584 76 26 fartyg,
579 590 43 13 som
640 583 23 20 af
676 590 68 14 annan
762 584 72 26 bebos,

87 617 40 22 och
144 617 36 20 der
196 618 198 26 gerningsmannen,
410 618 7 19 i
433 618 63 26 afsigt
513 620 31 18 att
558 618 62 26 stjäla
636 618 51 20 eller
702 618 58 27 räna,
779 621 58 24 gömt

86 653 32 26 sig
134 651 77 24 undan,
227 652 51 20 eller
294 652 30 20 dit
339 651 40 20 han
396 652 98 26 olofligen
511 653 121 25 inkommit;
665 650 3 3 '

155 687 19 20 7.
204 686 46 19 från
267 686 48 26 den,
331 692 44 14 som
385 686 33 20 för
429 693 83 19 uppror,
523 686 79 21 fiendes
612 687 136 28 äträngande,
760 687 75 25 brand,

86 721 110 26 vattunöd,
219 721 140 26 skeppsbrott,
380 721 76 20 allmän
474 721 71 27 farsot,
562 721 51 20 eller
628 727 69 14 annan
713 722 65 19 sädan
789 722 46 20 fara

87 756 18 25 ej
121 755 42 20 kan
179 756 60 25 värja
255 755 31 20 sin
303 755 114 26 egendom;

155 789 19 20 8.
205 789 46 20 frän
274 789 77 26 fartyg,
374 795 43 14 som
446 792 22 17 är
491 790 110 20 strandadt
623 789 52 20 eller
700 789 61 26 eljest
782 790 54 20 föro-

86 823 101 28 lyckadt
178 819 12 36 ;

155 859 18 20 9..
204 858 46 20 frän
267 859 32 26 fyr
320 859 52 19 eller
391 859 146 26 känningsbäk
554 859 70 26 nägot,
640 865 43 14 som
700 859 69 20 dertill
786 859 49 26 hör;

156 894 31 20 10.
219 893 52 25 häst,
288 893 34 25 ko,
338 899 37 14 ren
399 893 51 20 eller
466 895 64 18 annat
546 893 91 28 kreatur,
653 900 43 13 som
713 894 37 25 gär
765 894 6 19 i
788 893 47 20 bete

86 930 35 18 ute
137 928 12 20 &
165 927 70 26 mark;

157 963 31 19 11.
218 963 65 26 nägot
298 963 23 19 af
334 963 98 20 badande
448 963 52 19 eller
511 963 116 20 simmande
637 963 51 19 eller
699 962 24 19 af
731 962 102 20 sofvande

86 1000 35 17 ute
137 997 12 20 &
165 997 66 25 mark,
247 997 52 20 eller
315 997 22 20 af
352 997 47 27 den,
414 1004 45 13 som
475 997 66 26 ligger
556 998 6 19 i
578 997 47 20 svår
641 997 103 26 sjukdom,
755 996 52 21 eller
815 997 18 26 ej

86 1033 35 18 vet
136 1031 33 20 till
185 1032 38 26 sig,
240 1031 51 20 eller
307 1031 22 20 af
345 1031 49 21 barn
412 1033 65 19 under
493 1032 39 20 tolf
546 1033 28 24 år,
591 1032 51 20 eller
658 1032 23 20 af
694 1031 73 26 afvita,
783 1031 51 20 eller

85 1066 45 20 frän
147 1067 41 19 död
205 1066 115 25 menniska,
337 1067 53 19 eller
405 1073 23 13 ur
444 1066 69 20 likhus
529 1067 52 20 eller
596 1066 55 27 graf;
667 1067 52 19 eller

155 1101 32 19 12.
217 1102 63 26 nägot
296 1107 23 13 ur
335 1101 81 25 kläder,
433 1107 43 14 som
493 1107 68 14 annan
579 1101 36 20 bär
631 1101 26 26 pä
672 1101 45 26 sig;

152 1135 83 21 straffes
257 1136 33 19 för
310 1135 65 20 sädan
392 1136 48 27 grof
454 1135 53 21 stöld
525 1135 45 20 med
587 1135 86 20 tukthus
688 1135 6 20 i
710 1135 61 26 högst
786 1134 49 26 fyra

84 1170 30 25 är,
130 1170 61 24 eller,
206 1170 37 19 der
265 1170 208 26 omständigheterna
498 1173 36 17 äro
557 1170 135 26 synnerligen
709 1169 125 26 mildrande,

83 1205 48 19 med
147 1204 95 27 fängelse
257 1205 18 26 ej
293 1205 65 19 under
373 1204 36 20 två
425 1205 105 20 månader.

153 1239 44 26 Lag
213 1245 79 14 samma
308 1245 56 19 vare,
380 1245 33 14 om
431 1239 40 26 tjuf
485 1239 31 20 för
532 1239 88 20 brottets
637 1238 108 26 begående
761 1237 73 20 försett

84 1273 31 25 sig
139 1273 46 19 med
211 1279 66 20 vapen
301 1273 52 20 eller
376 1273 106 26 lifsfarligt
505 1273 109 25 tillbygge,
630 1272 52 20 eller
702 1279 33 12 om
752 1271 82 26 tjufnad

84 1307 93 20 föröfvas
193 1307 22 19 af
229 1307 35 20 två
280 1307 51 20 eller
346 1306 58 25 flere,
420 1307 73 20 hvilka
509 1307 61 20 sällat
586 1307 31 25 sig
628 1313 91 13 samman
732 1308 30 17 att
772 1305 63 26 stjäla

85 1341 51 19 eller
152 1341 51 18 råna
219 1341 51 18 eller
286 1341 54 26 begå
356 1343 66 16 annat
436 1341 76 18 sådant
527 1341 61 19 brott.

153 1375 11 18 3
180 1373 20 28 8.
230 1374 64 26 Hvar,
311 1381 51 18 som,
383 1374 7 18 i
411 1373 63 26 afsigt
490 1376 30 17 att
535 1373 63 27 stjäla
612 1373 47 19 litet
674 1373 52 20 eller
741 1373 92 26 mycket,

83 1409 47 20 med
148 1408 49 20 våld
212 1408 73 27 bryter
300 1409 31 27 sig
347 1409 20 19 in
383 1408 7 20 i
406 1408 60 26 gård,
482 1408 44 25 hus,
542 1408 75 26 fartyg,
634 1407 57 26 skåp,
704 1407 61 25 kista,
781 1407 53 20 eller

84 1447 65 17 annat
171 1444 85 25 stängdt
279 1443 169 27 förvaringsrum,
473 1443 50 20 eller
546 1442 71 20 dertill
638 1442 46 20 med
701 1442 60 26 dyrk,
778 1441 56 21 falsk
