1014 1709
226 141 28 22 24
428 139 64 23 Ständ.
507 139 32 23 Sv.
554 151 26 4 —
596 138 54 29 Prop.
666 138 32 24 K:o
712 138 16 23 1.

198 205 117 28 stadgande
330 204 71 23 kunde
412 204 64 23 också
485 204 34 22 för
528 204 112 22 framtiden
650 204 111 26 undvaras,
777 209 34 16 om
823 204 123 27 preskripti-

199 240 97 23 onstiden
310 240 8 21 i
332 239 136 28 lagförslaget
483 239 8 21 i
505 239 116 22 allmänhet
634 245 51 15 vore
698 238 44 23 lika
751 238 49 22 kort
810 245 45 16 som
864 238 83 27 hittills,

199 281 48 16 men
258 274 27 22 då
295 274 174 28 målsegarebrott
476 273 74 28 finnas,
559 274 71 22 hvilka
638 273 145 28 preskriberas
791 273 53 22 först
852 273 53 22 efter
915 273 32 27 10,

200 309 98 23 stundom
312 310 29 21 20
355 309 23 21 år
395 309 24 26 (t.
434 315 32 15 ex.
481 308 73 28 25:7)
571 308 23 22 så
609 308 94 28 påkallas
714 309 31 21 ett
754 308 117 27 stadgande
881 308 23 21 af
913 314 36 15 an-

199 344 52 28 tydd
266 345 33 21 art
309 344 57 21 såväl
377 343 23 22 af
408 343 207 27 målsegarebrottets
625 343 40 27 idé,
676 348 46 17 som
732 342 61 22 äfven
802 342 61 22 deraf
869 343 32 21 att
909 342 41 22 den

201 379 59 27 långt
276 379 120 21 utsträckta
411 377 113 23 åtalstiden
539 378 67 21 skulle
621 378 70 22 lemna
706 377 148 28 målseganden
869 377 81 27 möjlig-

202 413 37 22 het
260 414 32 20 att
313 413 32 21 tid
367 412 54 22 efter
442 418 69 16 annan
531 412 66 22 under
619 412 37 22 hot
672 418 34 16 om
721 412 111 28 rättegång
846 412 105 28 tilltvinga

202 448 31 28 sig
255 447 144 27 hvarjehanda
419 446 249 29 förmögenhetsfördelar
690 446 22 22 af
733 446 41 22 den
793 447 117 27 brottslige.
940 446 10 22 I

203 482 113 27 anledning
338 481 23 23 af
383 482 35 21 det
440 482 71 27 sagda,
533 482 62 21 hafva
613 481 77 28 nödiga
704 481 158 28 bestämningar
876 480 75 24 införts

203 517 67 23 under
285 517 69 21 denna
368 516 19 28 8,
402 516 87 22 hvarvid
505 516 116 22 Ständerna
635 517 70 21 ansett
719 516 59 22 tiden
793 516 53 22 böra
860 518 91 20 utsättas

202 552 33 22 till
250 552 32 22 ett
296 552 24 22 år
335 551 54 22 efter
404 551 35 22 det
454 552 149 27 målseganden
619 551 84 22 erhållit
717 550 120 23 kännedom
851 556 33 16 om
895 551 57 22 brot-

202 587 38 21 tet.
270 586 11 21 I
303 592 26 16 en
348 586 23 22 af
385 585 117 23 Ständerna
515 588 48 20 näst
578 586 92 22 derefter
685 586 69 22 införd
770 586 12 26 $
798 586 38 22 har
852 586 100 27 derjemte

203 621 101 28 stadgats,
327 622 32 20 att
377 621 38 21 der
429 621 80 22 brottet
524 623 23 19 är
561 621 105 27 begånget
680 622 58 21 emot
754 621 46 27 den,
816 627 45 15 som
876 621 77 22 saknar

203 656 129 22 förståndets
346 655 53 22 fulla
413 655 54 22 bruk
482 656 53 21 eller
549 656 19 28 ej
583 655 90 28 uppnått
688 656 85 27 myndig
790 656 66 27 ålder,
871 656 34 21 för
919 662 35 15 ve-

204 690 132 23 derbörande
358 690 103 23 målsman
476 690 27 22 då
517 690 55 22 skall
585 690 63 28 gälla,
664 690 55 23 hvad
734 696 34 16 om
783 691 148 27 målseganden
946 691 7 22 i

204 726 149 22 ofvanstående
367 726 66 21 måtto
448 726 146 22 föreskrifvits.

272 760 78 22 Vidare
366 766 61 21 synes
443 761 36 22 det
493 761 155 27 oundgängligt,
659 761 32 21 att
701 760 122 28 strafflagen
832 761 57 21 inom
899 761 56 22 vissa

204 795 110 23 bestämda
336 798 87 24 gränser
445 794 114 28 medgifver
581 795 117 22 succession
723 795 9 21 i
752 795 203 27 målseganderätten

206 831 32 21 för
253 831 40 21 den
308 830 109 28 händelse,
432 832 34 20 att
479 829 149 28 målseganden
644 831 56 21 inom
716 830 40 22 den
771 830 33 22 för
818 831 43 21 rätt
870 830 33 22 till
913 830 42 22 åtal

205 866 110 22 bestämda
330 866 31 21 tid
376 865 81 28 aflider,
472 866 51 21 utan
537 868 32 20 att
584 868 56 19 ännu
655 865 63 23 hafva
733 866 67 21 åtalat
815 866 51 21 eller
876 866 32 21 till
919 866 37 21 all-

205 902 59 21 mänt
279 900 43 22 åtal
338 900 79 22 anmält
432 900 85 27 brottet,
533 902 52 20 enär
594 900 160 28 målsegandens
765 900 42 22 död
817 900 62 28 eljest
888 900 69 22 skulle

206 934 62 24 hafva
287 935 34 22 till
335 934 79 28 påföljd
430 936 31 21 att
475 934 132 28 förbrytaren
623 935 105 28 undginge
742 935 38 22 allt
795 934 66 28 straff,
876 936 81 21 hvilket

206 976 50 16 vore
278 970 24 22 så
324 970 83 26 mycket
429 969 150 28 betänkligare,
602 976 46 16 som
669 970 65 22 bland
754 970 26 21 de
795 970 64 26 brott,
874 970 82 22 hvilkas

206 1004 110 24 beifrande
330 1004 66 28 gjorts
412 1004 105 22 beroende
527 1004 23 22 af
558 1004 160 28 målsegandens
728 1004 96 28 initiativ,
836 1005 62 22 äfven
909 1006 47 26 ingå

206 1040 24 22 så
252 1040 61 22 svåra
335 1039 137 27 förbrytelser
487 1045 45 17 som
547 1040 26 21 de
588 1040 7 21 i
609 1040 20 26 4,
645 1040 19 27 5,
680 1040 20 26 6,
716 1040 12 21 7
745 1040 39 21 och
799 1040 12 20 8
827 1039 23 28 $$
865 1039 28 22 25
908 1040 49 26 kap.

208 1074 144 22 omförmälda.
373 1074 120 22 Ständerna
507 1074 63 22 hafva
584 1075 70 21 ansett
669 1074 65 22 sådan
749 1074 135 22 succession
879 1070 12 36 i
895 1074 62 22 måls-

207 1109 150 28 eganderätten
372 1109 53 21 böra
439 1108 138 23 tillerkännas
591 1109 78 21 afliden
683 1115 87 21 persons
786 1108 150 23 anförvandter
950 1109 7 21 i

207 1150 81 16 samma
308 1143 90 28 omfång,
418 1150 45 16 som
479 1144 73 22 sådant
567 1145 7 21 i
589 1145 31 20 ett
635 1144 101 22 särskildt
750 1144 38 21 fall
802 1144 105 26 nemligen
921 1144 36 22 vid

208 1178 154 28 ärekränkning
385 1178 88 28 (27:98),
495 1178 107 22 allaredan
621 1179 8 21 i
648 1178 102 27 förslaget
766 1178 67 27 ingår,
848 1179 53 21 eller
916 1179 41 21 den

208 1213 88 22 aflidnes
310 1213 68 27 maka,
394 1213 60 27 barn,
469 1212 104 22 föräldrar
588 1213 39 23 och
642 1213 83 27 syskon,
742 1213 54 22 dock
810 1213 48 21 med
873 1214 40 21 den
926 1214 31 20 in-

209 1248 135 25 skränkning,
359 1248 32 20 att
406 1248 66 20 sådan
486 1248 118 20 succession
614 1248 46 20 icke
671 1254 50 19 eger
730 1253 54 20 rum,
795 1247 37 20 der
842 1247 116 27 målsegan-

208 1282 41 22 den
263 1282 8 21 i
285 1281 93 21 lifstiden
401 1281 66 26 yttrat
486 1282 31 20 sin
537 1281 50 26 vilja
602 1287 56 20 vara,
674 1282 32 20 att
721 1281 42 21 åtal
778 1280 46 22 icke
839 1280 68 22 skulle
921 1287 36 15 an-

209 1315 79 23 ställas.
316 1314 109 28 Sjelffallet
439 1317 24 20 är
478 1314 33 23 för
525 1315 70 27 öfrigt,
611 1316 33 20 att
658 1315 159 28 ifrågavarande
833 1315 125 22 anförvand-

209 1353 32 20 ter
262 1350 129 22 tillkommer
409 1350 109 22 enahanda
533 1351 43 21 rätt
591 1351 32 21 att
638 1350 90 28 fullfölja
743 1350 65 23 åtalet
822 1350 62 22 äfven
899 1351 7 21 i
921 1350 37 23 fall

209 1386 150 27 målseganden
380 1385 49 27 sjelf
442 1386 96 27 påbörjat
553 1386 122 26 detsamma,
690 1392 48 16 men
754 1385 67 23 aflidit
836 1386 64 22 innan
915 1386 43 22 må-

209 1422 31 22 let
261 1420 95 28 afgjorts,
378 1420 83 23 hvadan
479 1420 100 23 särskildt
593 1420 117 28 stadgande
726 1420 72 23 derom
813 1422 81 22 ansetts
909 1427 50 16 vara

211 1455 139 29 öfverflödigt.
