1014 1709
301 136 22 18 U.
336 136 23 18 B.
370 146 21 3 —
404 136 61 24 Prop.
478 137 36 19 N:o
526 138 17 19 1.
750 139 21 17 21

49 192 99 26 mildring,
168 200 40 13 som
227 194 37 20 kan
284 194 62 26 nedgä
366 195 48 20 ända
434 196 31 19 till
480 197 34 19 två
528 196 31 20 års
575 197 89 19 tukthus.
693 196 23 26 Ej
733 198 63 19 heller
807 197 45 21 Strå.
863 197 11 15 3
885 197 44 21 Kap.

50 227 65 19 blefve
134 228 36 19 den
189 228 77 24 latitud,
286 229 50 19 inom
356 230 80 19 hvilken
452 231 75 19 straffet
542 231 81 19 sälunda
637 232 52 24 finge
705 234 89 22 utsättas,

49 262 80 19 bredare
152 265 24 16 än
199 262 61 26 enligt
279 264 43 18 näd.
342 271 55 18 prop.
428 264 30 26 Ty
478 266 69 19 tänker
565 272 43 12 man
627 266 30 24 sig
675 266 119 24 exempelvis

49 295 35 19 den
102 296 7 18 i
127 296 129 26 lagförslaget
276 297 40 19 ofta
334 298 154 20 förekommande
503 299 118 19 straffsatsen
632 300 81 19 tukthus
724 300 41 18 frän
782 300 12 18 2

48 329 31 19 till
95 330 11 18 8
122 330 28 25 är,
163 330 21 19 sä
195 333 21 17 är
226 331 118 20 straffsatsen
356 333 30 19 för
395 333 110 25 förbrytare
516 333 81 20 emellan
611 334 23 19 15
646 334 35 19 och
694 334 25 18 18
730 334 22 19 år
762 340 32 13 en-

47 364 38 24 ligt
99 364 43 20 nåd.
158 371 54 19 prop.
229 366 80 18 tukthus
324 366 43 20 från
384 367 10 19 6
411 368 90 18 månader
515 368 31 19 till
564 368 5 18 7
583 368 22 19 år
615 368 36 19 och
665 369 22 18 11
697 368 97 25 månader,

47 399 73 25 egande
128 399 76 19 således
215 406 23 13 en
248 400 60 19 bredd
319 401 21 18 af
349 401 11 19 7
372 402 22 18 år
402 402 11 18 5
423 402 98 25 månader;
533 402 60 25 enligt
600 402 111 20 Utskottets
720 402 74 26 förslag

47 433 41 19 åter
98 434 43 18 från
154 433 25 19 14
190 434 70 25 dagars
271 435 86 24 fängelse
368 436 30 18 till
410 436 11 18 6
433 436 30 19 års
474 436 80 20 tukthus
565 436 47 20 eller
620 437 142 19 innehafvande
770 444 24 12 en

45 468 62 19 bredd
121 468 21 19 af
152 468 16 26 ej
180 468 45 19 fullt
236 469 11 19 6
259 469 27 19 år.
308 469 59 19 Utom
382 472 29 17 att
425 471 141 19 straffsatserna
576 471 6 19 i
593 471 49 25 följd
652 471 21 19 af
681 471 113 20 Utskottets

46 502 167 26 ändringsförslag
227 503 82 20 utfinnas
323 504 43 19 med
379 505 74 19 mindre
467 505 104 26 vidlyftigt
583 506 98 19 räknande
696 506 36 19 och
743 506 49 19 såle-

47 537 32 19 des
94 538 62 19 varda
172 537 30 19 för
217 538 90 20 domaren
322 545 52 13 mera
390 540 152 25 öfverskådliga,
558 540 74 20 medför
646 541 60 25 sagda
720 540 74 26 förslag

45 572 95 25 fördelen,
155 575 29 17 att
201 572 160 26 fängelsestraff
353 568 8 36 i
372 574 67 20 stället
449 575 30 19 för
500 575 81 19 tukthus
593 575 61 19 oftare
666 575 38 19 kan
716 576 77 19 komma

46 606 31 20 till
92 607 125 25 användning
233 607 11 19 å
259 608 149 25 ifrågavarande
424 609 89 25 kategori
529 610 20 18 af
563 610 117 24 förbrytare.

113 652 39 20 För
166 653 60 25 öfrigt
242 653 35 19 har
292 654 6 19 i
314 654 103 20 Utskottet
431 654 118 20 framhållits
563 658 36 22 att,
614 658 46 16 enär
670 656 122 19 menniskans

45 687 163 26 själsutveckling
223 688 45 19 sker
284 688 79 25 gradvis
378 688 36 20 och
429 689 7 19 i
451 689 53 19 olika
519 690 46 24 grad
581 690 34 19 hos
627 690 52 19 olika
689 690 103 25 individer,

45 722 32 19 det
85 721 43 19 icke
136 728 47 13 vore
192 722 70 24 riktigt
271 725 35 22 att,
314 723 61 19 såsom
384 723 6 19 i
398 723 44 19 nåd.
451 730 54 18 prop.
515 724 58 24 skett,
586 724 100 24 uppdraga
698 730 23 13 en
733 724 59 25 skarp

45 756 112 25 gränslinie,
176 756 44 19 från
238 756 80 20 hvilken
339 757 232 25 tillräknelighetsåldern
592 764 55 13 anses
666 758 61 26 börja,
748 761 45 16 utan

45 790 59 20 borde
119 790 99 26 domaren,
233 791 63 19 såsom
312 792 57 19 äfven
385 792 88 25 stadgats
488 793 7 18 i
505 792 46 19 flera
560 792 103 20 utländska
674 793 118 25 strafflagar,

45 826 60 19 under
123 832 24 12 en
166 826 40 18 viss
224 826 148 25 mellanperiod,
392 826 66 20 dertill
478 827 35 19 den
529 827 6 18 i
550 826 126 20 förevarande
691 826 13 26 $
720 829 72 17 utsatta

45 860 48 19 eller
112 860 36 20 ock
167 860 67 19 åldern
254 860 80 20 emellan
356 861 25 19 14
401 861 36 19 och
458 862 24 18 18
501 862 22 18 år
537 868 47 12 vore
599 860 87 26 lämplig,
702 861 7 19 i
724 861 69 25 hvarje

45 894 95 20 särskildt
154 894 36 20 fall
206 901 36 19 ega
257 896 29 18 att
301 895 75 26 pröfva,
388 895 97 20 huruvida
496 896 35 19 den
543 895 96 19 tilltalade
650 896 74 18 kunnat
734 896 59 24 skilja

45 930 81 19 emellan
149 930 40 19 rätt
211 929 35 19 och
269 931 51 17 orätt
338 933 56 22 samt,
413 930 67 19 derest
498 930 58 19 sådan
575 929 219 26 urskiljningsförmåga

44 964 35 19 hos
103 964 124 24 förbrytaren
250 963 44 20 icke
314 964 105 24 förefanns,
438 964 91 19 förordna
549 964 31 18 till
598 964 48 18 hans
661 964 131 19 insättande
781 959 14 34 i

44 998 216 24 uppfostringsanstalt.
284 997 112 20 Utskottets
410 998 65 19 flertal
490 998 35 19 har
540 998 63 19 likväl
619 998 115 19 härutinnan
746 998 46 24 god-

45 1032 48 19 känt
115 1032 35 19 den
170 1032 42 20 näd.
232 1038 62 19 prop.,
315 1032 78 19 emedan
408 1032 86 25 antydda
510 1032 141 25 pröfningsrätt
665 1032 65 19 blefve
746 1038 46 18 syn-

44 1066 87 25 nerligen
151 1066 46 19 svär
216 1066 35 19 och
266 1066 32 19 det
314 1066 112 25 föreslagna
441 1066 116 25 stadgandet
571 1066 38 19 lätt
623 1066 64 20 kunde
702 1066 44 19 leda
761 1066 31 19 till

45 1100 98 26 godtycke
162 1100 36 19 och
218 1100 53 20 olika
289 1100 123 26 tillämpning
430 1101 34 19 vid
479 1101 52 19 olika
546 1100 109 20 domstolar.

113 1146 11 21 4
146 1146 18 28 8.
194 1146 106 20 Enahanda
314 1147 184 25 strafinedsättning,
513 1154 40 13 som
568 1147 61 25 enligt
644 1146 12 20 2
672 1147 13 26 &
700 1146 92 26 tillgodo-

46 1182 85 19 kommer
151 1182 111 24 förbrytare
278 1182 82 19 emellan
378 1182 24 19 15
418 1181 35 20 och
472 1182 23 18 18
511 1182 28 25 år,
554 1182 37 19 har
605 1181 58 19 äfven
679 1181 113 25 medgifvits

44 1216 43 25 den,
103 1222 41 13 som
158 1216 34 19 vid
207 1216 128 25 handlingens
351 1216 99 25 begäende
466 1216 70 20 saknat
546 1216 117 19 förständets
674 1216 49 19 fulla
733 1215 57 24 bruk,

43 1252 45 18 utan
107 1252 29 18 att
154 1250 66 20 kunna
239 1256 55 14 anses
314 1250 141 26 otillräknelig.
486 1250 57 20 Emot
558 1253 28 17 ett
601 1250 68 19 sådant
684 1250 106 25 stadgande

44 1285 35 19 har
97 1285 33 19 väl
146 1284 105 25 anmärkts,
267 1287 29 17 att
311 1285 33 19 det
359 1284 104 20 förutsatte
478 1284 93 20 tillvaron
586 1284 21 20 af
621 1290 14 12 s.
652 1284 19 18 k.
688 1299 12 10 ,,
702 1284 89 19 minskad

43 1318 177 26 tillräknelighet'!,
239 1318 77 20 hvilket
335 1318 92 20 innebure
447 1325 22 13 en
490 1318 63 25 logisk
573 1318 119 25 omöjlighet,
712 1318 79 19 emedan

43 1352 281 25 tillräknelighetsbegreppet,
343 1352 63 18 såsom
425 1351 132 20 betecknande
573 1352 68 18 endast
655 1351 100 25 förmågan
770 1351 23 19 af

43 1386 133 25 straffrättslig
196 1386 131 25 ansvarighet,
347 1385 43 19 icke
408 1392 47 12 vore
471 1385 81 19 delbart.
582 1385 36 19 Att
633 1391 23 13 en
671 1392 70 18 person
756 1384 34 20 vid

43 1421 82 19 brottets
148 1420 98 26 begäende
268 1420 70 20 saknat
360 1420 117 20 förständets
499 1419 49 21 fulla
566 1420 51 20 bruk
635 1426 54 18 vore,
709 1420 35 19 der
758 1419 34 20 det

110 1466 168 24 Sraflagsutskottets
290 1466 102 18 betänkande
405 1466 34 17 N:o
450 1467 13 16 1.
