1020 1709
203 148 38 20 108
413 148 22 20 U.
450 148 22 20 B.
487 159 28 3 —
529 148 59 24 Prop.
603 146 37 20 N:o
655 146 16 20 1.

241 213 18 18 4.
292 214 30 17 att
338 213 47 24 spö-
402 210 50 20 eller
468 209 96 24 risstraff,
579 206 79 23 hvilket
673 207 8 20 i
696 206 60 21 äldre
772 206 35 26 lag
823 206 27 20 är
865 205 53 21 ovil-

171 245 96 29 korligen
283 245 53 22 eller
350 244 8 21 i
372 244 73 21 stället
456 243 42 28 för
513 242 58 22 böter
585 240 110 30 stadgadt,
712 242 17 25 ej
745 240 33 22 får
788 240 69 27 någon
869 240 49 20 ådö-

172 287 50 20 mas,
238 282 18 25 ej
272 281 67 20 heller
355 279 129 26 verkställas,
502 281 54 18 utan
566 277 103 27 fängelse
678 275 56 28 efter
743 275 128 27 strafflagen
881 273 38 22 bör

172 315 8 20 i
194 315 74 20 stället
290 313 77 28 derför
389 314 92 27 åläggas
496 313 8 20 i
520 315 31 18 tre
565 313 83 27 gånger
662 311 25 21 så
702 311 51 28 lång
770 309 38 27 tid,
824 315 44 16 som
884 309 35 21 det

166 349 104 27 fängelse
284 348 36 21 vid
336 350 71 19 vatten
423 347 36 21 och
475 347 59 26 bröd,
550 345 79 22 hvilket
644 345 68 28 enligt
727 345 63 21 äldre
805 344 37 27 lag
849 343 70 22 skulle

171 385 76 19 svarat
262 385 54 19 emot
330 384 50 26 spö-
396 382 50 21 eller
462 381 131 28 risstraffet;

239 418 20 21 5.
289 419 33 19 att
337 417 9 20 i
359 417 73 20 stället
447 416 36 24 för
493 416 101 27 fängelse
608 415 37 21 vid
660 416 71 19 vatten
747 413 38 22 och
796 413 59 26 bröd,
866 413 53 21 hvil-

171 451 34 22 ket
219 453 8 20 i
242 452 63 21 äldre
318 451 35 28 lag
361 453 26 18 är
400 451 139 27 ovilkorligen
543 448 144 29 föreskrifvet
695 448 52 21 eller
754 447 90 22 hvartill
855 447 64 26 böter,

171 487 93 20 ådömda
276 487 32 27 på
322 486 74 28 grund
410 485 28 28 af
442 485 70 22 sådan
520 485 62 21 äldre
590 485 42 27 lag,
641 490 44 15 som
693 490 29 14 nu
733 482 71 28 blifvit
812 482 106 29 upphäfd,

171 521 66 21 borde
246 520 143 27 förvandlas,
404 520 57 21 skall
476 520 74 21 dömas
566 519 34 21 till
609 518 102 28 fängelse
724 518 55 26 efter
788 517 132 28 straflagen

171 556 9 20 i
195 557 32 19 tre
241 555 83 28 gånger
338 555 25 21 så
379 555 51 27 lång
446 554 38 26 tid,
499 561 44 14 som
558 554 39 21 den
614 554 8 20 i
637 553 61 21 äldre
714 552 63 28 lagen
787 551 40 28 för
843 551 77 22 brottet

171 589 108 29 stadgade
294 590 59 21 tiden
364 590 42 25 för
415 589 111 28 fängelset
541 589 37 20 vid
592 591 71 18 vatten
678 587 38 22 och
732 587 63 26 bröd;

240 626 19 19 6.
290 626 32 19 att
344 623 39 21 der
405 623 64 26 böter,
485 623 71 21 hvilka
572 622 87 21 ådömas
672 623 31 27 på
718 622 73 28 grund
806 621 31 28 af
847 621 73 28 straf-

171 658 70 28 lagen,
257 657 164 28 sammanträffa
436 657 48 22 med
497 658 82 21 sådant
587 657 109 27 fängelse,
711 663 45 14 som
771 656 67 27 enligt
852 657 15 20 4
881 656 39 21 och

171 693 14 20 5
205 692 123 28 punkterna
351 693 75 20 träder
440 693 8 20 i
464 692 70 21 stället
555 691 38 26 för
615 691 124 28 ovilkorligt
756 693 39 25 spö
810 691 54 21 eller
877 691 43 21 ris-

171 726 68 28 straff
251 727 52 20 eller
318 726 123 28 ovilkorligt
448 725 102 29 fängelse
557 725 36 21 vid
607 727 72 19 vatten
688 725 37 21 och
734 725 59 26 bröd,
802 725 34 21 det
844 725 76 28 högsta

171 761 139 28 bötesbelopp,
325 767 45 15 som
386 761 67 28 enligt
468 762 14 21 5
497 763 17 24 $
528 763 16 19 2
554 761 15 27 $
579 759 127 29 strafflagen
721 762 121 19 motsvarar
850 759 69 29 sagda

166 796 177 28 fängelsestraff,
364 796 38 20 bör
417 796 76 28 läggas
510 796 34 20 till
559 796 25 20 de
599 795 94 21 ädömda
709 795 88 21 böterna
812 794 38 22 och
865 800 54 16 sam-

170 830 118 29 manlagda
304 830 152 28 bötesbeloppet
470 830 66 21 sedan
549 829 54 26 efter
612 830 96 21 nämnda
722 830 84 27 lagrum
816 828 104 28 förvand-

171 865 34 21 las
221 865 35 21 till
265 865 115 28 fängelse;

239 902 20 19 7.
289 902 32 18 att
342 902 38 18 der
404 899 64 26 böter,
491 899 92 21 ådömda
602 899 32 27 på
649 899 74 27 grund
741 899 25 27 aj
783 898 137 28 strafflagen,

170 933 167 28 sammanträffa
358 933 47 21 med
424 934 64 25 böter,
508 933 72 22 hvilka
595 935 92 19 nämnas
702 934 9 20 i
725 934 14 20 4
754 933 52 21 eller
821 934 14 20 5
847 932 71 28 punk-

170 971 69 23 terna,
254 968 241 27 jörvandlingsstrajfet
511 968 37 21 bör
559 967 104 22 beräknas
671 967 55 27 efter
737 968 40 21 den
785 967 79 28 grund,
873 974 45 15 som

170 1004 9 19 i
193 1004 14 19 6
219 1002 97 27 punkten
326 1001 41 28 för
382 1003 37 20 der
435 1003 90 21 nämndt
535 1003 48 27 fall
599 1002 101 28 stadgas;

237 1038 21 20 8.
288 1039 33 18 alt
335 1037 9 20 i
358 1037 73 21 stället
442 1037 41 26 för
494 1036 99 28 fängelse
605 1036 35 21 vid
651 1039 69 18 vatten
741 1035 38 22 och
787 1035 60 27 bröd,
855 1036 64 21 hvar-

171 1070 34 22 till
221 1070 57 22 böter
292 1071 68 27 enligt
376 1071 60 21 äldre
452 1072 96 27 lag,som
560 1078 29 14 nu
603 1071 44 20 icke
660 1070 71 28 blifvit
739 1070 108 28 upphäfd,
855 1070 64 22 borde

165 1106 140 27 förvandlas,
325 1104 57 22 skall
404 1106 73 21 dömas
498 1106 34 21 till
553 1106 97 27 fängelse
672 1105 67 28 enligt
761 1105 14 20 5
797 1105 15 27 $
833 1106 15 20 2
869 1105 49 28 kap.

168 1140 138 27 strafflagen.

238 1175 20 20 9.
288 1177 30 17 att
333 1175 7 19 i
351 1175 70 20 stället
436 1175 32 20 för
483 1175 75 20 sådant
573 1175 101 27 fängelse,
689 1181 44 14 som
742 1175 66 26 enligt
816 1175 58 20 äldre
882 1175 36 26 lag

169 1209 66 20 borde
247 1209 141 25 ovilkorligen
402 1209 52 20 eller
462 1210 6 19 i
476 1210 71 19 stället
559 1210 30 19 för
601 1209 60 20 böter
673 1209 51 20 eller
735 1209 42 20 vite
788 1209 86 27 åläggas
881 1209 36 20 nå-

169 1250 49 19 gon,
233 1243 24 19 så
271 1244 39 18 ock
326 1244 6 19 i
348 1244 69 19 stället
432 1245 32 18 för
479 1244 75 19 sådant
565 1244 78 24 arbete,
655 1250 44 13 som
709 1244 34 19 vid
753 1243 133 26 förvandling
897 1243 23 20 af

170 1277 59 20 böter
251 1277 51 19 eller
325 1277 42 19 vite
384 1277 64 20 borde
465 1277 59 19 träda
540 1277 6 19 i
563 1277 70 20 stället
647 1277 32 20 för
694 1276 100 27 fängelse,
809 1276 55 20 skall
880 1277 36 20 dö-

169 1316 45 14 mas
229 1310 33 20 till
279 1311 92 25 fängelse
388 1311 51 19 efter
454 1311 131 27 strafflagen,
600 1310 53 21 dock
663 1312 33 19 att
705 1310 34 21 det
745 1310 173 28 fängelsestraff,

169 1344 38 22 der
223 1344 76 22 brottet
316 1346 27 19 är
360 1344 102 29 begånget
473 1345 53 27 före
541 1345 41 21 den
597 1345 50 27 dag,
663 1345 29 21 då
702 1344 131 28 straflagen
843 1344 73 28 blifvit

168 1380 109 27 gällande,
300 1380 21 28 ej
343 1380 35 20 må
400 1381 69 20 sättas
492 1379 64 28 högre
578 1381 29 20 än
623 1380 35 21 det
673 1379 103 29 fängelse,
791 1385 44 15 som
850 1379 68 29 enligt

169 1414 63 22 äldre
247 1414 36 28 lag
298 1413 84 23 kunnat
398 1415 8 20 i
421 1414 80 22 sådant
510 1414 49 27 fall
574 1414 99 27 ådömas;
688 1416 56 19 samt

239 1450 32 20 10.
287 1452 31 17 att
333 1449 25 20 de
374 1450 6 19 i
397 1450 39 20 den
452 1449 60 21 äldre
526 1450 62 26 lagen
605 1449 103 28 stadgade
716 1449 140 27 frihetsstraff,
864 1449 53 21 efter
