1028 1703
341 142 23 19 U.
377 142 22 19 B.
411 153 22 4 —
446 143 62 24 Prop.
520 144 36 19 N:o
567 144 17 19 1.
795 143 20 18 7

90 205 30 16 att
138 202 3 19 i
157 202 12 18 7
185 202 13 25 &
213 202 69 25 stadga
298 202 68 19 endast
380 202 87 25 fängelse
483 203 30 18 för
528 203 32 19 det
571 203 42 24 fall,
624 204 29 17 att
664 203 174 24 gerningsmannen
844 201 46 21 Sif.
898 201 24 16 25
929 201 45 21 Kup.

91 235 91 20 beröfvat
200 237 84 23 qvinnan
303 235 72 20 hennes
394 236 60 19 frihet
471 237 6 18 i
493 237 60 24 afsigt
567 238 29 17 att
610 237 47 24 ingå
672 235 108 25 äktenskap
795 235 43 19 med

90 269 70 20 henne.
179 281 28 3 —
226 270 42 19 Den
291 270 70 24 nödiga
380 271 147 24 konsegvensen
545 270 81 19 emellan
644 269 151 26 ifrågavarande
812 270 27 25 $$

90 303 69 24 vinnes
175 303 68 20 lättast
259 304 118 24 derigenom,
393 306 28 17 att
437 305 6 17 i
464 305 5 18 7
486 304 13 25 &
514 306 95 23 upptages
624 304 67 19 endast
706 310 22 13 en
744 303 94 20 straffsats

91 339 29 17 att
133 337 54 25 gälla
202 337 48 19 både
266 337 31 19 för
312 337 32 19 det
359 337 42 25 fall,
411 340 29 16 att
456 339 183 24 gerningsmannens
655 338 60 24 afsigt
724 340 22 17 är
757 337 81 19 öfvande

91 371 21 19 af
130 371 57 19 otukt
205 371 35 19 och
261 372 30 19 för
310 372 36 18 den
366 372 91 19 händelse
472 374 29 17 att
515 372 38 19 han
569 372 76 24 åsyftar
659 371 96 25 ingående
769 371 22 19 af
805 371 33 19 äk-

91 405 88 25 tenskap.

159 438 11 21 8
186 438 11 28 &
213 446 58 18 synes
290 440 43 19 icke
352 446 48 13 vara
418 440 80 20 affattad
517 440 43 20 med
575 440 58 25 nödig
651 439 105 25 tydlighet.
787 439 51 19 Jem-

90 474 53 18 föres
163 474 61 18 denna
242 474 13 26 &
272 474 44 19 med
331 474 35 20 den
382 474 167 25 nästföregäende,
565 475 21 19 så
600 474 60 19 finnes
676 474 110 19 densamma
801 474 39 18 för-

90 510 75 17 utsätta
181 510 29 17 att
225 508 96 25 gvinnans
337 509 123 19 bortförande
476 509 53 19 skett
544 509 43 19 med
602 508 71 19 hennes
689 508 49 25 vilja
748 514 41 13 men
801 510 40 16 mot

90 542 59 25 gifto-
169 542 49 19 eller
240 542 140 20 mälsmannens
399 543 107 25 samtycke.
535 543 25 19 Sä
578 542 102 26 redigerad
700 549 40 12 som
760 542 32 25 S:n
811 545 28 21 är,

91 577 66 19 skulle
179 577 109 19 densamma
307 577 62 19 likväl
388 578 66 18 kunna
473 578 57 24 tydas
548 577 41 19 dels
612 578 28 25 sä,
662 579 30 17 att
714 584 30 12 om
767 576 71 20 hbortfö-

90 611 70 19 vandet
175 611 52 19 skett
242 611 43 19 med
297 612 58 24 gifto-
368 612 48 18 eller
427 612 141 19 mälsmannens
580 612 89 24 vetskap,
681 618 43 12 men
735 614 46 16 utan
792 611 48 19 hans

90 645 109 25 samtycke,
212 646 106 24 gerningen
333 646 43 18 icke
392 646 46 19 fölle
454 646 61 19 under
530 646 61 19 denna
602 646 18 26 &,
633 646 41 19 dels
684 646 58 18 äfven
753 645 86 21 sålunda,

89 681 32 16 att
135 679 133 19 bortförandet
286 679 67 19 endast
369 686 29 12 om
417 680 32 18 det
464 683 21 15 är
500 680 89 19 förenadt
604 680 42 18 med
661 694 4 8 ,
668 679 115 24 lockande*
798 679 42 18 från

91 719 92 12 mannens
199 713 40 18 sida
260 716 21 16 är
301 713 108 19 straffbart.
432 713 29 20 De
477 713 248 25 redaktionsförändringar
740 713 102 20 Utskottet

91 747 7 18 i
114 747 90 19 afseende
222 747 11 19 &
248 747 32 26 S:n
297 747 84 25 vidtagit
396 748 40 18 afse
452 750 28 17 att
495 748 120 25 undanrödja
630 748 59 19 sådan
704 747 136 25 misstydning.

161 781 67 19 Ehuru
244 781 102 19 Utskottet
361 782 6 18 i
384 781 11 20 7
411 782 12 25 &
439 782 48 19 stält
500 781 61 20 under
571 788 71 13 samma
653 781 188 20 straffbestämmelse

91 816 98 25 gvinnans
201 815 124 20 bortförande
336 816 30 19 för
376 816 118 25 äktenskaps
505 816 95 25 ingäende
611 816 35 19 och
656 816 31 19 för
696 816 65 19 otukts
769 815 72 20 bedrif-

91 849 70 24 vande,
181 856 57 13 anser
257 850 104 19 Utskottet
379 850 67 19 sädant
463 850 44 19 icke
522 850 79 25 päkalla
616 850 100 19 enahanda
732 849 110 20 förfarande

92 885 29 18 uti
137 883 12 19 8
165 884 19 25 &,
201 884 24 19 dä
240 884 74 19 brottet
330 883 35 20 här
381 884 16 25 ej
414 887 22 16 är
450 885 75 18 riktadt
540 886 51 17 emot
606 884 94 25 gvinnans
715 884 66 19 frihet.

162 917 23 20 12
204 917 17 27 8.
251 918 44 19 Med
317 918 89 19 afseende
425 919 11 18 å
456 919 23 18 de
498 918 132 25 mångfaldiga
649 918 118 25 skiftningar
785 918 32 19 det
835 918 6 19 i

91 952 64 19 denna
171 952 12 25 &
198 952 83 19 nämnda
296 953 52 18 brott
364 952 37 19 kan
417 953 66 19 ikläda
498 953 37 25 sig,
551 959 58 19 synes
624 953 122 19 bötestraffet
760 953 48 19 böra
822 952 20 19 få

92 986 66 25 uppgä
174 986 31 19 till
221 987 34 18 sitt
271 987 81 24 vanliga
367 987 109 18 maximum.

383 1067 32 21 26
430 1066 123 26 Kapitlet.

163 1122 38 29 18.
216 1123 68 25 Enligt
296 1123 11 19 3
320 1130 57 12 mom.
388 1123 65 19 skulle
463 1130 23 12 en
497 1124 110 25 betydande
617 1123 179 25 straffnedsättning
807 1129 35 19 ega

93 1165 49 17 rum,
162 1158 6 18 i
187 1158 92 19 händelse
295 1158 61 19 falskt
371 1158 39 19 ätal
426 1158 48 19 eller
489 1158 52 20 falsk
557 1158 109 25 angifvelse
682 1158 105 19 äterkallas
802 1158 40 18 förr

93 1196 24 16 än
133 1193 44 19 dom
192 1193 7 18 i
215 1192 60 20 saken
291 1192 58 20 fallit.
373 1192 66 19 Ehuru
449 1192 102 20 Utskottet
561 1193 43 19 icke
613 1192 88 24 förbiser,
712 1194 29 17 att
752 1192 90 18 verksam

93 1227 61 24 änger
173 1229 22 17 är
213 1232 22 13 en
255 1226 137 19 förmildrande
412 1226 143 25 omständighet
570 1227 22 18 af
609 1226 48 25 vigt,
674 1228 49 17 samt
740 1226 102 19 Utskottet

95 1262 58 18 äfven
175 1260 55 20 säväl
253 1261 21 19 af
295 1261 61 19 denna
376 1260 103 26 anledning
497 1268 40 12 som
558 1261 21 19 af
595 1260 186 25 kriminalpolitiska
799 1260 43 19 skäl

93 1295 89 25 godkänt
197 1296 47 18 sista
260 1297 108 17 momenten
383 1295 7 18 i
407 1295 8 18 1
433 1294 35 20 och
484 1295 12 19 2
512 1295 26 25 $$
555 1295 25 18 17
597 1295 52 24 kap.,
664 1294 64 19 håller
741 1294 101 20 Utskottet

93 1330 34 18 det
145 1329 49 19 dock
210 1329 30 18 för
255 1328 112 24 betänkligt
382 1331 28 15 att
426 1330 27 17 uti
468 1329 57 24 lagen
541 1329 33 18 vid
589 1328 51 19 falsk
657 1328 108 24 angifvelse
781 1328 60 18 tiller-

95 1362 64 19 känna
180 1362 36 18 den
235 1362 103 24 brottslige
357 1367 22 13 en
399 1362 21 18 sä
438 1364 41 16 stor
497 1362 181 23 straffnedsättning
696 1367 40 13 som
756 1361 11 18 3
787 1367 54 12 mom.

95 1395 86 25 stadgar,
197 1395 52 19 helst
264 1395 126 20 äterkallelse
405 1395 6 18 i
427 1395 52 19 detta
494 1395 36 19 fall
545 1395 106 25 ingalunda
666 1395 57 19 alltid
737 1397 58 22 utgör
809 1395 33 18 be-

95 1431 31 19 vis
145 1430 26 25 pä
189 1429 90 20 verksam
298 1430 66 25 ånger,
384 1432 45 17 utan
449 1430 39 19 ofta
506 1430 38 19 kan
562 1436 37 18 ega
613 1435 42 14 rum
670 1429 50 19 blott
735 1429 64 19 derför
814 1431 29 17 att

165 1463 181 23 Strafflagsutskottets
357 1463 103 17 betänkande
471 1463 35 17 N:o
522 1463 15 17 1.
