1017 1709
229 161 14 21 2
423 159 65 23 Ständ.
502 159 31 23 $v.
549 172 27 4 —
592 159 54 29 Prop.
662 158 32 24 N:o
709 159 15 23 1.

199 226 34 21 för
247 232 26 14 en
288 231 27 21 ny
335 225 154 27 brottmålslag,
505 231 45 15 som
565 224 49 22 med
628 224 85 28 ledning
728 224 23 22 af
765 231 80 15 samma
861 225 91 26 grunder

199 260 121 22 sedermera
335 259 67 22 skulle
417 260 108 20 utarbetas
541 259 45 26 och,
603 258 54 22 efter
667 259 150 27 undergången
827 259 123 27 grundlags-

199 294 57 26 enlig
271 293 134 27 behandling,
421 294 61 20 träda
492 294 7 20 i
510 293 71 21 stället
590 293 33 21 för
633 293 82 21 Jandets
725 293 122 21 nuvarande
857 294 7 20 i
872 293 76 27 många

198 328 114 22 afseenden
334 328 120 21 föråldrade
475 327 201 27 strafflagstiftning,
692 327 39 21 har
747 328 66 20 Eders
829 327 118 27 Kejserliga

199 362 106 28 Majestät,
327 362 53 21 efter
395 362 36 21 det
446 362 88 22 ärendet
548 362 66 21 redan
628 362 85 21 beredts
729 362 19 26 ej
765 361 90 22 allenast
870 361 22 21 af
906 364 44 19 sär-

199 397 69 21 skilda
290 396 33 22 för
345 396 75 22 sådant
442 397 98 21 ändamål
562 396 89 22 tillsatta
672 396 110 26 komitéer,
801 397 51 20 utan
875 396 39 21 ock
929 395 23 23 af

198 431 67 21 Eders
279 430 120 28 Kejserliga
414 431 109 27 Majestäts
540 431 65 21 Senat
615 430 34 22 för
656 431 97 26 Finland,
764 430 35 22 vid
807 430 142 22 innevarande

198 465 101 27 landtdag
314 465 91 27 förelagt
420 465 116 22 Ständerna
552 472 26 14 en
586 466 63 26 nådig
657 466 138 26 proposition,
803 466 147 21 innefattande

198 499 79 27 förslag
298 500 33 21 till
355 500 32 20 1:0
410 500 98 27 strafflag
529 500 33 20 för
578 499 206 22 Storfurstendömet
799 500 96 26 Finland,
915 500 33 21 2:0

198 534 123 26 förordning
340 540 34 15 om
389 534 159 27 verkställighet
563 534 23 21 af
600 534 60 21 straff
673 535 40 20 och
728 534 33 21 3:0
777 534 123 27 förordning
916 541 33 15 om

197 568 112 21 införande
324 568 23 21 af
360 568 124 27 strafflagen
499 568 39 22 och
553 568 55 21 hvad
623 569 8 21 i
645 568 100 22 afseende
761 569 50 21 derä
826 568 54 22 skall
894 569 54 21 iakt-

197 604 67 25 tagas.

266 636 41 22 Vid
329 637 41 21 den
392 637 128 27 granskning
543 638 118 21 Ständerna
680 639 64 26 egnat
760 638 61 21 dessa
835 638 114 27 lagförslag

197 672 63 21 hafva
275 671 117 22 Ständerna
407 672 70 22 funnit
492 672 108 22 desamma
616 672 138 22 öfverhufvud
769 673 58 21 säväl
842 674 106 21 motsvara

196 706 155 27 vetenskapens
366 708 120 20 nuvarande
502 707 137 27 ståndpunkt,
655 713 45 15 som
711 708 39 20 ock
761 708 186 22 öfverensstämmä

196 742 49 20 med
260 742 111 20 nationens
385 742 203 26 rättsmedvetande;
604 742 54 21 dock
672 742 63 21 hafva
747 742 117 22 Ständerna
874 743 7 21 i
891 743 57 21 vissa

197 776 59 20 delar
271 775 23 22 af
307 776 141 27 lagförslagen
463 778 69 20 ansett
552 776 46 22 skäl
613 776 114 22 förefinnas
743 777 32 21 till
790 777 120 27 ändringar,
926 778 22 20 af

196 810 73 22 hvilka
283 810 66 22 likväl
364 810 90 22 flertalet
469 811 55 21 afser
539 811 75 21 endast
630 813 30 19 ett
675 812 155 26 förtydligande
842 812 52 21 eller
904 812 43 21 för-

196 844 103 22 enklande
319 844 24 22 af
360 845 106 27 lagbuden
486 846 50 22 eller
556 846 39 21 ock
611 846 114 28 skärpning
740 846 52 22 eller
807 847 70 27 nägon
891 847 55 27 gäng

195 880 136 27 nedsättning
351 880 23 21 af
392 880 26 22 de
438 881 7 21 i
461 882 47 20 dem
522 881 173 22 förekommande
716 881 231 27 straffbestämmelser;

196 914 39 21 och
249 915 27 26 gä
292 914 117 22 Ständerna
424 922 28 14 nu
467 918 31 19 att
513 916 7 21 i
535 916 168 27 underdänighet
711 916 118 22 framställa
838 916 25 22 de
874 917 73 27 gjorda

196 949 143 27 ändringarna
353 950 63 27 jemte
432 950 74 22 skälen
521 950 33 22 för
571 951 106 21 desamma
692 951 7 21 i
714 951 92 27 följande
823 952 95 26 ordning.

212 1058 15 28 |.
249 1057 122 35 Angående
390 1059 116 34 förslaget
524 1060 33 27 till
578 1060 109 34 strafflag
709 1060 38 28 för
766 1060 162 29 Storfursten-

475 1100 75 27 dömet
570 1100 102 28 Finland.

493 1173 12 19 1
516 1172 127 24 Kapitlet.

262 1224 10 20 I
295 1224 60 21 detta
376 1224 80 26 kapitel
479 1225 116 22 behandlas
616 1225 74 27 frågan
713 1232 34 15 om
769 1226 55 21 hvad
844 1233 50 15 man
909 1228 35 20 be-

192 1260 73 18 nämnt
287 1258 134 25 strafflagens
437 1259 177 26 verkningskrets.
645 1259 10 20 I
670 1259 68 21 likhet
753 1260 48 20 med
816 1260 67 21 andra
899 1260 46 21 län-

193 1292 47 20 ders
256 1291 123 27 strafflagar
393 1292 39 20 har
447 1292 139 21 förevarande
601 1293 114 26 lagförslag
731 1293 89 21 härvid
808 1287 13 37 i
830 1294 11 20 1
851 1294 60 20 och
898 1287 13 37 2
920 1293 23 27 $$

192 1326 98 21 omfattat
313 1332 25 15 en
360 1326 145 22 kombination
527 1327 23 21 af
571 1327 57 21 olika
651 1328 110 26 principer,
777 1328 8 20 i
800 1328 35 21 det
851 1329 31 20 att
898 1328 45 22 det-

191 1366 80 16 samma
286 1361 34 21 väl
335 1361 61 26 utgår
411 1360 46 22 från
474 1362 40 20 den
526 1368 16 15 s.
552 1362 21 20 k.
584 1362 283 27 territorialitetsprincipen,
878 1363 65 27 enligt

190 1395 87 21 hvilken
299 1396 80 21 statens
401 1395 104 22 straffrätt
526 1396 75 22 endast
623 1396 101 22 omfattar
742 1396 43 22 alla
800 1397 56 21 inom
872 1398 72 21 landet

191 1430 111 27 begångna
316 1430 59 22 brott
386 1442 24 3 —
416 1430 92 25 hvarvid
518 1431 62 21 äfven
590 1431 64 22 finskt
663 1431 70 27 fartyg
742 1432 7 21 i
760 1432 76 27 nådiga
847 1434 95 25 proposi-

190 1465 71 21 tionen
283 1467 24 19 är
329 1466 48 20 med
399 1465 95 22 inlandet
516 1465 95 22 likstäldt
634 1480 26 2 —
683 1473 47 14 men
754 1466 121 22 derutöfver
889 1468 54 21 låter
