1011 1703
212 148 40 20 122
519 148 39 21 N:o
574 147 18 22 1.

253 211 19 18 3.
304 211 63 24 begår
389 211 67 26 någon
481 211 58 26 eljest
560 214 55 17 utom
635 211 72 20 landet
723 211 61 24 brott,
800 211 31 18 för
847 210 82 19 hvilket

185 244 40 19 han
242 244 54 19 skall
312 245 83 19 straffas
411 245 52 20 efter
479 245 52 20 finsk
547 246 45 25 lag;
613 246 62 19 varde
691 245 61 20 dömd
769 245 23 19 af
805 245 51 19 finsk
871 244 58 20 dom-

185 279 39 18 stol
248 279 6 19 i
282 279 39 19 den
345 281 38 24 ort,
407 280 37 19 der
466 280 40 19 han
527 281 68 26 gripes
611 281 51 18 eller
678 279 72 25 finnes,
766 279 50 20 eller
832 279 47 26 ock,
895 285 33 14 om

186 312 78 21 brottet
279 313 56 20 skett
350 314 13 19 å
377 315 86 25 sjöresa,
479 315 36 19 der
530 315 93 26 fartyget
639 317 22 17 är
676 315 88 19 hemma.

254 348 26 19 43
296 350 16 22 $.
344 348 58 20 Hvad
420 349 105 19 underrätt
540 349 100 19 ransakat
655 348 38 20 och
711 348 56 20 dömt
783 348 53 20 skall
854 348 74 19 under-

185 381 72 20 ställas
274 382 87 20 hofrätts
377 382 102 27 pröfning,
497 383 35 20 der
548 383 67 26 någon
633 383 67 20 blifvit
717 382 91 20 tilltalad
826 382 30 20 för
867 382 62 24 brott,

186 416 65 19 hvarå
268 417 119 25 dödsstraff,
403 417 52 19 eller
471 417 83 20 tukthus
570 418 26 26 på
608 417 63 19 lifstid
683 417 40 19 kan
735 416 58 26 följa,
804 416 51 20 eller
865 416 62 20 dömd

186 450 32 20 till
233 450 61 20 straff
308 451 31 19 för
355 451 62 25 brott,
434 451 65 20 hvarå
520 452 84 19 tuktbus
621 452 5 19 i
643 452 60 26 högst
719 451 43 19 åtta
778 451 22 19 år
816 450 51 20 eller
883 450 46 20 der-

186 484 58 20 öfver
267 485 40 19 kan
333 485 57 26 följa,
413 486 52 19 eller
484 486 30 19 för
530 486 130 26 delaktighet
674 486 6 18 i
697 486 64 25 något
776 485 75 19 sådant
867 484 62 24 brott,

186 519 51 20 eller
260 519 40 20 ock
324 520 61 19 dömd
409 520 29 19 till
459 519 75 21 förlust
549 520 23 20 af
585 520 164 25 medborgerligt
764 518 119 21 förtroende
899 518 32 20 för

186 553 67 20 alltid.
283 554 9 19 I
309 555 65 18 andra
396 554 97 20 brottmål
513 561 39 20 ege
566 554 76 20 sådant
657 553 171 20 underställande
843 554 18 25 ej
878 559 52 19 rum,

186 591 48 18 utan
251 589 34 19 må
301 589 46 25 den,
363 595 43 13 som
423 591 22 17 är
462 589 97 26 missnöjd
571 589 45 19 med
628 589 117 19 underrätts
756 587 75 27 utslag,
843 588 88 20 besvära

186 623 31 26 sig
232 623 97 20 deröfver
343 623 6 18 i
367 623 111 25 hofrätten,
493 623 67 20 såsom
576 623 6 19 i
598 623 35 26 lag
649 625 23 17 är
687 622 106 26 stadgadt.

254 658 26 18 44
296 659 16 22 $.
343 657 69 23 Böter,
436 657 72 19 hvilka
530 657 66 26 enligt
613 656 121 27 strafflagen
752 656 86 20 ådömas
854 656 76 25 någon,

186 691 66 25 skola,
268 691 87 19 likasom
373 690 25 20 de
414 691 6 19 i
437 691 10 19 5
470 691 5 26 $
491 691 125 19 omnämnda
635 690 60 20 böter
711 690 38 20 och
766 690 63 25 viten,
845 690 85 19 tillfalla

186 725 88 20 kronan.

254 753 20 25 Ä
289 759 100 26 Kejsaren
407 759 38 19 och
461 758 126 21 Storfursten
605 759 121 19 ankommer
742 760 30 18 att
787 758 100 20 förordna
897 764 32 14 om

187 793 120 25 fördelning
323 793 22 19 af
360 793 65 25 böter,
441 793 55 19 viten
512 794 39 19 och
568 793 74 19 sådant
654 793 100 19 förbrutet
765 794 58 25 gods,
834 799 44 13 som
890 792 41 20 till-

186 828 61 20 faller
262 828 88 24 kronan,
365 830 53 16 samt
434 827 115 20 bestämma
565 827 40 20 den
622 828 121 25 ersättning,
759 834 43 12 som
820 826 71 21 tillbör
901 827 30 19 in-

186 862 100 26 rättning,
302 862 106 25 menighet
423 861 51 20 eller
490 862 123 26 tjensteman
629 862 31 19 för
676 862 39 19 den
732 861 62 20 andel
806 861 60 20 desse
877 861 55 20 förut

187 896 85 26 åtnjutit
286 896 5 19 i
308 896 66 24 böter,
390 896 56 19 viten
463 896 39 20 och
518 896 68 26 dylikt
600 896 58 26 gods.

255 930 26 20 45
298 932 16 22 $.
346 930 74 26 Kongl.
443 930 84 20 brefven
552 930 38 20 den
614 931 27 19 22
663 931 55 19 Mars
740 930 50 20 1803
808 930 38 20 och
863 930 39 20 den
919 931 12 19 4

187 964 61 26 April
272 965 51 19 1807
339 964 46 19 med
403 964 49 19 flera
468 964 154 26 författningar,
638 970 73 20 genom
727 964 74 20 hvilka
817 964 21 20 ät
853 964 78 20 hofrät-

187 1000 32 18 ter
234 998 39 20 och
290 998 101 20 Senatens
407 998 231 26 Justitiedepartement
654 998 118 25 medgifvits
787 998 100 26 rättighet
903 1001 30 17 att

188 1032 75 20 mildra
278 1031 62 20 straff
353 1032 39 19 och
408 1032 111 20 hemställa
530 1039 33 13 om
574 1032 115 27 skärpning
701 1032 21 20 af
732 1032 65 25 straff,
809 1032 123 26 upphäfvas;

188 1066 39 20 och
244 1066 53 20 skall
314 1066 63 19 sådan
395 1065 159 27 straffmildring
568 1067 51 19 bero
636 1067 89 20 allenast
739 1067 22 19 af
772 1067 44 25 nåd,
825 1066 52 21 efter
888 1071 60 16 som”

187 1101 7 19 i
210 1101 104 25 grundlag
329 1103 53 23 sägs.

459 1138 63 24 Enligt
536 1139 54 18 Hans
604 1139 100 23 Kejserliga
720 1139 96 23 Majestäts
828 1139 67 24 nådiga
907 1139 26 18 be-

391 1175 85 25 fallning,
487 1175 61 24 gifven
559 1176 8 18 i
581 1175 104 23 Gatschina,
697 1177 34 17 den
739 1164 23 40 10
743 1168 104 22 November
858 1178 56 17 1997.

472 1235 27 30 T.
523 1234 127 32 BRUUN.

652 1304 69 22 Alexis
736 1304 131 28 Gripenberg,

741 1340 36 20 f:d.

234 1447 120 24 Helsingfors,
366 1447 17 18 J.
395 1447 68 18 Simelii
475 1447 102 23 arfvingars
589 1433 116 41 boktryckeri
718 1436 110 34 aktiebolag,
841 1449 49 17 1888.
