1006 1703
227 133 26 20 10
530 132 34 21 N:o
580 132 32 22 10.

198 200 179 26 kyrkosamfund,
393 200 32 20 till
441 200 81 21 hvilket
536 201 77 21 barnet
627 201 71 21 hörer.
728 201 83 21 Varder
825 202 78 26 åtgärd
914 208 34 14 om

198 234 89 20 barnets
310 234 254 27 religionsundervisning
587 235 36 20 det
646 235 88 21 oaktadt
753 235 18 27 ej
787 235 106 27 vidtagen,
909 236 39 21 bör

198 268 77 21 barnet
298 269 85 26 deltaga
405 269 8 21 i
436 269 41 21 den
501 269 151 27 undervisning
674 270 7 20 i
704 270 244 26 evangelisk-lutherska

199 303 68 27 läran,
283 310 46 15 som
345 304 7 20 i
368 304 76 21 skolan
460 305 114 21 meddelas.

541 367 11 28 8
570 368 32 20 13.

265 406 144 21 Främmande
429 407 154 26 protestantisk
598 407 177 28 trosbekännare,
790 408 63 21 hvars
868 408 46 21 lära
929 409 18 26 ej

198 441 116 26 tillstädjer
334 441 78 20 honom
429 441 89 28 edgäng,
534 443 35 20 mä
584 441 7 21 i
607 442 73 21 stället
694 441 33 22 för
742 442 26 21 ed
784 442 78 27 afgifva
878 448 71 15 annan

199 475 121 28 försäkran,
336 481 45 15 som
396 476 49 21 med
461 476 54 21 hans
531 476 95 21 troslära
642 476 206 22 öfverensstämmer.

542 539 12 27 8
572 541 32 19 14.

266 578 62 21 Hvad
345 578 79 21 allmän
440 579 35 26 lag
491 579 87 26 stadgar
594 579 110 26 angäende
721 579 146 22 sabbatsbrott
877 581 13 20 &
901 581 49 20 sön-

201 612 52 21 eller
275 612 136 27 högtidsdag,
427 613 57 26 gälle
501 613 39 21 ock
556 613 122 22 bekännare
694 613 23 21 af
730 613 133 22 främmande
877 615 72 26 prote-

200 647 94 20 stantisk
309 647 99 26 troslära,
425 647 83 21 ändock
524 648 70 26 dagen
609 648 66 26 enligt
691 648 54 21 hans
753 648 46 21 lära
809 648 52 21 eller
872 648 77 27 kyrko-

199 681 55 20 bruk
269 681 47 20 icke
331 681 68 21 hälles
415 681 63 27 helig.

543 710 11 27 8
572 711 32 20 15.

267 750 82 21 Varder
365 750 103 26 rättighet
483 750 33 21 till
532 750 96 27 offentlig
638 750 177 28 religionsöfning
829 750 22 22 af
859 751 90 21 försam-

199 784 44 26 ling
258 784 135 22 missbrukad
409 786 30 24 sä,
456 786 32 20 att
504 785 123 27 derigenom
642 786 35 26 lag
688 786 39 20 och
740 786 106 26 sedlighet
855 785 95 22 kränkas

199 819 53 21 eller
267 819 42 26 god
325 819 90 26 ordning
426 818 138 29 öfverträdes,
576 820 51 20 eller
637 820 78 20 varder
726 820 67 21 sädan
803 820 147 27 regelbunden

200 853 127 27 gudstjenst,
344 860 46 14 som
407 854 47 20 dess
470 854 204 27 samfundsordning
689 854 92 28 kräfver,
795 855 47 21 icke
853 856 97 26 upprätt-

200 887 78 27 hällen,
302 889 40 25 mä,
366 888 54 21 efter
439 888 99 22 anmälan
554 890 80 25 derom,
650 889 154 27 församlingen
819 889 24 21 af
856 889 93 22 Senaten

198 921 107 23 förklaras
320 929 52 15 vara
387 923 92 27 upplöst.

267 958 86 20 Samma
369 958 36 26 lag
419 964 58 22 vare,
496 958 27 21 dä
538 958 137 22 föreskriften
690 959 8 20 i
719 959 5 27 $
740 960 12 20 3
769 965 33 15 om
813 959 136 21 anställande

199 992 24 21 af
235 992 156 27 föreståndare,
415 992 89 22 oaktadt
524 993 102 21 särskildt
641 992 180 28 förständigande,
837 994 47 20 icke
900 994 49 20 full-

198 1028 69 25 göres.

542 1056 12 28 &
571 1057 32 20 16.

266 1096 65 26 Viger
355 1096 47 25 den,
425 1102 47 15 som
494 1097 32 20 uti
541 1097 132 20 främmande
688 1097 156 26 protestantisk
859 1096 90 21 försam-

198 1131 45 26 ling
265 1131 130 20 tillkommer
417 1132 33 19 att
471 1131 67 26 vigsel
554 1131 98 27 förrätta,
668 1131 54 26 dem,
738 1131 73 21 hvilka
826 1131 19 27 ej
861 1131 22 21 få
898 1131 51 26 ingå

200 1165 120 26 äktenskap
336 1165 48 20 med
403 1165 127 26 hvarandra,
546 1165 53 21 eller
614 1167 53 19 utan
684 1167 32 19 att
731 1165 50 27 laga
796 1165 84 27 lysning
895 1165 54 21 eller

199 1198 207 26 tillkännagifvande
429 1205 34 15 om
486 1199 118 27 äktenskap
626 1199 101 27 föregått,
751 1200 51 20 eller
821 1200 38 21 der
873 1200 36 26 lag
924 1200 24 20 så

199 1233 91 24 fordrar,
314 1232 112 26 afvittring
449 1233 63 26 skett,
536 1234 52 20 eller
610 1233 99 21 utfärdar
724 1233 149 21 föreståndare
888 1234 61 26 intyg

199 1272 34 14 om
255 1266 150 20 hinderlöshet
427 1266 34 20 till
483 1266 75 27 vigsel,
581 1267 37 20 der
633 1266 76 21 hinder
725 1266 121 27 förefinnes,
862 1267 85 21 straffes

198 1300 49 21 med
261 1300 96 26 fängelse
373 1300 7 20 i
395 1300 63 26 högst
468 1300 42 21 tolf
518 1301 104 20 månader
633 1301 51 20 eller
697 1300 62 22 böter
769 1301 63 27 högst
843 1302 31 20 ett
883 1303 65 19 tusen

197 1334 71 26 mark;
286 1334 39 21 och
340 1335 35 20 må
394 1334 148 22 föreståndare
558 1335 115 26 dessutom,
689 1335 36 21 vid
741 1335 85 21 återfall
841 1336 53 21 eller
910 1336 37 21 der

197 1369 69 21 andra
288 1368 139 21 försvårande
449 1369 181 27 omständigheter
648 1369 137 28 förekomma,
804 1369 48 22 från
868 1369 79 22 befatt-

197 1404 78 27 ningen
291 1403 80 27 skiljas.

264 1438 132 22 Underlåter
418 1438 134 22 främmande
571 1439 155 27 protestantisk
740 1439 136 28 församlings
891 1439 56 23 före-
