1023 1711
192 153 27 19 4
407 152 23 20 U.
445 153 21 19 B.
482 163 27 3 —
523 152 60 25 Prop.
597 151 37 21 N:o
649 152 15 19 1.

168 214 63 20 söker
253 213 136 26 undandraga
412 213 81 20 kronan
510 213 54 20 eller
579 214 98 19 kommun
693 212 103 26 tullafgift
811 212 52 20 eller
879 218 35 14 an-

164 255 41 13 nan
229 248 55 20 skatt
304 247 54 21 eller
374 247 77 20 allmän
469 247 92 27 utskyld,
578 247 48 20 böte
643 246 60 27 högst
719 246 114 20 trehundra
849 245 66 21 mark.

233 282 70 25 Stiger
325 282 36 19 det
383 281 163 20 undansnillade
569 281 52 20 eller
644 281 35 20 det
700 287 47 13 man
770 280 48 20 sökt
836 280 79 20 undan-

166 316 63 20 snilla
244 316 31 19 till
291 315 113 22 etthundra
420 315 58 20 mark
494 315 52 20 eller
562 315 127 26 derutöfver,
705 315 52 20 eller
772 317 36 18 äro
825 317 90 18 omstän-

166 351 125 27 digheterna
306 350 61 26 eljest
381 349 137 28 synnerligen
533 349 143 24 försvårande,
692 349 53 20 eller
759 350 48 19 sker
823 349 93 25 återfall;

166 385 81 20 straffes
271 385 39 20 den
334 385 98 26 skyldige
455 385 47 20 med
528 385 59 20 böter
611 385 18 26 ej
646 385 65 20 under
727 385 114 20 etthundra
857 384 60 21 mark

166 420 52 20 eller
240 420 94 27 fängelse
358 419 45 20 från
427 420 38 19 och
493 419 46 20 med
565 419 36 20 två
624 419 101 20 månader
747 419 32 20 till
806 419 39 20 och
870 420 47 20 med

166 455 36 19 två
217 454 28 21 år.

234 488 135 27 Tullpligtigt
391 489 52 26 gods
466 489 51 20 eller
540 489 47 19 dess
610 488 71 26 värde,
704 489 23 19 så
747 489 40 20 ock
802 489 45 20 kärl
865 489 52 20 eller

166 523 89 26 omslag,
277 523 60 20 hvari
359 523 75 26 godset
450 523 101 26 förvaras,
568 529 49 14 vare
634 523 34 20 vid
685 523 133 26 försnillning
833 524 24 19 af
870 523 48 20 tull-

166 557 62 26 afgift
243 557 52 20 eller
311 557 70 20 försök
398 557 69 20 dertill
484 557 108 20 förbrutet.

237 592 25 20 12
278 594 17 22 $.
325 591 64 27 Hvar,
405 598 43 14 som
470 592 99 26 olofligen
586 592 32 20 till
633 592 74 20 landet
722 592 55 20 inför
791 592 51 22 eller
856 591 62 23 söker

167 626 81 28 införa,
271 626 51 21 eller
345 626 90 20 derifrån
455 627 55 19 utför
534 626 50 22 eller
599 626 61 22 söker
674 626 74 28 utföra
763 634 57 19 vara,
835 633 44 15 som
895 631 24 17 är

167 660 33 22 till
215 662 30 19 in-
260 661 52 21 eller
327 661 87 21 utförsel
436 661 119 27 förbjuden,
571 662 82 20 straffes
669 662 32 20 för
717 662 137 26 lurendrejeri
870 663 47 20 med

166 696 61 20 böter
242 697 19 25 ej
278 696 65 20 under
367 696 113 21 etthundra
502 697 59 20 mark
577 697 52 20 eller
645 697 94 27 fängelse
754 697 45 21 från
815 698 39 20 och
871 698 46 20 med

168 731 37 20 två
220 730 101 21 månader
336 731 33 19 till
384 732 38 19 och
440 732 47 19 med
503 733 35 18 två
554 732 27 19 år.

235 764 91 28 (Utest.)

235 799 70 20 Varan
323 799 51 21 eller
390 800 47 20 dess
454 801 70 24 värde,
540 801 23 20 så
579 801 39 20 ock
635 801 46 20 kärl
697 801 52 20 eller
760 801 87 27 omslag,
858 802 60 19 hvari

170 834 41 20 den
226 834 102 26 förvaras,
345 841 48 13 vare
409 835 5 19 i
432 835 60 20 dessa
508 835 37 20 fall
562 835 115 20 förbruten.

483 930 36 20 39
536 931 69 23 Kap.

442 984 34 22 Om
493 984 153 22 bankruttbrott.

240 1043 7 18 1
265 1044 17 22 $.
313 1041 43 20 Har
370 1042 102 26 gäldenär
487 1042 89 20 kommit
591 1043 6 19 i
614 1042 197 26 konkurstillständ,
827 1044 38 20 och
882 1043 37 20 fin-

170 1082 36 13 nes
229 1076 41 19 han
293 1076 71 25 hafva,
384 1076 5 19 i
410 1076 63 26 afsigt
489 1079 31 17 att
536 1077 78 19 bereda
629 1077 33 26 sig
677 1077 52 20 eller
745 1084 68 13 annan
831 1078 66 20 fördel
913 1077 7 21 i

169 1109 113 26 egendom:

239 1143 18 21 1.
287 1143 68 20 under
378 1143 72 20 länadt
473 1151 68 18 namn,
564 1151 76 20 genom
662 1144 41 26 köp
720 1145 52 19 eller
787 1145 134 25 annorledes,

170 1177 110 20 förskaffat
300 1178 33 26 sig
352 1178 103 26 egendom
471 1179 39 20 och
527 1179 19 26 ej
562 1178 105 27 uppgifvit
682 1179 39 20 den
738 1179 63 20 bland
818 1179 46 20 sina
879 1179 42 20 till-

170 1213 87 26 gängar,
273 1212 52 20 eller
341 1213 66 19 under
421 1213 63 20 falskt
499 1213 52 20 sken
568 1213 23 20 af
604 1213 129 28 försäljning,
748 1213 63 27 gäfva
823 1213 52 21 eller
885 1220 36 14 an-

170 1248 37 17 nat
222 1246 52 19 aftal
291 1247 140 24 undandragit
447 1247 155 26 borgenärerna
618 1248 71 24 nägot,
705 1254 42 13 som
765 1249 46 18 bort
827 1248 32 19 till
874 1248 46 19 dem

170 1275 107 34 upplätas;
357 1305 3 2 N

237 1313 20 19 2.
288 1313 127 20 annorledes
438 1314 126 27 undandolt,
586 1314 95 28 förtegat,
706 1315 149 20 undanskaffat
870 1315 51 20 eller

170 1347 129 27 förskingrat
315 1347 70 27 nägot,
400 1354 43 14 som
461 1349 34 19 vid
511 1349 132 20 konkursens
659 1349 71 27 början
743 1349 80 20 tillhört
834 1349 87 26 honom;

238 1382 20 19 3.
289 1382 105 26 uppgifvit
409 1383 53 19 eller
478 1383 84 27 vidgätt
577 1383 116 27 uppdiktad
710 1384 62 19 skuld
789 1384 52 20 eller
852 1390 68 14 annan

170 1416 140 25 förbindelse;
326 1416 51 20 eller

239 1451 18 19 4.
289 1451 36 20 der
349 1451 39 20 han
412 1451 60 20 idkat
495 1452 76 21 handel
589 1452 51 20 eller
655 1459 69 14 annan
741 1453 81 26 näring,
839 1453 82 20 hvaröf-
