1023 1709
192 146 27 19 72
387 146 24 19 U.
425 145 22 20 B.
462 155 28 4 —
504 145 59 25 Prop.
578 144 38 20 N:o
630 144 16 19 1.

162 208 68 20 skada
253 207 31 21 för
307 207 171 20 hufvudmannen
501 206 79 20 dennes
603 205 110 25 vederpart
738 204 102 20 tillhanda
864 204 47 21 med

163 242 45 25 råd,
231 241 47 20 skäl
300 241 52 20 eller
374 240 140 27 uppsättande
537 240 22 20 af
575 239 69 26 skrift,
659 238 51 20 eller
726 238 127 27 tillskyndar
868 238 42 20 han

164 276 132 27 uppsåtligen
312 275 169 20 hufvudmannen
497 274 75 27 skada;
588 273 81 20 straffes
685 273 47 20 med
750 273 59 20 böter
823 273 18 26 ej
853 272 59 21 öfver

164 309 124 22 femhundra
303 311 66 19 mark.

231 341 44 24 Äro
298 345 207 26 omständigheterna
531 343 136 29 synnerligen
689 342 147 26 försvårande;
860 341 52 21 eller

163 380 39 19 har
224 379 114 26 sakförare,
361 381 56 18 emot
441 379 68 20 bättre
532 378 96 26 vetande,
644 377 77 20 förledt
736 377 128 20 hufvudman
880 377 32 20 till

163 414 82 27 oskälig
260 414 52 20 eller
327 413 125 27 orättfärdig
467 413 122 26 rättegång;
607 407 63 38 dömes
684 411 39 21 till
740 411 60 21 böter
815 413 18 25 ej
846 411 66 21 under

163 448 119 21 tvåhundra
304 449 58 19 mark
381 448 52 20 eller
453 447 95 28 fängelse
563 448 45 19 från
624 447 40 20 och
680 447 47 20 med
744 453 25 14 en
785 447 75 20 månad
878 447 32 21 till

163 483 40 20 och
220 483 46 21 med
282 485 30 18 ett
326 483 30 25 år,
372 483 39 20 och
427 483 64 20 varde
507 482 107 21 förklarad
630 482 88 27 ovärdig
734 483 31 19 att
776 481 45 21 föra
831 488 82 14 annans

163 517 58 22 talan
236 518 38 20 hos
290 517 89 20 domstol
395 517 53 21 eller
463 524 69 13 annan
549 517 77 31 allmän
642 515 130 28 myndighet.

231 551 43 22 Har
289 552 7 19 i
312 554 64 18 annat
391 552 36 20 fall
443 551 117 27 sakförare,
576 553 57 18 emot
648 551 67 20 bättre
730 551 98 25 vetande,
844 550 68 27 åtagit

163 586 31 26 sig
210 586 39 20 och
266 586 72 20 drifvit
353 587 125 26 orättfärdig
492 586 48 27 sak;
558 587 70 19 dömes
644 586 33 20 till
693 585 59 20 böter
766 586 19 26 ej
802 585 58 21 öfver
871 587 41 18 tre-

161 621 84 20 hundra
261 621 59 20 mark
338 621 40 20 och
399 621 71 26 varde,
485 621 47 20 ifall
548 621 208 25 omständigheterna
771 623 36 17 äro
824 627 88 19 synner-

162 655 57 27 ligen
242 655 143 27 försvårande,
408 655 106 20 förklarad
539 655 89 27 ovärdig
651 657 31 18 att
696 655 46 20 föra
758 661 80 14 annans
854 655 57 20 talan

161 690 39 20 hos
215 689 78 21 allmän
309 690 131 27 myndighet.

230 725 12 20 3
258 727 17 22 $.
308 724 138 27 Uppenbarar
468 724 108 21 sakförare
600 725 50 19 eller
672 731 70 13 annan
766 724 145 26 ombudsman,

161 759 80 27 läkare,
257 759 96 25 fältskär,
368 759 138 21 barnmorska
521 759 52 20 eller
588 759 124 26 apotekare,
722 759 53 21 eller
786 759 65 20 sådan
863 765 49 20 per-

160 800 49 14 sons
231 794 83 20 biträde
336 792 8 22 i
362 794 69 26 yrket,
447 794 99 26 olofligen
562 793 85 21 enskild
663 800 87 20 persons
766 794 52 19 eller
833 793 78 26 familjs

160 828 122 26 hemlighet,
305 828 87 20 hvarom
417 828 40 20 han
481 828 53 20 eller
556 828 40 20 hon
620 828 6 19 i
646 828 95 27 utöfning
757 828 24 20 af
793 828 63 27 yrket
871 827 41 21 fått

160 863 130 25 kännedom:
306 862 80 21 straffes
403 863 46 20 med
466 863 61 20 böter
542 863 53 20 eller
610 863 94 26 fängelse
720 863 6 19 i
742 863 62 26 högst
818 869 38 14 sex
867 862 43 19 må-

160 896 74 20 nader.

228 931 13 20 4
256 933 18 22 $.
302 931 54 26 Den,
370 937 51 19 som,
437 931 9 21 i
460 931 69 28 afsigt
542 933 32 20 att
587 931 69 22 skada
670 938 80 19 annan,
767 932 81 25 förstör,
860 931 47 20 ska-

160 965 44 26 dar,
225 965 150 20 undanskaffar
395 965 52 20 eller
472 966 140 20 undanhåller
630 966 108 26 handling,
758 966 85 20 hvilken
866 966 42 19 kan

159 1001 57 25 tjena
235 999 31 20 till
287 1000 59 20 bevis
365 1007 32 13 om
416 1001 108 26 rättighet,
540 1000 186 21 rättsförhållande
741 1001 53 20 eller
809 1000 100 21 befrielse

158 1034 45 19 från
220 1034 128 21 förbindelse
364 1034 39 20 och
419 1035 19 26 ej
455 1035 132 20 uteslutande
604 1035 71 20 tillhör
690 1035 141 27 förbrytaren,
847 1035 62 20 straf-

158 1069 30 20 fes
205 1069 46 20 med
267 1068 94 27 fängelse
377 1069 18 26 ej
412 1069 59 20 öfver
488 1071 35 18 två
538 1070 24 19 år
578 1069 51 20 eller
644 1069 68 21 böter.

228 1103 38 20 Om
289 1103 61 20 straff
370 1103 32 20 för
425 1104 139 25 förstörande,
587 1104 109 21 skådande
712 1104 50 20 eller
778 1104 129 20 undanskaf-

157 1137 63 20 fande
236 1137 23 20 af
273 1137 100 26 handling
388 1138 6 19 i
411 1138 88 21 allmänt
515 1139 71 20 förvar
606 1142 23 16 är
645 1139 6 19 i
669 1140 24 19 16
710 1139 48 26 kap.
774 1139 105 26 stadgadt.

226 1172 11 19 5
254 1173 16 23 $.
302 1171 51 26 Den,
376 1178 43 13 som
442 1172 99 27 olofligen
566 1173 107 26 borttager
688 1173 52 20 eller
755 1173 151 20 undanskaffar

156 1205 64 20 sädan
240 1205 77 20 honom
339 1205 93 26 tillhörig
453 1207 30 20 lös
502 1207 112 26 egendom,
631 1207 86 20 hvilken
733 1214 68 13 annan
818 1207 90 20 innehar

154 1239 68 20 säsom
239 1242 51 22 pant
305 1239 52 20 eller
372 1241 121 19 vedermäle
509 1241 55 19 eller
579 1247 50 19 eger
639 1244 42 17 rätt
692 1243 31 18 att
733 1241 110 26 gvarhälla
854 1242 54 20 eller

153 1273 76 26 nyttja,
250 1272 82 21 straffes
353 1273 45 20 med
423 1273 59 21 böter
504 1273 52 21 eller
571 1273 94 27 fängelse
680 1275 6 19 i
703 1275 61 27 högst
779 1277 30 18 ett
824 1275 30 26 år,
870 1275 38 21 der

152 1307 20 26 ej
188 1307 114 26 gerningen
319 1308 38 19 bör
372 1308 53 19 efter
441 1310 66 18 annat
522 1309 84 25 lagrum
623 1308 85 20 svårare
724 1309 91 21 straffas.

222 1341 11 20 6
250 1343 16 23 $.
296 1340 65 27 Hvar,
377 1348 44 14 som
440 1342 98 26 olofligen
561 1342 78 21 brukar
654 1343 52 20 eller
721 1344 54 20 låter
790 1344 68 21 bruka
873 1344 32 21 lös

150 1376 111 26 egendom,
285 1376 84 20 hvilken
398 1377 19 26 ej
441 1376 72 20 tillhör
536 1376 82 26 honom,
643 1377 48 21 böte
710 1378 61 27 högst
786 1378 118 21 tvähundra

150 1410 71 20 mark.

218 1444 43 27 Lag
276 1451 80 14 samma
371 1452 56 20 vare,
443 1452 32 14 om
493 1447 68 26 någon
578 1450 77 23 vägrar
671 1449 31 18 att
718 1448 115 20 äterlemna
843 1450 62 24 pant,
