1009 1706
394 142 39 23 N:o
450 142 18 22 I.
737 144 40 22 117

60 205 76 20 tanken
159 206 94 26 grundad
270 206 13 20 å
298 206 79 20 sådana
400 206 53 26 skäl,
470 208 30 18 att
515 206 89 20 domstol
625 206 40 20 kan
681 207 58 19 finna
754 207 52 19 hans

60 240 138 26 brottslighet
214 247 50 13 vara
279 240 108 26 sannolik;
403 241 26 19 dä
440 242 33 19 må
484 240 47 26 han,
543 241 36 20 der
590 240 101 26 häktning
701 240 49 20 icke
761 242 45 19 stri-

60 274 36 19 der
112 276 57 18 emot
184 274 229 28 landtdagsordningen
425 275 52 20 eller
488 274 228 28 ståndsprivilegierna,
728 276 60 26 tagas
799 275 7 19 i

60 308 65 20 häkte
141 308 30 20 uti
187 308 93 26 följande
295 309 48 19 fall:

130 344 17 18 1.
177 349 33 15 om
227 344 12 19 å
254 343 80 21 brottet
349 344 19 26 ej
385 344 40 20 kan
442 344 53 27 följa
509 345 84 25 ringare
609 343 60 21 straff
683 346 25 18 än
721 344 85 20 tukthus

59 378 6 19 i
82 378 36 20 två
134 378 33 26 år;

128 413 20 20 2.
179 419 33 13 om
229 413 12 19 å
256 412 79 21 brottet
357 413 41 20 kan
418 413 51 27 följa
485 413 85 20 tukthus
585 413 65 20 under
666 413 36 19 två
717 413 23 20 år
755 413 53 20 eller

60 447 95 26 fängelse
171 448 18 26 ej
206 448 66 20 under
288 448 35 20 två
339 448 29 26 år,
379 448 51 20 eller
441 455 33 13 om
486 448 85 27 brottet,
581 448 65 20 ehuru
657 448 6 19 i
674 448 35 26 lag
720 448 88 26 belagdt

60 482 45 20 med
122 481 84 28 ringare
221 482 65 27 straff,
303 484 83 25 utgöres
401 482 24 21 af
437 482 62 26 stöld,
515 482 79 20 inbrott
609 482 52 20 eller
675 482 101 27 döljande
786 482 23 20 af

60 516 101 26 tjufgods,
177 516 39 20 och
232 517 6 18 i
254 517 43 19 alla
313 517 60 20 dessa
388 516 36 20 fall
435 517 70 26 skälig
515 517 114 26 anledning
640 517 73 25 finnes,
725 519 30 18 att
766 516 40 21 den

60 551 114 26 ertappade
190 551 51 20 eller
258 551 123 20 misstänkte
396 551 55 20 skall
468 551 84 26 begifva
568 551 31 27 sig
616 551 26 26 på
658 551 78 26 flykten
753 551 53 20 eller

60 585 74 20 hindra
150 585 76 20 sakens
241 585 112 26 utredning
369 592 74 20 genom
460 585 174 27 undanrödjande
649 585 24 21 af
685 585 58 21 bevis
754 585 52 20 eller
824 591 5 3 "

59 619 136 26 annorledes;

127 655 19 19 3.
178 660 32 14 om
235 655 48 24 den,
305 661 44 13 som
365 656 108 25 ertappats
488 654 52 20 eller
555 654 126 21 misstänkes
697 656 30 19 att
742 654 64 20 hafva

59 689 72 26 begått
146 689 83 26 ringare
246 689 61 25 brott,
323 692 26 17 än
364 689 7 19 i
387 689 12 20 2
415 689 94 27 punkten
525 692 54 23 sägs,
595 691 22 18 är
633 689 72 20 okänd
720 689 39 20 och
771 696 35 13 un-

60 723 119 27 dandrager
197 724 32 26 sig
244 725 30 18 att
290 723 99 26 uppgifva
405 724 36 19 sitt
456 730 62 13 namn
535 723 51 20 eller
601 724 31 19 sin
648 723 89 27 hemort,
753 723 52 20 eller

58 758 39 20 ock
114 758 96 26 skäligen
228 758 124 20 misstänkes
368 758 31 20 för
415 765 64 13 osann
496 758 81 26 uppgift
588 758 81 25 derom;
685 758 55 20 dock
751 757 55 20 skall

58 793 6 18 i
81 793 59 19 detta
156 792 37 20 fall
209 792 41 20 den
260 792 93 20 häktade
363 792 107 27 lösgifvas,
482 795 37 17 när
530 792 121 27 tillförlitlig
662 792 82 27 uppgift
755 799 50 13 vun-

60 827 40 20 nits
116 833 33 14 om
165 826 52 21 hans
233 833 62 13 namn
311 827 40 20 och
367 827 87 20 hemort.

128 862 24 19 19
169 865 16 21 $.
215 861 80 20 Träffas
319 861 46 26 den,
385 867 44 14 som
445 864 24 17 är
485 861 63 26 rusig,
565 861 12 19 å
591 861 78 20 allmän
686 863 47 24 väg,
747 863 57 24 gata,

59 895 52 20 eller
126 899 65 16 annat
207 895 104 27 offentligt
321 895 68 27 ställe,
400 895 51 20 eller
462 895 36 20 vid
509 895 96 27 offentlig
617 895 125 26 förrättning
752 895 54 20 eller

60 930 77 20 allmän
155 929 170 25 sammankomst,
341 929 53 21 eller
409 932 44 18 stör
469 930 40 20 han
521 929 82 20 enskild
614 930 52 19 eller
677 929 77 20 allmän
765 929 41 21 frid

58 971 76 19 genom
151 964 133 20 våldsamhet
299 964 51 20 eller
365 965 68 26 oljud;
450 971 49 13 vare
516 964 75 20 tillåtet
606 966 31 17 att
652 964 47 21 med
715 964 49 20 våld
777 965 30 19 af-

58 999 73 25 lägsna
147 999 83 25 honom,
246 999 46 25 och,
309 1005 32 13 om
358 999 72 26 nödigt
445 1001 29 24 är,
490 998 83 20 förvara
584 999 75 20 honom
671 999 6 20 i
688 998 65 21 häkte
765 999 42 20 tills

59 1035 31 18 att
105 1035 57 18 ruset
177 1033 84 26 förgått.
292 1033 48 20 Stör
356 1033 68 27 någon
441 1033 60 27 eljest
517 1033 81 20 enskild
614 1033 51 20 eller
676 1033 78 20 allmän
766 1033 40 20 frid

59 1073 75 20 genom
150 1067 57 26 oljud
225 1067 50 20 eller
292 1067 137 24 våldsamhet,
446 1067 105 20 hvarifrån
567 1067 40 20 han
620 1068 26 25 på
657 1064 115 30 tillsägelse
788 1068 18 26 ej

60 1102 74 25 afstår;
156 1108 51 13 vare
229 1102 75 26 nödigt
319 1102 47 20 våld
383 1101 32 20 till
431 1102 52 20 hans
499 1101 135 27 aflägsnande
650 1102 18 25 ej
684 1101 67 21 heller
766 1101 40 20 för-

60 1136 79 26 bjudet.

128 1170 28 21 20
171 1172 16 22 S.
218 1170 101 27 Kejsaren
343 1171 39 20 och
403 1170 139 21 Storfurstens
566 1169 241 28 befallnihgshafvande,

59 1205 24 20 sä
97 1205 41 20 ock
154 1205 115 26 magistrat,
285 1205 148 26 ordningsrätt,
449 1205 52 20 eller
511 1205 162 26 poliskammare
685 1205 6 20 i
702 1205 55 26 stad,
769 1212 39 19 ege

60 1239 101 20 förordna
176 1245 33 14 om
225 1239 102 26 häktning
343 1239 22 20 af
379 1239 46 27 den,
437 1246 42 14 som
491 1241 107 25 ertappats
609 1239 52 20 eller
671 1239 67 20 hälles
749 1240 58 19 miss-

63 1274 59 20 tänkt
145 1276 31 17 att
198 1274 65 20 hafva
278 1274 72 26 begått
365 1274 62 25 brott,
443 1274 53 21 efter
511 1276 23 25 ty
549 1274 6 19 i
571 1274 127 26 föregående
713 1277 19 22 $$
749 1276 58 24 sägs;

61 1309 61 20 hafve
138 1309 39 20 ock
189 1308 131 27 kronofogde
331 1309 39 20 och
381 1309 95 20 länsman
488 1309 12 20 ä
512 1308 71 20 landet
593 1310 53 18 samt
657 1308 150 27 borgmästare,

59 1343 146 25 polismästare
221 1343 39 18 och
276 1342 148 26 ordningsman
440 1344 54 17 samt
509 1342 118 19 stadsfiskal
638 1341 39 20 och
689 1348 68 13 annan
769 1341 37 20 all-

59 1379 48 17 män
132 1376 100 25 åklagare
247 1376 8 19 i
270 1375 53 25 stad,
345 1375 52 20 eller
417 1376 47 26 den,
480 1382 43 13 som
539 1379 23 16 är
577 1377 42 18 satt
634 1377 32 18 att
680 1375 33 20 för
728 1375 42 20 åtal
786 1375 24 19 af

59 1411 58 20 brott
138 1410 85 21 biträda
245 1410 66 20 sådan
334 1410 133 26 tjensteman,
489 1411 57 25 magt
564 1411 39 23 att,
618 1409 27 26 pä
661 1411 48 24 eget
724 1415 82 19 ansvar,

60 1445 116 21 verkställa
191 1445 51 20 eller
257 1445 45 20 låta
317 1444 116 21 verkställa
449 1444 101 27 häktning
566 1445 23 19 af
602 1444 63 20 sådan
683 1451 82 20 person.
