<?xml version="1.0" encoding="UTF-8"?>
<alto xmlns="http://www.loc.gov/standards/alto/ns-v3#" xmlns:xlink="http://www.w3.org/1999/xlink" xmlns:xsi="http://www.w3.org/2001/XMLSchema-instance" xsi:schemaLocation="http://www.loc.gov/standards/alto/ns-v3# http://www.loc.gov/alto/v3/alto-3-0.xsd">
	<Description>
		<MeasurementUnit>pixel</MeasurementUnit>
		<sourceImageInformation>
			<fileName>/tmp/tess_wrnww_se_input.PNG</fileName>
		</sourceImageInformation>
		<OCRProcessing ID="OCR_0">
			<ocrProcessingStep>
				<processingSoftware>
					<softwareName>tesseract 5.3.4</softwareName>
				</processingSoftware>
			</ocrProcessingStep>
		</OCRProcessing>
	</Description>
	<Layout>
		<Page WIDTH="1006" HEIGHT="1700" PHYSICAL_IMG_NR="0" ID="page_0">
			<PrintSpace HPOS="0" VPOS="0" WIDTH="1006" HEIGHT="1700">
				<ComposedBlock ID="cblock_0" HPOS="202" VPOS="140" WIDTH="393" HEIGHT="22">
					<TextBlock ID="block_0" HPOS="202" VPOS="140" WIDTH="393" HEIGHT="22">
						<TextLine ID="line_0" HPOS="202" VPOS="140" WIDTH="393" HEIGHT="22">
							<String ID="string_0" HPOS="202" VPOS="142" WIDTH="13" HEIGHT="19" WC="0.97" CONTENT="4"/><SP WIDTH="295" VPOS="142" HPOS="215"/>
							<String ID="string_1" HPOS="510" VPOS="140" WIDTH="35" HEIGHT="22" WC="0.95" CONTENT="N:o"/><SP WIDTH="18" VPOS="140" HPOS="545"/>
							<String ID="string_2" HPOS="563" VPOS="140" WIDTH="32" HEIGHT="21" WC="0.95" CONTENT="10."/>
						</TextLine>
					</TextBlock>
				</ComposedBlock>
				<ComposedBlock ID="cblock_1" HPOS="313" VPOS="451" WIDTH="616" HEIGHT="147">
					<TextBlock ID="block_1" HPOS="313" VPOS="451" WIDTH="616" HEIGHT="147">
						<TextLine ID="line_1" HPOS="380" VPOS="451" WIDTH="549" HEIGHT="34">
							<String ID="string_3" HPOS="380" VPOS="451" WIDTH="45" HEIGHT="34" WC="0.89" CONTENT="1:0)"/><SP WIDTH="30" VPOS="451" HPOS="425"/>
							<String ID="string_4" HPOS="455" VPOS="451" WIDTH="98" HEIGHT="32" WC="0.93" CONTENT="Förslag"/><SP WIDTH="27" VPOS="451" HPOS="553"/>
							<String ID="string_5" HPOS="580" VPOS="451" WIDTH="34" HEIGHT="26" WC="0.95" CONTENT="till"/><SP WIDTH="28" VPOS="451" HPOS="614"/>
							<String ID="string_6" HPOS="642" VPOS="451" WIDTH="137" HEIGHT="32" WC="0.96" CONTENT="förordning"/><SP WIDTH="28" VPOS="451" HPOS="779"/>
							<String ID="string_7" HPOS="807" VPOS="451" WIDTH="122" HEIGHT="33" WC="0.96" CONTENT="angående"/>
						</TextLine>
						<TextLine ID="line_2" HPOS="313" VPOS="490" WIDTH="616" HEIGHT="33">
							<String ID="string_8" HPOS="313" VPOS="491" WIDTH="91" HEIGHT="26" WC="0.93" CONTENT="kristna"/><SP WIDTH="25" VPOS="491" HPOS="404"/>
							<String ID="string_9" HPOS="429" VPOS="490" WIDTH="225" HEIGHT="33" WC="0.83" CONTENT="religionssamfund,"/><SP WIDTH="19" VPOS="490" HPOS="654"/>
							<String ID="string_10" HPOS="673" VPOS="491" WIDTH="5" HEIGHT="26" WC="0.96" CONTENT="i"/><SP WIDTH="21" VPOS="491" HPOS="678"/>
							<String ID="string_11" HPOS="699" VPOS="491" WIDTH="93" HEIGHT="26" WC="0.96" CONTENT="Finland"/><SP WIDTH="19" VPOS="491" HPOS="792"/>
							<String ID="string_12" HPOS="811" VPOS="491" WIDTH="24" HEIGHT="26" WC="0.96" CONTENT="af"/><SP WIDTH="18" VPOS="491" HPOS="835"/>
							<String ID="string_13" HPOS="853" VPOS="498" WIDTH="76" HEIGHT="20" WC="0.96" CONTENT="annan"/>
						</TextLine>
						<TextLine ID="line_3" HPOS="313" VPOS="531" WIDTH="616" HEIGHT="33">
							<String ID="string_14" HPOS="313" VPOS="531" WIDTH="174" HEIGHT="33" WC="0.91" CONTENT="protestantisk"/><SP WIDTH="32" VPOS="531" HPOS="487"/>
							<String ID="string_15" HPOS="519" VPOS="531" WIDTH="107" HEIGHT="26" WC="0.58" CONTENT="troslära"/><SP WIDTH="26" VPOS="531" HPOS="626"/>
							<String ID="string_16" HPOS="652" VPOS="532" WIDTH="29" HEIGHT="25" WC="0.96" CONTENT="än"/><SP WIDTH="29" VPOS="532" HPOS="681"/>
							<String ID="string_17" HPOS="710" VPOS="531" WIDTH="43" HEIGHT="26" WC="0.93" CONTENT="den"/><SP WIDTH="29" VPOS="531" HPOS="753"/>
							<String ID="string_18" HPOS="782" VPOS="531" WIDTH="147" HEIGHT="33" WC="0.93" CONTENT="evangelisk-"/>
						</TextLine>
						<TextLine ID="line_4" HPOS="313" VPOS="572" WIDTH="130" HEIGHT="26">
							<String ID="string_19" HPOS="313" VPOS="572" WIDTH="130" HEIGHT="26" WC="0.92" CONTENT="lutherska."/>
						</TextLine>
					</TextBlock>
				</ComposedBlock>
				<ComposedBlock ID="cblock_2" HPOS="174" VPOS="645" WIDTH="757" HEIGHT="406">
					<TextBlock ID="block_2" HPOS="174" VPOS="645" WIDTH="757" HEIGHT="406">
						<TextLine ID="line_5" HPOS="244" VPOS="645" WIDTH="684" HEIGHT="28">
							<String ID="string_20" HPOS="244" VPOS="646" WIDTH="51" HEIGHT="21" WC="0.96" CONTENT="Med"/><SP WIDTH="16" VPOS="646" HPOS="295"/>
							<String ID="string_21" HPOS="311" VPOS="646" WIDTH="90" HEIGHT="26" WC="0.96" CONTENT="ändring"/><SP WIDTH="15" VPOS="646" HPOS="401"/>
							<String ID="string_22" HPOS="416" VPOS="646" WIDTH="24" HEIGHT="20" WC="0.93" CONTENT="af"/><SP WIDTH="13" VPOS="646" HPOS="440"/>
							<String ID="string_23" HPOS="453" VPOS="645" WIDTH="50" HEIGHT="26" WC="0.84" CONTENT="Kgl."/><SP WIDTH="12" VPOS="645" HPOS="503"/>
							<String ID="string_24" HPOS="515" VPOS="645" WIDTH="144" HEIGHT="27" WC="0.96" CONTENT="kungörelsen"/><SP WIDTH="16" VPOS="645" HPOS="659"/>
							<String ID="string_25" HPOS="675" VPOS="645" WIDTH="40" HEIGHT="21" WC="0.96" CONTENT="den"/><SP WIDTH="11" VPOS="645" HPOS="715"/>
							<String ID="string_26" HPOS="726" VPOS="646" WIDTH="27" HEIGHT="21" WC="0.96" CONTENT="24"/><SP WIDTH="11" VPOS="646" HPOS="753"/>
							<String ID="string_27" HPOS="764" VPOS="645" WIDTH="90" HEIGHT="22" WC="0.96" CONTENT="Januari"/><SP WIDTH="13" VPOS="645" HPOS="854"/>
							<String ID="string_28" HPOS="867" VPOS="647" WIDTH="61" HEIGHT="26" WC="0.96" CONTENT="1781,"/>
						</TextLine>
						<TextLine ID="line_6" HPOS="174" VPOS="679" WIDTH="757" HEIGHT="29">
							<String ID="string_29" HPOS="174" VPOS="681" WIDTH="25" HEIGHT="27" WC="0.90" CONTENT="88"/><SP WIDTH="25" VPOS="681" HPOS="199"/>
							<String ID="string_30" HPOS="224" VPOS="681" WIDTH="32" HEIGHT="25" WC="0.94" CONTENT="11,"/><SP WIDTH="25" VPOS="681" HPOS="256"/>
							<String ID="string_31" HPOS="281" VPOS="681" WIDTH="25" HEIGHT="20" WC="0.96" CONTENT="12"/><SP WIDTH="25" VPOS="681" HPOS="306"/>
							<String ID="string_32" HPOS="331" VPOS="680" WIDTH="38" HEIGHT="21" WC="0.95" CONTENT="och"/><SP WIDTH="26" VPOS="680" HPOS="369"/>
							<String ID="string_33" HPOS="395" VPOS="681" WIDTH="24" HEIGHT="20" WC="0.96" CONTENT="13"/><SP WIDTH="22" VPOS="681" HPOS="419"/>
							<String ID="string_34" HPOS="441" VPOS="681" WIDTH="7" HEIGHT="20" WC="0.96" CONTENT="i"/><SP WIDTH="20" VPOS="681" HPOS="448"/>
							<String ID="string_35" HPOS="468" VPOS="680" WIDTH="153" HEIGHT="25" WC="0.96" CONTENT="förordningen"/><SP WIDTH="17" VPOS="680" HPOS="621"/>
							<String ID="string_36" HPOS="638" VPOS="679" WIDTH="41" HEIGHT="22" WC="0.96" CONTENT="den"/><SP WIDTH="18" VPOS="679" HPOS="679"/>
							<String ID="string_37" HPOS="697" VPOS="681" WIDTH="8" HEIGHT="20" WC="0.96" CONTENT="1"/><SP WIDTH="19" VPOS="681" HPOS="705"/>
							<String ID="string_38" HPOS="724" VPOS="680" WIDTH="61" HEIGHT="27" WC="0.96" CONTENT="April"/><SP WIDTH="19" VPOS="680" HPOS="785"/>
							<String ID="string_39" HPOS="804" VPOS="681" WIDTH="53" HEIGHT="20" WC="0.96" CONTENT="1812"/><SP WIDTH="16" VPOS="681" HPOS="857"/>
							<String ID="string_40" HPOS="873" VPOS="681" WIDTH="58" HEIGHT="20" WC="0.96" CONTENT="samt"/>
						</TextLine>
						<TextLine ID="line_7" HPOS="175" VPOS="714" WIDTH="754" HEIGHT="28">
							<String ID="string_41" HPOS="175" VPOS="717" WIDTH="13" HEIGHT="20" WC="0.96" CONTENT="5"/><SP WIDTH="16" VPOS="717" HPOS="188"/>
							<String ID="string_42" HPOS="204" VPOS="715" WIDTH="39" HEIGHT="21" WC="0.96" CONTENT="och"/><SP WIDTH="16" VPOS="715" HPOS="243"/>
							<String ID="string_43" HPOS="259" VPOS="717" WIDTH="12" HEIGHT="19" WC="0.92" CONTENT="6"/><SP WIDTH="17" VPOS="717" HPOS="271"/>
							<String ID="string_44" HPOS="288" VPOS="715" WIDTH="24" HEIGHT="27" WC="0.83" CONTENT="$$"/><SP WIDTH="16" VPOS="715" HPOS="312"/>
							<String ID="string_45" HPOS="328" VPOS="715" WIDTH="6" HEIGHT="20" WC="0.96" CONTENT="i"/><SP WIDTH="16" VPOS="715" HPOS="334"/>
							<String ID="string_46" HPOS="350" VPOS="714" WIDTH="155" HEIGHT="26" WC="0.96" CONTENT="förordningen"/><SP WIDTH="17" VPOS="714" HPOS="505"/>
							<String ID="string_47" HPOS="522" VPOS="715" WIDTH="40" HEIGHT="20" WC="0.96" CONTENT="den"/><SP WIDTH="16" VPOS="715" HPOS="562"/>
							<String ID="string_48" HPOS="578" VPOS="715" WIDTH="13" HEIGHT="19" WC="0.96" CONTENT="4"/><SP WIDTH="16" VPOS="715" HPOS="591"/>
							<String ID="string_49" HPOS="607" VPOS="714" WIDTH="122" HEIGHT="22" WC="0.96" CONTENT="November"/><SP WIDTH="12" VPOS="714" HPOS="729"/>
							<String ID="string_50" HPOS="741" VPOS="715" WIDTH="62" HEIGHT="26" WC="0.93" CONTENT="1836,"/><SP WIDTH="11" VPOS="715" HPOS="803"/>
							<String ID="string_51" HPOS="814" VPOS="715" WIDTH="115" HEIGHT="21" WC="0.96" CONTENT="förordnas"/>
						</TextLine>
						<TextLine ID="line_8" HPOS="176" VPOS="750" WIDTH="134" HEIGHT="26">
							<String ID="string_52" HPOS="176" VPOS="756" WIDTH="44" HEIGHT="15" WC="0.96" CONTENT="som"/><SP WIDTH="16" VPOS="756" HPOS="220"/>
							<String ID="string_53" HPOS="236" VPOS="750" WIDTH="74" HEIGHT="26" WC="0.96" CONTENT="följer:"/>
						</TextLine>
						<TextLine ID="line_9" HPOS="528" VPOS="783" WIDTH="47" HEIGHT="27">
							<String ID="string_54" HPOS="528" VPOS="783" WIDTH="47" HEIGHT="27" WC="0.73" CONTENT="81"/>
						</TextLine>
						<TextLine ID="line_10" HPOS="244" VPOS="823" WIDTH="685" HEIGHT="27">
							<String ID="string_55" HPOS="244" VPOS="824" WIDTH="174" HEIGHT="21" WC="0.92" CONTENT="Protestantiska"/><SP WIDTH="18" VPOS="824" HPOS="418"/>
							<String ID="string_56" HPOS="436" VPOS="823" WIDTH="211" HEIGHT="27" WC="0.92" CONTENT="religionssamfund,"/><SP WIDTH="15" VPOS="823" HPOS="647"/>
							<String ID="string_57" HPOS="662" VPOS="823" WIDTH="74" HEIGHT="22" WC="0.92" CONTENT="hvilka"/><SP WIDTH="16" VPOS="823" HPOS="736"/>
							<String ID="string_58" HPOS="752" VPOS="824" WIDTH="34" HEIGHT="20" WC="0.96" CONTENT="stä"/><SP WIDTH="15" VPOS="824" HPOS="786"/>
							<String ID="string_59" HPOS="801" VPOS="824" WIDTH="28" HEIGHT="26" WC="0.93" CONTENT="pä"/><SP WIDTH="15" VPOS="824" HPOS="829"/>
							<String ID="string_60" HPOS="844" VPOS="824" WIDTH="85" HEIGHT="22" WC="0.92" CONTENT="bibelns"/>
						</TextLine>
						<TextLine ID="line_11" HPOS="175" VPOS="857" WIDTH="754" HEIGHT="28">
							<String ID="string_61" HPOS="175" VPOS="860" WIDTH="40" HEIGHT="21" WC="0.96" CONTENT="och"/><SP WIDTH="16" VPOS="860" HPOS="215"/>
							<String ID="string_62" HPOS="231" VPOS="859" WIDTH="40" HEIGHT="21" WC="0.93" CONTENT="den"/><SP WIDTH="21" VPOS="859" HPOS="271"/>
							<String ID="string_63" HPOS="292" VPOS="858" WIDTH="134" HEIGHT="27" WC="0.91" CONTENT="apostoliska"/><SP WIDTH="20" VPOS="858" HPOS="426"/>
							<String ID="string_64" HPOS="446" VPOS="857" WIDTH="204" HEIGHT="22" WC="0.92" CONTENT="trosbekännelsens"/><SP WIDTH="17" VPOS="857" HPOS="650"/>
							<String ID="string_65" HPOS="667" VPOS="858" WIDTH="76" HEIGHT="25" WC="0.96" CONTENT="grund,"/><SP WIDTH="16" VPOS="858" HPOS="743"/>
							<String ID="string_66" HPOS="759" VPOS="864" WIDTH="48" HEIGHT="15" WC="0.93" CONTENT="men"/><SP WIDTH="16" VPOS="864" HPOS="807"/>
							<String ID="string_67" HPOS="823" VPOS="858" WIDTH="46" HEIGHT="21" WC="0.93" CONTENT="icke"/><SP WIDTH="17" VPOS="858" HPOS="869"/>
							<String ID="string_68" HPOS="886" VPOS="859" WIDTH="43" HEIGHT="20" WC="0.88" CONTENT="till-"/>
						</TextLine>
						<TextLine ID="line_12" HPOS="175" VPOS="891" WIDTH="755" HEIGHT="28">
							<String ID="string_69" HPOS="175" VPOS="895" WIDTH="53" HEIGHT="20" WC="0.92" CONTENT="höra"/><SP WIDTH="16" VPOS="895" HPOS="228"/>
							<String ID="string_70" HPOS="244" VPOS="894" WIDTH="39" HEIGHT="20" WC="0.92" CONTENT="den"/><SP WIDTH="18" VPOS="894" HPOS="283"/>
							<String ID="string_71" HPOS="301" VPOS="891" WIDTH="247" HEIGHT="28" WC="0.92" CONTENT="evangelisk-lutherska"/><SP WIDTH="15" VPOS="891" HPOS="548"/>
							<String ID="string_72" HPOS="563" VPOS="891" WIDTH="90" HEIGHT="27" WC="0.78" CONTENT="kyrkan,"/><SP WIDTH="17" VPOS="891" HPOS="653"/>
							<String ID="string_73" HPOS="670" VPOS="891" WIDTH="62" HEIGHT="21" WC="0.93" CONTENT="skola"/><SP WIDTH="15" VPOS="891" HPOS="732"/>
							<String ID="string_74" HPOS="747" VPOS="892" WIDTH="128" HEIGHT="21" WC="0.91" CONTENT="hädanefter"/><SP WIDTH="15" VPOS="892" HPOS="875"/>
							<String ID="string_75" HPOS="890" VPOS="899" WIDTH="40" HEIGHT="20" WC="0.92" CONTENT="ega"/>
						</TextLine>
						<TextLine ID="line_13" HPOS="175" VPOS="926" WIDTH="754" HEIGHT="27">
							<String ID="string_76" HPOS="175" VPOS="929" WIDTH="105" HEIGHT="23" WC="0.96" CONTENT="rättighet"/><SP WIDTH="22" VPOS="929" HPOS="280"/>
							<String ID="string_77" HPOS="302" VPOS="929" WIDTH="34" HEIGHT="19" WC="0.93" CONTENT="att"/><SP WIDTH="22" VPOS="929" HPOS="336"/>
							<String ID="string_78" HPOS="358" VPOS="927" WIDTH="70" HEIGHT="20" WC="0.93" CONTENT="såsom"/><SP WIDTH="18" VPOS="927" HPOS="428"/>
							<String ID="string_79" HPOS="446" VPOS="926" WIDTH="270" HEIGHT="26" WC="0.92" CONTENT="dissenter-församlingar"/><SP WIDTH="16" VPOS="926" HPOS="716"/>
							<String ID="string_80" HPOS="732" VPOS="926" WIDTH="107" HEIGHT="27" WC="0.86" CONTENT="offentligt"/><SP WIDTH="15" VPOS="926" HPOS="839"/>
							<String ID="string_81" HPOS="854" VPOS="927" WIDTH="75" HEIGHT="22" WC="0.92" CONTENT="utöfva"/>
						</TextLine>
						<TextLine ID="line_14" HPOS="175" VPOS="961" WIDTH="755" HEIGHT="26">
							<String ID="string_82" HPOS="175" VPOS="964" WIDTH="33" HEIGHT="20" WC="0.96" CONTENT="sin"/><SP WIDTH="16" VPOS="964" HPOS="208"/>
							<String ID="string_83" HPOS="224" VPOS="963" WIDTH="91" HEIGHT="24" WC="0.96" CONTENT="religion"/><SP WIDTH="21" VPOS="963" HPOS="315"/>
							<String ID="string_84" HPOS="336" VPOS="961" WIDTH="68" HEIGHT="21" WC="0.96" CONTENT="under"/><SP WIDTH="16" VPOS="961" HPOS="404"/>
							<String ID="string_85" HPOS="420" VPOS="961" WIDTH="26" HEIGHT="21" WC="0.93" CONTENT="de"/><SP WIDTH="15" VPOS="961" HPOS="446"/>
							<String ID="string_86" HPOS="461" VPOS="961" WIDTH="70" HEIGHT="21" WC="0.93" CONTENT="vilkor"/><SP WIDTH="17" VPOS="961" HPOS="531"/>
							<String ID="string_87" HPOS="548" VPOS="961" WIDTH="38" HEIGHT="20" WC="0.96" CONTENT="och"/><SP WIDTH="16" VPOS="961" HPOS="586"/>
							<String ID="string_88" HPOS="602" VPOS="961" WIDTH="7" HEIGHT="20" WC="0.96" CONTENT="i"/><SP WIDTH="16" VPOS="961" HPOS="609"/>
							<String ID="string_89" HPOS="625" VPOS="961" WIDTH="40" HEIGHT="20" WC="0.96" CONTENT="den"/><SP WIDTH="18" VPOS="961" HPOS="665"/>
							<String ID="string_90" HPOS="683" VPOS="961" WIDTH="98" HEIGHT="26" WC="0.96" CONTENT="ordning,"/><SP WIDTH="16" VPOS="961" HPOS="781"/>
							<String ID="string_91" HPOS="797" VPOS="967" WIDTH="46" HEIGHT="15" WC="0.96" CONTENT="som"/><SP WIDTH="16" VPOS="967" HPOS="843"/>
							<String ID="string_92" HPOS="859" VPOS="962" WIDTH="71" HEIGHT="21" WC="0.96" CONTENT="nedan"/>
						</TextLine>
						<TextLine ID="line_15" HPOS="176" VPOS="998" WIDTH="94" HEIGHT="26">
							<String ID="string_93" HPOS="176" VPOS="998" WIDTH="94" HEIGHT="26" WC="0.92" CONTENT="stadgas."/>
						</TextLine>
						<TextLine ID="line_16" HPOS="529" VPOS="1024" WIDTH="46" HEIGHT="27">
							<String ID="string_94" HPOS="529" VPOS="1024" WIDTH="46" HEIGHT="27" WC="0.78" CONTENT="82"/>
						</TextLine>
					</TextBlock>
				</ComposedBlock>
				<ComposedBlock ID="cblock_3" HPOS="174" VPOS="1063" WIDTH="755" HEIGHT="406">
					<TextBlock ID="block_3" HPOS="174" VPOS="1063" WIDTH="755" HEIGHT="406">
						<TextLine ID="line_17" HPOS="244" VPOS="1063" WIDTH="685" HEIGHT="29">
							<String ID="string_95" HPOS="244" VPOS="1065" WIDTH="58" HEIGHT="27" WC="0.92" CONTENT="Vilja"/><SP WIDTH="23" VPOS="1065" HPOS="302"/>
							<String ID="string_96" HPOS="325" VPOS="1064" WIDTH="122" HEIGHT="21" WC="0.92" CONTENT="bekännare"/><SP WIDTH="19" VPOS="1064" HPOS="447"/>
							<String ID="string_97" HPOS="466" VPOS="1064" WIDTH="23" HEIGHT="20" WC="0.93" CONTENT="af"/><SP WIDTH="14" VPOS="1064" HPOS="489"/>
							<String ID="string_98" HPOS="503" VPOS="1063" WIDTH="136" HEIGHT="21" WC="0.92" CONTENT="säbeskaffad"/><SP WIDTH="16" VPOS="1063" HPOS="639"/>
							<String ID="string_99" HPOS="655" VPOS="1063" WIDTH="156" HEIGHT="26" WC="0.92" CONTENT="protestantisk"/><SP WIDTH="16" VPOS="1063" HPOS="811"/>
							<String ID="string_100" HPOS="827" VPOS="1064" WIDTH="102" HEIGHT="26" WC="0.92" CONTENT="troslära,"/>
						</TextLine>
						<TextLine ID="line_18" HPOS="176" VPOS="1097" WIDTH="753" HEIGHT="30">
							<String ID="string_101" HPOS="176" VPOS="1107" WIDTH="46" HEIGHT="15" WC="0.96" CONTENT="som"/><SP WIDTH="16" VPOS="1107" HPOS="222"/>
							<String ID="string_102" HPOS="238" VPOS="1100" WIDTH="6" HEIGHT="21" WC="0.92" CONTENT="i"/><SP WIDTH="15" VPOS="1100" HPOS="244"/>
							<String ID="string_103" HPOS="259" VPOS="1100" WIDTH="12" HEIGHT="27" WC="0.65" CONTENT="&amp;"/><SP WIDTH="19" VPOS="1100" HPOS="271"/>
							<String ID="string_104" HPOS="290" VPOS="1101" WIDTH="8" HEIGHT="19" WC="0.93" CONTENT="1"/><SP WIDTH="19" VPOS="1101" HPOS="298"/>
							<String ID="string_105" HPOS="317" VPOS="1101" WIDTH="94" HEIGHT="23" WC="0.95" CONTENT="nämnes,"/><SP WIDTH="17" VPOS="1101" HPOS="411"/>
							<String ID="string_106" HPOS="428" VPOS="1098" WIDTH="39" HEIGHT="21" WC="0.96" CONTENT="här"/><SP WIDTH="16" VPOS="1098" HPOS="467"/>
							<String ID="string_107" HPOS="483" VPOS="1098" WIDTH="5" HEIGHT="20" WC="0.96" CONTENT="i"/><SP WIDTH="17" VPOS="1098" HPOS="488"/>
							<String ID="string_108" HPOS="505" VPOS="1098" WIDTH="75" HEIGHT="20" WC="0.93" CONTENT="landet"/><SP WIDTH="11" VPOS="1098" HPOS="580"/>
							<String ID="string_109" HPOS="591" VPOS="1098" WIDTH="58" HEIGHT="20" WC="0.93" CONTENT="bilda"/><SP WIDTH="10" VPOS="1098" HPOS="649"/>
							<String ID="string_110" HPOS="659" VPOS="1097" WIDTH="177" HEIGHT="27" WC="0.92" CONTENT="kyrkosamfund,"/><SP WIDTH="13" VPOS="1097" HPOS="836"/>
							<String ID="string_111" HPOS="849" VPOS="1098" WIDTH="80" HEIGHT="22" WC="0.93" CONTENT="ansöke"/>
						</TextLine>
						<TextLine ID="line_19" HPOS="176" VPOS="1132" WIDTH="753" HEIGHT="28">
							<String ID="string_112" HPOS="176" VPOS="1136" WIDTH="39" HEIGHT="20" WC="0.92" CONTENT="hos"/><SP WIDTH="23" VPOS="1136" HPOS="215"/>
							<String ID="string_113" HPOS="238" VPOS="1134" WIDTH="105" HEIGHT="26" WC="0.92" CONTENT="Kejsaren"/><SP WIDTH="23" VPOS="1134" HPOS="343"/>
							<String ID="string_114" HPOS="366" VPOS="1133" WIDTH="39" HEIGHT="21" WC="0.93" CONTENT="och"/><SP WIDTH="24" VPOS="1133" HPOS="405"/>
							<String ID="string_115" HPOS="429" VPOS="1132" WIDTH="133" HEIGHT="21" WC="0.92" CONTENT="Storfursten"/><SP WIDTH="24" VPOS="1132" HPOS="562"/>
							<String ID="string_116" HPOS="586" VPOS="1138" WIDTH="33" HEIGHT="15" WC="0.93" CONTENT="om"/><SP WIDTH="20" VPOS="1138" HPOS="619"/>
							<String ID="string_117" HPOS="639" VPOS="1132" WIDTH="98" HEIGHT="21" WC="0.90" CONTENT="tillständ"/><SP WIDTH="16" VPOS="1132" HPOS="737"/>
							<String ID="string_118" HPOS="753" VPOS="1132" WIDTH="72" HEIGHT="21" WC="0.91" CONTENT="dertill"/><SP WIDTH="17" VPOS="1132" HPOS="825"/>
							<String ID="string_119" HPOS="842" VPOS="1132" WIDTH="38" HEIGHT="21" WC="0.93" CONTENT="och"/><SP WIDTH="17" VPOS="1132" HPOS="880"/>
							<String ID="string_120" HPOS="897" VPOS="1133" WIDTH="32" HEIGHT="21" WC="0.92" CONTENT="in-"/>
						</TextLine>
						<TextLine ID="line_20" HPOS="176" VPOS="1166" WIDTH="752" HEIGHT="26">
							<String ID="string_121" HPOS="176" VPOS="1170" WIDTH="70" HEIGHT="20" WC="0.92" CONTENT="lemne"/><SP WIDTH="15" VPOS="1170" HPOS="246"/>
							<String ID="string_122" HPOS="261" VPOS="1167" WIDTH="70" HEIGHT="22" WC="0.96" CONTENT="tillika"/><SP WIDTH="17" VPOS="1167" HPOS="331"/>
							<String ID="string_123" HPOS="348" VPOS="1167" WIDTH="121" HEIGHT="25" WC="0.93" CONTENT="skriftligen"/><SP WIDTH="19" VPOS="1167" HPOS="469"/>
							<String ID="string_124" HPOS="488" VPOS="1167" WIDTH="88" HEIGHT="20" WC="0.78" CONTENT="affattad"/><SP WIDTH="16" VPOS="1167" HPOS="576"/>
							<String ID="string_125" HPOS="592" VPOS="1166" WIDTH="139" HEIGHT="25" WC="0.96" CONTENT="redogörelse"/><SP WIDTH="15" VPOS="1166" HPOS="731"/>
							<String ID="string_126" HPOS="746" VPOS="1166" WIDTH="34" HEIGHT="21" WC="0.96" CONTENT="för"/><SP WIDTH="15" VPOS="1166" HPOS="780"/>
							<String ID="string_127" HPOS="795" VPOS="1167" WIDTH="34" HEIGHT="20" WC="0.93" CONTENT="sin"/><SP WIDTH="15" VPOS="1167" HPOS="829"/>
							<String ID="string_128" HPOS="844" VPOS="1167" WIDTH="84" HEIGHT="21" WC="0.91" CONTENT="troshe-"/>
						</TextLine>
						<TextLine ID="line_21" HPOS="176" VPOS="1200" WIDTH="753" HEIGHT="27">
							<String ID="string_129" HPOS="176" VPOS="1202" WIDTH="103" HEIGHT="21" WC="0.92" CONTENT="kännelse"/><SP WIDTH="23" VPOS="1202" HPOS="279"/>
							<String ID="string_130" HPOS="302" VPOS="1201" WIDTH="39" HEIGHT="21" WC="0.92" CONTENT="och"/><SP WIDTH="23" VPOS="1201" HPOS="341"/>
							<String ID="string_131" HPOS="364" VPOS="1201" WIDTH="100" HEIGHT="26" WC="0.89" CONTENT="kyrkliga"/><SP WIDTH="23" VPOS="1201" HPOS="464"/>
							<String ID="string_132" HPOS="487" VPOS="1200" WIDTH="211" HEIGHT="26" WC="0.89" CONTENT="samfundsordning,"/><SP WIDTH="17" VPOS="1200" HPOS="698"/>
							<String ID="string_133" HPOS="715" VPOS="1200" WIDTH="116" HEIGHT="25" WC="0.91" CONTENT="äfvensom,"/><SP WIDTH="17" VPOS="1200" HPOS="831"/>
							<String ID="string_134" HPOS="848" VPOS="1201" WIDTH="38" HEIGHT="20" WC="0.96" CONTENT="der"/><SP WIDTH="17" VPOS="1201" HPOS="886"/>
							<String ID="string_135" HPOS="903" VPOS="1201" WIDTH="26" HEIGHT="21" WC="0.96" CONTENT="de"/>
						</TextLine>
						<TextLine ID="line_22" HPOS="177" VPOS="1234" WIDTH="751" HEIGHT="25">
							<String ID="string_136" HPOS="177" VPOS="1237" WIDTH="60" HEIGHT="20" WC="0.91" CONTENT="förut"/><SP WIDTH="22" VPOS="1237" HPOS="237"/>
							<String ID="string_137" HPOS="259" VPOS="1235" WIDTH="84" HEIGHT="21" WC="0.92" CONTENT="tillhört"/><SP WIDTH="23" VPOS="1235" HPOS="343"/>
							<String ID="string_138" HPOS="366" VPOS="1234" WIDTH="246" HEIGHT="25" WC="0.91" CONTENT="evangelisk-lutherska"/><SP WIDTH="16" VPOS="1234" HPOS="612"/>
							<String ID="string_139" HPOS="628" VPOS="1234" WIDTH="89" HEIGHT="25" WC="0.93" CONTENT="kyrkan,"/><SP WIDTH="17" VPOS="1234" HPOS="717"/>
							<String ID="string_140" HPOS="734" VPOS="1234" WIDTH="60" HEIGHT="21" WC="0.89" CONTENT="bevis"/><SP WIDTH="16" VPOS="1234" HPOS="794"/>
							<String ID="string_141" HPOS="810" VPOS="1241" WIDTH="33" HEIGHT="14" WC="0.93" CONTENT="om"/><SP WIDTH="17" VPOS="1241" HPOS="843"/>
							<String ID="string_142" HPOS="860" VPOS="1235" WIDTH="68" HEIGHT="20" WC="0.92" CONTENT="sädan"/>
						</TextLine>
						<TextLine ID="line_23" HPOS="176" VPOS="1267" WIDTH="751" HEIGHT="27">
							<String ID="string_143" HPOS="176" VPOS="1270" WIDTH="99" HEIGHT="21" WC="0.96" CONTENT="anmälan"/><SP WIDTH="16" VPOS="1270" HPOS="275"/>
							<String ID="string_144" HPOS="291" VPOS="1269" WIDTH="33" HEIGHT="20" WC="0.92" CONTENT="för"/><SP WIDTH="16" VPOS="1269" HPOS="324"/>
							<String ID="string_145" HPOS="340" VPOS="1268" WIDTH="86" HEIGHT="21" WC="0.93" CONTENT="utträde"/><SP WIDTH="16" VPOS="1268" HPOS="426"/>
							<String ID="string_146" HPOS="442" VPOS="1268" WIDTH="71" HEIGHT="25" WC="0.90" CONTENT="derur,"/><SP WIDTH="16" VPOS="1268" HPOS="513"/>
							<String ID="string_147" HPOS="529" VPOS="1273" WIDTH="46" HEIGHT="14" WC="0.96" CONTENT="som"/><SP WIDTH="16" VPOS="1273" HPOS="575"/>
							<String ID="string_148" HPOS="591" VPOS="1267" WIDTH="6" HEIGHT="20" WC="0.93" CONTENT="i"/><SP WIDTH="16" VPOS="1267" HPOS="597"/>
							<String ID="string_149" HPOS="613" VPOS="1267" WIDTH="12" HEIGHT="27" WC="0.92" CONTENT="$"/><SP WIDTH="13" VPOS="1267" HPOS="625"/>
							<String ID="string_150" HPOS="638" VPOS="1268" WIDTH="9" HEIGHT="19" WC="0.93" CONTENT="7"/><SP WIDTH="13" VPOS="1268" HPOS="647"/>
							<String ID="string_151" HPOS="660" VPOS="1269" WIDTH="99" HEIGHT="23" WC="0.93" CONTENT="nämnes;"/><SP WIDTH="16" VPOS="1269" HPOS="759"/>
							<String ID="string_152" HPOS="775" VPOS="1268" WIDTH="102" HEIGHT="26" WC="0.92" CONTENT="uppgifve"/><SP WIDTH="11" VPOS="1268" HPOS="877"/>
							<String ID="string_153" HPOS="888" VPOS="1268" WIDTH="39" HEIGHT="21" WC="0.96" CONTENT="ock"/>
						</TextLine>
						<TextLine ID="line_24" HPOS="177" VPOS="1301" WIDTH="750" HEIGHT="28">
							<String ID="string_154" HPOS="177" VPOS="1305" WIDTH="39" HEIGHT="20" WC="0.95" CONTENT="den"/><SP WIDTH="18" VPOS="1305" HPOS="216"/>
							<String ID="string_155" HPOS="234" VPOS="1305" WIDTH="34" HEIGHT="20" WC="0.95" CONTENT="ort"/><SP WIDTH="16" VPOS="1305" HPOS="268"/>
							<String ID="string_156" HPOS="284" VPOS="1303" WIDTH="52" HEIGHT="22" WC="0.96" CONTENT="eller"/><SP WIDTH="16" VPOS="1303" HPOS="336"/>
							<String ID="string_157" HPOS="352" VPOS="1303" WIDTH="25" HEIGHT="20" WC="0.93" CONTENT="de"/><SP WIDTH="16" VPOS="1303" HPOS="377"/>
							<String ID="string_158" HPOS="393" VPOS="1303" WIDTH="64" HEIGHT="25" WC="0.91" CONTENT="orter,"/><SP WIDTH="17" VPOS="1303" HPOS="457"/>
							<String ID="string_159" HPOS="474" VPOS="1302" WIDTH="87" HEIGHT="21" WC="0.92" CONTENT="hvarest"/><SP WIDTH="16" VPOS="1302" HPOS="561"/>
							<String ID="string_160" HPOS="577" VPOS="1301" WIDTH="26" HEIGHT="20" WC="0.93" CONTENT="de"/><SP WIDTH="16" VPOS="1301" HPOS="603"/>
							<String ID="string_161" HPOS="619" VPOS="1301" WIDTH="68" HEIGHT="21" WC="0.92" CONTENT="önska"/><SP WIDTH="16" VPOS="1301" HPOS="687"/>
							<String ID="string_162" HPOS="703" VPOS="1301" WIDTH="80" HEIGHT="21" WC="0.91" CONTENT="inrätta"/><SP WIDTH="11" VPOS="1301" HPOS="783"/>
							<String ID="string_163" HPOS="794" VPOS="1301" WIDTH="133" HEIGHT="28" WC="0.96" CONTENT="församling."/>
						</TextLine>
						<TextLine ID="line_25" HPOS="176" VPOS="1336" WIDTH="752" HEIGHT="27">
							<String ID="string_164" HPOS="176" VPOS="1339" WIDTH="100" HEIGHT="22" WC="0.85" CONTENT="Befinnas"/><SP WIDTH="24" VPOS="1339" HPOS="276"/>
							<String ID="string_165" HPOS="300" VPOS="1337" WIDTH="138" HEIGHT="22" WC="0.92" CONTENT="förenämnda"/><SP WIDTH="23" VPOS="1337" HPOS="438"/>
							<String ID="string_166" HPOS="461" VPOS="1336" WIDTH="177" HEIGHT="22" WC="0.92" CONTENT="trosbekännelse"/><SP WIDTH="23" VPOS="1336" HPOS="638"/>
							<String ID="string_167" HPOS="661" VPOS="1336" WIDTH="39" HEIGHT="21" WC="0.93" CONTENT="och"/><SP WIDTH="24" VPOS="1336" HPOS="700"/>
							<String ID="string_168" HPOS="724" VPOS="1337" WIDTH="204" HEIGHT="26" WC="0.92" CONTENT="samfundsordning"/>
						</TextLine>
						<TextLine ID="line_26" HPOS="174" VPOS="1371" WIDTH="753" HEIGHT="27">
							<String ID="string_169" HPOS="174" VPOS="1373" WIDTH="48" HEIGHT="22" WC="0.96" CONTENT="icke"/><SP WIDTH="23" VPOS="1373" HPOS="222"/>
							<String ID="string_170" HPOS="245" VPOS="1372" WIDTH="108" HEIGHT="22" WC="0.96" CONTENT="innehålla"/><SP WIDTH="23" VPOS="1372" HPOS="353"/>
							<String ID="string_171" HPOS="376" VPOS="1372" WIDTH="65" HEIGHT="25" WC="0.96" CONTENT="något"/><SP WIDTH="22" VPOS="1372" HPOS="441"/>
							<String ID="string_172" HPOS="463" VPOS="1377" WIDTH="45" HEIGHT="15" WC="0.96" CONTENT="som"/><SP WIDTH="23" VPOS="1377" HPOS="508"/>
							<String ID="string_173" HPOS="531" VPOS="1373" WIDTH="58" HEIGHT="19" WC="0.96" CONTENT="emot"/><SP WIDTH="22" VPOS="1373" HPOS="589"/>
							<String ID="string_174" HPOS="611" VPOS="1371" WIDTH="36" HEIGHT="26" WC="0.96" CONTENT="lag"/><SP WIDTH="16" VPOS="1371" HPOS="647"/>
							<String ID="string_175" HPOS="663" VPOS="1371" WIDTH="39" HEIGHT="21" WC="0.93" CONTENT="och"/><SP WIDTH="17" VPOS="1371" HPOS="702"/>
							<String ID="string_176" HPOS="719" VPOS="1371" WIDTH="106" HEIGHT="26" WC="0.91" CONTENT="sedlighet"/><SP WIDTH="16" VPOS="1371" HPOS="825"/>
							<String ID="string_177" HPOS="841" VPOS="1372" WIDTH="86" HEIGHT="26" WC="0.96" CONTENT="strider,"/>
						</TextLine>
						<TextLine ID="line_27" HPOS="175" VPOS="1405" WIDTH="752" HEIGHT="28">
							<String ID="string_178" HPOS="175" VPOS="1409" WIDTH="40" HEIGHT="21" WC="0.93" CONTENT="och"/><SP WIDTH="22" VPOS="1409" HPOS="215"/>
							<String ID="string_179" HPOS="237" VPOS="1408" WIDTH="77" HEIGHT="21" WC="0.92" CONTENT="varder"/><SP WIDTH="24" VPOS="1408" HPOS="314"/>
							<String ID="string_180" HPOS="338" VPOS="1407" WIDTH="146" HEIGHT="26" WC="0.92" CONTENT="ansökningen"/><SP WIDTH="16" VPOS="1407" HPOS="484"/>
							<String ID="string_181" HPOS="500" VPOS="1405" WIDTH="94" HEIGHT="26" WC="0.91" CONTENT="bifallen,"/><SP WIDTH="17" VPOS="1405" HPOS="594"/>
							<String ID="string_182" HPOS="611" VPOS="1412" WIDTH="38" HEIGHT="20" WC="0.93" CONTENT="ege"/><SP WIDTH="17" VPOS="1412" HPOS="649"/>
							<String ID="string_183" HPOS="666" VPOS="1406" WIDTH="124" HEIGHT="22" WC="0.92" CONTENT="sökandene"/><SP WIDTH="16" VPOS="1406" HPOS="790"/>
							<String ID="string_184" HPOS="806" VPOS="1408" WIDTH="44" HEIGHT="19" WC="0.96" CONTENT="rätt"/><SP WIDTH="15" VPOS="1408" HPOS="850"/>
							<String ID="string_185" HPOS="865" VPOS="1409" WIDTH="39" HEIGHT="24" WC="0.96" CONTENT="att,"/><SP WIDTH="16" VPOS="1409" HPOS="904"/>
							<String ID="string_186" HPOS="920" VPOS="1407" WIDTH="7" HEIGHT="21" WC="0.96" CONTENT="i"/>
						</TextLine>
						<TextLine ID="line_28" HPOS="174" VPOS="1441" WIDTH="752" HEIGHT="28">
							<String ID="string_187" HPOS="174" VPOS="1443" WIDTH="96" HEIGHT="26" WC="0.95" CONTENT="enlighet"/><SP WIDTH="22" VPOS="1443" HPOS="270"/>
							<String ID="string_188" HPOS="292" VPOS="1442" WIDTH="48" HEIGHT="22" WC="0.95" CONTENT="med"/><SP WIDTH="23" VPOS="1442" HPOS="340"/>
							<String ID="string_189" HPOS="363" VPOS="1442" WIDTH="26" HEIGHT="21" WC="0.93" CONTENT="de"/><SP WIDTH="20" VPOS="1442" HPOS="389"/>
							<String ID="string_190" HPOS="409" VPOS="1441" WIDTH="69" HEIGHT="21" WC="0.92" CONTENT="vilkor"/><SP WIDTH="16" VPOS="1441" HPOS="478"/>
							<String ID="string_191" HPOS="494" VPOS="1441" WIDTH="38" HEIGHT="21" WC="0.91" CONTENT="och"/><SP WIDTH="16" VPOS="1441" HPOS="532"/>
							<String ID="string_192" HPOS="548" VPOS="1441" WIDTH="167" HEIGHT="26" WC="0.91" CONTENT="bestämningar,"/><SP WIDTH="18" VPOS="1441" HPOS="715"/>
							<String ID="string_193" HPOS="733" VPOS="1441" WIDTH="121" HEIGHT="21" WC="0.91" CONTENT="hvarunder"/><SP WIDTH="16" VPOS="1441" HPOS="854"/>
							<String ID="string_194" HPOS="870" VPOS="1447" WIDTH="56" HEIGHT="16" WC="0.92" CONTENT="sam-"/>
						</TextLine>
					</TextBlock>
				</ComposedBlock>
				<GraphicalElement ID="cblock_4" HPOS="999" VPOS="988" WIDTH="7" HEIGHT="712"></GraphicalElement >
			</PrintSpace>
		</Page>
	</Layout>
</alto>
