1048 1709
797 144 27 12 vu

238 193 32 20 ter
284 192 69 27 någon
372 194 30 20 att
419 194 70 27 äilyda
508 195 152 27 myndighetens
678 196 42 20 bud
738 202 32 14 om
792 203 53 19 upp-

239 226 81 27 lösning
345 227 26 27 af
390 228 171 27 sammankomst;
584 230 43 20 böte
649 230 59 26 högst
729 230 117 21 tvähundra

238 260 65 21 mark.

140 323 19 20 3.
191 322 98 22 Rörande
304 325 15 19 2
334 331 59 14 mom.
410 325 14 21 5
438 325 15 27 $
468 327 13 19 1
498 325 53 27 Kap.
567 326 25 27 af
604 326 100 26 förslaget
718 326 32 21 till
763 326 45 27 för-

263 358 88 27 ordning
367 366 33 14 om
414 359 152 28 verkställighet
580 360 26 27 af
617 360 67 27 straff.

169 409 32 20 Då
219 410 32 19 det
269 417 58 19 synes
346 412 145 20 undertecknad
510 412 119 26 fullkomligt
648 413 102 25 olämpligt
765 415 29 17 att
809 413 36 19 den

99 443 77 26 dömde,
199 444 58 20 innan
279 444 37 20 han
339 446 73 19 utföres
434 446 32 19 till
488 447 151 25 afrättsplatsen,
664 448 72 18 tillåtes
759 449 29 17 att
806 448 38 18 för-

100 480 44 17 tära
159 484 33 13 ens
211 484 23 13 en
252 479 74 19 mindre
345 480 96 25 qvantitet
461 482 67 18 starka
547 482 82 24 drycker
647 482 36 19 och
702 482 24 18 då
744 482 32 18 det
791 482 54 19 torde

101 518 48 14 vara
171 519 40 13 mer
233 516 24 16 än
279 514 101 25 vanskligt
402 517 29 17 att
450 515 67 25 afgöra
537 515 48 20 huru
604 516 78 25 mycket
700 516 104 24 spirituosa
822 522 24 13 en

100 553 76 19 person,
192 554 40 12 som
247 548 85 20 befinner
347 549 32 25 sig
393 551 28 17 ett
436 549 7 19 i
458 550 69 19 sådant
546 550 142 26 själstillstånd,
704 556 41 13 som
760 550 36 19 den
812 550 32 19 Jif-

99 580 76 27 dömde,
191 582 38 19 kan
245 582 79 26 förtära,
335 585 46 17 utan
397 586 29 16 att
440 584 87 26 berusas,
538 584 35 20 har
586 585 35 25 jag
635 588 46 16 äran
697 586 29 18 att
740 585 81 19 föreslå:

269 618 30 19 att
325 618 8 19 2
350 623 59 14 mom.
431 618 13 20 5
462 617 15 28 $
495 619 13 19 1
528 617 53 27 Kap.
602 617 26 28 af
639 618 101 26 förslaget
754 618 32 20 till
800 618 44 27 för-

236 650 89 28 ordning
339 658 32 14 om
386 651 152 28 verkställighet
553 652 22 26 af
590 652 65 26 straff
666 652 102 21 uteslutes.

591 698 56 22 Jon.
664 698 111 22 Castrén.

466 847 16 21 3.

400 906 13 19 1
427 905 15 28 $
458 906 28 20 21
501 905 46 27 kap.

167 957 67 20 Ehuru
256 958 154 19 undertecknade
429 964 45 13 anse
493 960 29 18 att
540 958 104 19 dödsstraff
660 958 60 19 mäste
739 958 81 20 kvarstä
837 959 7 19 i

98 992 77 19 landets
191 992 87 25 strafflag
293 992 30 19 för
338 992 53 20 vissa
406 992 184 26 statsförbrytelser,
604 992 65 19 kunna
683 992 21 20 vi
715 992 49 20 dock
775 993 17 25 ej
804 999 38 13 om-

98 1026 51 20 fatta
161 1026 93 19 flertalets
269 1027 22 19 af
304 1026 102 20 Utskottet
421 1027 51 25 äsigt
487 1029 30 17 att
531 1026 98 20 bibehälla
645 1027 53 19 detta
712 1027 56 19 straff
781 1028 62 18 säsom

98 1060 75 26 påföljd
188 1060 58 20 äfven
261 1060 30 20 för
305 1061 60 19 mord.

166 1094 41 20 Der
226 1094 43 20 icke
288 1095 128 25 synpunkter,
435 1095 69 19 hvilka
522 1095 54 25 ligga
593 1097 52 17 utom
661 1095 127 19 straffrättens
804 1102 38 12 om-

98 1128 53 26 råde,
166 1128 84 20 behöfva
265 1129 76 19 komma
356 1129 60 19 under
431 1129 150 25 öfvervägande,
597 1129 37 19 kan
651 1129 131 19 dödsstraffets
794 1136 48 19 upp-

98 1163 83 25 tagande
196 1163 7 19 i
219 1163 112 25 strafflagen
347 1175 24 2 —
389 1163 80 19 oaktadt
484 1164 53 18 detta
551 1163 56 19 straff
620 1164 25 24 på
658 1164 63 24 grund
732 1164 22 18 af
763 1164 79 19 admini-

97 1197 72 19 strativ
187 1197 122 25 bestämning
324 1197 21 19 af
359 1197 35 19 den
411 1197 24 19 21
452 1197 59 25 April
529 1197 50 20 1826
595 1198 43 18 icke
655 1198 65 18 vidare
736 1198 106 24 tillämpats

98 1232 6 18 i
119 1231 83 20 Finland
217 1231 36 19 och
267 1231 84 19 änskönt
365 1234 69 22 regent
449 1231 35 19 och
500 1232 77 19 ständer
591 1232 34 18 vid
642 1231 52 19 1863
707 1232 31 18 års
750 1232 93 25 landtdag

98 1272 47 13 voro
165 1272 45 13 ense
227 1272 30 13 om
275 1266 43 18 dess
333 1266 128 24 fullständiga
476 1266 143 20 bortlemnande
634 1265 43 19 från
692 1266 36 19 den
743 1266 99 19 blifvande

97 1300 160 24 brottmålslagen
278 1311 27 2 —
325 1299 67 19 endast
410 1300 98 19 försvaras
527 1299 109 26 derigenom
655 1302 29 16 att
701 1300 59 25 sagde
778 1300 63 19 straffs

98 1334 105 24 oafvisliga
223 1333 145 24 nödvändighet
388 1334 30 17 för
436 1334 165 24 rättsordningens
619 1334 133 23 betryggande
771 1334 70 24 ådaga-

97 1366 74 26 lägges.
201 1366 34 19 Ett
254 1366 69 20 sådant
340 1366 55 19 bevis
414 1366 35 19 har
468 1366 107 20 emellertid
593 1367 43 19 icke
651 1367 115 24 förebragts.
796 1366 46 20 Fast

97 1400 62 20 hellre
182 1400 37 20 kan
242 1406 53 13 mera
313 1403 23 17 än
356 1406 34 13 sex
409 1400 110 20 decenniers
539 1400 110 20 erfarenhet
666 1400 94 25 åberopas
779 1400 62 20 såsom

98 1435 43 20 stöd
156 1434 30 20 för
201 1436 28 18 att
244 1434 121 20 dödsstraffet
381 1434 73 20 kunnat
469 1434 89 20 umbäras
573 1434 51 20 inom
639 1434 33 20 det
684 1434 64 20 finska
758 1434 82 20 samhäl-

165 1468 176 24 Straflagsutskottets
352 1468 103 17 betänkande
468 1468 34 17 N:o
515 1469 15 16 1.
