1045 1703
341 136 72 22 Ständ.
426 136 32 22 Sv.
473 148 27 4 —
516 137 58 28 Prop.
589 137 35 22 N:o
639 137 32 22 10.
842 139 25 20 15

562 201 15 26 $
591 201 30 20 11.

354 245 37 19 Vill
404 245 79 20 medlem
498 246 26 24 af
535 245 214 25 evangelisk-lutherska
762 245 75 25 kyrkan
851 246 45 24 ingå

282 279 103 24 äktenskap
400 279 43 19 med
457 279 107 20 bekännare
579 280 26 23 af
616 285 64 14 annan
691 279 140 26 protestantisk
846 281 51 18 tros-

282 313 50 23 lära,
348 313 51 19 skall
413 313 124 25 äktenskapet
549 319 68 19 genom
636 313 60 24 vigsel
711 314 57 24 enligi
781 313 115 25 kyrkolagen

282 346 91 25 afslutas.
403 346 36 20 Om
454 348 54 24 begge
519 348 160 20 kontrahenterna
690 348 79 19 tillhöra
779 354 64 13 annan
849 354 47 18 pro-

284 381 100 20 testantisk
399 381 86 20 troslära
500 383 26 18 än
541 382 35 19 den
594 382 217 24 evangelisk-lutherska,
827 382 34 19 mä
876 381 22 21 de

282 415 29 25 sig
326 416 78 19 emellan
423 416 168 24 öfverenskomma,
613 416 57 25 enligt
683 416 75 20 hvilken
772 416 125 25 församlings

282 450 48 19 bruk
349 450 59 24 vigsel
427 450 50 20 skall
496 450 43 25 ske;
556 450 34 20 och
604 456 42 19 eger
661 450 136 25 föreståndare
811 456 86 14 ansvara

282 484 73 24 derför,
374 486 29 18 att
420 485 51 19 hvad
486 485 90 24 gällande
594 485 31 24 lag
640 485 33 20 och
688 485 142 24 författningar
845 483 51 28 före-

282 518 77 25 skrifva
377 518 120 28 beträffande
516 519 80 25 lysning,
612 519 183 25 äktenskapshinder
809 519 33 19 och
856 520 42 24 för-

283 553 42 25 ord,
341 553 101 25 afvittring
460 554 33 20 och
511 554 65 24 öfriga
593 554 124 24 iakttagelser
735 553 33 20 vid
781 553 116 25 äktenskaps

282 588 92 24 ingående
387 588 73 20 varder
474 588 98 25 behörigen
587 588 97 25 iakttaget.

351 623 51 24 Den,
421 629 41 14 som
480 623 52 24 viger
552 621 107 22 bekännare
673 621 27 28 af
712 629 65 13 annan
789 624 109 23 protestan-

284 657 37 20 tisk
337 658 86 19 troslära
437 658 25 19 än
478 657 36 20 den
528 657 218 25 evangelisk-lutherska,
763 663 46 14 vare
824 657 74 25 skyldig

283 692 30 18 att
326 691 51 20 inom
392 698 35 13 sex
442 691 67 20 veckor
529 691 83 25 derefter
627 691 30 20 till
671 691 41 25 den,
729 697 41 13 som
785 690 69 20 beviset
869 698 29 12 om

282 726 128 20 hinderlöshet
425 726 29 19 till
468 726 72 24 vigseln
554 726 97 24 utfärdat,
668 725 76 25 afgifva
754 724 87 28 skriftlig
850 732 47 18 upp-

282 760 41 26 gift
338 767 30 13 om
383 761 70 25 vigseln
468 762 52 19 samt
535 761 56 23 tiden,
605 762 39 18 när
659 760 35 20 den
709 762 30 22 egt
752 766 49 14 rum.

560 818 15 26 $
590 818 31 20 12.

353 863 74 20 Dömes
446 864 30 19 till
494 863 77 20 skilnad
588 864 9 19 i
614 863 104 25 trolofning
736 864 45 20 eller
795 862 103 25 äktenskap

285 898 80 19 emellan
379 898 107 20 bekännare
501 898 25 24 af
538 904 65 14 annan
618 898 141 24 protestantisk
774 898 85 19 troslära
875 898 25 18 än

285 932 35 20 den
335 932 107 25 evangelisk
456 933 103 24 lutherska,
573 932 50 25 gälle
637 932 67 20 domen
719 933 45 19 eller
775 932 82 24 utslaget
866 931 34 24 för

284 966 107 25 skiljobref.
424 966 50 24 Vilja
489 967 97 25 fästekjon
600 966 74 24 skiljas,
691 967 33 19 och
738 966 59 24 hafva
809 966 22 20 de
843 966 56 19 hvar-

285 1001 64 19 andra
364 1001 18 23 ej
395 1000 75 26 häfdat,
486 1003 45 22 göre
546 1001 91 19 anmälan
651 1000 34 20 hos
700 1000 86 24 Senaten,
798 1000 33 20 och
840 1000 60 25 gånge

286 1035 86 24 fästning
386 1035 49 19 åter.

357 1067 75 22 Tillhör
454 1069 8 20 i
483 1069 57 20 dessa
561 1069 38 24 fall
620 1075 35 13 ena
669 1069 115 24 fästehjonet
799 1067 46 22 eller
859 1074 40 14 ma-

284 1103 37 20 ken
341 1102 213 25 evangelisk-lutherska
577 1103 79 24 kyrkan,
676 1103 93 24 förhålles
791 1101 50 28 efter
863 1102 35 20 all-

287 1138 46 19 män
348 1137 37 24 lag.

564 1194 15 27 $
594 1194 29 19 13.

355 1234 58 20 Barn
438 1234 26 25 af
485 1235 45 19 äkta
555 1234 74 23 makar,
653 1234 64 20 hvilka
742 1234 53 25 begge
817 1233 85 21 bekänna

286 1274 76 14 samma
383 1269 152 24 protestantiska
558 1269 91 24 troslära,
673 1269 50 18 skall
744 1268 8 19 i
773 1268 62 24 sagda
858 1269 44 18 lära

287 1301 121 28 uppfostras.

356 1337 36 19 Om
406 1337 127 23 föräldrarne
548 1337 77 18 tillhöra
633 1336 51 19 olika
691 1336 153 24 protestantiska
853 1337 48 17 tros-

288 1370 125 23 bekännelser,
437 1375 31 18 ege
489 1369 77 24 fadren,
589 1369 50 23 eller,
656 1370 9 18 i
678 1369 88 19 händelse
780 1369 38 20 han
833 1370 24 18 är
872 1369 30 24 af-

288 1404 50 20 liden
360 1405 45 19 eller
426 1404 92 19 makarne
537 1403 51 26 lefva
603 1403 62 20 skilda
684 1403 46 20 eller
744 1403 127 24 föräldrarne
885 1403 18 24 ej

288 1439 61 26 ingått
364 1439 103 25 äktenskap
487 1439 42 20 med
546 1439 117 24 hvarandra,
681 1439 40 25 den,
737 1438 74 21 hvilken
826 1439 77 20 barnets
