1017 1703
314 125 65 26 Ständ.
394 127 31 24 8v.
440 140 27 4 —
483 128 54 29 Prop.
552 127 32 24 N:o
598 128 16 23 1.
786 129 27 21 53

92 194 38 26 gat
144 193 42 27 &:n,
201 193 85 22 hvilken
300 193 124 28 härigenom
438 194 95 22 kommer
546 195 33 21 att
588 194 33 21 till
630 194 94 27 lydelsen
735 194 107 22 öfverens-

92 229 90 20 stämma
196 229 49 20 med
259 235 29 14 nu
302 229 100 26 gällande
416 229 42 27 lag.

159 261 13 21 8
187 262 21 26 &.
237 262 72 27 Enligt
331 263 70 21 denna
422 262 12 27 $
456 263 74 26 skulle,
553 263 7 21 i
581 263 89 21 motsats
690 263 34 21 till
738 263 55 20 hvad
807 262 34 21 för

91 296 132 21 närvarande
237 298 25 19 är
276 296 106 27 stadgadt,
396 297 156 26 ärekränkning
566 297 57 21 emot
632 296 124 27 myndighet
764 296 77 21 under-

90 329 50 27 lyda
162 330 88 21 allmänt
268 330 50 22 åtal.
348 330 118 22 Ständerna
484 337 51 15 anse
552 331 65 21 likväl
637 337 29 14 nu
686 330 98 27 gällande
805 330 36 28 lag

90 364 129 22 härutinnan
233 371 51 15 vara
299 366 32 20 att
346 364 118 28 föredraga,
480 366 88 21 emedan
583 364 81 22 brottet
678 364 45 22 ofta
738 364 41 22 kan
789 370 51 16 vara

90 398 24 22 sä
133 398 61 28 ringa
214 399 51 21 eller
280 399 61 27 eljest
356 399 24 21 sä
394 399 125 27 beskaffadt,
535 401 32 20 att
582 398 43 22 ätal
640 399 18 27 ej
674 400 56 20 emot
744 398 95 28 myndig-

88 432 75 22 hetens
182 432 51 28 vilja
251 434 41 20 bör
308 439 40 20 ega
367 439 54 15 rum.
450 427 202 33 Äklagareständets
670 433 122 21 nuvarande
806 434 33 20 ut-

88 466 96 27 bildning
202 468 25 20 är
243 466 48 22 icke
310 467 68 21 heller
396 467 66 22 sädan
480 469 32 19 att
530 467 64 27 nödig
607 466 233 28 urskiljningsförmäga

88 501 7 21 i
112 507 29 15 nu
159 500 162 28 ifrägavarande
339 501 121 22 hänseende
477 501 61 22 alltid
552 502 44 21 kan
610 500 131 22 förutsättas.
770 496 70 26 Äfven

88 535 67 27 enligt
165 535 115 22 utländska
294 536 60 27 lagar
369 535 40 22 hör
424 536 157 27 ärekränkning
594 537 45 20 mot
653 535 126 27 tjensteman
788 541 51 16 van-

87 569 57 27 ligen
162 570 48 21 icke
229 570 68 21 under
317 571 87 21 allmänt
422 571 44 21 åtal
480 572 52 20 utan
547 571 178 26 tjenstemannens
740 570 52 21 eller
808 569 30 21 öf-

86 605 121 21 verordnad
221 605 133 26 myndighets
369 605 105 22 anmälan.

156 639 69 22 Sedan
242 639 120 21 Ständerna
377 639 7 21 i
399 639 13 21 8
426 639 50 27 kap.
487 640 97 26 upptagit
591 639 107 21 allmänna
705 638 131 27 stadganden

87 678 34 16 om
144 673 120 22 succession
287 673 23 21 af
330 673 211 27 målseganderätten,
561 673 63 27 följer
639 673 61 21 deraf
712 674 32 20 att
759 673 55 21 hvad
829 673 7 21 i

86 707 69 22 denna
164 706 12 28 $
186 706 102 23 särskildt
298 707 33 22 för
340 708 209 30 ärekränkningsmål
557 708 86 26 stadgas
652 707 38 21 bör
698 707 67 27 utgå
754 702 11 40 i
774 706 63 27 öfrigt

85 742 60 21 utom
160 742 68 21 såvidt
243 742 117 22 detsamma
374 742 66 28 angår
454 742 125 27 skymfande
594 742 23 21 af
631 742 42 22 död
688 748 60 15 mans
758 742 78 22 minne.

685 777 5 9 ,

372 838 38 20 28
422 838 128 24 Kapitlet.

153 885 45 28 18.
228 886 38 21 Att
283 885 68 23 första
369 892 61 16 resan
446 886 62 26 stöld,
524 886 88 22 oaktadt
627 885 59 22 detta
701 885 59 21 brott
774 886 61 21 alltid

83 921 80 21 ansetts
186 919 70 23 såsom
270 926 26 16 en
312 920 70 27 gröfre
397 920 133 28 förbrytelse,
546 920 65 27 enligt
626 920 98 27 gällande
739 921 43 21 rätt
796 920 37 22 be-

83 954 83 22 straffas
185 955 48 21 med
252 954 62 22 böter
334 954 76 22 härrör
424 955 24 21 af
460 955 40 21 den
516 954 149 22 dominerande
680 954 100 28 ställning
796 955 38 21 bö-

81 988 117 22 tesstraffet
216 989 66 27 enligt
303 989 55 21 1734
377 989 35 21 års
431 990 35 26 lag
480 990 84 26 intager
578 989 7 22 i
600 989 170 27 straffsystemet.
800 990 34 21 Då

82 1022 62 22 böter
164 1022 66 27 enligt
244 1023 100 22 nutidens
359 1023 188 27 rättsuppfattning
562 1023 52 21 böra
629 1024 76 26 utgöra
720 1024 64 21 straff
796 1030 37 15 en-

82 1057 48 21 dast
143 1057 34 21 för
193 1057 25 21 de
233 1057 82 22 mindre
329 1057 91 26 brotten,
436 1063 50 16 anse
502 1057 118 22 Ständerna
630 1057 125 22 bötesstraff
764 1057 19 27 ej
794 1064 38 15 un-

82 1091 38 22 der
138 1091 67 27 några
224 1091 148 21 förhållanden
388 1091 54 22 böra
456 1093 90 20 utsättas
561 1091 70 22 såsom
646 1091 63 22 straff
721 1091 34 21 för
770 1091 62 22 stöld.

80 1125 77 22 Denna
176 1125 130 27 ståndpunkt
326 1127 23 20 är
364 1125 64 22 också
442 1125 86 27 intagen
543 1125 23 22 af
579 1125 67 22 andra
660 1132 65 21 nyare
740 1125 92 22 straffla-

79 1166 45 21 gar.
154 1159 42 22 För
216 1159 64 28 öfrigt
300 1159 63 23 hafva
378 1160 118 22 Ständerna
510 1161 53 21 trott
577 1159 255 23 straffbestämmelserna

79 1194 70 22 tarfva
163 1194 115 27 skärpning
292 1194 62 22 äfven
364 1194 8 21 i
382 1194 23 22 så
415 1194 65 22 måtto
491 1196 31 20 att
531 1194 178 27 fängelsestraffet
719 1194 33 22 får
761 1195 70 27 uppgå

79 1228 56 22 ända
154 1228 34 22 till
206 1229 32 21 ett
257 1228 24 22 år
301 1230 55 20 samt
370 1230 32 20 att
416 1228 68 22 under
498 1228 138 22 försvårande
652 1229 180 27 omständigheter

79 1262 75 22 endast
170 1263 88 21 tukthus
274 1263 92 21 ådömes.

147 1296 112 22 Likaledes
274 1297 39 21 har
328 1297 84 22 straffet
426 1298 34 20 för
474 1298 94 26 snatteri,
584 1298 48 20 med
648 1297 97 22 afseende
753 1298 78 27 jemväl

78 1331 13 20 å
105 1330 57 21 hvad
176 1331 35 20 vid
226 1331 13 20 8
254 1331 11 27 $
280 1332 96 20 kommer
386 1333 33 19 att
428 1332 90 25 anföras,
529 1334 80 18 ansetts
619 1332 53 21 böra
681 1332 60 26 höjas
751 1332 33 20 till
792 1332 38 20 bö-

78 1365 33 20 ter
126 1364 62 26 högst
203 1364 119 21 tvåhundra
336 1364 61 21 mark
412 1365 52 20 eller
478 1364 94 27 fängelse
582 1365 18 26 ej
611 1365 58 20 öfver
679 1366 33 20 tre
722 1365 107 21 månader.

146 1393 69 26 Äfven
236 1398 73 23 försök
326 1397 33 23 till
377 1399 88 21 snatteri
485 1405 60 21 synes
564 1399 54 22 böra
640 1405 51 16 vara
711 1399 117 27 straffbart,

78 1433 89 22 emedan
186 1433 41 27 det,
248 1433 26 21 då
289 1433 74 22 försök
381 1433 33 21 till
430 1433 56 22 stöld
501 1435 35 25 egt
551 1439 53 21 rum,
621 1433 44 23 ofta
680 1433 19 27 ej
714 1435 43 22 kan
772 1436 58 21 utre-
