1039 1700
322 133 22 25 U.
360 134 25 25 B.
397 145 29 6 —
442 134 63 29 Prop.
521 134 39 24 N:o
575 134 31 24 10.
790 136 27 22 13

87 199 121 28 fattningen
215 199 67 27 enligt
292 200 318 28 sammanjemkningsförslaget
619 200 84 23 komme
713 202 33 20 att
756 200 87 28 erhälla,

87 233 33 22 fär
135 233 111 23 Utskottet
260 234 110 21 vördsamt
384 234 89 22 föreslä:

294 275 32 20 att
343 274 160 27 Ridderskapet
521 275 41 24 och;
576 275 72 21 Adeln
662 275 59 21 samt
735 274 110 27 Borgare-

224 307 87 22 ståndet
331 309 49 21 ville
402 309 84 26 antaga
508 309 105 21 rubriken
632 309 32 22 till
681 309 162 27 författningen

224 342 66 27 enligt
305 342 41 22 den
360 341 86 28 nädiga
457 343 172 27 propositionen.

394 405 146 27 Ingressen.

154 443 166 30 Ridderskapet
342 445 42 22 och
406 444 72 23 Adeln
501 446 55 20 samt
575 443 190 29 Borgareständet
780 445 63 22 hafva

85 479 95 26 godkänt
195 479 109 28 ingressen
320 479 66 27 enligt
401 479 40 22 den
451 479 68 22 första
528 480 166 26 reservationen,
705 477 138 24 Prestestän-

85 511 39 24 det
145 513 67 27 enligt
233 513 146 22 betänkandet
399 513 40 22 och
458 512 165 24 Bondeständet
638 514 66 27 enligt
719 514 41 21 den
775 513 68 22 andra

85 548 166 22 reservationen.

153 582 96 22 Emedan
263 585 77 19 tvenne
356 582 66 22 Ständ
437 582 95 28 sälunda,
548 582 7 22 i
570 582 69 22 likhet
653 583 49 21 med
713 583 40 21 den
763 582 78 27 nädiga

85 616 171 28 propositionen,
279 618 70 20 ansett
375 616 155 28 författningen
552 616 47 22 icke
624 616 77 22 beröra
725 616 115 28 grundlag,

85 652 56 21 samt
161 651 129 26 stadgandet
312 651 7 21 i
347 650 5 28 $
375 651 29 22 15
426 657 35 15 om
484 651 83 28 edgång
589 651 67 26 enligt
677 651 163 27 sammanjemk-

84 684 166 29 ningsförslaget
264 685 85 22 komme
364 686 32 21 att
410 685 125 28 bibehållas,
553 685 33 22 får
604 685 111 22 Utskottet
732 686 108 21 vördsamt

84 719 89 23 föreslå:
651 738 8 8 «

292 755 32 20 att
345 755 80 21 Preste-
448 755 38 21 och
507 754 169 23 Bondeständen
693 755 48 22 ville
756 755 85 27 antaga

220 789 98 27 följande
332 789 88 27 ingress
434 789 32 22 till
481 789 41 22 den
530 790 131 27 föreslagna
668 789 173 28 författningen:

290 823 50 22 Med
354 823 98 27 ändring
466 824 29 27 af
505 824 80 27 Kongl.
601 824 144 27 kungörelsen
759 824 42 21 den
810 824 29 21 24

221 857 100 22 Januari
336 858 63 27 1781,
414 857 14 22 4
443 859 13 24 $
471 860 13 19 4
499 858 51 27 kap.
566 858 38 22 och
618 859 13 21 6
644 859 14 24 $
668 859 28 21 13
705 858 51 27 kap.
770 858 24 22 G.
805 858 34 28 B.,

220 893 15 22 2
253 893 15 25 $
284 893 29 22 22
328 893 50 27 kap.
394 888 28 27 Ä.
437 893 27 21 B.
480 893 38 22 och
532 893 59 22 hvad
606 894 84 21 allmän
705 893 38 27 lag
757 899 36 16 om
807 893 33 22 ed-

221 926 61 29 gäng
297 927 100 28 stadgar,
410 928 122 27 förordnas
546 934 48 15 som
607 929 75 26 följer:

290 1069 40 23 2:0.
360 1069 117 29 Förslaget
496 1069 35 23 till
546 1069 133 29 förordning
694 1075 34 16 om
743 1068 47 23 rätt
804 1068 35 23 för

220 1104 59 23 finsk
293 1104 145 29 medborgare
454 1104 26 22 af
491 1104 136 22 främmande
643 1104 87 22 kristen
740 1102 98 23 troslära

220 1139 35 23 att
272 1139 97 22 bekläda
384 1139 99 23 embeten
498 1139 40 22 och
553 1139 96 28 tjenster
663 1139 8 22 i
685 1137 83 24 landet.

440 1191 46 27 18.

152 1230 165 30 Ridderskapet
339 1231 41 22 och
401 1231 72 22 Adeln
492 1231 38 22 har
544 1231 96 27 godkänt
655 1231 70 21 denna
739 1229 102 28 paragraf

83 1267 66 27 enligt
170 1267 154 25 betänkandet;
348 1266 55 21 dock
422 1267 32 20 att
472 1266 67 27 tredje
554 1271 64 16 mom.
634 1265 66 22 borde
716 1271 25 15 ur
755 1264 84 22 författ-

83 1301 78 27 ningen
179 1301 57 27 utgä.
265 1299 190 30 Borgareständet
470 1301 39 21 har
530 1300 84 27 antagit
630 1299 127 28 paragrafen
773 1298 66 27 euligt

83 1335 146 21 betänkandet
240 1335 140 21 oförändradt
390 1336 56 20 samt
456 1334 87 22 Preste-
551 1334 40 21 och
598 1332 167 23 Bondeständen
773 1333 66 25 enligt

84 1369 41 22 den
139 1369 68 20 andra
222 1369 165 21 reservationen.

153 1402 34 22 Då
200 1402 146 22 betänkandet
360 1402 8 21 i
382 1402 70 21 denna
466 1401 34 22 del
514 1401 8 22 i
536 1401 122 22 hufvudsak
678 1400 152 22 öfverensstäm

84 1444 45 16 mer
143 1437 49 22 med
208 1437 40 22 den
263 1437 78 27 nädiga
356 1437 166 27 propositionen,
534 1443 45 16 som
594 1436 90 22 sälunda
699 1435 22 22 af
730 1436 32 21 ett
772 1435 68 22 Ständ

152 1477 77 23 Bihang
241 1477 31 18 till
283 1477 140 23 Lagutskottets
436 1476 115 18 betänkande
563 1481 31 14 n:o
605 1477 17 17 9.
