995 1703
299 139 20 23 U.
335 139 19 22 B.
369 150 27 13 —
412 139 53 29 Prop.
481 139 32 24 N:o
527 139 21 23 4.
755 140 24 21 1

64 201 45 26 ord,
125 202 31 20 att
170 201 44 21 låta
230 200 36 22 det
280 200 113 28 efterföljas
408 201 23 22 af
443 203 32 20 ett
489 201 51 22 eller
555 201 50 22 flere
620 201 89 22 svenska
724 201 39 22 ord
778 201 33 22 så-

63 241 46 16 som
123 234 122 27 förklaring.
274 235 31 21 På
320 235 58 21 detta
392 237 43 19 sätt
456 235 68 22 skulle
547 235 61 21 äfven
630 235 7 20 i
659 235 37 22 det
718 235 92 22 citerade

63 268 125 27 lagrummet
203 268 36 21 det
253 268 112 21 utländska
379 269 106 26 uttrycket
500 268 117 27 privilegier
636 268 104 22 förklaras
762 269 48 20 med

63 301 26 22 de
104 301 89 22 svenska
207 301 76 22 orden:
298 301 111 26 förmåner,
425 302 124 26 rättigheter
564 301 38 22 och
624 301 93 27 friheter,
739 301 71 22 hvilka

64 335 39 21 ord
117 335 82 21 således
214 335 46 21 icke
275 335 67 21 skulle
357 335 100 22 innebära
471 336 65 26 något
555 335 72 27 tillägg
649 335 32 21 till
703 335 107 27 uttrycket

62 368 125 28 privilegier,
203 372 50 18 utan
268 368 62 29 hafva
343 368 127 28 fullkomligt
483 375 81 15 samma
577 368 93 22 innehåll
684 375 46 15 som
744 368 65 22 detta.

131 399 31 27 Är
177 404 59 22 detta
250 403 80 27 riktigt,
345 404 24 21 så
384 406 24 19 är
422 404 35 21 det
472 403 63 22 också
551 405 49 20 utan
615 403 71 22 vidare
707 402 56 22 klart
777 404 33 20 att

63 437 61 22 äfven
139 438 6 21 i
161 438 25 21 71
202 438 12 27 8
230 438 24 21 L.
270 438 25 22 O.
310 438 18 27 ej
344 440 24 20 är
382 437 59 27 fråga
455 444 35 15 om
504 438 66 22 andra
585 437 105 27 förmåner
713 436 40 22 och
767 438 42 21 rät-

63 472 93 27 tigheter
170 474 28 20 än
212 472 94 27 verkliga
321 472 124 28 privilegier.

131 506 49 22 Men
194 506 82 28 möjligt
290 508 24 20 är
328 506 60 22 äfven
403 508 32 20 att
450 506 106 28 uttrycket
570 506 125 27 ,förmåner,
709 506 52 21 rätt-
769 504 40 22 och

62 540 100 22 friheter"
180 540 7 22 i
206 541 22 21 52
244 542 11 25 8
270 540 25 22 R.
310 540 24 22 F.
355 540 39 22 har
416 546 25 16 en
463 540 131 27 själfständig
615 539 112 28 betydelse.
758 539 51 22 Man

62 574 40 22 bör
122 574 103 27 nämligen
239 574 134 27 ihågkomma
388 576 32 20 att
433 575 25 21 år
481 574 54 22 1772
550 574 98 27 borgare-
670 574 39 21 ock
731 573 78 21 bonde-

62 608 89 22 stånden
166 611 56 19 ännu
236 609 46 21 icke
304 608 55 22 hade
382 608 103 28 egentliga
507 608 125 28 privilegier,
652 614 48 16 men
721 607 35 22 väl
776 608 33 21 åt-

63 642 83 27 skilliga
168 642 23 22 af
210 642 113 28 konungen
345 642 102 22 stadfästa
466 642 104 22 förmåner
585 642 39 21 och
639 642 129 27 rättigheter.
798 642 10 20 I

62 676 76 22 sådant
152 676 35 22 fall
202 676 68 22 skulle
289 677 68 21 denna
371 678 11 25 $
397 676 100 22 innebära
511 676 100 27 följande:
629 678 31 19 1:0
683 678 32 19 att
728 675 81 22 konun-

61 716 40 21 gen
116 710 46 22 icke
176 710 33 22 får
223 711 90 27 ensidigt
327 710 104 28 upphäfva
446 716 49 16 vare
510 710 31 27 sig
563 709 118 28 privilegier
704 709 52 22 eller
770 716 39 14 an-

61 744 42 21 dra
113 746 116 25 jörmåner
244 745 38 21 och
292 745 103 28 friheter,
414 751 46 16 som
481 745 66 26 något
567 744 62 21 stånd
652 744 79 27 åtnjöt;
753 745 56 20 samt

61 780 35 21 2:0
111 781 31 20 att
157 785 41 22 nya
210 780 127 27 privilegier
357 779 46 22 icke
425 779 20 22 få
467 780 64 25 något
552 778 62 22 stånd
636 778 106 22 meddelas
757 779 51 20 utan

61 813 42 22 alla
118 814 100 21 ståndens
232 814 113 27 samtycke.
374 814 81 21 Endast
470 813 27 22 då
507 813 95 27 verkliga
612 812 121 27 privilegier
740 812 68 22 skulle

61 847 91 27 utgifvas
166 847 108 22 fordrades
288 847 82 22 således
384 847 42 22 alla
448 847 45 28 fyra
514 847 97 22 stårdens
632 847 113 27 samtycke,
768 846 39 22 och

61 881 59 22 detta
135 881 127 22 utsträcktes
279 882 119 22 sedermera
412 881 61 22 äfven
491 881 32 22 till
545 880 145 28 upphäfvande
711 880 40 22 och
772 882 37 20 än-

63 915 60 28 dring
138 915 24 22 af
175 915 70 28 dylika
259 915 124 28 privilegier.
412 915 39 22 Att
465 917 27 20 52
513 915 12 28 $
548 915 23 22 R.
595 915 24 22 F.
642 914 117 28 uppfattats
779 915 29 26 på

61 950 60 21 detta
135 951 43 20 sätt
192 949 92 28 framgår
299 950 22 22 af
332 950 50 22 flere
397 950 75 22 ställen
487 950 7 21 i
509 950 40 21 den
565 949 90 28 följande
670 949 68 22 tidens
755 949 52 21 riks-

62 984 182 27 dagshandlingar.
274 984 66 22 Deraf
353 984 103 22 förklaras
471 984 39 22 ock
526 984 39 22 den
579 983 59 27 ifver,
653 983 49 22 med
723 983 85 22 hvilken

59 1017 99 27 borgare-
181 1018 39 21 och
236 1018 157 22 bondestånden
412 1019 34 21 vid
465 1019 54 21 1789
541 1019 33 21 års
590 1013 89 35 riksdag
693 1013 114 35 sträfvade

59 1054 33 20 att
106 1051 21 23 få
142 1052 26 22 de
183 1052 48 22 dem
246 1052 56 22 förut
317 1052 33 22 vid
364 1052 51 22 flere
430 1052 96 22 tillfällen
541 1051 154 23 tillförsäkrade
702 1051 105 21 förmåner

59 1086 41 22 och
114 1086 132 27 rättigheter,
262 1086 51 22 eller
327 1086 127 22 åtminstone
469 1086 26 22 de
516 1086 115 27 viktigaste
652 1086 65 21 bland
739 1085 66 26 dessa,

59 1120 108 28 upphöjda
182 1120 32 21 till
229 1120 123 27 privilegier,
367 1120 71 22 hvilka
453 1120 64 22 sedan
532 1120 46 22 icke
592 1120 68 22 skulle
675 1120 71 21 kunna
755 1120 52 20 utan

59 1154 46 28 fyra
125 1154 74 22 stånds
221 1154 107 28 samtycke
349 1154 115 28 upphäfvas
487 1154 52 22 eller
561 1154 83 22 ändras.
673 1153 45 22 Och
740 1152 67 22 ehuru

59 1188 95 22 hvarken
168 1188 40 22 den
222 1188 24 21 åt
266 1188 175 27 borgareståndet
461 1188 57 28 gifna
539 1195 16 15 s.
570 1188 20 21 k.
606 1187 109 22 försäkran
730 1186 23 22 af
765 1186 40 22 den

60 1223 27 21 23
103 1221 101 23 Februari
220 1222 54 21 1789
290 1222 50 21 eller
355 1222 41 22 den
410 1222 154 22 bondeståndet
578 1221 58 28 gifna
645 1221 111 21 enahanda
764 1220 42 22 för-

59 1256 77 22 säkran
152 1256 39 21 och
205 1255 133 22 stadfästelse
353 1256 22 21 af
388 1256 41 22 den
438 1258 13 19 4
461 1256 60 26 April
531 1261 79 16 samma
618 1256 23 20 år
649 1254 120 22 tillkommit
779 1255 27 26 på

59 1289 85 22 formelt
159 1289 99 27 lagenligt
272 1291 49 25 sätt,
337 1291 24 20 är
375 1290 37 21 det
426 1290 54 21 dock
495 1289 86 22 alldeles
599 1288 154 27 otvifvelaktigt
774 1290 33 19 att

59 1323 56 21 båda
130 1323 63 21 afsett
207 1326 32 18 att
253 1324 105 20 innehålla
380 1323 42 21 alla
445 1324 26 20 de
491 1323 111 25 förmåner,
624 1329 46 14 som
691 1322 32 21 för
745 1322 62 21 dessa

60 1356 63 22 stånd
138 1356 68 21 skulle
220 1356 56 27 gälla
291 1356 47 21 med
353 1356 174 27 privilegiihälgd.
556 1355 82 22 Endast
652 1355 42 26 det,
715 1361 47 15 som
776 1354 30 21 in-

58 1390 49 30 gick
121 1389 8 22 i
144 1389 60 23 dessa
218 1389 153 28 författningar,
393 1389 55 23 hade
469 1389 82 22 således
568 1389 127 22 karaktären
709 1388 24 22 af
745 1387 61 29 privi-

59 1424 84 28 legium,
151 1423 105 28 nämligen
263 1423 33 22 för
303 1423 101 28 borgare-
416 1423 39 23 och
466 1423 164 27 bondestånden,
641 1422 39 23 och
691 1423 75 22 endast
779 1422 27 22 då

59 1459 60 28 fråga
127 1465 37 16 var
172 1465 35 16 om
214 1458 62 23 dessa
283 1458 137 29 ,förmåner",
428 1457 109 24 fordrades
544 1457 108 28 samtycke
658 1457 23 22 af
686 1457 45 28 fyra
736 1457 68 23 stånd.

128 1499 136 23 Lagutskottets
276 1498 115 18 betänkande
403 1500 34 16 N:o
450 1498 16 17 4.
