1017 1700
286 135 64 23 Ständ.
366 134 31 23 '$v.
412 147 27 3 —
456 134 54 30 Prop.
527 134 30 24 N:o
573 135 14 23 1.
770 136 27 20 33

72 201 39 22 ock
128 202 72 21 kunde
220 208 61 15 anses
304 202 83 26 tydligt,
409 203 32 20 att
464 202 65 21 orden
549 217 4 10 ,
555 202 94 25 allmänt
668 202 73 26 farligt
755 202 69 21 brott"

71 235 97 28 hänsyfta
191 235 27 28 på
240 236 29 21 34
291 235 101 28 kapitlets
411 235 99 27 innehåll,
530 235 24 22 så
576 238 24 19 är
615 236 128 21 åtminstone
758 237 66 26 ,groft

71 269 70 22 brott"
154 277 27 15 en
196 271 141 26 bestämning,
353 270 90 27 hvilken,
460 269 23 23 så
498 269 122 22 traditionel
635 270 41 23 den
691 273 27 18 än
731 273 24 19 är
766 271 6 21 i
784 271 40 21 den

71 304 68 22 finska
154 304 137 27 straffrätten,
307 305 7 20 i
324 305 159 26 lagskipningen
495 304 151 21 åstadkommit
656 305 71 20 alltför
735 305 88 26 mycken

71 338 135 27 villrädighet
228 339 33 20 för
283 340 33 19 att
338 339 121 20 densamma
484 339 52 19 utan
561 339 97 20 närmare
681 339 142 25 begränsning

71 371 70 22 kunde
159 371 125 22 bibehållas.
316 371 117 21 Ständerna
453 370 64 22 hafva
537 371 131 22 fördenskull
683 373 71 20 ansett
769 371 53 27 20
808 366 18 36 $

70 406 53 20 böra
138 405 81 22 erhålla
234 413 25 14 en
275 405 144 26 formulering,
434 405 136 26 hvarigenom
583 405 241 27 denunciationspligten

71 439 98 22 hänföres
191 440 32 21 till
245 440 56 21 vissa
324 439 109 22 bestämda
455 439 65 26 brott,
544 439 106 27 nemligen
669 439 153 27 högförräderi,

70 473 172 28 landsförräderi,
265 474 67 26 mord,
355 473 44 27 rän,
420 474 37 21 det
474 474 63 25 brott,
558 473 87 22 hvarom
661 474 86 27 stadgas
761 474 8 21 i
786 474 10 20 1
812 473 11 28 $

71 508 27 21 25
117 508 56 27 kap.,
193 509 25 20 de
238 509 6 20 i
261 509 28 20 34
303 508 49 27 kap.
367 509 92 20 nämnda
474 508 92 26 brotten,
582 509 23 20 så
620 508 45 21 vidt
681 509 25 20 de
722 508 101 21 innebära

70 541 47 22 fara
131 542 34 21 för
180 549 81 15 annans
276 542 25 21 lif
315 542 52 21 eller
381 542 66 27 helsa,
463 542 39 21 och
517 542 27 21 de
559 542 203 28 myntförbrytelser,
779 549 44 15 som

71 576 135 23 omförmälas
221 578 6 21 i
244 578 19 26 1,
279 577 13 21 2
307 577 40 21 och
362 578 14 20 4
391 577 22 27 $$
429 577 26 21 37
472 577 48 27 kap.

139 612 74 20 Andra
234 618 64 15 mom.
321 612 39 21 har
383 611 114 27 undergått
521 618 26 14 en
569 612 253 27 redaktionsförändring,

72 651 44 15 som
139 647 23 20 är
184 645 101 27 betingad
305 645 23 22 af
344 645 116 27 ändringen
480 645 47 21 utaf
546 645 24 21 11
588 645 11 27 $
615 646 6 21 i
637 646 76 27 nådiga
728 647 96 26 proposi-

71 680 77 21 tionen.

139 715 27 20 21
182 714 18 27 8.
230 714 130 27 Stadgandet
383 716 32 19 att
429 713 83 22 straffet
527 714 32 21 för
575 721 15 15 s.
606 715 20 20 k.
642 715 115 26 personligt
772 721 50 20 gyn-

70 749 75 26 nande,
161 749 87 21 hvarom
269 749 69 21 denna
353 749 12 26 8
380 749 95 26 handlar,
491 749 18 26 ej
525 749 34 20 mä
575 751 78 25 ,sättas
667 750 65 26 högre
748 752 27 19 än
790 749 34 22 för

71 783 106 27 medhjelp
192 783 32 21 till
239 783 90 22 brottet*
345 783 62 22 hafva
423 783 117 21 Ständerna
555 783 124 27 förtydligat
694 784 86 26 derhän,
792 785 30 20 att

70 817 88 22 härmed
173 817 55 22 afses
244 819 35 20 det
294 818 77 27 högsta
385 817 66 26 straff,
467 823 45 16 som
527 817 82 22 kunnat
619 818 86 21 ädömas
716 817 40 22 den
768 818 55 27 skyl-

71 852 53 26 dige,
141 853 6 20 i
162 852 101 21 händelse
278 852 42 21 han
335 853 55 20 varit
405 851 144 28 medhjelpare
564 852 33 21 till
612 852 86 21 brottet.

139 887 74 21 Ehuru
236 887 23 20 af
279 887 140 26 nyssanförda
441 886 123 27 stadgande,
585 886 102 27 jemfördt
707 887 48 20 med
771 887 51 22 sista

71 922 115 20 momentet
204 921 5 21 i
230 921 13 21 3
264 921 10 27 $
294 921 13 22 5
323 921 55 27 kap.,
394 921 42 21 kan
451 920 106 27 härledas,
573 922 32 19 att
621 920 61 22 straff
696 921 17 26 ej
729 921 40 21 bör
784 927 39 21 ega

70 961 47 16 rum
132 955 33 22 för
179 956 111 26 gynnande
305 955 22 22 af
340 961 83 21 person,
439 961 45 16 som
499 955 72 26 begätt
587 955 64 27 nägot
666 955 23 21 af
703 955 25 22 de
744 956 7 21 i
766 956 56 21 41—

70 990 28 21 44
120 990 94 27 kapitlen
235 990 92 21 nämnda
350 990 52 21 eller
421 989 48 22 med
485 989 47 21 dem
545 989 120 27 jemförliga
680 990 64 26 brott,
760 990 62 21 hafva

70 1024 119 21 Ständerna
210 1024 66 21 likväl
299 1026 68 19 ansett
389 1023 76 22 sädant
487 1023 32 21 för
542 1025 68 20 större
632 1024 115 27 tydlighets
767 1025 56 20 skull

70 1059 52 20 böra
138 1059 142 26 uttryckligen
295 1059 86 26 stadgas
395 1059 8 19 i
418 1059 13 20 2
447 1064 62 15 mom.
525 1058 22 20 af
560 1058 139 21 förevarande
713 1058 18 26 &.
743 1070 27 2 —
781 1059 42 20 En-

70 1092 38 26 ligt
120 1093 105 26 sistsagda
240 1099 63 15 mom.
319 1092 68 22 skulle
402 1092 62 22 straff
477 1092 33 21 för
520 1092 75 21 sädant
605 1093 110 26 gynnande
726 1093 23 21 af
757 1093 64 27 brott,

70 1126 86 22 hvarom
173 1127 68 21 denna
257 1126 10 27 $
283 1127 95 27 handlar,
395 1127 46 21 icke
457 1126 70 22 kunna
543 1126 85 22 ädömas
640 1128 40 20 den
691 1129 68 26 ,emot
770 1127 52 22 hvil-

70 1162 41 20 ken
126 1161 81 22 brottet
222 1162 69 21 blifvit
306 1161 114 27 begånget"
436 1161 52 21 eller
502 1167 27 15 m.
541 1167 19 15 a.
571 1168 19 14 0.
600 1161 159 28 mälseganden.
782 1162 40 21 Till

70 1196 58 21 detta
143 1196 109 27 undantag
267 1202 50 15 anse
333 1195 117 22 Ständerna
469 1195 32 22 för
517 1196 32 21 sin
565 1195 34 22 del
615 1195 45 22 skäl
675 1196 47 21 icke
738 1196 84 21 förefin-

70 1235 44 21 nas,
134 1231 52 28 utan
207 1236 61 20 synes
286 1231 98 25 tvärtom,
401 1230 26 21 dä
442 1229 59 22 brott
517 1229 108 27 föröfvats,
641 1236 45 15 som
701 1231 40 20 hör
755 1230 67 21 under

70 1264 88 21 allmänt
172 1263 49 28 åtal,
238 1264 112 21 samhället
365 1271 50 14 vara
429 1264 130 27 berättigadt
574 1265 32 20 att
620 1263 79 28 fordra,
715 1266 31 19 att
759 1264 63 22 mäls-

70 1299 94 26 eganden
184 1299 46 20 icke
240 1293 44 26 "må
304 1305 75 20 genom
393 1299 90 26 positiva
497 1298 142 27 tillgöranden
654 1297 95 23 försvåra
764 1299 58 21 brot-

69 1334 41 19 tets
127 1333 103 26 upptäckt
245 1333 39 20 och
299 1333 88 21 beifran.
418 1332 69 27 Sagda
503 1333 132 26 bestämning
650 1333 39 21 har
705 1333 55 27 förty
777 1335 45 19 ute-

70 1367 75 21 slutits.
