1017 1709
214 124 32 39 54
413 130 65 26 Ständ;
492 130 30 24 Sv.
537 144 29 3 —
580 131 54 29 Prop.
650 130 61 25 N:o
691 125 23 39 A.

190 196 44 26 das,
257 196 105 22 huruvida
380 196 81 27 tjufven
478 197 89 21 ämnade
584 196 94 28 tillgripa
695 196 104 28 egendom
817 196 33 22 till
871 198 67 20 större

189 231 65 21 värde
272 232 27 19 än
317 230 61 28 tjugu
395 230 67 28 mark,
481 232 7 20 i
507 231 81 21 hvilket
606 230 39 22 fall
659 231 66 27 något
740 230 63 22 straff
816 230 89 22 sålunda
919 230 19 27 ej

189 264 71 22 kunde
275 264 79 22 honom
368 265 94 21 ådömas.

258 299 13 21 2
287 299 20 26 $.
336 299 50 22 Med
404 299 66 22 orden:
488 317 5 9 ,
495 299 79 28 försök
592 299 33 22 till
640 300 69 21 stöld"
728 301 8 20 i
754 301 11 20 1
782 300 12 26 $
809 300 39 21 har
862 299 78 28 nådiga

190 334 159 26 propositionen
366 334 166 27 uppenbarligen
550 335 64 21 afsett
632 336 32 19 att
682 335 76 26 uttala,
773 335 33 20 att
820 334 63 21 äfven
898 333 42 22 för-

190 367 38 21 sök
245 367 34 22 till
297 368 66 21 sådan
382 369 48 26 grof
449 369 62 26 stöld,
531 375 45 15 som
596 370 88 21 nämnes
702 369 8 20 i
727 369 13 21 2
758 369 20 26 8,
793 368 40 21 bör
847 368 93 22 straffas.

189 401 51 22 Men
255 402 89 21 emedan
360 402 97 27 riktigast
472 404 24 20 är
510 403 32 21 att
555 403 8 20 i
577 403 71 26 hvarje
663 403 90 26 lagrum,
768 409 46 15 som
823 402 119 22 innehåller

190 435 76 22 sådant
280 436 59 21 brott
353 438 31 19 att
399 437 63 21 äfven
475 437 73 21 försök
564 437 70 22 dertill
648 437 55 22 skall
718 437 92 26 straffas,
822 437 76 21 sådant
907 438 33 19 ut-

189 470 117 27 tryckligen
324 471 8 20 i
350 477 80 15 samma
447 471 82 26 lagrum
548 472 92 27 stadgas,
658 471 64 22 hafva
737 471 119 22 Ständerna
871 471 70 26 tillagt

190 505 32 20 ett
236 506 94 20 moment
344 505 80 21 derom.

258 539 13 21 3
286 538 18 27 8.
325 539 184 22 Karakteristiken
520 539 22 22 af
550 539 242 27 inbrotts-förbrytelsen
806 539 64 22 hafva
880 539 61 22 Stän-

190 573 66 21 derna
277 575 70 20 ansett
368 573 53 22 böra
443 573 124 28 förtydligas
587 573 86 28 derhän,
692 575 32 20 att
739 575 8 20 i
762 574 69 21 denna
846 575 12 26 $
873 573 69 22 afsedt

192 608 110 26 öppnande
317 607 23 22 af
354 607 58 28 skåp,
427 608 63 27 kista,
505 609 58 21 skrin
578 609 51 21 eller
639 615 69 16 annan
722 609 65 21 sådan
798 609 66 26 rörlig
873 609 69 21 förva-

192 642 156 27 ringspersedel
362 643 19 27 ej
397 649 62 16 anses
473 643 69 22 såsom
557 643 87 26 inbrott,
660 643 70 23 derest
744 643 76 22 sådant
830 643 50 22 sker
888 643 54 22 först

191 676 54 21 efter
260 677 36 21 det
310 677 80 27 tjufven
405 677 91 22 bortfört
510 678 118 30 persedeln.

258 711 14 22 5
287 712 20 26 8.
336 711 96 22 Emedan
447 712 26 21 de
488 711 33 22 för
534 712 92 22 itererad
641 712 56 22 stöld
711 713 81 21 utsatta
801 712 143 23 minimistraff

190 751 63 21 synas
271 745 73 22 alltför
358 746 59 27 höga
436 747 33 20 för
480 747 85 21 sådana
584 746 44 27 fall,
649 747 27 21 dä
691 747 37 21 det
742 747 120 27 tillgripnas
877 747 64 21 värde

190 782 25 19 är
230 781 84 26 mycket
329 781 66 27 ringa,
411 781 63 22 hafva
490 781 118 22 Ständerna
623 781 85 22 nedsatt
722 781 54 27 dem,
790 782 33 21 för
833 781 66 22 andra
909 787 33 15 re-

190 821 39 14 san
242 815 90 27 tjufnad,
343 815 145 22 innefattande
501 815 69 22 tillika
579 816 49 27 grof
636 816 62 27 stöld,
708 817 33 20 till
751 817 31 20 ett
792 817 30 26 år,
832 816 33 21 för
875 816 67 27 tredje

191 855 62 16 resan
268 849 57 23 stöld
339 850 103 23 likaledes
457 850 32 23 till
504 852 31 20 ett
550 851 25 22 år
590 850 58 28 eller,
664 858 34 15 om
713 851 83 22 stölden
811 853 24 20 är
845 850 53 29 grof,
909 850 33 23 till

191 885 36 21 två
243 885 30 26 år,
288 885 40 22 och
342 885 34 21 för
391 885 66 27 fjerde
472 892 61 15 resan
548 886 55 22 stöld
618 886 33 21 till
664 886 36 21 två
715 887 31 20 år.

260 920 13 21 6
289 921 19 25 $.
333 920 11 21 I
358 920 52 27 följd
425 921 23 20 af
461 921 115 27 ändringen
591 921 23 21 af
626 921 147 22 straffminima
788 921 7 20 i
810 921 13 21 5
838 920 11 28 $
864 920 39 21 har
913 920 29 21 äf-

191 960 40 15 ven
246 954 166 23 minimistraffet
426 955 34 21 för
474 955 68 27 tredje
557 962 62 15 resan
634 955 80 22 inbrott
724 955 114 26 undergätt
848 955 93 21 nedsätt-

191 989 51 26 ning
256 989 33 21 till
304 991 32 20 ett
350 989 34 22 ärs
399 990 95 21 tukthus.

260 1023 48 26 78.
338 1023 33 22 Då
385 1024 8 21 i
413 1025 68 20 denna
496 1025 12 26 $
524 1025 46 21 icke
585 1024 86 27 stadgas
686 1024 65 27 något
766 1030 34 15 om
815 1023 127 22 straffmaxi-

190 1063 64 21 mum,
269 1057 39 22 har
323 1058 78 27 nådiga
415 1059 158 26 propositionen
582 1059 166 27 uppenbarligen
757 1058 70 27 afsett,
838 1059 32 20 att
879 1058 63 21 straf-

191 1091 31 22 fet
241 1093 7 20 i
266 1092 26 22 de
310 1093 38 20 fall
363 1093 13 26 8
391 1095 87 19 nämner
493 1093 39 21 bör
546 1095 57 20 inom
618 1093 25 22 de
659 1093 33 22 för
708 1093 96 26 snatteri,
820 1092 56 22 stöld
891 1092 51 21 eller

191 1125 81 23 inbrott
291 1127 101 27 stadgade
415 1128 101 21 latituder
531 1129 91 20 utsättas
638 1128 22 21 så
675 1129 33 20 att
722 1128 36 21 det
774 1127 18 27 ej
808 1126 134 27 understiger

192 1166 36 15 sex
243 1161 102 22 månader
360 1161 43 28 (jfr.
426 1162 6 21 2
453 1162 7 25 $
475 1162 27 21 32
516 1161 60 29 kap.)
596 1161 71 27 Enligt
681 1161 77 27 nådiga
773 1161 170 27 propositionens

192 1194 218 28 straffbestämningar
424 1196 68 21 skulle
506 1197 77 21 sådant
598 1196 117 21 emellertid
730 1196 94 21 hvarken
837 1195 36 21 vid
886 1196 57 20 snat-

191 1229 40 21 teri
253 1230 59 26 eller,
332 1230 88 21 såframt
438 1229 18 28 ej
476 1229 135 22 försvårande
631 1230 181 26 omständigheter
833 1229 109 26 föreligga,

192 1263 35 20 vid
247 1263 57 20 stöld
322 1269 51 15 vara
390 1264 88 26 möjligt,
498 1263 87 21 emedan
604 1263 172 21 snatteristraffet
796 1263 47 21 icke
862 1262 82 27 uppgår

191 1296 34 21 till
244 1297 24 21 så
285 1297 52 26 högt
355 1297 76 26 belopp
450 1303 45 15 som
518 1297 62 20 ofvan
599 1297 107 26 nämndes,
726 1297 40 20 och
784 1297 18 27 ej
821 1297 69 20 heller
908 1296 36 21 det

192 1331 85 27 vanliga
294 1331 140 22 stöldstraffet
453 1331 124 28 öfverstiger
594 1337 37 16 sex
653 1331 107 22 månader.
790 1327 68 26 Äfven
880 1331 65 26 enligt

192 1366 26 21 de
236 1366 115 27 ändringar
371 1366 118 22 Ständerna
506 1366 91 27 vidtagit
615 1367 8 20 i
642 1365 98 23 afseende
759 1366 13 21 å
787 1365 157 23 straffsatserna

191 1400 31 23 uti
237 1401 11 21 1
264 1402 13 26 S
292 1407 50 16 vore
358 1401 36 22 det
408 1401 46 21 icke
469 1401 82 27 möjligt
566 1402 35 26 att
612 1401 95 27 tillämpa
716 1401 161 27 ifrågavarande
886 1401 58 22 stad-

193 1436 68 28 gande
284 1438 12 21 &
318 1436 95 27 snatteri,
436 1436 98 22 hvarföre
556 1436 40 21 och
611 1436 27 22 då
653 1436 99 22 domaren
768 1437 7 21 i
789 1436 43 22 alla
846 1436 38 21 fall
898 1435 46 23 icke
