1009 1706
235 147 41 21 120
543 147 39 22 N:o
598 145 18 22 1.

205 211 34 19 det
254 210 38 20 hos
308 210 31 25 sig
355 210 39 19 och
411 210 29 19 till
458 210 47 20 dess
520 209 50 21 föda
586 210 64 20 undfå
660 208 77 22 hälften
749 211 56 18 emot
816 209 55 19 hvad
882 209 68 19 henne

205 244 50 26 sjelf
267 244 78 20 bestås.

273 278 26 20 35
315 280 16 22 $.
363 278 90 26 Sjuknar
469 278 213 26 ransakningsfänge;
705 278 57 26 njute
778 278 27 27 pä
820 278 79 20 allmän
916 278 35 20 be-

201 313 90 20 kostnad
308 312 50 20 värd
374 313 39 19 och
428 313 124 20 läkemedel.
582 312 46 20 Kan
645 313 39 19 han
701 314 18 25 ej
737 312 74 21 värdas
825 313 57 19 inom
896 312 54 20 häk-

204 350 40 23 tet;
267 348 64 19 varde
349 347 99 21 förvarad
464 347 12 20 &
491 350 65 17 annat
575 348 67 25 ställe,
659 347 36 20 der
711 347 65 27 nödig
791 347 51 20 värd
859 347 40 20 och
916 347 35 20 be-

205 382 93 26 vakning
314 382 41 20 kan
371 388 65 20 egnas
452 382 83 22 honom.

272 417 25 19 36
313 418 18 22 $.
361 416 24 26 Ej
403 417 32 19 mä
450 417 203 26 ransakningsfänge
664 417 83 25 tvingas
760 416 32 21 till
804 416 78 20 arbete.
908 416 43 20 Vill

203 452 40 19 han
267 451 79 26 arbeta,
371 458 45 13 men
433 451 40 19 kan
489 451 47 20 icke
552 451 49 27 sjelf
614 451 73 20 anvisa
703 451 85 27 tjenligt
803 451 86 26 arbete;
916 451 37 20 bör

207 486 76 20 honom
300 485 88 21 beredas
404 486 89 26 tillgäng
509 486 78 20 dertill.

271 520 122 21 Inkomsten
415 520 23 20 af
455 520 212 28 ransakningsfänges
683 520 73 20 arbete
772 520 85 20 tillfalle
872 520 78 20 honom

207 556 54 26 sjelf.

272 589 25 19 37
314 592 17 22 $.
361 589 210 27 Ransakningsfänge
587 596 50 13 vare
652 590 18 26 ej
682 589 108 26 förbjudet
800 590 30 19 att
841 590 45 18 läsa
897 589 52 20 eller

205 624 90 25 skrifva;
319 623 54 20 dock
396 624 34 19 mä
448 624 40 19 han
505 624 47 20 icke
569 623 87 21 afsända
670 624 52 20 eller
737 626 95 23 mottaga
848 623 50 25 bref,
915 630 33 14 om

204 658 41 20 han
261 658 18 26 ej
296 657 39 20 fått
350 657 31 20 lof
400 658 70 19 dertill
489 658 24 19 af
533 658 84 20 häktets
639 657 151 21 föreståndare.
821 658 80 19 Sådant
920 657 32 20 lof

205 692 34 20 må
253 692 19 26 ej
289 694 81 24 vägras,
385 698 34 14 om
435 692 36 20 det
486 692 73 27 finnes,
575 694 30 18 att
620 692 82 20 brefvet
717 693 19 25 ej
752 692 118 20 innehåller
881 694 72 23 något,

204 733 44 13 som
263 726 42 20 kan
321 726 74 20 hindra
414 726 138 26 utredningen
572 726 23 20 af
609 726 39 19 den
663 726 45 25 sak,
724 726 86 20 hvarför
825 726 41 20 han
882 725 67 21 hålles

206 760 84 27 häktad,
305 760 52 20 eller
372 760 166 27 ransakningens
554 762 62 25 gång,
632 760 53 20 eller
695 762 58 19 störa
764 760 118 26 ordningen
893 761 57 19 inom

205 795 80 25 häktet,
300 794 52 21 eller
367 795 111 26 äfventyra
495 795 125 20 säkerheten
635 795 7 19 i
659 795 40 19 den
715 795 103 20 häktades
833 794 59 20 vård.
923 790 30 24 Är

205 829 82 20 brefvet
309 829 64 20 stäldt
396 829 31 19 till
449 829 101 27 Kejsaren
567 830 39 19 och
623 829 139 21 Storfurstens
778 828 174 28 befallningshaf-

206 864 75 26 vande,
297 864 51 20 eller
359 870 76 18 annan,
451 870 44 14 som
511 864 38 20 har
564 864 72 26 tillsyn
652 864 59 20 öfver
726 864 86 26 häktet;
823 864 39 20 bör
876 864 36 20 det
924 862 30 21 af-

209 900 76 18 sändas
300 898 61 22 oläst.

275 934 25 19 38
316 935 16 22 $.
362 932 211 28 Ransakningsfänge
589 940 49 13 vare
653 934 20 25 ej
689 932 119 21 förmenadt
822 935 31 17 att
864 933 90 25 rådgöra

206 967 46 20 med
267 968 36 20 sitt
318 967 212 27 rättegångsbiträde,
547 968 18 26 ej
581 968 68 20 heller
659 969 30 18 att
701 969 94 25 mottaga
805 970 65 17 annat
881 966 73 27 besök,

206 1004 50 18 utan
271 1000 58 28 gifve
345 1002 84 20 häktets
444 1002 145 20 föreståndare
600 1002 31 20 lof
640 1002 77 25 dertill,
728 1008 33 13 om
770 1002 48 20 icke
828 1002 66 20 sådan
906 1001 44 20 hin-

205 1036 80 21 drande
301 1036 154 27 omständighet
470 1037 147 24 förekommer,
633 1043 44 13 som
692 1037 7 19 i
715 1037 24 19 37
757 1039 11 22 $
784 1039 98 24 nämnes;
898 1036 55 20 dock

206 1077 39 20 ege
259 1071 158 20 föreståndaren
433 1072 6 19 i
454 1071 105 21 hvardera
574 1071 60 20 fallet
649 1073 78 18 utsätta
742 1071 40 20 viss
794 1071 37 25 tid,
842 1071 12 20 &
865 1070 87 20 hvilken

207 1105 88 21 besöket
317 1105 53 21 skall
391 1106 44 26 ske,
457 1108 54 17 samt
527 1106 52 21 efter
595 1106 97 27 pröfning
708 1106 24 20 af
745 1105 208 27 omständigheterna

206 1139 43 21 låta
264 1141 69 26 någon
350 1140 72 21 dervid
440 1143 95 24 närvara,
551 1147 34 14 om
601 1141 40 19 han
657 1141 19 26 ej
693 1140 50 27 sjelf
756 1144 23 17 är
794 1140 111 21 tillstädes.

273 1175 26 20 39
315 1177 16 22 $.
361 1174 79 27 Förgår
462 1175 32 26 sig
515 1175 203 27 ransakningsfänge
741 1178 43 17 mot
808 1175 117 26 ordningen
948 1174 7 20 i

206 1209 73 20 häktet
293 1215 77 21 genom
385 1209 141 27 ohörsamhet,
542 1209 51 21 eller
609 1209 167 26 uppstudsighet,
788 1209 51 20 eller
850 1210 28 25 på
890 1212 66 17 annat

206 1246 47 22 sätt,
269 1243 51 19 eller
335 1243 62 19 söker
412 1244 41 18 han
470 1243 70 20 dertill
563 1243 82 20 förleda
667 1250 81 18 annan;
770 1243 54 20 skall
840 1244 73 24 saken,
932 1243 23 19 så

206 1277 42 19 fort
263 1276 37 19 ske
315 1276 48 25 kan,
379 1277 8 18 i
402 1279 90 17 närvaro
508 1277 23 19 af
544 1276 105 21 tillkallad
665 1277 42 26 god
724 1283 54 18 man,
795 1277 138 24 undersökas,
948 1276 7 19 i

206 1310 111 20 länshäkte
341 1310 24 20 af
380 1309 166 27 föreståndaren,
566 1317 46 14 men
628 1311 7 19 i
650 1312 65 18 annat
730 1310 65 20 häkte
810 1311 24 20 af
847 1311 48 24 den,
910 1317 44 13 som

207 1345 98 20 deröfver
319 1344 38 20 har
371 1345 108 20 inseende.
509 1345 122 21 Emellertid
647 1345 34 20 må
696 1345 85 28 fången,
796 1351 34 14 om
842 1345 36 20 det
889 1345 66 20 finnes

208 1380 75 26 nödigt
297 1379 39 21 och
352 1379 40 20 han
409 1380 18 26 ej
439 1379 57 21 förut
511 1383 22 16 är
544 1380 64 20 insatt
618 1380 6 19 i
636 1387 79 19 enrum,
727 1380 22 21 af
757 1380 84 20 häktets
853 1380 101 20 förestån-

208 1415 50 20 dare
273 1415 104 26 inspärras
392 1415 7 19 i
416 1415 38 26 ljus
470 1415 51 25 cell;
544 1415 39 20 och
606 1421 49 14 vare
675 1415 48 27 den,
738 1422 45 13 som
798 1415 104 20 verkstält
919 1421 36 14 un-

209 1449 161 27 dersökningen,
386 1449 53 20 efter
455 1449 81 21 samråd
554 1450 46 20 med
617 1450 39 20 den
669 1450 119 21 tillkallade
798 1451 56 26 gode
866 1457 88 14 mannen
