1006 1709
306 140 22 19 U.
339 140 23 19 B.
374 151 21 4 —
407 140 62 24 Prop.
481 140 36 20 N:o
529 141 16 19 1.
756 141 21 17 1

59 198 57 26 dring
137 199 23 19 af
175 199 43 20 nåd.
238 206 65 18 props.
322 200 121 25 bestämning
462 200 115 20 härutinnan
595 199 43 20 icke
657 199 64 20 skulle
736 199 65 20 kunna
814 198 120 22 Strfl.
871 194 13 35 2
892 198 42 22 Kap.

58 233 88 25 försigg&
160 236 46 17 utan
221 240 23 13 en
260 234 117 19 omfattande
391 234 84 19 revision
491 234 21 19 af
525 234 142 19 straffsatserna
680 234 6 18 i
697 234 103 24 lagförsla-

58 269 39 23 get.
119 279 24 3 —
163 267 28 19 Pä
210 268 60 24 nägra
289 268 70 19 ställen
374 268 6 19 i
395 268 94 24 förslaget
504 268 35 19 har
554 268 127 25 nyssnämnda
697 268 103 18 maximum

58 301 58 19 äfven
135 301 143 26 öfverskridits,
294 302 36 19 och
348 305 22 16 är
386 302 163 24 fängelsestraffet
567 302 24 19 dä
610 301 63 19 afsedt
687 304 30 16 att
731 304 70 22 utgöra

58 337 28 17 ett
108 335 52 26 slags
180 336 101 25 ,,custodia
299 335 128 28 honesta.”*)
458 336 37 20 Vid
514 336 177 25 sammanläggning
710 336 21 19 af
747 336 56 19 straff

58 370 30 19 får
110 370 174 25 fängelsestraffets
310 371 102 19 maximum
431 371 62 25 enligt
512 371 11 19 6
541 371 13 25 &
573 371 11 18 7
605 371 44 24 kap.
669 370 131 20 öfverskridas

58 404 42 20 med
115 405 34 19 tvä
163 405 22 19 är
200 407 50 17 samt
264 405 33 19 vid
312 405 111 25 upprepade
439 405 200 25 sammanläggningar
654 405 6 19 i
675 404 22 20 de
708 404 41 25 fall,
761 411 40 13 som

57 442 79 16 nämnas
150 439 8 19 i
173 439 12 19 9
201 439 13 25 &
229 439 11 19 7
257 439 52 25 kap.,
326 440 137 25 obegränsadt.

126 472 10 21 5
152 472 18 28 8.
199 473 66 20 Säsom
284 474 59 19 redan
362 474 57 19 ofvan
438 474 94 24 antyddes
551 477 21 16 är
591 473 162 25 fängelsestraffet
771 473 28 19 af-

57 508 43 18 sedt
118 510 30 16 att
164 508 73 24 jemväl
253 510 69 23 utgöra
338 508 190 26 förvandlingsstraff
541 508 30 19 för
586 508 61 24 böter,
663 514 39 13 som
719 508 16 25 ej
752 508 48 19 kun-

58 543 32 17 nat
100 541 58 20 utfäs.
180 542 11 19 I
206 542 86 25 enlighet
306 542 44 19 med
360 542 115 20 Ständernas
487 543 31 18 vid
532 542 51 20 1863
593 554 26 2 —
633 542 52 19 1864
696 542 31 19 ärs
737 542 63 19 landt-

58 575 38 25 dag
115 576 85 19 uttalade
218 576 78 25 mening
314 582 56 14 anser
389 576 58 20 äfven
466 576 101 20 Utskottet
586 576 32 19 det
636 576 111 19 nuvarande
762 576 37 18 för-

57 609 185 25 vandlingsstraffet,
262 610 87 25 fängelse
371 611 32 19 vid
426 613 66 17 vatten
511 610 35 19 och
566 610 55 23 bröd,
636 610 47 19 böra
702 609 97 20 afskaffas.

58 643 30 26 Ty
107 644 117 19 verkställes
243 645 129 25 nyssnämnda
391 645 56 19 straff
463 645 42 19 med
521 645 63 19 allvar
599 644 36 19 och
650 644 114 25 eftertryck,
779 644 22 19 sä

57 681 58 22 utgör
130 678 32 20 det
177 678 31 20 till
223 679 34 19 sitt
272 682 59 16 väsen
347 680 50 18 blott
412 686 22 12 en
451 679 69 25 vädjan
535 679 30 19 till
582 679 133 25 förbrytarens
730 678 71 25 sinliga

57 715 57 17 natur
129 713 35 19 och
180 713 102 20 hemfaller
296 714 61 19 under
372 720 71 13 samma
457 713 159 20 förkastelsedom
632 720 39 12 som
683 712 116 26 spöstraffet,

58 746 101 20 hvarutom
178 747 38 26 det,
232 748 63 19 säsom
313 748 7 19 i
339 748 143 25 propositionen
501 748 98 25 angående
617 762 4 10 ,
624 747 103 24 allmänna
742 754 57 18 grun-

58 781 70 20 derna”
147 782 109 26 framhölls,
275 783 104 25 ,,angriper
400 782 35 19 och
453 782 102 25 försvagar
570 782 133 25 förbrytarens
718 782 82 25 kropps-

58 816 75 20 krafter
148 818 49 18 samt
211 816 110 26 derigenom
337 817 114 19 ätminstone
467 817 30 19 för
511 817 62 24 nägon
589 816 28 18 tid
633 816 49 19 efter
697 816 101 24 frigifvan-

58 850 32 20 det
105 850 99 21 försvärar
219 851 55 20 deras
290 851 125 20 användande
430 851 29 20 för
474 851 48 20 hans
537 850 100 26 bergning,
654 850 61 20 ehuru
730 850 23 20 de
767 850 32 20 fle-

58 888 40 16 stas
113 886 63 24 ärliga
190 886 86 19 utkomst
290 888 22 17 är
323 886 55 19 deraf
386 886 109 25 betingad”.
520 885 121 19 Verkställes
651 885 148 25 ifrägavarande

58 920 56 19 straff
134 920 42 19 äter
194 920 42 19 med
256 920 56 25 ringa
330 920 114 25 eftertryck,
461 920 20 19 sä
499 923 76 16 närmar
593 920 32 19 det
643 920 30 24 sig
692 920 32 18 det
743 920 57 19 enkla

58 954 168 25 fängelsestraffet,
242 962 43 12 men
304 957 56 23 utgör
375 954 25 20 dä
414 955 31 19 för
459 954 122 26 förbrytaren
597 960 23 13 en
635 954 62 19 fördel
711 954 7 18 i
731 954 68 25 jemfö-

57 988 51 20 relse
126 989 43 19 med
185 989 58 25 detta,
260 992 46 16 enär
321 989 52 19 tiden
391 990 31 18 för
441 990 32 18 det
488 989 135 25 gvalificerade
639 988 161 26 fängelsestraffet

57 1023 61 19 mäste
133 1026 83 16 utsättas
231 1024 45 19 vida
292 1024 83 19 kortare.

125 1058 93 19 Kortaste
236 1058 53 19 tiden
309 1058 30 19 för
357 1058 162 25 fängelsestraffet
534 1058 61 19 säsom
611 1057 191 25 förvandlingsstraff

57 1094 22 16 är
97 1091 109 26 föreslagen
226 1092 31 19 till
276 1092 45 25 fyra
340 1092 65 25 dagar,
421 1092 134 19 motsvarande
573 1092 55 18 böter
647 1091 42 19 från
707 1091 34 19 och
758 1091 42 19 med

57 1129 29 16 tre
102 1126 31 18 till
148 1126 36 19 och
199 1126 43 19 med
257 1127 55 24 tjugu
328 1126 64 25 mark;
408 1126 76 26 längsta
499 1126 50 19 tiden
566 1126 30 19 till
608 1126 55 18 nittio
675 1126 66 24 dagar,
752 1128 47 16 mot-

57 1160 95 19 svarande
168 1160 116 20 ättahundra
298 1161 54 19 mark
369 1161 47 19 eller
431 1161 117 19 derutöfver.
571 1160 87 19 Emellan
674 1160 55 19 dessa
744 1160 55 25 tjugu

57 1194 36 19 och
111 1194 118 20 ättahundra
247 1194 54 20 mark
322 1198 22 16 är
361 1194 190 20 värdeförhällandet
569 1194 75 24 sädant,
663 1196 29 17 att
711 1200 22 12 en
752 1194 47 24 dags

57 1228 87 25 fängelse
161 1230 109 18 motsvarar
289 1229 37 19 fem
345 1229 64 19 marks
429 1230 54 18 böter
502 1229 49 19 ända
569 1228 33 20 till
620 1228 103 20 etthundra
738 1228 61 24 mark,

57 1269 40 13 som
116 1262 75 20 säledes
209 1263 35 19 bör
262 1263 111 19 förvandlas
391 1263 32 19 till
442 1264 55 24 tjugu
517 1263 69 25 dagars
605 1262 93 26 fängelse,
714 1269 43 12 men
772 1262 27 18 tio

56 1297 66 19 marks
140 1298 56 18 böter
213 1297 30 19 för
262 1297 52 19 hvad
332 1297 111 19 derutöfver
462 1297 65 25 stiger.
558 1297 57 19 Emot
633 1296 61 20 denna
709 1296 90 20 förvand-

123 1380 18 23 *)
154 1380 65 22 Dylika
230 1380 32 18 fall
275 1382 37 16 äro:
326 1381 95 22 stämpling
431 1381 28 17 till
466 1380 121 22 högförräderi
595 1381 35 19 (11:
639 1381 16 20 3,
663 1381 25 20 4),
697 1380 32 16 och
739 1380 56 22 envig,

57 1408 39 18 med
112 1408 61 23 dödlig
184 1408 68 23 utgäng
264 1409 36 23 (23:
314 1409 17 23 1)
343 1408 27 18 för
382 1409 61 17 hvilka
455 1408 156 23 fängelsestraffets
623 1408 92 18 maximum
728 1407 69 23 uppgär

56 1436 27 19 för
95 1438 30 17 det
136 1438 48 17 förra
195 1438 68 17 brottet
274 1438 29 17 till
316 1439 10 17 8
338 1438 32 17 och
382 1438 26 17 för
421 1438 30 17 det
463 1443 59 12 senare
534 1438 29 16 till
578 1438 19 17 12
610 1437 24 17 är.

125 1467 177 21 Straffiagsutskottets
314 1467 103 17 betänkande
429 1467 34 17 N:o
476 1467 14 17 1.
