1014 1709
405 138 39 22 N:o
459 138 19 22 1.
758 140 30 22 99

140 202 16 19 1.
188 208 31 13 om
237 202 76 26 fängen
330 202 55 20 förut
401 206 23 16 är
440 202 63 20 insatt
518 203 7 19 i
541 209 79 19 enrum,
631 203 46 20 med
694 202 62 20 härdt
772 203 44 20 hvi-

68 235 82 26 loläger
166 235 62 26 högst
243 236 44 19 åtta
303 236 63 27 dygn,
376 236 53 20 eller
444 236 48 20 kost
507 238 22 18 af
543 238 70 17 vatten
630 237 38 20 och
688 237 51 20 bröd
756 238 61 26 högst

68 269 44 20 ätta
135 270 65 26 dygn,
216 270 51 19 eller
290 271 134 26 inspärrning
445 271 6 18 i
476 271 58 20 mörk
558 270 39 19 cell
614 271 61 25 högst
690 271 48 26 fyra
753 271 66 26 dygn,

69 303 53 20 eller
139 305 35 18 tvä
189 304 23 19 af
226 304 62 20 dessa
304 305 60 20 straff
377 306 6 18 i
401 305 108 26 förening;
524 304 39 20 och

138 339 18 19 2.
187 345 32 13 om
244 338 76 27 fången
345 338 70 21 hållits
435 339 5 19 i
457 339 157 26 gemensamhet
629 339 46 20 med
692 339 66 20 andra
774 339 43 20 fän-

67 379 45 21 gar,
129 373 46 20 med
192 373 63 26 nägot
271 373 76 20 sädant
362 373 65 26 straff,
444 379 42 14 som
503 374 5 19 i
527 374 8 18 1
553 373 93 26 punkten
662 377 94 22 nämnes,
768 373 51 20 eller

68 407 47 20 med
138 407 121 20 insättande
281 407 7 20 i
312 407 39 26 ljus
373 407 40 20 cell
429 407 61 26 högst
505 408 77 25 fjorton
599 407 63 27 dygn,
678 408 53 20 eller
747 407 36 20 två
797 407 24 20 af

68 441 62 20 dessa
146 441 63 20 straff
222 441 5 19 i
245 441 103 26 förening.

137 475 68 20 Anser
227 475 158 20 föreständaren
409 475 114 21 förseelsen
545 476 88 26 förtjena
649 476 83 20 svärare
748 479 71 24 näpst;

68 509 152 21 sammankalle
237 510 39 19 han
295 510 140 25 direktionen,
450 510 94 26 hvilken,
555 510 70 20 derest
640 511 113 20 förseelsen
770 511 47 20 icke

70 544 116 19 innefattar
208 544 64 26 brott,
288 551 44 13 som
350 545 84 26 pröfvas
451 545 50 19 böra
517 544 140 21 öfverlemnas
672 545 33 19 till
721 545 97 27 domstol,

68 584 49 21 eger
134 580 58 25 magt
207 581 31 17 att
252 578 94 27 belägga
361 579 40 20 den
417 579 98 26 skyldige
526 579 100 26 antingen
638 579 45 20 med
695 579 67 24 straff,
773 585 44 14 som

69 612 134 21 omförmäles
219 613 7 19 i
243 613 8 19 1
270 613 52 20 eller
338 613 13 20 2
366 613 101 26 punkten,
478 613 52 20 eller
545 613 47 20 med
608 613 133 27 inspärrning
756 614 5 19 i
778 614 40 26 ljus

70 647 40 20 cell
134 647 62 26 högst
218 648 69 19 sextio
311 647 64 27 dygn,
391 647 52 21 eller
457 648 121 20 insättande
593 648 6 19 i
615 648 40 26 ljus
671 647 40 21 cell
727 648 27 26 pä
769 647 49 22 obe-

68 682 66 20 stämd
160 682 36 26 tid,
213 682 53 20 eller
289 682 41 20 ock
354 683 46 19 med
417 682 141 27 nedflyttning
574 682 31 19 till
621 682 58 27 lägre
694 682 58 20 klass
767 682 52 20 eller

69 716 110 26 afdelning
194 716 47 20 med
258 716 52 20 eller
327 719 48 18 utan
392 716 74 27 tillägg
483 717 23 20 af
517 717 65 20 sädan
593 723 69 14 annan
674 716 145 27 bestraffning,

67 757 45 14 som
129 757 28 13 nu
172 753 24 18 är
211 751 58 27 sagd.
300 751 43 20 Har
359 751 62 27 fänge
436 751 69 20 blifvit
520 752 64 19 insatt
598 751 7 20 i
621 751 39 20 cell
672 751 27 27 pä
710 751 108 20 obestämd

68 786 36 26 tid,
125 786 53 20 eller
200 788 24 17 är
243 786 41 20 han
304 786 117 26 nedflyttad
438 786 31 20 till
486 786 56 27 lägre
557 786 58 20 klass
631 786 52 20 eller
699 786 119 27 afdelning;

68 820 112 20 ankomme
195 820 27 26 pä
238 820 132 20 direktionen
387 822 31 18 att
433 820 61 20 äfven
511 820 81 21 besluta
603 827 33 13 om
648 820 138 27 upphörande
797 820 23 21 af

67 854 76 21 sädant
160 854 65 22 straff.

137 889 25 27 Ej
178 889 34 20 mä
227 889 73 27 fänges
314 889 24 20 af
348 889 89 20 domstol
451 889 110 21 bestämda
568 889 92 20 strafftid
668 889 106 26 förlängas
782 896 35 20 ge-

67 930 49 14 nom
126 927 66 23 näpst,
199 930 43 14 som
252 919 18 36 af
266 923 172 21 föreständaren
446 923 50 20 eller
503 924 131 20 direktionen
642 924 86 26 älägges
733 924 85 20 honom.

138 958 38 20 Om
188 958 62 20 straff
260 959 38 19 och
311 958 140 26 anledningen
464 958 69 20 dertill
545 958 53 21 skall
610 957 128 27 anteckning
748 961 70 24 göras.

139 994 22 18 11
179 993 19 26 &.
228 993 48 20 Med
298 993 48 26 jern
369 991 52 21 eller
444 996 64 16 annat
530 993 80 26 fängsel
634 993 34 19 mä
682 993 63 26 fånge
760 993 56 20 inom

68 1027 165 20 straffanstalten
258 1027 46 20 icke
328 1027 101 26 beläggas
445 1027 7 19 i
468 1029 64 18 annat
546 1027 44 25 fall,
606 1030 25 16 än
649 1033 33 14 om
698 1027 41 20 han
755 1030 61 23 rymt,

68 1062 81 20 försökt
165 1068 86 19 rymma,
262 1061 54 20 eller
332 1061 55 20 visat
403 1061 138 25 väldsamhet,
551 1067 44 14 som
611 1062 19 25 ej
647 1061 80 20 kunnat
743 1067 75 14 annor-

68 1096 58 21 ledes
142 1096 80 26 tyglas;
238 1095 39 20 och
294 1095 111 20 ankomme
420 1095 28 26 pä
463 1095 132 20 direktionen
611 1098 31 17 att
657 1095 117 21 bestämma
784 1102 33 14 om

69 1131 65 20 sädan
158 1130 75 26 ätgärd
255 1130 39 20 och
319 1130 46 20 dess
381 1129 144 26 upphörande.
555 1129 10 20 I
581 1129 134 20 brädskande
731 1129 37 20 fall
784 1131 34 19 mä

69 1165 159 20 föreståndaren
253 1165 72 19 derom
348 1164 109 25 förordna;
482 1170 46 13 men
552 1170 49 13 vare
616 1163 85 27 skyldig
717 1166 30 17 att
762 1164 54 20 oför-

69 1199 104 26 dröjligen
190 1199 84 19 anmäla
290 1198 65 19 saken
371 1198 38 19 hos
425 1197 139 21 direktionen.

138 1232 38 20 Om
202 1232 72 26 fånges
297 1232 132 30 beläggande
452 1232 45 20 med
521 1232 82 26 fängsel
621 1232 40 19 och
677 1232 140 27 anledningen

70 1267 71 21 dertill
158 1267 55 20 skall
228 1266 129 27 anteckning
372 1269 67 23 göras.

141 1302 23 19 12
180 1302 20 26 &.
231 1301 45 20 Kan
300 1302 69 26 fånge,
384 1300 63 20 hvars
471 1300 89 20 strafftid
583 1300 75 20 nalkas
679 1301 35 19 sitt
734 1300 49 26 slut,
798 1302 19 25 ej

70 1336 96 25 päräkna
182 1337 31 17 att
228 1335 53 19 efter
297 1335 134 25 frigifningen
448 1334 57 18 finna
521 1334 60 19 säker
596 1334 113 26 bergning;
726 1334 51 19 söke
788 1334 29 19 di-

71 1369 108 19 rektionen
196 1368 32 20 för
242 1367 165 20 straffanstalten
423 1368 6 18 i
446 1367 41 26 god
503 1368 30 18 tid
549 1367 56 20 förut
620 1369 31 17 att
664 1367 22 19 ät
696 1368 75 19 honom
783 1367 35 20 be-

71 1404 50 19 reda
137 1404 63 25 tjenst
216 1402 36 20 hos
268 1402 77 20 redbar
360 1400 115 26 husbonde,
487 1400 51 21 eller
553 1407 69 14 annan
638 1403 63 25 utväg
717 1401 32 20 till
764 1401 55 26 ärlig

70 1437 134 27 försörjning.
