1003 1706
233 149 22 17 42
460 148 24 19 U.
496 148 22 19 B.
531 159 20 3 —
563 143 65 29 Prop.
640 147 37 20 N:o
689 148 16 18 1.

73 206 46 19 Strf.
130 206 11 15 I
153 206 45 22 Kap.
211 206 61 26 straff,
287 213 40 13 som
346 207 16 24 ej
383 207 48 19 stått
448 207 6 19 i
469 207 59 24 något
542 206 79 20 rättvist
638 206 122 19 förhållande
776 205 30 19 till
821 206 87 18 brottens
921 204 33 19 be-

209 241 114 20 skaffenhet.
352 241 69 19 Denna
436 241 157 25 straffsystemets
609 240 93 20 karaktär
717 240 85 19 kommer
817 246 68 19 genom
901 239 50 19 före-

208 275 92 26 liggande
314 276 134 25 lagstiftnings
463 276 65 19 arbete
543 278 29 17 att
587 275 6 19 i
608 275 98 25 väsentlig
720 275 44 19 mån
778 274 107 23 förändras,
899 274 7 18 i
921 273 32 19 det

209 310 81 20 tukthus
309 310 35 20 och
363 310 165 25 fängelsestraffen
546 316 79 13 numera
644 310 75 18 komma
738 311 29 17 att
785 308 63 20 blifva
867 308 23 19 de
909 308 43 19 huf-

209 344 116 26 vudsakliga
340 345 140 25 straffmedlen;
495 344 35 20 och
546 344 23 20 då
584 344 96 20 dessutom
691 343 102 25 åtskilliga
804 343 53 19 brott
867 342 36 20 och
913 342 39 20 för-

209 379 36 19 sök
260 378 31 20 till
305 379 76 25 dylika,
396 378 69 20 hvilka
479 378 71 20 hittills
565 379 7 18 i
586 378 73 20 saknad
669 378 22 19 af
699 377 116 26 tillämpligt
825 377 76 25 lagrum
912 376 43 20 icke

209 413 74 19 kunnat
301 413 82 25 straffas,
398 412 68 20 blifvit
483 413 7 19 i
508 412 127 26 lagförslaget
653 415 107 22 upptagna,
776 418 56 13 anser
851 411 103 19 Utskottet

210 446 167 26 rättsordningens
395 446 101 26 trygghet,
512 448 42 18 med
574 446 23 20 de
616 446 131 26 skärpningar
761 446 112 20 Utskottets
888 446 67 18 betän-

210 481 64 19 kande
288 481 114 24 innehåller,
418 487 48 13 vara
480 481 118 25 tillräckligt
611 480 136 26 tillgodosedd.
778 480 38 20 Det
831 480 35 19 bör
881 481 30 18 för
926 479 28 20 öf-

210 516 40 24 rigt
268 516 43 19 icke
331 516 88 24 förbises,
439 517 29 18 att
482 516 74 19 straffet
571 515 105 25 ingalunda
694 518 21 16 är
734 517 29 17 att
778 514 99 20 betraktas
893 514 61 20 såsom

209 550 60 25 något
281 550 150 25 hufvudsakligt
446 550 62 20 medel
518 552 29 17 att
557 550 106 19 förminska
673 550 83 24 brotten,
768 549 78 19 hvilkas
856 548 40 20 till-
908 548 47 20 eller

210 584 103 26 aftagande
331 584 135 26 förnämligast
483 584 57 20 beror
555 584 21 20 af
589 584 167 25 folkbildningens
772 583 119 25 ståndpunkt
905 585 50 17 samt

210 618 126 20 ekonomiska
351 618 35 20 och
401 619 60 19 andra
476 618 141 20 förhållanden.

498 700 28 20 10
540 698 121 26 Kapitlet.

280 754 44 29 18.
353 756 10 18 I
377 756 108 25 anledning
503 756 21 20 af
541 756 23 19 de
582 756 29 19 uti
629 756 128 25 lagförslaget
775 758 73 17 utsatta
866 756 87 19 straffbe-

211 790 121 20 stämmelser
349 790 30 20 för
398 790 87 20 hädande
504 791 22 19 af
543 790 43 20 Gud
605 790 36 20 har
655 791 8 19 i
677 790 102 20 Utskottet
798 790 105 24 anmärkts,
919 790 34 19 hu-

211 832 65 12 rusom
294 824 53 20 detta
365 825 52 19 brott
435 825 62 25 enligt
515 825 37 19 den
569 824 66 26 heliga
653 825 69 19 skrifts
740 827 68 24 utsago
827 824 89 26 utgjorde
931 830 23 14 en

212 859 111 25 kränkning
341 860 22 18 af
380 859 32 19 det
430 859 70 25 högsta
514 860 103 19 väsendets
633 866 69 18 person
717 859 36 20 och
768 859 6 19 i
789 859 48 26 följd
853 858 56 20 deraf
922 865 31 13 en-

211 894 38 25 ligt
268 900 71 13 samma
357 895 69 23 utsago
443 894 103 25 rätteligen
564 894 43 19 icke
626 894 64 19 kunde
708 894 43 19 med
769 894 74 19 mindre
858 896 24 17 än
897 893 58 20 lifvet

211 928 94 20 försonas.
335 928 45 20 Med
399 928 89 20 afseende
506 928 48 20 härå
572 928 35 20 och
626 928 25 20 då
669 928 30 19 för
717 928 186 20 rättsmedvetandet
920 928 35 19 hos

211 962 85 20 flertalet
310 963 22 19 af
344 962 62 20 finska
421 962 63 20 folket
498 965 50 17 samt
563 963 7 19 i
585 962 106 25 synnerhet
705 962 35 20 hos
756 963 75 25 menige
846 969 44 13 man
899 963 55 19 brot-

212 999 28 17 tet
258 996 93 20 framstod
368 996 63 20 såsom
449 996 85 20 särdeles
552 996 59 26 groft,
630 996 36 20 har
683 997 7 19 i
709 996 103 20 Utskottet
830 997 77 25 yrkats,
926 999 29 17 att

212 1030 75 20 straffet
301 1031 59 19 borde
375 1031 6 18 i
397 1031 88 25 ansenlig
500 1032 43 18 mån
556 1031 63 25 höjas.

280 1064 113 20 Utskottets
407 1065 64 20 flertal
485 1065 60 25 hyser
560 1065 62 19 likväl
637 1065 6 19 i
659 1065 90 19 afseende
765 1065 11 20 å
791 1065 35 19 den
841 1065 114 25 principiela

212 1099 150 25 uppfattningen
381 1099 21 19 af
419 1099 53 20 detta
486 1100 53 19 brott
554 1106 22 13 en
592 1105 61 14 annan
669 1099 58 25 äsigt.
756 1100 37 19 Att
806 1099 149 25 ifrågavarande

212 1134 54 19 brott
285 1133 82 25 straffas,
387 1134 57 19 beror
462 1134 49 24 icke,
530 1134 62 19 såsom
607 1136 50 17 ännu
676 1133 53 20 1734
745 1133 32 20 års
791 1133 110 26 lagstiftare
916 1133 38 20 för-

212 1167 87 25 menade,
319 1167 59 26 derpå
399 1170 29 17 att
446 1167 32 20 det
496 1167 70 26 högsta
584 1167 93 20 väsendet
695 1167 110 26 derigenom
825 1167 84 20 kränkes
928 1180 26 3 —

212 1202 62 19 denna
292 1202 100 25 synpunkt
409 1201 60 21 borde
488 1202 24 20 då
527 1203 58 19 äfven
600 1205 56 22 göras
671 1202 91 25 gällande
780 1202 118 20 beträffande
916 1203 39 19 alla

212 1236 60 19 andra
291 1237 52 18 brott
360 1247 28 3 —
406 1239 46 16 utan
470 1237 60 24 derpå
548 1238 29 17 att
595 1236 251 20 samhällsmedlemmarnes
864 1237 92 24 religiösa

213 1269 69 19 känsla
296 1276 69 18 genom
381 1269 96 20 hädandet
490 1273 94 21 uppröres
600 1270 35 18 och
650 1272 29 17 att
694 1269 56 20 dessa
763 1271 124 18 medlemmar
897 1271 60 18 hafva

212 1305 40 16 rätt
271 1305 28 17 att
317 1303 66 19 fordra
401 1303 68 24 lagens
488 1302 64 25 skydd
571 1305 51 16 emot
636 1303 69 19 sådant
720 1304 96 19 störande.
845 1304 44 19 Den
904 1305 51 24 prin-

212 1337 68 26 cipielt
294 1337 53 19 olika
362 1337 149 26 uppfattningen
526 1337 22 20 af
560 1337 72 20 brottet
647 1337 90 26 betingar
751 1337 36 20 ock
798 1345 23 12 en
836 1338 53 20 olika
899 1339 56 19 mått-

212 1371 56 20 stock
290 1371 118 20 beträffande
431 1371 156 26 straffbarheten,
610 1372 35 19 och
668 1372 33 19 det
718 1372 7 20 i
743 1372 43 20 nåd.
809 1379 56 19 prop.
883 1375 73 18 utsatta

212 1406 76 20 straffet
305 1406 36 20 har
360 1407 53 25 förty
432 1407 21 18 af
470 1406 47 20 flera
534 1406 123 21 medlemmar
675 1407 8 19 i
701 1407 102 20 Utskottet
821 1410 74 17 ansetts
909 1408 48 20 fullt

212 1441 123 26 tillräckligt.
362 1452 26 4 —
410 1441 32 20 Då
463 1441 108 20 emellertid
590 1441 23 20 de
631 1442 120 25 uttalanden,
771 1449 40 14 som
828 1443 7 19 i
855 1443 102 20 Utskottet

280 1474 174 23 Straflagsutskottets
464 1475 104 17 betänkande
580 1475 33 17 N:o
626 1476 15 16 1.
