1028 1703
335 137 21 18 U.
369 137 24 18 B.
408 147 18 3 —
439 137 61 24 Prop.
512 137 36 20 N:o
560 138 15 18 1.
783 139 22 18 83

80 196 83 18 utsätter
178 195 120 19 menniskors
312 195 30 25 lif,
358 195 54 20 helsa
428 195 48 20 eller
491 196 85 25 egendon
591 196 30 20 för
633 199 61 17 större
705 196 50 26 fara,
766 196 59 20 hvars
834 196 44 18 Strf.
886 196 24 16 34
916 196 46 22 Kap.

80 228 78 26 omfång
172 229 26 25 pä
212 228 81 20 förhand
309 229 43 19 icke
368 229 38 19 kan
421 230 131 25 fullständigt,
568 230 41 20 ofta
624 231 16 24 ej
657 236 33 13 ens
701 230 125 19 närmelsevis

79 261 102 20 beräknas.
212 262 64 20 Sådan
293 262 43 20 fara
354 263 82 25 uppstär
454 264 94 18 särskildt
566 270 68 18 genom
653 264 136 25 lössläppande
807 264 21 18 af

78 295 120 19 våldsamma
212 296 138 25 naturkrafter,
370 297 62 19 såsom
448 297 31 19 eld
498 297 34 19 och
548 299 73 17 vatten.
651 297 29 19 Af
693 297 56 20 dessa
764 297 60 20 hand-

78 328 73 25 lingars
169 330 135 19 beskaffenhet
320 330 64 25 följer,
404 332 28 17 att
451 331 124 24 lagstiftaren
592 331 43 19 icke
654 331 38 19 kan
711 332 63 18 säsom
793 331 33 19 vid

77 363 60 20 andra
156 363 52 20 brott
226 366 45 23 taga
290 363 75 26 hänsyn
384 364 74 25 dertill,
476 365 99 19 huruvida
592 365 36 19 den
649 365 58 20 effekt
725 365 102 25 gernings-

77 403 81 14 mannen
173 398 89 25 äsyftade
277 398 103 25 verkligen
396 398 86 20 inträffat
498 399 49 19 eller
562 399 24 26 ej,
598 401 45 17 utan
654 399 76 20 fordras
743 399 30 20 för
784 405 43 20 ger-

77 431 81 26 ningens
176 433 129 19 bestraffande
323 433 63 19 säsom
406 433 120 20 fullbordadt
544 434 54 19 brott
613 433 91 26 antingen
720 434 67 19 endast
800 436 28 17 att

77 465 36 20 den
131 466 22 19 af
169 466 57 25 lagen
245 466 118 20 betecknade
381 467 119 25 handlingen
521 467 85 26 begåtts,
625 467 48 20 eller
688 468 35 19 ock
739 470 29 17 att
783 468 44 19 den-

77 507 72 12 samma
170 500 96 20 föröfvats
284 501 61 19 under
364 501 72 20 sädana
456 501 171 26 omständigheter,
643 504 29 17 att
690 501 43 20 fara
751 502 30 19 för
795 508 32 13 an-

77 540 47 13 nans
140 534 92 25 egendom
248 535 48 19 eller
310 535 26 19 lf
349 535 48 19 eller
412 535 55 20 helsa
482 542 35 13 var
532 535 115 20 förhanden.
676 535 11 20 1
701 535 53 20 förra
769 535 59 20 fallet

77 568 51 20 talar
143 575 43 12 man
203 575 29 12 om
248 569 96 25 abstrakt,
360 569 6 18 i
382 569 32 20 det
429 575 68 14 senare
512 576 31 13 om
558 569 84 20 konkret
657 569 48 20 fara.

144 601 52 21 Från
215 602 55 20 dessa
289 603 123 25 principiella
430 603 124 26 synpunkter
572 603 36 20 har
623 603 73 26 jemväl
712 603 44 20 nåd.
772 609 54 19 prop-

77 636 64 25 utgätt
163 637 34 19 vid
218 637 153 19 bestämmandet
393 637 21 19 af
434 637 126 20 mordbrands
578 638 83 19 brottets
681 637 146 24 karakteristik,

77 677 42 13 men
139 670 36 20 den
193 671 79 25 intagna
287 671 144 25 ständpunkten
447 671 36 19 har
499 672 43 19 icke
558 671 67 19 blifvit
640 671 121 25 konsegvent
775 671 53 19 bibe-

77 704 72 26 hällen,
161 707 46 17 utan
224 704 208 26 farlighetsmomentet
447 705 36 19 har
498 706 6 18 i
517 706 61 24 nägra
588 705 103 19 afseenden
701 705 31 19 för
743 705 85 25 mycket,

77 739 6 18 i
98 738 61 20 andra
174 739 41 19 åter
230 739 30 19 för
275 739 45 19 litet
334 739 38 19 fått
386 743 48 21 göra
451 739 31 25 sig
496 740 97 24 gällande,
611 739 31 19 det
657 739 119 19 sistnämnda
787 740 41 18 mä-

77 772 63 20 hända
155 773 57 19 äfven
228 773 82 25 derföre,
322 775 29 17 att
365 773 129 25 lagförslaget
510 776 51 17 ännu
576 780 59 18 synes
650 774 47 19 bära
707 774 46 24 spår
765 773 21 19 af
796 774 32 18 det

79 806 53 20 äldre
152 806 185 26 betraktelsesättet,
356 807 62 25 enligt
433 807 79 19 hvilket
526 807 115 19 mordbrand
657 807 67 19 endast
740 807 88 25 utgjorde

79 840 126 26 qvalificerad
223 840 138 25 skadegörelse
379 840 22 20 af
418 840 24 20 de
462 842 6 18 i
485 842 58 24 lagen
558 840 79 26 angifna
652 840 111 20 föremålen.
794 840 33 20 Sä-

79 874 58 20 lunda
152 874 65 20 skulle
232 875 37 19 enl.
286 875 12 18 4
315 874 13 26 8
343 875 7 18 i
365 874 44 20 nåd.
424 881 56 19 prop.
496 874 116 20 mordbrand
628 875 43 19 icke
686 874 98 26 föreligga
798 881 29 12 om

79 915 42 13 man
141 909 93 19 antänder
252 909 35 19 sitt
306 911 44 23 eget
368 909 82 19 enstaka
467 910 85 24 stående,
568 910 20 18 åt
603 909 126 25 hyresgäster
743 909 85 25 uthyrda

79 943 42 25 hus,
140 943 44 19 ifall
202 943 43 19 icke
264 944 100 24 uppenbar
383 943 43 19 fara
444 943 31 19 för
494 950 72 13 annans
584 943 26 19 lif
627 943 48 19 eller
693 943 54 19 helsa
762 945 22 17 är
799 943 29 19 för

80 977 81 25 handen,
177 984 42 12 men
234 984 31 12 om
279 978 57 18 huset
351 977 65 25 ligger
430 977 22 19 så
467 979 29 17 att
511 978 42 19 fara
568 977 31 19 för
611 983 72 13 annans
694 977 37 19 hus
741 977 87 25 uppstår,

80 1011 21 20 sä
121 1013 58 23 utgör
201 1012 117 24 bandlingen
340 1011 122 19 mordbrand.
500 1011 71 19 Vidare
594 1010 65 20 skulle
677 1010 62 25 enligt
757 1017 71 12 samma

80 1045 12 25 $
107 1045 119 25 antändning
240 1045 22 19 af
276 1045 184 25 gerningsmannens
476 1051 48 19 egen
539 1044 128 25 tillhörighet,
684 1044 102 19 föremålet
799 1044 30 19 mä

80 1085 48 14 vara
145 1079 51 19 huru
213 1079 57 24 ringa
287 1085 41 13 som
342 1078 59 25 helst,
416 1081 14 17 t.
446 1085 30 13 ex.
492 1085 24 13 en
531 1078 93 25 spånhög,
640 1079 92 19 innebära
747 1078 80 19 fullbor-

81 1113 37 20 dad
136 1113 122 25 mordbrand,
277 1119 30 13 om
326 1113 36 19 ock
377 1113 63 24 någon
456 1113 60 25 afsigt
530 1114 29 18 att
574 1112 83 20 antända
672 1119 73 13 annans
759 1113 37 18 hus
811 1113 16 24 ej

80 1147 105 25 förefanns,
208 1147 49 19 blott
279 1147 102 20 föremålet
403 1147 33 24 låg
459 1147 22 19 så
500 1149 28 18 att
546 1147 100 25 uppenbar
664 1147 43 19 fara
724 1147 31 19 för
772 1146 58 20 huset

81 1182 111 24 derigenom
206 1181 90 25 uppstod,
308 1187 43 13 men
366 1187 31 13 om
411 1181 113 25 spänhögen
540 1180 92 19 tillhörde
648 1186 62 14 annan
720 1186 77 19 person,
808 1181 21 18 sä

82 1216 92 19 innebure
192 1215 72 19 brottet
283 1215 68 19 endast
369 1214 66 20 försök
455 1214 30 20 till
504 1214 115 20 mordbrand
637 1214 32 19 till
687 1214 36 20 och
741 1214 44 20 med
799 1220 30 13 om

81 1250 184 25 gerningsmannens
284 1248 60 26 afsigt
362 1248 45 26 gick
426 1250 23 18 ut
467 1248 26 26 pä
510 1248 67 20 husets
596 1248 124 26 antändning.
740 1260 26 3 —
783 1248 47 19 Icke

81 1284 63 20 heller
164 1283 39 20 kan
221 1283 103 19 Utskottet
342 1282 110 26 godkänna,
473 1285 28 17 att
519 1282 37 20 hus
574 1282 36 20 och
628 1282 116 26 byggnader
761 1283 7 19 i
788 1283 9 18 1
818 1282 13 26 $

82 1317 68 21 blifvit
165 1317 63 20 stälda
241 1317 62 19 under
318 1322 72 14 samma
405 1316 101 25 straffbud,
522 1317 107 19 oberoende
644 1316 57 20 deraf
714 1323 31 13 om
759 1317 24 18 de
798 1319 34 16 äro

82 1350 197 25 menniskoboningar
289 1350 49 19 eller
348 1350 81 24 aflägset
439 1349 92 24 liggande
542 1349 65 18 uthus.
622 1360 27 3 —
665 1348 97 25 Slutligen
772 1349 59 18 fram-

83 1385 35 24 går
136 1390 23 13 ur
175 1383 129 24 lagförslaget
323 1383 17 24 ej
359 1382 43 19 med
419 1382 101 25 tydlighet
539 1384 29 17 att
586 1382 66 19 försök
667 1382 32 19 till
714 1382 36 19 den
765 1382 7 19 i
787 1382 13 19 2
819 1382 12 26 $

83 1417 83 21 nämnda
180 1416 117 20 mordbrand
312 1419 22 16 är
348 1415 110 20 straffbart.

152 1450 179 22 Strafflagsutskottets
342 1449 103 17 betänkande
457 1449 34 17 N:o
504 1450 15 15 1.
