1111 1773
280 151 14 21 4
455 149 248 24 Petitionsbetänkande
720 150 37 23 N:o
773 150 25 22 4.

761 210 169 29 (Öfversättning.)

614 239 26 19 3.

421 322 44 18 Till
503 322 132 19 Hedervärda
652 322 184 19 Bondeständet.

322 393 38 18 Vid
371 394 144 22 landtdagarna
529 394 45 18 1897
588 394 37 18 och
635 394 46 18 1900
690 394 75 19 hafva
755 389 9 33 i
775 394 53 19 detta
837 394 57 18 stånd
903 394 99 23 petitions-

248 423 76 23 förslag
342 423 107 18 framstälts
469 428 30 13 om
519 424 121 18 anställande
660 425 21 17 af
700 424 146 23 undersökning
863 425 7 17 i
886 424 37 18 och
936 424 30 17 för
979 429 24 14 en

246 452 189 25 järnvägsbyggnad
454 453 43 18 frän
515 453 97 24 Uleäborg
633 459 70 18 genom
722 454 97 22 Kiiminki,
838 453 115 25 Pudasjärvi
967 454 36 18 och

249 483 126 18 Taivalkoski
394 483 84 18 socknar
496 483 29 18 till
544 484 103 21 Kuusamo,
666 484 63 18 första
746 484 78 23 gängen
840 484 52 18 ända
905 484 28 18 till
945 484 58 18 Hvita

248 513 75 21 hafvet,
338 517 45 13 men
395 513 7 17 i
415 513 76 18 saknad
503 513 20 18 af
536 513 90 24 behörigt
639 513 104 19 understöd
752 514 59 18 hafva
821 514 57 18 dessa
885 514 74 23 förslag
965 513 38 19 fått

249 543 83 18 förfalla.
357 543 36 17 Det
413 543 80 18 oaktadt
512 543 109 18 föranleder
640 544 32 17 det
686 543 22 18 är
719 543 30 19 för
763 544 22 17 är
798 544 32 17 allt
844 543 88 19 starkare
945 544 57 17 fram-

248 573 96 18 trädande
362 572 93 19 behofvet
467 573 20 18 af
500 573 62 18 bättre
575 573 190 18 kommunikationer
778 573 132 23 inbyggarene
924 574 5 17 i
944 573 58 18 dessa

248 603 69 23 nejder
338 603 29 17 att
385 603 168 23 fortsättningsvis
574 603 78 18 anhälla
665 608 31 13 om
708 603 52 24 hjälp
774 603 30 18 för
817 603 151 23 tillgodoseende
982 605 21 16 af

249 633 45 17 sina
314 632 126 19 ekonomiska
459 633 154 23 lifsbetingelser.
640 633 38 18 Allt
692 633 61 18 oftare
771 633 157 18 återkommande
942 633 61 18 nödär

250 663 7 17 i
270 663 65 18 denna
347 662 89 23 nordliga
450 663 30 17 del
493 663 20 17 af
522 663 64 18 landet
595 663 61 18 hafva
665 663 34 18 allt
708 663 75 18 klarare
792 663 57 21 visat,
859 663 29 18 att
897 663 47 18 utan
950 663 53 23 järn-

248 692 40 23 väg
301 693 58 22 ingen
372 692 101 23 möjlighet
491 693 105 18 förefinnes
610 694 30 17 att
653 693 134 23 ävägabringa
800 693 62 18 större
876 693 125 22 företagsam-

249 722 34 18 het
296 722 37 19 och
346 722 94 23 framsteg
452 722 26 23 pä
490 723 33 17 det
537 723 125 18 ekonomiska
676 722 86 19 omrädet
774 723 7 17 i
791 723 57 18 dessa
856 722 147 23 undanskymda

248 752 73 23 nejder.
346 752 29 17 En
396 751 25 23 pä
440 753 140 22 ängskulturen
599 753 89 23 grundad
707 753 185 22 landthushällning,
909 752 92 23 boskaps-

249 782 88 18 skötseln
356 782 37 17 och
413 787 25 13 en
453 782 92 23 tidsenlig
560 783 146 22 mejerirörelse,
726 787 41 14 som
777 783 24 23 ju
814 787 44 13 vore
872 783 38 17 den
922 782 79 18 naturli-

248 812 57 23 gaste
319 811 37 18 och
369 811 30 18 för
412 811 147 19 förhällandena
568 813 122 22 lämpligaste
700 812 129 23 näringsgren
838 813 31 17 vid
880 812 58 18 dessa
946 812 57 18 frost-

249 841 79 22 härdar,
341 841 39 18 kan
393 841 63 24 aldrig
469 842 26 17 nä
507 842 65 23 nägon
584 842 114 23 utveckling
711 843 7 16 i
730 842 104 18 nordöstra
847 842 55 18 delen
916 843 19 17 af
948 842 55 18 Uleä-

249 871 59 24 borgs
329 871 38 23 län,
387 876 30 14 om
437 873 17 23 ej
475 872 110 19 utförandet
598 873 20 17 af
631 872 150 24 ifrägavarande
792 872 86 24 järnväg
891 872 42 18 med
947 871 55 19 Stän-

249 902 71 18 dernas
334 902 120 18 medvärkan
467 902 150 18 ästadkommes.

321 932 108 22 Nedtryckt
442 932 20 18 af
475 932 123 18 misströstan
612 932 82 22 kämpar
707 932 36 18 den
756 932 7 18 i
772 932 124 23 omnejderna
905 932 20 17 af
931 932 72 18 nämda

248 962 212 18 kommunikationsled
481 962 74 17 boende
574 962 140 17 landtmannen
732 962 30 18 för
781 962 31 17 sin
824 962 75 22 timliga
912 962 90 21 utkomst,

249 991 48 18 enär
316 991 60 18 redan
395 991 125 24 landsvägen,
540 997 41 12 som
606 991 78 24 strängt
705 992 72 17 anlitas
803 992 20 17 af
842 991 36 18 den
899 991 34 18 alit
952 991 51 24 jämt

248 1021 91 18 växande
352 1021 89 22 trafiken,
459 1021 96 18 beräknas
568 1023 7 16 i
589 1021 62 24 ärliga
665 1021 217 19 underhällskostnader
895 1021 68 18 kräfva
977 1021 26 18 öf-

248 1056 36 13 ver
297 1052 57 17 tusen
373 1052 55 17 mark
447 1057 34 17 per
499 1052 78 17 mantal.
602 1051 42 18 Den
663 1052 92 20 statistik,
769 1056 42 13 som
824 1051 63 18 finnes
900 1051 65 22 bilagd
979 1056 24 13 en

248 1081 79 18 förlidet
340 1081 22 18 är
375 1081 28 18 till
422 1082 51 23 Kejs.
493 1081 83 18 Senaten
592 1082 88 22 ingifven
690 1081 184 24 järnvägspetition,
887 1081 74 18 utvisar
975 1082 28 17 att

248 1111 86 18 trafiken
348 1111 12 18 å
372 1111 120 23 landsvägen
505 1111 69 18 mellan
583 1111 98 24 Uleåborg
690 1111 37 18 och
736 1111 96 18 Kuusamo
845 1111 44 18 från
898 1112 9 16 1
918 1111 36 18 den
962 1116 41 18 sep-

248 1141 75 18 tember
338 1141 45 18 1902
399 1141 29 18 till
448 1146 74 13 samma
535 1142 37 22 dag
585 1141 22 18 är
621 1141 46 18 1903
680 1142 89 23 utgjorde
784 1141 104 22 14,872,936
902 1141 31 23 kg.
955 1141 46 18 Här-

248 1171 34 17 vid
296 1171 22 18 är
331 1171 52 18 ännu
397 1171 28 18 att
438 1171 74 22 märka,
525 1172 29 17 att
573 1171 28 18 till
615 1172 59 17 dessa
687 1172 51 17 orter
750 1171 61 18 under
824 1171 113 18 nuvarande
949 1171 53 18 kom-

248 1201 268 18 munikationsförhällanden
530 1201 68 18 endast
612 1202 23 17 de
650 1201 86 22 artiklar,
749 1206 42 13 som
804 1201 102 22 tillgodose
920 1201 22 18 de
955 1201 47 18 nöd-

248 1231 118 22 vändigaste
384 1231 101 23 behofven,
499 1231 67 18 kunna
578 1231 80 22 införas,
672 1232 51 17 samt
736 1231 29 18 att
778 1231 58 18 äfven
850 1231 153 23 exportrörelsen

248 1261 63 18 skulle
321 1261 129 23 mängfaldigt
459 1261 54 22 ökas,
523 1266 29 13 om
562 1261 95 18 utförseln
667 1262 20 17 af
695 1261 100 18 förädlade
804 1261 36 18 och
847 1261 62 18 andra
915 1261 88 18 trävaror

248 1290 45 18 från
313 1291 58 18 dessa
390 1291 91 23 skogrika
501 1291 66 23 nejder
583 1291 44 18 med
641 1291 57 18 deras
712 1291 71 22 rikliga
795 1290 82 23 tillgång
889 1290 25 23 pä
927 1291 76 18 vatten-

249 1320 52 18 kraft
314 1320 152 24 möjliggjordes.

322 1350 119 23 Visserligen
460 1350 34 19 bör
513 1351 114 23 medgifvas,
647 1351 29 17 att
695 1350 150 23 ifrägavarande
864 1350 62 18 banas
939 1350 65 18 ränta-

248 1379 62 19 bilitet
330 1381 61 17 under
410 1381 23 18 de
452 1381 61 18 första
534 1381 75 18 tiderna
622 1381 63 17 blefve
698 1381 40 17 lika
751 1381 53 17 oviss
817 1385 42 13 som
872 1380 84 23 mängen
969 1385 33 13 an-

247 1415 41 13 nan
306 1410 83 23 tidigare
402 1410 52 23 bygd
469 1410 85 22 bandels,
567 1410 61 19 ehuru
641 1411 33 17 det
686 1415 39 18 nog
739 1415 58 13 anses
811 1410 97 18 sannolikt
933 1410 28 18 att
974 1409 29 18 ät-

248 1440 98 18 minstone
367 1440 95 19 bandelen
480 1440 238 24 Uleäborg-Pudasjärvi
730 1441 7 17 i
750 1439 46 25 följd
811 1440 20 17 af
844 1440 91 18 markens
947 1440 57 23 ringa

247 1469 96 24 kupering
363 1470 64 19 blefve
447 1475 23 13 en
489 1471 20 17 af
527 1470 22 19 de
562 1470 100 23 billigaste
674 1471 7 16 i
694 1470 71 18 landet.
791 1469 37 18 För
841 1469 59 24 öfrigt
912 1474 45 14 vore
971 1469 33 18 det

320 1511 186 23 Järnvägsutskottets
519 1512 109 18 betänkande
641 1511 35 19 N:o
688 1512 16 17 2.
