1111 1775
272 146 42 19 114
450 144 245 22 Petitionsbetänkande
715 144 37 23 N:o
769 144 22 23 3.

313 208 51 23 Den
383 212 11 18 7
412 210 46 28 maj
478 212 56 20 1903
551 209 132 22 anbefallde
700 209 64 22 Hans
781 209 130 29 Kejserliga
923 210 70 29 Maje-

240 245 48 21 stät
304 245 7 21 i
328 244 74 23 nåder
418 244 102 23 Senaten
543 245 34 22 att
600 244 136 24 förafskeda
760 245 92 23 lektorn
877 245 116 23 Rosendal

241 282 62 20 samt
334 280 93 22 täcktes
454 280 75 22 tillika
556 280 109 28 förklara,
692 282 35 21 att
753 280 171 24 ofvanberörda
950 281 42 23 för-

241 316 102 28 ordning
360 316 24 22 af
401 316 45 22 den
466 320 25 18 14
508 317 95 27 augusti
621 320 56 18 1902
694 316 62 23 skall
778 323 45 22 ega
844 316 149 30 tillämpning

237 351 92 29 jämväl
347 351 13 23 å
376 352 46 22 alla
441 352 40 22 vid
502 352 129 22 skolstaten
656 352 117 22 anställda
799 359 116 22 personer,
941 352 53 23 med

240 386 125 30 undantag
388 387 24 23 af
434 388 130 28 Kejserliga
586 388 338 23 Alexanders-Universitetets
947 391 45 19 äm-

240 422 64 23 bets-
321 422 44 23 och
382 424 150 28 tjänstemän.
555 423 103 23 Senaten
670 423 76 23 beslöt
762 423 47 23 den
826 427 27 19 26
871 425 46 28 maj
937 427 55 19 1903

241 459 41 26 att,
299 460 8 21 i
325 458 105 30 enlighet
446 459 53 22 med
516 459 63 23 Hans
595 459 133 29 Kejserliga
744 460 123 28 Majestäts
890 459 103 23 uttalade

240 494 90 29 nådiga
353 494 63 30 vilja,
439 494 35 23 för
494 494 90 23 lektorn
601 495 116 23 Rosendal
735 495 93 23 utfärda
845 494 148 24 afskedsbref

242 530 43 22 och
309 530 46 22 den
381 534 24 18 11
431 531 94 29 augusti
546 538 17 15 s.
586 530 19 23 å.
628 532 34 21 att
680 531 34 22 till
732 530 261 30 Generalguvernörens

241 566 131 29 afgörande
395 566 151 28 öfverlämna,
568 566 115 23 huruvida
704 566 53 23 icke
778 567 64 22 Hans
863 567 130 28 Kejserliga

240 603 124 28 Majestäts
380 602 156 23 omförmälda
552 603 86 28 nådiga
654 602 133 29 förklaring
805 603 69 22 borde
890 604 34 21 uti
941 603 51 22 Fin-

240 637 69 23 lands
332 638 266 29 Författningssamling
618 639 97 22 införas.
748 639 51 22 Den
818 643 25 18 11
861 639 132 28 september

242 681 17 15 s.
277 674 20 22 ä.
315 673 163 23 antecknades
494 675 8 21 i
519 674 143 29 protokollet,
683 676 35 21 att
738 676 15 21 t.
773 674 15 22 f.
809 675 183 28 Generalguver-

240 711 74 21 nören
331 711 7 20 i
355 709 75 23 likhet
446 710 54 22 med
516 710 130 29 Kejserliga
668 710 104 23 Senaten
790 713 83 24 ansett,
891 710 39 23 det
946 717 46 16 om-

240 745 117 22 förmälda
382 745 88 29 nädiga
494 745 129 30 förklaring
648 746 70 22 borde
740 747 7 21 i
768 746 224 29 Författningssam-

240 781 81 28 lingen
344 781 95 31 införas.
472 781 156 23 Därförinnan
645 781 60 23 hade
721 782 78 22 lektor
815 781 115 24 Rosendal
947 781 45 23 den

242 820 25 19 17
282 817 47 29 juli
348 820 64 24 1903,
429 818 7 21 i
453 817 51 22 stöd
522 817 23 22 af
559 817 169 30 förordningen
747 817 25 23 af
783 817 44 23 den
840 821 12 19 2
865 817 58 29 april
936 821 56 19 1903

241 852 125 29 angäende
383 853 111 28 ätgärder
504 853 35 22 för
550 853 229 23 vidmakthällandet
795 853 24 23 af
835 853 45 23 den
897 853 96 29 statliga

241 888 132 28 ordningen
398 888 42 22 och
465 888 40 22 det
529 888 119 23 allmänna
669 889 84 29 lugnet
768 890 8 21 i
793 888 106 28 Finland,
917 888 76 22 blifvit

241 930 28 16 ur
285 924 82 22 landet
383 924 102 22 utvisad.
517 924 44 22 Det
579 925 30 29 pä
628 924 122 23 elevernas
770 924 133 23 bekostnad
919 925 74 28 några

240 960 27 22 är
283 959 101 29 tidigare
401 960 92 22 mälade
508 961 122 28 porträttet
648 960 24 22 af
687 960 91 23 lektorn
795 960 123 27 Rosendal,
935 960 57 22 hvil-

239 995 43 22 ket
297 995 61 23 hade
374 996 37 22 sin
428 996 61 28 plats
505 996 7 22 i
528 996 81 28 lyceet,
626 996 151 28 aflägsnades
795 996 113 22 därifrän.

312 1031 80 29 Enligt
420 1031 137 29 Förenings-
584 1032 43 22 och
654 1032 202 22 Säkerhetsakten
884 1032 24 22 af
936 1035 56 19 1789

240 1066 68 23 skola
327 1067 53 22 icke
400 1069 58 21 utan
474 1068 55 28 laga
545 1068 145 29 ransakning
707 1068 43 22 och
767 1068 54 22 dom
839 1068 89 22 sädana
945 1070 47 20 äm-

241 1102 117 28 betsmän,
383 1109 51 16 som
459 1104 20 28 ej
504 1103 128 23 innehafva
656 1105 105 21 tromans
787 1104 124 28 värdighet
938 1104 55 22 eller

240 1140 57 27 taga
321 1138 38 23 del
383 1140 7 20 i
416 1139 213 29 landtregeringen,
654 1140 52 22 sina
733 1139 111 23 ämbeten
871 1140 122 28 förlustige

240 1174 79 23 varda.
353 1174 47 23 Och
426 1175 74 29 enligt
523 1175 187 30 prästerskapets
734 1176 134 29 privilegier
888 1175 24 23 af
929 1179 63 22 1723,

240 1210 82 23 hvilka
350 1211 46 22 alla
422 1211 116 22 ordinarie
562 1211 74 23 lärare
661 1211 39 23 vid
724 1211 268 23 elementarläroverken

241 1247 100 28 ätnjuta,
366 1247 67 22 skola
457 1247 68 22 desse
548 1247 75 22 lärare
645 1247 154 23 oförändradt
815 1247 43 22 och
875 1247 119 28 oförryckt

240 1283 69 28 njuta
333 1282 43 23 och
399 1283 94 22 behälla
517 1283 51 22 sina
588 1283 130 29 välfängna
735 1283 104 26 friheter,
857 1283 136 22 donationer

240 1318 44 23 och
306 1319 148 28 förläningar
472 1320 62 21 samt
551 1319 72 22 andra
640 1319 90 27 villkor,
747 1319 137 28 lägenheter
900 1318 43 23 och
959 1325 33 16 or-

240 1353 91 24 dinarie
355 1354 131 27 underhäll,
511 1355 23 22 af
559 1355 61 22 hvad
639 1361 73 16 namn
730 1355 29 22 de
775 1361 58 16 vara
849 1355 76 28 mäge,
942 1361 49 15 som

240 1389 69 24 deras
330 1390 112 23 ämbeten
460 1390 96 23 tillhöra.
589 1390 24 29 Ej
632 1391 60 22 blott
706 1391 93 22 lektorn
815 1390 128 23 Rosendals
960 1389 33 22 af-

240 1425 130 28 skedande,
387 1428 58 20 utan
462 1426 44 22 ock
523 1426 45 22 den
585 1426 138 29 förordning
738 1427 75 28 jämte
831 1426 137 28 förklaring,
986 1427 6 20 i

240 1461 53 23 stöd
310 1461 84 23 hvaraf
409 1461 156 23 afskedandet
577 1462 95 26 skedde,
684 1462 65 23 stred
759 1462 61 29 förty
833 1463 64 21 emot
907 1461 86 29 grund-

312 1510 101 17 Allmänna
425 1510 183 18 Petitionsutskottets
620 1510 111 18 betänkande
744 1510 34 18 N:o
792 1511 16 18 1.
