1114 1775
299 151 281 22 Petitionsbetänkande
598 152 42 20 N:o
657 152 25 21 6.
840 159 24 19 13

110 216 92 22 skottet
222 216 134 22 betraktats
372 224 51 14 som
440 220 35 18 ett
491 216 135 29 synnerligt
642 217 120 21 kostsamt
778 217 86 27 arbete,

110 252 94 23 hvilket
227 252 83 23 kräfde
333 252 75 29 några
433 252 113 29 miljoner.
579 252 37 23 Då
640 252 29 22 de
692 252 62 23 båda
770 253 94 29 sjöarna

109 296 99 15 numera
225 289 39 21 äro
281 289 111 22 förenade
409 296 79 20 genom
506 296 29 15 en
551 289 81 28 privat
644 289 109 28 järnväg,
764 289 100 22 hvilken

109 325 67 22 torde
192 325 111 28 upplåtas
320 325 70 22 äfven
407 325 36 22 för
460 325 167 27 allmänheten,
644 325 26 21 så
683 325 43 21 har
737 325 127 22 Utskottet

108 361 53 21 icke
185 361 80 22 funnit
287 361 51 22 skäl
355 364 36 19 att
408 361 72 22 tänka
496 361 31 28 på
543 368 29 15 en
589 361 87 28 dyrbar
692 361 171 28 kanalanlägg-

108 397 65 28 ning.

153 433 127 22 Utskottet
295 433 35 21 får
346 432 31 29 på
393 433 78 21 denna
488 433 78 28 grund
582 432 94 22 föreslå:

394 500 35 19 att
436 499 177 28 ifrågavarande
615 498 247 29 petitionsförslag
815 494 52 37 icke

322 535 70 20 måtte
422 535 128 27 föranleda
581 535 77 28 någon
694 535 85 28 ätgeärd
807 535 54 21 från

321 569 147 23 Ständernas
483 571 56 21 sida.

149 714 84 21 Kanal
247 714 84 22 mellan
347 714 189 28 Kuolimonjärvi
548 714 40 22 och
604 714 101 22 Saimen.

177 772 230 19 Petitionsmemorialet
419 773 16 18 6.

149 823 119 26 Förslaget
290 823 59 20 afser
372 822 202 21 åstadkommande
598 823 21 20 af
634 822 72 21 bättre
731 822 126 21 kommuni-

103 859 101 20 kationer
219 859 34 20 för
269 859 27 20 de
311 859 62 20 delar
384 859 22 20 af
416 859 134 26 Savitaipale
560 859 43 20 och
615 859 166 20 Suomenniemi
792 858 64 21 sock-

103 901 44 18 nar,
163 901 51 14 som
230 895 61 25 ligga
307 895 38 20 vid
358 895 181 26 Kuolimonjärvi
552 895 39 26 sjö.
616 895 64 19 Inom
693 895 115 20 Utskottet
818 894 39 20 har

102 931 113 26 påpekats,
238 933 31 18 att
291 931 64 20 dessa
376 931 60 20 delar
455 931 193 26 hufvudsakligen
669 932 37 18 äro
722 930 134 24 ödemarker,

101 967 28 20 då
146 966 100 21 däremot
262 967 43 20 den
321 973 47 14 mer
384 967 79 20 odlade
479 967 65 20 delen
560 967 21 20 af
594 966 134 26 Savitaipale
738 966 67 20 redan
816 965 40 21 har

101 1002 293 26 ångbåtskommunikation
406 1002 33 20 till
450 1003 182 20 Villmanstrand.
652 1002 44 20 För
706 1001 150 26 skogsbruket

99 1038 46 21 åter
162 1039 23 19 är
201 1039 70 25 sörjdt
287 1045 80 19 genom
380 1039 58 25 goda
449 1039 103 20 flötleder
562 1038 34 20 till
608 1039 124 24 Kymmene
743 1038 35 24 älf,
791 1038 63 20 hvar-

98 1074 35 20 för
149 1075 117 20 Utskottet
277 1074 48 20 icke
336 1074 74 20 funnit
422 1074 48 20 skäl
482 1075 35 20 för
528 1074 123 21 Ständerna
662 1077 31 17 att
705 1073 70 21 under
786 1080 68 14 nuva-

99 1110 67 20 rande
182 1110 155 21 förhållanden
354 1113 52 23 taga
424 1110 99 21 initiativ
539 1110 34 20 till
590 1110 35 20 det
642 1110 6 19 i
664 1109 190 27 petitionsmemo-

98 1146 63 20 rialet
177 1146 92 20 berörda
285 1146 275 26 kanaliseringsföretaget.

144 1182 31 20 På
191 1182 73 26 grund
280 1182 62 20 häraf
357 1182 33 20 får
406 1182 116 21 Utskottet
538 1182 117 20 vördsamt
670 1182 90 20 föreslå:

384 1249 35 19 att
436 1247 164 29 föreliggande
628 1246 228 30 petitionsmemorial

314 1283 48 21 icke
369 1284 45 27 för
429 1283 77 21 denna
519 1284 67 28 gång
600 1284 69 20 måtte
680 1283 123 27 föranleda
812 1284 39 20 nå-

311 1326 47 22 gon
374 1319 85 28 åtgärd
464 1319 62 28 från
542 1319 147 22 Ständernas
704 1319 54 21 sida.

164 1517 186 21 Järnvägsutskottets
362 1517 106 16 betänkande
480 1517 34 16 N:o
527 1521 17 15 3.
