1114 1775
218 142 26 18 Ta
450 142 219 19 Motionsbetänkande
681 142 37 18 N:o
731 142 17 18 1.

571 202 25 22 11
614 202 20 29 8.

294 249 80 29 Afgift,
392 256 49 16 som
459 249 78 23 idkare
553 250 24 22 af
593 249 252 28 utskänkningsrörelse
856 249 71 28 enligt
939 250 12 22 7
964 249 12 30 &

220 285 42 22 har
278 287 36 20 att
329 285 97 28 erlägga,
442 285 60 22 skall
518 286 24 21 af
557 286 82 22 honom
655 286 39 22 vid
709 286 79 29 hvarje
804 285 67 29 inköp
888 285 24 22 af
921 286 55 22 alko-

220 321 117 28 holhaltiga
362 321 94 30 drycker
482 321 112 23 inbetalas
617 322 34 21 till
675 321 38 23 det
732 321 186 28 utminuterings-
934 321 42 22 och

221 357 244 29 utskänkningsbolag,
489 365 47 14 som
559 358 45 21 sålt
625 365 78 20 varan,
725 357 79 29 (utesl)
823 357 42 22 och
883 357 39 22 bör
937 357 39 22 vid

220 392 74 30 dylikt
311 393 44 30 köp
372 393 203 22 tillständsbeviset
591 393 77 22 städse
685 394 87 29 upptes.

294 429 19 22 2.
344 429 86 28 (Utesl.)

571 483 27 22 12
614 482 19 30 &.

297 531 18 21 1.
339 530 192 29 Utminuterings-
547 531 41 22 och
599 530 248 29 utskänkningsbolags
858 530 117 22 verksam-

222 566 41 21 het
286 566 138 23 öfvervakas
441 567 24 22 af
481 573 28 15 en
525 566 50 23 utaf
599 566 206 28 stadsfullmäktige
821 566 83 22 tillsatt
919 565 57 22 kon-

221 602 81 28 trollör,
327 602 94 22 hvilken
445 603 39 22 det
507 602 83 28 åligger
605 603 20 28 ej
642 603 85 22 mindre
744 604 36 20 ati
800 602 120 23 Oivervara
934 601 41 22 bo-

221 637 175 31 lagsstyrelsens
421 638 190 28 sammanträden,
636 638 168 28 granskningen
828 638 24 22 af
875 638 101 27 bolagets

222 673 154 30 räkenskaper
392 674 42 22 och
450 675 51 21 dess
517 676 108 20 stämmor
641 675 61 21 samt
717 676 36 20 att
769 674 78 22 dervid
858 674 33 21 till
902 674 73 28 proto-

222 709 70 23 kollet
316 711 54 27 göra
394 710 27 22 de
437 710 156 29 påminnelser,
612 710 33 22 till
661 710 80 22 hvilka
757 710 51 22 skäl
823 710 79 22 kunna
916 709 60 22 före-

223 745 98 28 komma,
349 748 30 20 än
394 746 42 22 ock
460 747 35 21 att
510 748 27 20 så
552 746 49 22 ofta
623 746 46 22 han
692 746 74 22 finner
786 746 78 28 nödigt
878 745 100 28 granska

222 781 67 23 såväl
313 781 103 29 bolagets
439 782 118 29 bokföring
580 789 47 16 som
643 782 110 23 rörelsens
769 781 177 23 handhafvande
962 782 15 20 &

221 817 29 22 de
267 817 75 23 skilda
357 819 184 27 utminuterings-
558 819 41 22 och
615 818 273 28 utskänkningsställena.
914 817 62 22 Kon-

221 853 117 22 trollörens
355 853 107 29 aflöning,
481 855 64 22 hvars
560 855 69 28 belopp
645 855 120 22 bestämmes
780 854 29 28 af
820 853 156 28 stadsfullmäk-

223 889 49 28 tige,
289 890 100 28 erlägges
406 890 24 21 af
445 889 88 29 staden,
550 897 47 15 som
613 889 74 23 derför
703 889 95 23 erhåller
813 889 125 28 ersättning
954 888 24 22 af

221 924 97 29 bolaget.

295 961 20 22 2.
346 961 87 29 (Utesl)

295 998 21 21 2.
348 996 145 29 Granskning
509 997 24 22 af
548 998 187 28 utminuterings-
744 997 43 22 och
797 996 179 28 utskänknings-

222 1032 80 29 bolags
325 1033 154 30 räkenskaper
501 1033 41 22 och
564 1033 139 28 förvaltning
712 1033 40 29 för
767 1033 34 22 det
810 1033 112 28 förflutna
937 1033 40 22 ka-

223 1068 117 23 lenderäret
358 1064 10 38 —
371 1069 135 22 verkställes
532 1070 78 21 senast
635 1069 60 22 inom
721 1069 129 29 påföljande
876 1068 102 28 februari

222 1105 86 21 månad
331 1104 25 23 af
370 1107 32 20 tre
425 1105 51 22 utaf
498 1105 91 28 bolaget
607 1105 105 22 aflönade
728 1105 115 27 revisorer,
860 1103 24 23 af
900 1104 78 22 hvilka

222 1139 93 30 bolaget
338 1142 64 21 utser
424 1149 33 20 en,
479 1141 192 29 stadsfullmäktige
693 1141 50 22 eller
766 1141 171 22 rådhusstämma
952 1147 26 15 en

221 1176 43 22 och
288 1177 170 22 Statskontoret
473 1177 44 21 den
532 1178 69 28 tredje,
632 1177 125 23 Berättelse
774 1176 64 23 öfver
852 1176 126 22 revisionen

221 1212 42 22 bör
278 1212 47 23 före
341 1212 43 22 den
402 1213 28 22 15
446 1213 166 29 derpåföljande
627 1220 59 16 mars
701 1212 100 29 ingifvas
812 1212 34 22 till
856 1212 122 22 Statskon-

222 1250 60 20 toret
297 1249 42 21 och
354 1248 214 29 stadsfullmäktige,
585 1249 72 23 hvilka
671 1250 34 22 det
720 1249 84 28 åligger
818 1250 32 21 att
864 1248 30 22 till
904 1248 75 29 slutlig

223 1284 129 30 behandling
368 1287 96 26 upptaga
478 1285 124 23 densamma
617 1285 60 22 inom
692 1286 36 21 två
737 1285 106 22 månader
853 1283 54 28 efter
917 1283 65 28 deraf

221 1320 96 23 erhållen
340 1320 37 23 del.
414 1320 87 29 Vägrar
527 1321 169 22 Statskontoret
718 1320 49 23 eller
789 1319 191 30 stadsfullmäktige

222 1356 168 22 ansvarsfrihet
408 1357 35 22 för
461 1357 102 28 bolagets
582 1357 145 28 förvaltning,
748 1356 134 29 hänskjutes
898 1355 81 28 frågan

223 1391 76 23 derom
318 1392 34 22 till
372 1392 88 29 slutligt
479 1393 121 28 afgörande
617 1392 23 22 af
655 1392 48 22 fem
718 1392 126 29 skiljomän,
862 1391 24 22 af
900 1391 80 22 hvilka

222 1427 92 29 bolaget
334 1429 63 21 utser
414 1429 91 27 tvenne,
522 1428 193 29 stadsfullmäktige
731 1429 85 21 tvenne
833 1427 60 22 samt
910 1427 69 22 Stats-

222 1463 96 23 kontoret
333 1464 43 22 den
392 1464 71 23 femte
479 1464 32 22 till
527 1464 138 23 ordförande.
