1111 1775
325 140 245 23 Petitionsbetänkande
587 140 37 23 N:o
641 140 23 22 4.
801 144 39 18 151

265 212 67 16 nans
349 205 130 29 lämpliga
500 200 152 34 anslutning
668 206 42 22 till
726 206 147 28 hamnplat-

265 248 40 15 ser
321 241 46 22 och
391 241 113 22 farleder
519 242 11 21 i
546 242 30 21 de
593 242 160 29 vattendrag,
772 248 55 15 som
843 241 34 22 af

265 277 86 22 denna
384 277 111 27 beröras,
523 279 68 20 samt
621 278 58 22 med
710 277 120 23 afseende
856 277 17 22 å

266 313 224 22 Lahti—Heinola
521 313 88 22 banan
637 313 165 22 beträffande
824 313 49 22 för-

267 349 170 28 delaktigaste
465 349 44 22 val
533 349 32 22 af
589 349 179 29 stationsplats
797 349 76 22 invid

266 385 114 22 Heinola
400 385 67 26 stad,
486 385 131 22 äfvensom
635 386 37 21 att
688 385 185 22 räntabilitets-

267 421 118 28 kalkyler
403 421 78 22 mätte
501 421 40 22 för
557 421 56 22 dem
632 421 129 22 hvardera
779 422 95 28 uppgö-

266 463 51 20 ras,
343 457 178 22 hvarftörutom
540 457 105 28 jämväl
662 457 114 29 beloppet
793 457 32 22 af
837 458 37 21 ut-

267 492 104 23 lofvade
396 493 94 29 bidrag
515 493 76 22 borde
615 493 123 22 närmare
759 493 112 26 utredas,

266 530 68 21 samt

339 565 37 21 att
396 564 171 23 förevarande
587 564 261 29 petitionsmemorial
865 564 10 22 i

267 600 80 29 öfrigt
365 600 78 23 måtte
460 600 102 23 lämnas
578 602 64 21 utan
660 600 124 23 afseende.

339 792 169 28 Nyslott—
473 788 38 37 S:t
521 792 95 27 Michel;
648 792 94 28 Nyslott
755 792 120 22 —Pieksä-

267 834 65 22 mäki
348 835 53 22 med
417 835 87 22 bibana
519 835 39 22 till
574 835 115 28 Varkaus,

339 912 219 18 Petitionsmemorialen
571 912 76 21 32—36,
661 913 20 16 71
697 912 36 18 och
747 912 27 17 73.

198 995 37 22 Uti
266 995 118 22 särskilda
414 995 234 29 petitionsmemorial
685 995 72 22 hafva
788 995 88 29 förslag

127 1030 129 23 framstälts
273 1037 37 16 om
327 1031 135 22 utförandet
478 1031 24 22 af
518 1038 29 16 en
573 1031 304 29 sammanbindningsbana

127 1066 98 23 emellan
247 1067 112 22 städerna
375 1067 131 29 Jyväskylä
523 1067 42 22 och
588 1067 94 29 Nyslott
704 1073 55 16 vare
784 1067 37 28 sig
837 1073 38 22 ge-

126 1109 54 16 nom
196 1102 33 23 S:t
246 1103 84 22 Michel
348 1102 56 23 eller
420 1103 159 22 Pieksämäki.
606 1103 157 22 Alldenstund
781 1102 94 23 Utskot-

126 1139 34 22 tet
176 1139 33 22 uti
226 1139 34 22 ett
276 1140 75 21 annat
367 1139 177 29 sammanhang
561 1138 129 23 behandlat
706 1139 28 22 de
751 1139 29 29 på
798 1139 78 22 vestra

127 1173 68 23 sidan
211 1180 38 17 om
266 1173 115 24 Savolaks
406 1174 77 24 banan
509 1175 100 29 belägna
633 1175 107 29 linjerna,
759 1176 117 27 upptagas

126 1209 43 23 här
192 1210 85 22 endast
301 1210 168 30 banförslagen
493 1210 157 30 Nyslott-S:t
666 1210 84 23 Michel
773 1210 44 22 och
832 1209 45 30 Ny-

127 1242 65 36 slott
201 1242 171 36 -Pieksämäki,
384 1246 45 22 den
446 1253 84 16 senare
547 1246 54 22 med
616 1246 88 22 bibana
715 1246 34 22 till
760 1246 115 23 Varkaus.

197 1282 46 22 Vid
261 1282 175 29 behandlingen
452 1282 25 22 af
493 1282 68 23 dessa
585 1282 89 29 förslag
697 1282 34 22 till
751 1288 48 23 nya
811 1282 66 29 järn-

127 1318 126 29 vägslinier
276 1318 43 23 har
338 1318 122 23 Utskottet
483 1321 61 20 varit
564 1318 24 23 af
604 1318 46 23 den
667 1318 104 29 mening,
788 1319 34 21 att
838 1316 40 24 det

126 1354 35 22 till
177 1353 124 24 desamma
324 1353 108 24 stötande
456 1354 107 23 omfädet
581 1355 8 21 i
607 1353 117 24 anseende
740 1354 35 22 till
792 1354 26 22 sä
838 1353 39 23 väl

128 1389 136 30 bosättning
301 1396 51 17 som
383 1389 228 30 landthushällning,
646 1389 232 30 mejerihandtering,

127 1425 114 29 hemslöjd
275 1432 30 16 m.
335 1425 24 23 fl.
392 1425 156 24 ekonomiska
578 1426 195 28 förutsättningar
798 1425 79 29 förtjä-

128 1467 41 16 nar
185 1463 34 21 att
236 1461 97 23 komma
349 1462 8 21 i
374 1461 94 27 ätanke,
489 1461 159 23 hvarförutom
666 1468 26 15 en
710 1467 87 23 genom
813 1461 65 22 detta

198 1509 186 23 Järnvägsutskottets
398 1509 111 19 betänkande
521 1509 34 18 N:o
567 1511 16 16 2.
