1109 1773
233 168 28 20 32
401 166 74 23 Ständ.
491 167 44 22 Pet.
551 178 28 4 —
595 166 145 23 Petitionsbet.
757 167 35 22 N:o
807 166 22 22 3.

234 238 24 22 af
283 237 339 30 auskulteringsskyldigheten
645 240 60 20 samt
722 238 24 22 få
765 238 93 29 aflägga
876 238 120 29 praktiskt

233 272 130 29 lärareprof
381 272 58 22 efter
457 272 155 29 ansöknings-
631 272 44 22 och
692 272 150 29 respittidens
860 273 92 28 utgång
964 273 30 29 på

233 306 44 27 tid,
291 314 48 14 som
353 306 23 22 af
389 306 237 29 Skolöfverstyrelsen
638 310 106 18 närmare
754 306 138 23 bestämdes.
911 307 83 21 Denna

234 340 251 30 Skolöfverstyrelsens
503 341 174 29 framställning
695 344 26 19 är
738 341 36 22 för
791 341 146 23 närvarande
956 342 39 21 be-

233 375 87 23 roende
338 376 31 28 på
387 376 81 29 slutlig
485 375 185 29 handläggning.

304 410 133 22 Ständerna
461 410 65 22 finna
550 410 45 22 den
623 410 24 22 af
671 410 239 28 Skolöfverstyrelsen
935 410 59 22 före-

233 444 84 29 slagna
340 444 278 29 lagstiftningsätgärden
643 444 21 29 ej
683 444 60 22 blott
761 444 119 22 stridande
899 447 48 19 mot
964 443 30 22 de

233 479 120 22 allmänna
371 479 242 29 rättsgrundsatserna
630 479 37 22 för
687 478 114 22 Finlands
819 478 104 29 styrelse,
935 481 58 19 utan

235 513 71 22 äfven
331 513 99 22 orättvis
453 513 44 22 och
520 513 90 29 obillig,
634 513 97 22 emedan
750 513 134 28 därigenom
903 515 35 20 ett
955 513 39 22 be-

233 547 89 22 stämdt
348 547 116 22 företräde
488 547 75 22 skulle
587 547 154 22 tillerkännas
765 547 103 22 sökande
893 548 23 21 af
937 547 57 29 rysk

233 583 154 21 nationalitet
403 583 96 21 framför
518 581 87 24 sådana
624 582 23 21 af
659 582 61 21 finsk
732 581 158 23 nationalitet.
918 581 76 22 Också

233 616 146 29 rättigheten
398 619 35 19 att
451 616 105 22 meddela
574 616 94 29 dispens
687 617 52 21 från
758 616 28 21 de
799 617 119 21 allmänna
930 616 64 22 kom-

234 651 201 28 petensvillkoren
453 651 60 22 efter
530 651 111 28 pröfning
659 651 24 21 in
697 658 55 15 casu
761 663 28 3 —
799 650 94 29 dispens
905 651 43 22 har
959 651 34 21 åt-

233 685 118 22 minstone
373 685 40 22 vid
431 685 148 22 besättandet
597 685 24 22 af
639 687 34 20 ett
691 685 102 22 lektorat
810 685 9 22 i
836 685 71 28 ryska
927 685 65 22 1904

233 719 74 22 redan
325 719 110 29 beviljats
447 732 27 3 —
487 723 26 18 är
531 719 77 29 egnad
627 722 35 19 att
678 720 75 21 väcka
771 719 195 29 betänkligheter,
985 719 8 22 i

234 753 128 30 synnerhet
379 761 37 15 om
435 754 191 29 dispenseringen
644 754 53 21 sker
714 754 8 21 i
741 753 131 22 vidsträckt
884 754 53 21 mån
950 753 44 22 och

233 789 56 21 fullt
311 789 149 28 kompetente
478 788 120 22 inhemske
616 788 114 23 sökandes
749 790 47 20 rätt
813 788 100 22 sålunda
930 788 63 22 kom-

234 831 49 14 mer
301 823 144 22 allmännare
463 825 36 20 att
516 823 79 22 trädas
613 823 36 22 för
667 827 48 18 när.

301 857 150 22 Beträffande
469 857 150 22 besättandet
637 857 24 22 af
678 857 204 28 läraretjänsterna
894 856 40 22 vid
944 859 44 19 sta-

230 895 53 19 tens
297 892 234 22 elementarläroverk
544 892 43 22 och
596 892 238 22 fruntimmersskolor
843 892 9 21 i
862 891 128 23 allmänhet

230 926 43 22 har
291 934 84 22 genom
393 926 166 29 förordningen
577 926 120 30 angående
717 926 100 29 ändring
836 926 24 22 af
874 925 116 23 särskilda

231 961 148 29 stadganden
397 961 98 22 rörande
513 962 100 27 tjänster
629 961 41 22 vid
683 961 133 22 civilstaten
829 960 9 21 i
850 960 102 22 Finland
965 960 24 21 af

230 995 46 22 den
302 996 29 21 31
357 995 44 30 juli
428 995 63 22 1902
511 1003 28 14 en
558 995 50 22 helt
625 995 44 22 och
686 995 73 22 hållet
777 1002 32 21 ny
827 994 44 22 och
888 1002 28 14 ur
933 994 57 22 flere

230 1030 147 29 synpunkter
395 1030 123 29 betänklig
535 1029 101 30 ordning
654 1029 113 30 stadgats.

301 1064 154 22 Besättandet
468 1065 23 21 af
502 1064 258 29 skolläraretjänsterna
772 1063 100 28 tillkom,
882 1063 26 22 så
919 1063 71 28 länge

231 1099 76 28 kyrka
325 1099 44 22 och
387 1099 66 21 skola
465 1106 56 14 voro
534 1098 115 29 förenade,
663 1098 183 22 konsistorierna
858 1097 56 22 eller
927 1097 61 22 dom-

230 1133 113 30 kapitlen.
379 1133 233 29 Regeringsformens
634 1134 30 21 10
683 1134 13 26 $
715 1132 108 23 lämnade
842 1132 77 21 denna
931 1132 57 21 kon-

230 1169 135 21 sistorierna
384 1167 175 22 tillkommande
577 1170 55 25 rätt,
649 1167 97 22 hvilken
764 1166 122 30 grundade
904 1167 36 28 sig
958 1167 32 28 pä

232 1204 11 20 1
259 1203 14 26 8
286 1203 8 21 i
307 1203 30 21 dä
349 1202 109 29 gällande
475 1202 126 29 gymnasii-
620 1202 43 21 och
675 1201 153 29 skolordning
841 1201 23 22 af
876 1201 26 21 är
916 1201 73 27 1724,

229 1236 114 23 orubbad.
369 1237 12 21 I
399 1236 238 23 öfverensstämmelse
654 1236 53 23 med
719 1236 66 22 detta
796 1235 192 29 grundlagsstad-

229 1271 78 29 gande
325 1271 59 22 hade
403 1271 8 22 i
429 1271 210 28 skolordningarna
658 1271 23 22 af
699 1271 55 22 ären
775 1270 64 22 1843
859 1269 43 22 och
923 1269 65 22 1856

229 1306 232 28 utnämningsrätten
488 1305 147 22 förbehällits
662 1305 167 29 domkapitlen,
858 1304 132 29 hvarjämte

230 1340 142 29 stadgandet
378 1340 79 22 härom
465 1340 176 29 kompletterats
648 1339 52 22 med
710 1339 39 22 det
759 1339 91 28 tillägg,
860 1341 36 20 att
905 1338 84 22 besvär

229 1375 66 21 öfver
322 1374 73 22 skedd
422 1375 139 28 utnämning
588 1374 79 22 kunde
691 1374 93 22 anföras
808 1373 42 22 hos
875 1373 113 22 Senatens

229 1409 297 29 Ekonomiedepartement.

299 1444 37 21 Då
353 1444 114 21 Finlands
486 1443 101 22 Ständer
604 1443 41 22 vid
657 1442 144 29 landtdagen
813 1442 26 21 är
855 1441 63 22 1867
932 1441 57 29 god-

228 1478 78 22 kände
325 1479 44 21 den
388 1485 47 21 nya
453 1478 145 28 kyrkolagen
616 1478 35 21 för
667 1477 44 22 den
721 1475 268 30 evangelisk-lutherska
