1114 1775
270 156 41 18 166
446 154 247 24 Petitionsbetänkande
710 155 37 23 N:o
764 155 24 22 4.

454 221 39 21 att
510 220 153 22 landsdelen
685 227 62 16 norr
763 228 41 14 om
821 220 107 29 Ladogu
945 220 46 22 och

384 256 66 21 öster
481 262 42 16 om
555 255 293 23 Sordavala—Joensuu
874 256 118 28 järnväg

383 290 78 23 måtte
478 291 173 23 underkastas
663 298 30 16 en
706 291 285 23 statistisk-ekonomisk

383 327 195 29 undersökning
589 328 11 21 i
615 328 66 28 syfte
696 329 37 21 att
744 329 94 21 utröna
850 328 50 22 den
912 328 80 28 lämp-

384 362 93 29 ligaste
499 363 182 29 sträckningen
698 364 32 22 af
744 363 127 23 framtida
883 363 109 29 järnvä-

382 405 49 22 gar
448 399 71 22 inom
537 399 157 23 densamma.

312 523 78 23 Sedan
412 524 123 23 Utskottet
558 524 101 22 sålunda
683 524 129 23 behandlat
836 525 112 28 samtliga
963 524 29 22 de

239 558 163 30 föreliggande
418 560 273 28 petitionsmemorialen,
709 560 184 23 sammanfattas
910 560 42 22 här
963 559 29 23 de

239 595 105 27 resultat,
361 595 34 22 till
412 595 82 24 hvilka
510 596 121 23 Utskottet
647 597 105 22 kommit.

313 631 26 22 A.
372 631 44 22 Till
437 633 35 21 att
488 632 146 23 omedelbart
650 633 91 22 utföras
758 632 42 23 har
817 632 120 23 Utskottet
948 631 44 23 för-

239 667 67 22 ordat
330 667 28 22 de
377 668 7 21 i
405 667 178 24 nedanstående
608 668 71 23 tabell
695 669 99 28 intagna
811 668 107 29 linjerna,
935 667 57 22 hvil-

240 702 44 22 kas
301 703 73 22 totala
391 703 228 29 byggnadskostnad
636 705 93 28 intages
744 704 8 22 i
769 703 62 23 skild
843 703 95 23 kolumn
950 703 42 22 och

240 809 123 24 äfvensom
380 811 7 22 i
404 818 29 15 en
450 818 81 16 annan

239 845 97 24 komme
367 847 35 22 att
432 847 98 23 kvarstå

248 882 112 29 andtdag.

239 774 36 22 del
294 775 62 23 velat
372 775 36 22 för
424 775 53 23 dem
496 783 43 15 ans

243 739 112 22 jämsides
380 739 95 22 därmed
503 740 27 22 de
556 739 87 30 belopp,
668 740 81 23 hvilka
766 739 123 23 Utskottet
905 740 35 22 för
956 740 36 21 sin

549 776 14 21 å
579 775 74 23 under
669 783 31 15 nu
712 775 101 29 löpande
824 775 168 30 finansperiod,

547 811 96 22 kolumn
661 811 28 23 de
703 817 113 21 summor,
828 818 52 15 som
891 811 102 22 därefter

560 849 34 20 att
621 848 94 22 anvisas
742 847 24 23 af
793 847 199 22 nästkommande

590 968 54 17 Total
677 951 22 42 |
706 956 76 33 Anslag
796 955 30 18 för
838 951 11 42 |
873 967 87 18 pärefter

361 996 60 24 Linje.
563 997 110 23 byggnads-
730 986 13 17 a
762 990 42 42 Mn
854 996 124 18 återstående

722 1020 93 18 perioden
881 1026 73 18 belopp.

575 1028 89 17 kostnad.
717 1024 101 42 1905—07.
895 1031 54 18 elopp

265 1122 66 18 Kemi-
344 1122 123 18 Rovaniemi.
575 1124 95 20 9,312,000
719 1122 96 22 2,000,000
876 1122 94 23 7,312,000

265 1152 242 25 Ylivieska—Haapajärvi
523 1168 3 3 .
575 1153 95 22 3,910,000
722 1152 93 22 1,000,000
876 1152 94 22 2,910,000

265 1182 99 24 Seinäjoki
372 1193 19 1 —
397 1182 130 19 Kristinestad
690 1182 2 9 |

290 1212 14 18 &
318 1212 64 18 Kaskö
404 1227 3 3 .
524 1228 3 3 .
542 1213 2 10 |
566 1213 105 22 11,500,000
685 1201 14 39 |
721 1213 95 21 1,000,000
835 1201 14 39 |
866 1212 104 23 10,500,000

264 1242 141 18 Elisenvaara-
418 1243 113 23 Kronoborg
540 1238 14 32 |
577 1243 94 21 1,700,000
720 1239 96 32 1.700,000
906 1253 24 2 —

371 1278 79 18 Summa
476 1279 51 18 Fmk.
537 1267 11 38 |
565 1279 106 21 26,422,000
686 1267 14 38 |
719 1279 97 21 5,700,000
835 1267 14 38 |
865 1278 106 22 20,722,000

314 1332 24 22 B.
363 1331 154 24 Beträffande
533 1333 134 29 Uleäborg—
676 1327 75 40 Vaala
763 1332 80 23 banan
855 1334 62 21 samt
931 1331 63 29 Björ-

559 1375 62 16 anan
637 1369 42 22 har
696 1368 122 23 Utskottet
834 1367 104 23 förordat
954 1368 40 26 att,

242 1403 80 23 därest
338 1403 29 22 de
384 1404 90 23 utföras
491 1404 76 23 säsom
585 1404 108 23 enskilda
707 1405 101 27 företag,
820 1404 24 22 ät
856 1404 53 22 dem
922 1403 72 23 mätte

241 1439 101 30 beviljas
366 1440 245 23 statssubvention
636 1440 43 22 och
702 1439 123 24 statslän
842 1440 34 22 till
893 1439 102 29 följande

241 1367 119 30 neborg--
367 1363 160 39 Kankaanpää

242 1475 90 29 belopp,
350 1475 123 30 nämligen
489 1477 25 22 ät

314 1523 188 23 Järnvägsutskottets
514 1524 109 18 betänkande
635 1524 34 17 N:o
681 1525 17 16 2.
