1114 1775
318 155 247 24 Petitionsbetänkande
582 156 37 23 N:o
635 156 23 23 3.
809 159 25 19 91

116 221 97 29 behörig
230 220 139 30 myndighet
386 220 145 23 verkställda
555 220 168 30 inspektioner,
744 220 50 23 lika
817 221 51 22 litet

114 264 51 16 som
182 256 29 23 de
226 257 72 28 ryska
314 256 265 30 språkinspektorernes
595 259 65 20 utom
677 256 68 23 deras
758 256 108 30 befogen-

114 292 68 23 heter
197 292 93 29 gående
306 292 167 29 inspektioner,
490 292 83 29 längre
589 292 68 23 skola
673 292 152 23 förekomma.

186 328 9 22 I
213 329 174 28 sammanhang
407 327 55 23 med
478 328 69 23 dessa
563 327 162 30 inspektioner
740 328 42 23 bör
798 328 70 23 äfven

114 367 109 24 nämnas,
240 365 35 22 att
291 363 248 30 Generalguvernören
556 364 45 22 den
619 367 27 20 25
663 363 128 24 november
804 367 63 23 1903,

115 401 21 26 yi
153 399 52 24 stöd
222 399 24 23 af
261 400 45 22 den
324 400 85 22 honom
426 401 8 21 i
450 399 73 24 nåder
539 400 122 23 förlänade
672 399 142 30 myndighet
824 399 43 23 och

114 436 7 21 i
138 435 40 24 det
194 435 62 29 syfte
272 442 51 16 som
340 435 45 23 den
402 435 65 23 detta
484 435 25 23 är
526 436 49 29 13/,,
591 442 64 16 mars
671 435 148 23 stadfästade
833 436 34 21 in-

115 471 118 23 struktion
248 471 36 22 för
301 471 113 23 Finlands
438 471 226 29 Generalguvernör,
681 472 29 29 88
729 475 25 19 11
772 471 44 23 och
834 474 33 25 12,

115 509 161 26 omnämner",
301 507 140 23 förordnade
465 507 64 22 äldre
553 508 193 29 tjänstemannen
767 507 37 23 för
819 509 48 20 sär-

114 543 79 22 skilda
216 543 108 29 uppdrag
346 543 40 23 vid
402 543 343 29 Generalguvernörskansliet,
762 543 105 28 kollegii-

115 585 122 17 assessorn
262 579 109 27 Jeleneff,
387 579 35 23 till
439 573 219 29 Öfverdirektörens
674 579 7 23 i
698 579 170 29 Skolöfversty-

114 615 78 23 relsen
216 614 138 30 disposition
370 616 7 21 i
394 615 40 23 det
450 614 100 24 dunkelt
571 614 99 30 angifna
690 614 61 30 syfte
768 616 34 22 att
819 616 49 26 ,ut-

114 650 51 23 föra
188 650 70 23 äfven
280 650 73 24 andra
370 650 86 24 honom
473 650 67 30 gifna
556 650 203 30 tjänsteuppdrag,
776 651 26 22 så
818 650 50 22 vidt

115 685 65 24 detta
204 687 152 28 sammangår
380 686 53 24 med
458 686 39 23 det
521 686 108 30 uppdrag
651 687 47 22 han
718 686 46 23 fått
779 686 36 23 till
831 686 38 22 sin

115 722 118 23 särskilda
249 722 115 30 uppgift".
392 722 189 29 Olägenheterna
597 722 25 23 af
637 722 78 23 denna
733 722 135 28 ,kommen-

115 758 107 29 dering*,
243 758 71 23 hvars
334 760 68 27 nytta
418 758 56 23 eller
490 758 179 29 nödvändighet
685 760 26 21 är
727 758 140 28 svårfattlig,

115 794 77 23 blefvo
216 794 53 23 icke
292 794 146 29 långvariga,
456 794 100 23 emedan
572 794 182 29 ifrågavarande
771 794 97 30 tjänste-

115 836 57 17 man
193 830 175 29 jämförelsevis
390 832 66 21 snart
478 830 154 23 förordnades
648 830 35 22 till
699 830 169 23 landssekrete-

117 872 52 16 rare
184 866 8 21 i
209 866 34 22 S:t
258 866 97 22 Michels
371 866 46 23 län.

188 901 262 30 Generalguvernörens
480 901 140 30 ingripande
646 903 9 21 i
681 901 187 23 skolförvaltnin-

116 944 47 22 gen
190 937 105 23 sträckte
322 938 37 28 sig
384 937 71 23 äfven
482 937 36 23 till
544 937 90 23 sådana
660 937 99 30 detaljer
785 943 50 16 som
862 937 7 22 i

117 973 112 23 skolorna
251 973 140 29 begagnade
415 973 138 23 läroböcker
579 973 43 23 och
648 973 74 23 andra
748 973 121 22 undervis-

116 1009 222 29 ningshjälpmedel.
363 1009 33 23 På
412 1009 74 22 våren
504 1013 57 19 1908
581 1009 116 27 tillsattes,
714 1009 30 29 på
760 1008 108 24 General-

116 1047 161 26 guvernörens
301 1045 184 28 framställning,
502 1045 25 22 af
543 1045 110 25 Senaten,
673 1046 7 21 i
697 1045 94 22 samråd
815 1043 54 24 med

117 1080 257 29 Generalguvernören,
391 1081 39 22 vid
446 1080 238 29 Skolöfverstyrelsen
701 1087 29 16 en
746 1080 123 23 kommitté

116 1115 35 24 för
168 1116 103 23 revision
282 1116 25 23 af
317 1116 170 23 läroböckerna
497 1117 8 22 i
516 1117 97 22 historia
625 1117 43 22 och
679 1116 106 29 geografi
794 1117 75 28 jämte

117 1158 78 17 annan
215 1152 294 29 undervisningsmateriel
526 1153 7 22 i
549 1152 70 23 dessa
641 1155 92 20 ämnen.
766 1152 103 23 Senaten

117 1188 71 29 utsåg
204 1188 36 22 till
255 1188 130 23 ledamöter
400 1190 8 21 i
424 1188 79 23 denna
518 1188 127 23 kommitté
669 1187 201 24 öfverdirektören

115 1224 53 23 frih.
200 1224 197 29 Yrjö-Koskinen,
427 1224 307 30 öfverdirektörsadjointen
766 1224 103 22 Tawast-

115 1261 91 29 stjerna
222 1260 43 22 och
282 1260 204 30 öfverinspektorn
511 1260 130 27 Snellman,
658 1260 85 22 medan
761 1259 108 24 General-

117 1297 155 28 guvernören,
289 1302 51 16 som
359 1295 136 23 förbehällit
511 1297 38 28 sig
565 1296 34 22 att
615 1295 35 23 för
666 1296 35 22 sin
718 1295 37 23 del
771 1295 99 23 tillsätta

115 1332 42 22 tvä
173 1331 163 27 medlemmar,
352 1332 71 29 utsäg
440 1331 223 29 afdelningschefen
679 1331 40 23 vid
733 1332 42 22 sitt
786 1330 83 27 kansli,

116 1367 237 29 öfverstelöjtnanten
368 1368 41 22 vid
429 1367 183 29 generalstaben
627 1367 71 23 Nivet
712 1368 62 22 samt
788 1366 81 23 ofvan-

115 1403 105 23 nämnde
243 1402 109 24 Jeleneff.
385 1404 34 22 Pä
440 1402 73 24 vären
533 1406 57 20 1904
607 1402 136 24 meddelade
760 1402 109 24 General-

117 1440 153 28 guvernören,
288 1440 35 21 att
338 1438 48 24 han
402 1439 138 29 ytterligare
560 1440 74 22 utsett
655 1439 40 23 tvä
715 1438 155 23 medlemmar

116 1475 7 21 i
135 1474 76 29 sagda
223 1474 131 27 kommitté,
367 1475 121 28 nämligen
501 1475 120 22 direktorn
638 1474 35 23 för
689 1474 71 29 ryska
770 1474 99 22 Alexan-

188 1522 100 18 Allmänna
300 1523 185 18 Petitionsutskottets
497 1523 111 18 betänkande
619 1522 35 19 N:o
667 1523 16 18 1.
