1114 1775
279 164 28 19 26
456 160 246 24 Petitionsbetänkande
719 160 37 24 N:o
772 161 22 22 3.

250 226 198 29 anmärkningar:
468 228 35 26 ,1)
521 228 34 20 att
575 228 3 20 i
594 226 113 23 händelse
724 226 45 22 den
786 232 32 16 nu
835 225 109 30 gällande
954 225 48 24 lek-

249 262 150 29 tionsplanen
423 262 36 22 för
482 262 28 22 de
534 262 120 22 klassiska
677 262 109 29 lyceerna
809 262 86 27 blefve,
911 261 30 30 på
957 263 48 21 sätt

250 297 103 22 Senaten
370 297 129 30 föreslagit,
517 297 142 27 bibehållen,
676 304 54 16 man
742 297 66 28 finge
818 296 186 24 understundom

249 333 69 29 nöjas
335 333 25 22 åt
376 335 34 20 ett
426 333 86 23 sådant
526 333 131 29 oegentligt
667 333 114 23 sakernas
793 333 112 27 tillstånd,
917 334 34 21 att
962 339 41 16 un-

250 368 171 30 dervisningen
437 370 7 21 i
461 369 72 29 ryska
549 369 97 30 språket
662 369 65 29 finge
744 369 50 22 helt
809 369 41 22 och
868 369 72 22 hållet
956 370 48 21 ute-

250 405 76 22 slutas
344 411 27 16 ur
388 405 90 22 antalet
493 405 169 29 obligatoriska
678 407 87 20 ämnen
782 406 16 27 (i
815 404 58 30 följd
889 404 67 23 däraf
970 405 35 22 att

250 440 110 23 eleverna
377 443 40 20 äro
429 441 148 29 berättigade
589 442 35 22 att
635 441 63 29 välja
709 441 295 28 undervisningsämnena,

249 476 50 23 kan
315 477 73 28 ryska
399 477 97 29 språket
507 477 34 22 till
553 476 122 30 uppenbar
686 476 76 23 skada
772 476 36 22 för
819 477 72 22 saken
904 477 100 22 ersättas

250 511 25 23 af
298 513 74 28 något
396 515 74 20 annat
494 512 271 29 undervisningsämne);
782 513 22 27 2)
821 514 35 21 att
871 512 134 23 införandet

250 547 26 23 af
290 548 74 29 ryska
380 549 97 28 språket
493 549 7 21 i
517 549 109 22 skolorna
643 548 64 23 torde
722 548 54 23 med
788 548 126 29 framgång
924 548 81 23 kunna

250 583 44 23 ske
310 585 30 28 på
357 584 105 23 svenska
479 584 107 30 språkets
603 583 140 28 bekostnad,
760 586 56 18 enär
827 584 40 21 det
878 584 74 22 under
964 590 40 16 nu-

249 620 107 22 varande
373 620 165 23 förhållanden
554 620 119 29 knappast
689 620 65 23 torde
769 627 57 15 vara
843 620 24 23 af
883 620 76 22 nöden
971 620 35 22 att

250 656 174 29 undervisning
444 657 8 21 i
473 656 147 22 sistnämnda
638 656 71 29 språk
726 656 120 22 meddelas
863 656 34 22 till
913 662 93 17 samma

250 692 100 29 omfång
366 698 50 16 som
433 692 72 27 förut;
523 694 21 26 3)
574 705 16 3 —
616 705 19 3 —
659 706 19 2 —
691 705 110 3 ———
810 692 19 28 *)
842 693 22 27 4)
876 693 34 21 att
921 692 83 22 lärare-

250 728 134 28 tjänsterna
404 728 7 22 i
434 728 71 28 ryska
528 728 97 28 spräket
648 728 70 22 borde
740 728 54 22 med
814 728 152 28 tillämpning
982 727 24 23 af

251 763 54 23 nåd.
323 764 169 29 förordningen
511 764 23 22 af
550 764 44 22 den
615 767 26 19 21
657 764 53 29 juni
724 766 54 20 1841
792 764 22 28 (8
827 765 20 27 7)
858 763 32 28 **)
902 763 104 23 besättas

251 798 169 24 företrädesvis
442 799 54 23 med
513 799 71 29 ryska
596 799 144 29 infödingar;
752 801 62 20 samt
831 802 21 26 5)
864 800 35 21 att
909 800 8 21 i
928 799 79 23 stället

250 834 36 23 för
313 836 87 21 tvenne
425 836 146 28 inspektorer
595 835 35 23 för
654 836 72 28 ryska
752 835 97 29 språket
872 835 71 22 borde
967 834 39 23 vid

254 865 188 34 Öfverstyrelsen
464 871 35 22 för
520 871 169 22 skolväsendet
710 871 113 22 anställas
839 873 35 20 tre
891 871 116 22 ordinarie

251 907 157 28 inspektorer,
425 913 29 16 en
472 907 63 22 äldre
554 907 42 22 och
615 907 41 22 tvä
674 913 83 23 yngre,
774 913 50 16 som
842 907 52 22 med
906 907 99 28 tillämp-

253 943 59 28 ning
329 941 24 24 af
369 942 156 23 förenämnda
541 943 53 22 näd.
612 942 137 29 förordning
761 942 162 29 ovillkorligen
935 942 71 23 borde

253 979 66 21 utses
343 978 70 22 bland
435 978 72 29 ryska
527 979 135 28 infödingar
680 978 54 23 med
751 978 72 29 högre
839 978 108 29 bildning
963 977 43 24 och

253 1013 95 24 hvilkas
372 1014 153 23 verksamhet
549 1015 76 22 skulle
652 1014 145 23 bestämmäs
821 1021 84 22 genom
928 1021 28 16 en
973 1015 33 22 in-

252 1049 126 28 struktion,
396 1057 51 15 som
463 1050 102 23 Senaten
577 1050 59 29 egde
649 1053 105 26 uppgöra
765 1050 59 23 efter
836 1050 171 23 öfverenskom-

254 1085 74 23 melse
345 1085 53 23 med
416 1085 253 30 Generalguvernören.
686 1100 29 3 —
731 1099 28 3 —
776 1088 41 14 —*

325 1121 103 23 Senaten
438 1121 103 23 ändrade
551 1123 47 22 nu
590 1117 11 39 i
606 1122 77 29 någon
693 1123 54 22 män
755 1123 42 21 sitt
804 1122 100 29 tidigare
911 1122 95 28 förslag.

251 1157 9 22 I
286 1157 53 23 dess
361 1157 165 30 underdäniga
543 1158 176 29 framställning
736 1158 25 22 af
776 1157 45 23 den
840 1161 26 20 31
884 1158 46 29 maj
951 1161 55 19 1901

255 1212 9 9 »
268 1193 152 23 beträffande
442 1194 113 22 reformer
571 1194 35 22 för
622 1194 183 29 genomförande
822 1194 24 22 af
862 1194 144 22 bestämnin-

252 1235 74 23 garne
350 1230 8 21 i
381 1229 94 30 Nädiga
498 1230 135 22 Manifestet
657 1230 44 22 den
719 1230 38 29 7/2,
771 1231 53 28 juni
842 1232 69 21 1900"
930 1232 76 27 säges,

253 1264 61 24 efter
330 1266 40 22 det
387 1265 252 29 Skolöfverstyrelsens
652 1266 88 29 jämväl
756 1267 8 21 i
775 1266 140 22 skrifvelsen
928 1265 24 23 af
963 1265 45 23 den

252 1304 30 19 30
299 1301 58 29 april
376 1304 55 20 1901
450 1301 129 29 äberopade
595 1302 41 22 och
649 1302 43 22 här
703 1302 70 22 ofvan
786 1301 102 23 citerade
898 1300 110 30 yttrande

324 1361 18 23 *)
356 1361 37 18 Rör
406 1362 43 17 icke
463 1361 230 23 spräkundervisningen.

326 1391 28 23 ++)
368 1391 84 18 Härmed
465 1391 54 18 torde
533 1392 75 22 åsyftas
622 1392 37 17 den
671 1396 70 18 genom
755 1396 69 13 senare
832 1391 138 23 författningar
979 1391 30 18 för

252 1420 59 23 länge
330 1421 61 18 sedan
411 1421 98 23 upphäfda
528 1421 130 23 kungörelsen
675 1422 20 17 af
707 1422 37 18 den
757 1421 21 17 21
791 1422 43 22 juni
849 1421 43 17 1841
907 1420 101 24 angäende

253 1450 148 23 tillämpningen
421 1451 20 17 af
460 1452 23 16 de
498 1456 74 13 samma
585 1452 39 21 dag
637 1451 102 18 utfärdade
753 1451 161 23 förordningarna
927 1456 31 12 om
971 1450 37 18 ele-

253 1480 193 18 mentarläroverken
459 1481 6 17 i
479 1480 80 18 Finland
573 1481 18 23 (8
605 1480 24 23 6).

326 1521 102 19 Allmänna
439 1522 186 19 Petitionsutskottets
637 1523 110 18 betänknnde
760 1522 34 18 N:o
807 1523 16 17 1.
