1111 1775
306 154 248 23 Petitionsbetänkande
571 154 38 22 N:o
626 154 22 23 3.
795 156 28 20 97

175 218 80 23 Ehuru
281 218 68 24 alltså
372 218 240 30 Skolöfverstyrelsen
636 218 53 23 icke
712 218 81 23 visade
817 219 38 28 sig

105 255 107 29 benägen
239 255 34 22 att
300 255 96 29 vidtaga
419 254 29 22 de
475 254 24 23 af
526 254 246 29 Generalguvernören
799 254 55 23 eller

104 291 61 23 hans
184 290 77 23 kansli
282 290 88 23 äskade
394 290 143 29 åtgärderna
560 291 49 22 mot
633 290 99 23 sålunda
755 290 99 30 angifna

104 333 117 23 personer,
244 326 81 23 inkom
347 326 61 23 dock
431 333 28 15 en
482 326 44 23 och
549 332 78 17 annan
643 326 65 29 dylik
724 326 129 29 angifvelse

105 362 35 22 till
157 357 192 33 Öfverstyrelsen.
381 362 83 22 Såsom
486 362 106 30 exempel
614 362 31 29 på
665 362 81 22 dessas
763 363 36 21 art
814 361 40 23 må

106 398 92 23 anföras
220 398 104 29 följande
347 398 131 28 aktstycke,
495 404 51 16 som
563 398 44 22 den
623 401 15 19 4
654 398 126 22 november
798 401 54 19 1901

105 434 53 23 från
167 433 335 29 Generalguvernörskansliet
511 434 83 22 sändts
606 434 35 22 till
650 433 113 23 Senatens
771 433 82 23 Eckle-

105 470 218 28 siastikexpedition
339 470 43 23 och
399 467 103 25 därifrån
519 470 35 22 till
571 469 246 29 Skolöfverstyrelsen:

243 536 138 20 Promemoria.

176 589 39 20 Till
231 588 219 27 Generalguvernörens
466 589 108 20 kännedom
590 589 36 20 har
642 589 90 22 kommit:

178 617 21 28 1)
217 621 30 16 att
265 619 6 18 i
290 618 122 20 Tavastehus
431 619 77 24 lyceum
527 621 68 17 nästan
614 619 58 24 ingen
692 618 140 25 undervisning
847 618 7 19 i

107 647 62 26 ryska
184 647 81 25 språket
280 654 46 18 eger
341 653 52 15 rum;

176 675 22 28 2)
212 678 35 23 att,
262 676 80 25 jämlikt
361 676 2 19 i
379 675 71 26 Hangö
465 676 77 19 bosatte
557 675 65 20 David
643 675 126 20 Rautiainens
788 678 65 17 anmä-

108 705 40 24 lan,
171 704 48 20 hans
242 711 33 13 son
299 705 66 19 blifvit
388 704 52 19 skild
459 705 43 19 från
521 704 121 20 därvarande
662 704 98 20 folkskola
779 704 22 19 af
817 704 37 19 den

108 733 65 25 orsak,
197 735 28 17 att
249 739 57 14 sonen
329 733 26 26 på
374 733 78 19 faderns
471 733 110 25 befallning
599 735 71 23 vägrat
688 735 29 17 att
736 733 51 25 köpa
805 733 50 19 eller

107 762 62 25 gratis
192 764 99 23 emottaga
313 762 115 25 Runebergs
446 762 6 19 i
471 762 69 19 skolan
563 761 91 20 utdelade
676 762 67 19 arbete
767 776 4 10 ,
774 761 80 23 Fänrik

108 790 53 20 Ståls
177 790 96 25 Sägner'',
291 790 79 20 hvilket
389 791 67 18 arbete
474 791 69 18 fadern
562 790 60 25 ansåg
642 790 44 19 icke
704 791 150 19 öfverensstäm-

108 819 69 20 mande
192 818 42 19 med
251 819 124 25 uppfostrans
390 819 103 25 syftemål;

177 846 21 29 3)
215 849 28 17 att
258 848 6 18 i
280 847 52 20 Utra
347 849 27 24 by
389 848 22 19 af
428 847 78 26 Kuopio
526 848 31 19 län
577 847 37 20 den
630 847 26 20 27
673 848 35 19 och
724 848 36 19 den
776 847 26 19 28
816 847 39 26 juli

107 876 22 26 (9
153 876 35 20 och
213 876 24 18 10
258 876 88 26 augusti)
368 876 49 19 1901
440 879 33 22 egt
491 883 42 12 rum
553 878 28 17 ett
600 879 50 16 möte
669 877 22 19 af
708 877 49 19 ända
776 875 32 19 till
828 875 26 20 60

108 910 99 20 personer,
223 904 64 20 lärare
303 904 36 20 och
354 905 110 19 lärarinnor
479 904 33 20 vid
529 904 135 20 folkskolorna
680 905 50 19 inom
746 904 109 20 Sordavala

107 934 87 24 distrikt,
216 933 62 19 under
300 934 101 24 inspektor
423 933 102 19 Borenius”
548 933 173 25 ordförandeskap,
743 934 12 19 &
776 932 79 20 hvilket

109 964 52 18 möte
177 962 100 25 upptagits
293 962 31 19 till
340 962 110 20 diskussion
466 962 27 19 bl.
509 968 18 14 a.
543 962 87 25 följande
646 962 104 25 spörsmål:

177 989 20 29 a)
217 990 29 19 På
266 990 78 20 hvilket
363 993 39 17 sätt
420 991 65 19 kunde
504 991 32 19 det
555 991 56 19 bästa
629 990 84 20 resultat
732 990 55 20 ernås
811 990 44 20 med

109 1018 77 26 hänsyn
205 1018 32 20 till
256 1019 164 25 undervisningen
439 1019 7 19 i
464 1019 168 20 fäderneslandets
652 1019 81 20 historia
751 1018 33 20 vid
803 1019 52 19 folk-

109 1046 105 21 skolorna?
244 1047 9 19 I
273 1048 54 19 detta
345 1048 92 20 afseende
456 1048 123 26 klargjordes
599 1048 45 19 hela
662 1048 67 19 vikten
745 1048 60 19 under
820 1054 35 13 nu-

108 1076 86 20 varande
216 1076 123 20 förhållande
358 1077 22 19 af
397 1077 167 25 undervisningen
581 1076 7 19 i
606 1076 137 20 fosterlandets
765 1076 89 26 historia,

108 1104 37 20 och
164 1104 73 20 beslöts
257 1107 29 17 att
305 1106 62 19 under
384 1105 133 20 innevarande
536 1106 22 18 år
577 1111 50 19 egna
646 1105 61 25 sagda
726 1108 54 16 ämne
802 1111 53 14 mera

109 1134 30 19 tid
155 1136 24 17 än
194 1132 85 26 tidigare
294 1134 55 19 varit
363 1133 63 20 fallet.

179 1161 21 27 b)
215 1161 36 20 Ett
266 1162 22 19 af
301 1162 95 20 Borenius
412 1162 120 20 framställdt
548 1162 96 26 spörsmål
662 1174 21 3 —
704 1162 103 20 huruledes
822 1162 33 20 det

109 1191 65 19 kunde
192 1191 104 24 undvikas,
315 1194 29 17 att
363 1191 30 20 till
412 1191 64 20 lärare
495 1191 35 20 vid
549 1192 111 19 folkskolor
678 1191 113 20 utnämndes
811 1197 45 19 per-

109 1226 64 18 soner,
192 1226 41 13 som
252 1220 45 19 sökt
316 1220 110 25 befattning
444 1227 70 18 genom
530 1227 73 12 annons
619 1220 49 19 eller
683 1220 21 19 af
719 1221 137 19 kommunerna

109 1248 32 19 till
157 1249 83 24 tjänsten
256 1249 98 19 förordats
370 1259 20 3 —
404 1249 99 25 afgjordes
518 1249 7 19 i
540 1249 37 19 den
593 1249 94 25 riktning,
704 1251 29 17 att
747 1249 34 19 vid
795 1249 60 19 fram-

109 1277 54 19 deles
178 1277 85 19 skeende
278 1277 204 26 lärareutnämningar
497 1278 50 19 intet
561 1277 93 20 afseende
670 1278 64 19 skulle
750 1278 61 19 fästas
822 1277 34 20 vid

108 1305 148 25 Onskningsmäl
272 1305 36 20 och
324 1312 104 19 annonser,
443 1310 46 15 utan
506 1306 65 20 skulle
586 1306 124 19 besättandet
725 1307 45 19 bero
786 1306 25 25 pä
826 1306 29 19 in-

109 1334 103 25 spektorns
228 1335 113 24 personliga
360 1335 144 25 godtfinnande.
535 1335 40 19 Det
593 1335 36 19 sist
647 1335 81 25 utlagda
746 1341 58 19 synes
823 1335 32 19 be-

110 1363 67 25 styrkt
192 1369 69 18 genom
277 1363 24 19 de
317 1363 65 20 kända
398 1364 84 19 Aarnios
498 1363 36 20 och
550 1364 104 19 Kanervas
670 1364 120 24 utnämning.

178 1390 18 29 c)
213 1391 76 26 Frågan
307 1403 24 3 —
348 1393 26 24 pä
389 1391 78 20 hvilket
482 1395 40 16 sätt
537 1392 89 19 lärarene
645 1392 43 19 med
707 1396 71 15 största
797 1391 58 20 fram-

109 1420 52 25 gäng
178 1419 63 20 kunde
261 1421 107 19 medverka
387 1421 30 18 till
437 1421 73 19 folkets
529 1421 91 25 bildning
637 1433 21 2 —
677 1421 116 20 besvarades
812 1420 44 20 med

109 1448 118 20 ordstäfvet:
247 1448 88 26 ,,Gifven
350 1450 48 27 mig
420 1449 50 19 blott
493 1450 72 19 folkets
585 1450 48 19 barn
653 1461 24 3 —
698 1449 36 20 och
750 1450 35 25 jag
804 1449 53 20 skall

109 1477 101 25 uppfostra
229 1477 84 21 folket'',
344 1478 18 19 A
377 1480 61 17 mötet
456 1478 98 25 anfördes,
569 1481 30 17 att
615 1480 28 17 ett
658 1478 118 19 omedelbart
791 1478 65 19 inver-

180 1522 100 19 Allmänna
292 1523 183 18 Petitionsutskottets
487 1524 110 17 betänkande
609 1523 34 18 N:o
656 1525 16 16 1.
786 1524 9 17 7
