1114 1764
261 149 84 22 Ständ.
362 149 53 22 Pet.
431 161 28 2 —
475 148 174 23 Petitionsbet.
665 148 41 23 N:o
722 148 21 22 7.
853 148 27 21 41

123 218 36 21 det
183 224 54 20 svar,
260 221 31 18 att
312 217 172 22 ofvanomtalade
499 218 102 27 ringning
616 218 18 26 ej
651 218 55 20 varit
721 217 161 27 själaringning,

123 249 51 19 utan
198 246 91 28 betydde
315 246 98 22 »kallelse
429 246 32 21 till
477 246 55 21 bön»
549 247 8 20 i
571 246 116 26 anledning
702 246 23 21 af
738 246 40 21 den
795 245 87 27 Kejser-

122 275 43 27 liga
186 275 161 27 högtidsdagen,
371 276 111 20 dessutom
506 275 144 21 omotiveradt
669 274 160 26 framhällande,
844 276 38 24 att,

122 303 43 22 ifall
188 304 62 21 Hans
273 304 100 26 Majestät
396 303 105 27 Kejsaren
518 304 69 21 skulle
603 303 57 26 dödt,
676 304 36 20 det
727 303 68 21 skulle
811 303 70 27 ringts

122 332 32 21 till
169 332 40 22 och
224 332 49 22 med
289 335 32 18 tre
337 332 86 22 timmar
438 332 7 21 i
461 338 27 15 en
503 332 150 26 fortsättning;
670 335 56 18 samt

191 363 32 19 att
246 361 237 27 Generalguvernören,
505 361 40 21 hos
565 360 87 22 hvilken
671 363 58 19 emot
744 363 15 19 t.
775 360 14 21 f.
804 360 77 27 kyrko-

122 390 81 21 herden
220 390 109 21 Gräsbeck
341 390 70 27 »gäng
423 390 27 26 pä
461 390 69 26 gäng»
544 390 69 26 gjorts
623 389 147 27 anmälningar
781 395 35 15 om
827 388 54 22 hans

122 418 137 22 värksamhet
274 418 6 21 i
303 418 107 22 anseende
432 418 32 21 till
480 418 41 21 den
538 425 41 20 nya
594 418 200 27 värnepliktslagen,
809 417 72 22 funnit

122 449 15 19 t.
159 447 13 21 f.
195 446 148 28 kyrkoherden
367 446 122 23 Gräsbecks
509 446 158 22 ofvannämnda
681 446 121 22 förfarande
817 446 63 21 krän-

122 475 75 25 kande,
213 475 86 21 hvarför
314 476 148 21 Prokuratorn
479 482 78 20 genom
573 475 157 27 Domkapitlets
753 474 129 28 förmedling

122 504 94 21 anhäller
232 510 34 15 om
283 506 14 20 t.
312 504 13 21 f.
340 504 150 27 kyrkoherden
504 504 122 22 Gräsbecks
636 504 118 27 förklaring
763 503 40 21 och
814 504 66 20 Dom-

121 532 101 28 kapitlets
238 536 49 24 eget
302 533 109 21 utlätande
425 533 6 20 i
448 533 73 21 saken.

192 562 19 20 2.
240 561 53 21 T.f.
307 561 149 27 kyrkoherden
473 561 110 22 Gräsbäck
597 560 122 22 framhäller
734 561 7 21 i
756 561 33 21 sin
801 561 40 21 den
853 561 28 21 13

120 590 49 27 juni
193 590 56 21 1904
271 590 79 27 afgifna
371 590 125 27 förklaring,
519 592 32 20 att
573 590 42 21 han
637 590 41 20 den
694 590 13 21 6
721 590 41 27 maj
781 590 56 20 1904
853 590 29 26 pä

123 618 89 22 Hennes
229 618 120 28 Kejserliga
364 618 102 27 Majestät
481 619 156 27 Kejsarinnans
653 619 118 27 namnsdag
783 618 22 21 ät
814 618 66 27 polis-

122 649 115 24 mästaren,
259 654 47 14 som
321 648 69 26 frägat
405 647 90 21 honom:
510 648 55 21 hade
581 648 70 20 denna
666 647 41 27 dag
722 647 79 21 utförts
817 646 62 28 själa-

122 676 101 26 ringning
238 676 6 21 i
261 676 40 21 den
320 676 111 22 lutherska
449 676 88 27 kyrkan,
555 676 140 21 meddelande
717 676 116 26 samtidigt,
847 677 33 19 att

123 704 140 22 Guvernören
279 704 97 22 däröfver
392 710 51 16 vore
459 704 65 28 högst
538 704 105 26 förargad,
656 706 81 20 svarat:
749 704 39 27 jag
797 704 82 27 pämin-

122 739 38 15 ner
175 733 45 27 mig
235 733 18 27 ej
270 736 32 18 att
316 734 71 26 någon
403 733 70 21 skulle
488 733 75 27 aflidit,
579 733 39 21 och
629 733 88 21 emedan
729 733 151 27 svensk-tyska

122 761 152 27 församlingen
297 762 38 21 har
356 768 124 21 gemensam
496 762 67 27 kyrka
578 762 39 21 och
633 768 159 20 gemensamma
807 761 72 21 klock-

122 790 91 27 ringare,
236 791 39 21 och
297 791 26 21 de
338 791 45 21 åter
399 790 71 22 utföra
485 791 156 27 själaringning
656 793 50 19 utan
723 790 101 22 särskildt
839 790 40 21 till-

123 819 63 21 ständ
202 818 23 22 af
237 819 155 27 kyrkoherden,
408 819 40 21 bad
464 819 42 21 han
518 820 164 26 polismästaren
693 821 64 19 vänta
767 825 26 15 en
807 818 72 26 stund,

123 848 24 20 sä
168 850 33 19 att
215 848 42 21 han
273 854 37 21 per
326 848 78 22 telefon
420 848 59 26 finge
495 852 48 17 veta
556 847 23 22 af
592 848 231 26 kyrkovaktmästaren,
839 847 39 21 hu-

122 876 77 22 ruvida
214 876 154 28 själaringning
383 877 66 26 sagda
465 877 42 27 dag
522 877 55 21 hade
587 876 78 22 utförts
676 876 31 21 uti
717 876 162 27 ifrägavarande

121 904 78 28 kyrka;
222 907 32 19 att
277 906 157 21 vaktmästaren
459 906 90 20 svarade
571 905 86 25 honom,
676 907 31 19 att
722 905 27 21 dä
764 905 18 27 ej
799 904 79 22 utförts

123 934 160 27 själaringning,
305 937 52 18 utan
372 934 101 26 ringning
488 934 8 21 i
511 934 184 27 kyrkokloekorna
709 934 27 20 kl.
753 934 28 26 1/,
797 934 25 20 11
839 933 40 21 och

122 962 28 21 kl.
167 963 24 20 11
209 962 12 21 f.
238 969 27 14 m.
282 962 71 22 därför
369 965 31 19 att
415 962 123 22 bönestund
554 962 55 22 hölls
624 963 7 20 i
646 962 80 27 kyrkan
737 962 28 22 kl.
777 962 24 20 11
813 961 14 22 f.
838 968 41 19 m.
871 957 12 36 ;

122 993 32 19 att
168 991 49 26 han,
233 993 15 19 t.
260 991 13 21 f.
285 991 154 27 kyrkoherden,
450 992 125 20 meddelade
585 991 163 27 polismästaren
760 991 59 21 detta
829 996 50 15 svar

122 1019 139 27 tilläggande:
279 1026 38 15 »en
333 1020 66 22 sädan
414 1020 119 27 ringning
525 1015 13 37 i
544 1019 170 28 kyrkklockorna
729 1022 22 19 är
764 1019 67 27 enligt
841 1019 38 21 vär

121 1047 104 27 kyrkolag
239 1048 82 28 loflig:»

190 1079 32 19 att
244 1077 41 21 han
301 1078 28 26 pä
343 1077 177 27 polismästarens
536 1077 65 27 fräga,
620 1077 85 21 hvilken
720 1077 30 21 tid
766 1076 28 27 pä
809 1076 69 26 dagen

121 1111 48 15 man
186 1105 81 21 brukar
282 1106 71 21 utföra
371 1105 161 28 själaringning,
548 1109 83 18 svarat:
646 1106 68 21 under
729 1106 26 20 de
765 1105 27 21 21
804 1105 29 25 är,
841 1104 38 27 jag

121 1134 54 20 stått
189 1134 7 21 i
211 1134 164 27 församlingens
391 1134 73 26 tjänst,
480 1134 38 22 har
535 1135 74 21 därom
625 1134 18 27 ej
660 1135 69 26 någon
741 1133 92 22 särskild
844 1134 35 20 be-

121 1162 90 27 fallning
234 1162 71 28 gifvits
328 1163 39 21 och
389 1163 62 21 torde
472 1163 49 27 just
539 1164 18 26 ej
574 1163 131 27 nägonslags
720 1162 159 22 ständsskilnad

121 1190 64 27 följts,
201 1197 50 15 men
267 1192 26 21 dä
308 1192 104 26 Kejsaren
429 1192 52 20 eller
492 1192 85 21 landets
587 1192 78 26 högsta
675 1194 120 24 styresman
805 1190 74 26 aflidit,

121 1219 105 27 påbjudes
249 1220 42 26 det,
312 1222 31 20 att
359 1226 75 16 senare
449 1222 28 19 än
493 1220 27 22 kl.
537 1221 26 21 12
579 1220 52 22 eller
647 1220 28 21 kl.
697 1221 4 20 I
719 1220 28 27 på
765 1220 69 27 dagen
852 1225 25 15 en

120 1248 75 27 längre
211 1249 64 21 stund
291 1249 81 22 utföres
388 1249 165 27 själaringning;

190 1280 32 19 att
243 1278 52 21 talet
317 1285 34 14 om
375 1278 102 27 ringning
500 1278 35 21 vid
555 1278 62 21 Hans
632 1278 120 27 Kejserliga
766 1277 113 26 Majestäts

122 1307 41 21 död
187 1307 56 24 stod,
266 1307 70 20 såsom
359 1307 24 20 af
402 1306 131 27 föregående
547 1306 101 27 framgår,
663 1307 7 20 i
685 1307 75 26 tydligt
775 1305 105 22 samband

121 1336 49 20 med
185 1335 128 26 föregående
329 1337 54 24 sats;

191 1366 32 19 att
245 1364 157 27 upplysningen
425 1369 36 16 om
477 1364 64 25 tiden,
557 1363 27 22 då
599 1364 34 21 vid
650 1363 115 27 Kejsarens
781 1362 51 21 eller
847 1367 33 16 re-

121 1395 90 24 gentens
235 1392 58 21 öfver
315 1393 72 21 landet
410 1392 41 21 död
468 1393 79 26 ringes,
565 1391 72 28 afsågs
653 1391 150 28 klargörandet
821 1389 61 23 däraf

121 1423 32 19 att
167 1422 102 26 ringning
290 1421 53 21 midt
357 1421 28 27 på
407 1421 70 26 dagen
493 1421 122 27 uppväcker
631 1421 118 26 berättigad
764 1419 116 28 uppmärk-

122 1450 84 21 samhet
221 1449 39 22 och
276 1450 95 21 vördnad
387 1449 39 22 hos
441 1449 218 28 församlingsborna;
