1111 1773
272 138 42 20 130
450 136 247 23 Petitionsbetänkande
713 136 37 24 N:o
767 137 24 22 4.

239 203 54 26 väg,
310 200 46 23 den
372 200 75 23 andra
466 201 94 23 komme
577 202 35 22 att
628 202 8 22 i
652 208 30 16 en
699 202 80 29 ojämn
796 201 148 23 konkurrens
960 202 31 28 gå

238 236 82 28 under,
337 236 92 23 hvilket
443 243 55 17 vore
514 244 30 16 en
560 238 119 22 orättvisa.
711 237 104 23 Beaktas
830 237 43 23 bör
889 237 51 27 ock,
957 239 35 21 att

238 272 72 29 kring
327 272 115 23 hvardera
457 272 84 23 staden
557 273 79 23 finnes
654 280 29 16 en
700 275 46 21 tätt
762 273 111 23 befolkad
889 273 43 23 och
943 272 47 23 väl-

238 308 71 23 odlad
324 308 66 23 trakt
405 308 55 23 med
475 308 106 30 gammal
597 309 88 27 kultur,
702 309 96 23 hvarför
813 309 50 23 lika
879 309 51 23 skäl
947 308 43 23 fin-

238 350 43 17 nes
297 345 35 22 att
348 344 122 29 tillgodose
487 344 45 23 den
549 351 45 16 ena
610 345 66 23 såväl
692 352 51 16 som
760 345 47 23 den
823 345 80 23 andra.

310 380 33 23 Af
358 380 150 29 handlingar,
519 387 50 16 som
587 380 35 23 till
638 380 121 24 Utskottet
775 380 132 28 inkommit,
919 380 70 24 fram-

238 416 44 29 går
305 418 36 20 att
364 416 219 29 ortsbefolkningen
605 416 73 29 lifligt
701 417 116 23 åstundar
839 416 70 23 dessa
925 418 64 28 järn-

237 451 154 30 vägsfrågors
414 451 100 29 lösning,
538 451 81 24 hvilka
640 451 42 25 vid
706 451 117 24 särskilda
843 451 146 24 kommunal-

238 489 115 21 stämmor
376 487 147 23 behandlats.
555 488 89 23 Därvid
667 488 43 23 har
732 487 103 24 flertalet
850 488 140 23 kommuner

238 523 86 22 uttalat
347 524 38 28 sig
408 523 36 23 för
463 523 228 29 hufvudriktningen
709 525 48 21 mot
773 523 86 28 Kaskö,
877 530 53 16 men
948 523 42 23 har

237 561 63 20 inom
326 559 122 23 Utskottet
472 559 129 26 anmärkts,
619 561 34 21 att
677 559 78 23 denna
774 560 147 29 omröstning
936 559 52 24 icke

238 595 49 22 kan
303 595 113 23 tillmätas
433 595 129 29 afgörande
580 595 143 30 betydelse,
714 590 13 39 i
738 595 41 24 det
796 596 35 22 att
846 595 36 24 för
898 595 28 23 de
936 597 51 22 när-

238 632 63 21 mast
317 631 121 29 Seinäjoki
454 631 113 29 liggande
583 631 134 23 socknarna
728 631 175 23 hufvudvikten
914 631 76 30 ligger

237 666 80 29 därpå,
334 668 35 21 att
385 666 29 23 de
430 668 73 21 vinna
520 667 138 29 anslutning
680 667 35 23 till
734 667 190 29 järnvägsnätet,
941 674 47 16 me-

237 703 47 22 dan
300 703 160 29 hamnfrågan
484 703 36 22 för
543 703 53 22 dem
619 703 77 29 spelar
712 709 29 17 en
758 703 166 23 underordnad
938 703 49 23 roll.

237 738 151 23 Framhällits
404 739 44 22 har
464 738 50 28 ock,
524 740 35 21 att
574 738 37 23 för
626 739 41 22 det
682 739 149 23 närvarande
846 740 8 21 i
863 739 80 23 Kaskö
955 746 33 15 er-

237 774 74 23 hålles
328 775 35 22 ett
378 774 72 29 högre
465 775 48 28 pris
530 775 14 21 å
560 775 64 22 vissa
637 775 293 29 landtmannaprodukter,
941 777 47 20 sär-

236 810 75 23 skildt
326 809 73 28 hafre,
416 812 30 21 än
462 811 8 22 i
485 810 164 28 Kristinestad,
667 817 53 16 men
736 811 43 22 har
793 811 64 22 inom
868 810 120 23 Utskottet

235 846 121 27 invändts,
373 847 35 21 att
430 846 79 23 denna
531 846 171 29 prisdifferens,
722 846 81 23 därest
819 846 45 23 den
880 847 53 22 icke
949 847 39 22 be-

236 888 37 17 ror
290 882 24 23 af
329 888 58 17 rena
411 881 175 30 tillfälligheter,
609 882 39 23 vid
665 882 103 23 ändrade
785 882 202 30 transportförhäl-

235 918 88 23 landen
339 918 123 29 lätteligen
485 919 128 28 utjämnas,
629 918 56 23 eller
706 918 47 23 slår
769 925 39 16 om
824 918 35 23 till
875 918 40 23 det
930 920 57 21 mot-

235 954 69 23 satta.
330 954 75 23 Dessa
422 954 42 22 och
480 954 115 22 likartade
612 954 53 23 skäl
682 954 36 23 för
733 954 46 23 den
791 961 46 16 ena
847 954 56 23 eller
914 954 74 23 andra

235 989 171 29 sträckningen
423 989 71 23 hafva
511 989 78 23 därför
604 989 132 23 betraktats
753 991 81 22 säsom
846 990 141 27 sekundära,

236 1025 85 24 medan
333 1025 78 24 säsom
423 1025 160 30 hufvudfräga
591 1025 116 28 kvarstär,
717 1025 117 24 huruvida
842 1026 53 22 vikt
903 1025 85 23 främst

235 1061 62 23 skall
322 1061 82 29 läggas
429 1061 29 29 pä
482 1061 131 23 vinnandet
629 1061 25 23 af
670 1068 28 16 en
715 1061 155 30 exporthamn
886 1061 56 23 eller
958 1062 29 29 pä

235 1097 225 23 ästadkommandet
484 1097 24 23 af
531 1097 145 23 förbättrade
695 1097 78 23 lokala
789 1097 198 23 trafikförhällan-

235 1133 52 23 den.
320 1133 89 23 Vinner
425 1133 77 23 denna
518 1139 84 17 senare
619 1133 122 29 synpunkt
756 1133 135 27 företrädet,
909 1135 26 21 är
947 1133 40 22 det

235 1169 77 29 gifvet
328 1169 35 23 att
379 1169 78 22 banan
475 1169 41 22 bör
532 1169 63 22 ledas
612 1169 35 22 till
663 1168 170 28 Kristinestad;
851 1175 70 16 anses
938 1169 50 23 äter

234 1205 46 22 den
296 1204 63 23 förra
376 1211 64 16 mera
464 1205 108 28 vägande
588 1205 44 22 och
648 1205 74 22 riktas
739 1204 101 23 sälunda
853 1205 133 29 järnvägen

234 1241 36 22 till
293 1240 87 27 Kaskö,
405 1239 75 24 mäste
504 1240 182 29 nödvändigtvis
711 1247 29 16 en
765 1241 87 22 bibana
871 1240 64 23 ledas
952 1240 35 22 till

234 1276 166 28 Kristinestad,
423 1272 30 27 dä
476 1277 8 22 i
508 1279 73 20 annat
604 1276 42 23 fall
662 1276 78 23 denna
755 1277 43 27 ort,
816 1283 50 16 som
883 1276 24 22 af
923 1275 64 24 älder

234 1313 62 22 varit
311 1311 153 24 landsdelens
484 1312 161 29 handelsplats
662 1312 42 23 och
722 1315 25 20 är
763 1313 75 22 större
855 1314 29 21 än
900 1312 86 27 Kaskö,

234 1347 77 24 skulle
328 1348 96 29 bringas
441 1348 35 22 till
492 1348 116 29 ätergäng
623 1347 43 24 och
682 1348 52 23 död.

305 1383 47 23 Vid
376 1385 148 28 omröstning
547 1390 37 16 om
601 1383 71 24 dessa
686 1383 89 30 förslag
791 1383 44 23 har
851 1384 77 22 säsom
944 1383 42 23 Ut-

234 1419 101 23 skottets
360 1419 78 23 beslut
461 1419 115 29 framgätt
599 1420 35 22 att
654 1419 92 23 förorda
761 1419 138 30 byggandet
916 1419 24 22 af
956 1425 30 16 en

233 1455 63 23 bana
317 1445 15 44 —
342 1449 643 36 Seinäjoki-Kauhajoki-Östermark-Kristinestad

305 1503 187 23 Järnvägsutskottets
504 1503 109 18 betänkande
626 1503 34 18 N:o
672 1505 17 16 2.
