1111 1773
313 158 246 23 Petitionsbetänkande
576 158 37 23 N:o
629 159 24 22 4.
790 161 41 19 139

112 223 142 29 betingelser
274 224 34 22 att
324 223 86 22 tillföra
428 223 78 23 banan
522 230 30 15 en
568 223 113 29 tillbörlig
696 223 79 27 trafik,
793 229 69 16 anser

111 259 121 22 Utskottet
248 259 125 29 sakenligt,
391 260 35 21 att
441 259 40 22 vid
498 259 73 22 sådan
581 259 140 22 ekonomisk
730 258 128 23 undersök-

111 295 65 28 ning,
193 301 50 16 som
259 295 8 22 i
283 301 29 16 en
329 295 97 22 framtid
441 295 48 22 kan
507 294 117 23 anordnas
642 295 34 22 för
691 297 109 20 närmare
816 294 45 23 för-

113 330 129 29 beredning
265 330 24 23 af
304 330 144 23 kommande
462 330 263 30 järnvägsbyggnader,
742 330 70 23 äfven
829 337 33 16 nu

110 366 181 29 ifrågavarande
315 366 94 23 område
433 368 67 27 tages
520 367 9 22 i
545 365 164 24 betraktande.
741 366 121 23 Utskottet

110 402 37 23 får
163 402 78 23 därför
261 402 120 23 vördsamt
397 402 92 27 föreslå,
507 403 35 22 att
558 402 133 23 Ständerna
707 402 54 22 ville
778 402 83 22 förena

111 439 38 28 sig
164 445 38 16 om
218 439 34 22 ett
267 438 123 23 uttalande
407 438 101 23 därhän:

326 505 37 21 alt
386 505 11 21 i
421 505 192 28 sammanhang
629 504 59 22 med
704 503 87 23 sådan
808 504 53 21 eko-

254 540 101 22 nomisk
384 540 201 29 undersökning,
617 547 55 15 som
705 540 40 22 för
771 540 92 22 vidare

249 576 284 29 järnvägsbyggnader
541 576 11 22 i
560 576 89 22 landet
659 576 53 22 kan
724 575 138 23 föranstal-

255 613 46 26 tas,
323 612 105 29 jämväl
452 612 50 22 här
525 611 208 30 ifrågavarande
756 611 107 22 område

254 647 79 23 måtte
349 649 75 28 tagas
441 648 11 22 i
469 648 173 22 betraktande.

376 855 220 31 Åbo—Riihimäki.

327 941 214 18 Petitionsmemorialet
554 941 27 18 67.

183 1013 36 22 En
242 1013 64 22 blick
329 1013 31 28 på
384 1013 86 22 kartan
486 1013 64 22 visar
566 1012 151 27 omedelbart,
735 1013 34 22 att
785 1011 78 23 denna

113 1048 140 29 sträckning
276 1048 36 23 för
332 1055 29 16 en
375 1049 113 34 järnväg
495 1048 36 23 till
547 1048 54 23 hela
616 1049 37 22 sin
670 1048 138 35 vestligaste
825 1047 38 23 del

113 1084 95 23 komme
224 1085 36 22 att
275 1084 65 29 ligga
356 1084 26 23 sä
399 1087 59 20 nära
482 1084 61 23 Abo—
555 1079 92 38 Toijala
658 1083 43 23 och
712 1083 150 23 Abo—Karis

112 1120 111 27 banorna,
241 1121 35 22 att
291 1120 69 23 deras
377 1120 188 23 trafikområden
581 1119 96 23 komme
694 1121 34 21 att
744 1125 119 16 samman-

112 1155 63 24 falla.
206 1155 10 23 I
242 1157 36 22 sin
302 1156 86 29 östliga
410 1155 37 24 del
472 1155 94 24 komme
590 1155 78 23 denna
686 1155 60 23 bana
762 1155 51 23 åter
830 1156 34 21 att

113 1191 55 30 föga
191 1193 119 21 motsvara
332 1191 41 23 det
393 1191 79 23 lokala
488 1191 166 27 ortsbehofvet,
671 1192 7 21 i
695 1191 39 22 det
750 1192 35 21 att
798 1191 66 22 detta

112 1227 55 23 vida
183 1227 77 24 bättre
275 1227 185 23 tillfredsställes
477 1227 25 22 af
517 1234 30 16 en
563 1228 50 22 mot
630 1226 174 23 hufvudstaden
817 1226 46 23 rik-

112 1263 41 22 tad
166 1264 109 29 järnväg.
297 1263 142 29 Betydelsen
456 1263 24 23 af
491 1263 46 23 den
551 1263 162 30 projekterade
723 1263 75 29 linjen
809 1268 55 17 vore

113 1299 30 23 då
164 1301 106 33 närmast
292 1301 36 21 att
350 1299 71 23 sökas
444 1300 9 22 i
474 1306 30 16 en
526 1300 47 22 stor
597 1298 177 30 genomgående
791 1298 72 23 trafik

113 1335 53 23 från
182 1335 51 23 Abo
249 1335 35 23 till
301 1335 32 23 St.
351 1335 151 29 Petersburg,
520 1342 53 16 men
590 1342 72 22 synas
678 1334 29 23 de
723 1334 140 23 förhanden-

113 1370 103 24 varande
232 1371 179 23 förhållandena
428 1374 66 20 ännu
510 1371 52 23 icke
579 1371 67 29 gifva
661 1370 89 29 skäligt
765 1370 52 23 stöd
829 1370 35 22 för

113 1413 28 17 en
158 1408 8 22 i
182 1406 85 24 sådant
282 1407 62 29 syfte
361 1406 87 30 anlagd
463 1406 87 30 dyrbar
558 1408 109 28 järnväg.
690 1406 43 23 Om
744 1406 44 23 ock
800 1406 64 22 detta

112 1442 93 30 projekt
230 1443 8 21 i
260 1449 30 16 en
310 1442 107 30 aflägsen
434 1442 97 23 framtid
547 1442 47 23 kan
610 1445 84 20 närma
710 1443 36 28 sig
762 1442 42 22 sitt
819 1442 44 22 för-

113 1478 161 29 verkligande,
293 1478 75 23 håller
385 1478 123 23 Utskottet
528 1478 59 23 dock
603 1478 56 27 före,
676 1479 35 21 att
727 1478 39 22 det
782 1478 81 22 tillsvi-

184 1526 187 24 Järnvägsutskottets
383 1526 111 18 betänkande
506 1526 35 18 N:o
552 1528 17 16 2.
