1111 1775
271 146 42 21 110
421 144 345 24 Petitionsbetänkande
782 144 51 23 N:o
850 145 25 22 7.

269 211 46 21 kad
339 211 44 21 och
407 211 124 27 ingendera
555 212 137 26 gullgossen,
714 212 102 20 hvarken
840 212 104 20 Melartin
962 212 55 20 eller

269 241 86 21 Lundh
371 252 29 4 —
416 241 102 21 bötfäld
507 236 15 37 !

341 270 21 28 2)
379 271 257 26 Kronoredovisningen
661 272 59 20 hade
744 272 52 20 bort
816 278 55 14 vara
887 272 51 20 klar
953 272 34 20 till
1005 273 10 19 1

269 301 48 20 Juli
333 300 53 21 med
404 301 105 20 leverans
530 300 149 21 derförinnan
700 301 35 21 till
755 301 115 26 ränteriet,
887 307 52 15 men
956 301 61 21 huru

269 337 41 14 var
336 330 54 21 det?
415 331 29 20 Jo
461 331 6 20 i
484 330 177 27 redovisningen
687 337 56 15 voro
771 331 121 26 Kivinebb,
917 331 99 27 Terijoki

269 361 43 20 och
338 360 96 21 Raivola
458 361 213 20 länsmansdistrikt
695 361 29 27 på
740 363 51 18 rest.
826 361 64 21 Hade
906 361 61 20 detta
983 361 33 20 in-

269 390 76 20 träffat
371 390 53 20 med
451 391 72 20 andra
551 391 72 20 under
646 391 95 26 tidigare
765 390 161 21 förhållanden
943 391 74 20 skulle

269 420 139 27 suspension
426 420 72 21 minst
513 420 60 27 följt!

341 449 37 21 Att
405 450 75 21 under
507 450 56 21 1904
589 450 36 21 års
649 457 81 15 senare
754 451 36 20 del
811 451 121 20 enahanda
949 450 69 21 förfa-

269 479 72 21 rande
362 479 62 21 måst
446 479 73 22 inslås
536 481 25 19 är
577 480 101 25 solklart,
695 483 24 25 ty
736 481 53 20 med
806 480 88 21 sådana
909 481 107 20 länsmän

269 509 34 20 fås
320 509 57 21 intet
393 509 7 20 i
417 509 68 21 stånd
501 510 7 20 i
525 511 73 19 rättan
615 510 39 21 tid.

533 630 157 21 Slutomdömet
705 630 52 21 blir
750 626 11 34 :

341 692 33 18 att
390 690 152 26 kronofogde-
558 690 44 20 och
618 691 13 20 4
648 690 290 27 kronolänsmanstjenster
954 690 7 20 i
978 690 39 20 hä-

270 720 65 20 radet
359 719 73 21 under
456 720 78 26 längre
557 720 32 20 tid
614 720 126 21 handhafts
764 720 45 20 och
833 720 145 20 handhafvas
995 720 25 20 af

270 756 110 20 personer
395 749 50 21 icke
462 750 97 27 capabla
575 752 32 18 att
624 750 65 21 sköta
707 751 52 20 dem
776 750 44 20 och
837 749 119 21 saknande
973 750 44 20 alla

269 779 192 27 förutsättningar
477 780 81 25 dertill,
570 780 88 20 hvilket
671 780 26 27 ju
714 780 51 20 icke
781 781 26 19 är
817 782 33 18 att
861 780 74 20 undra
947 779 70 25 öfver,

269 809 31 20 då
315 809 126 27 tjensterna
457 809 86 21 besatts
559 810 53 20 med
623 810 115 20 individer
748 809 49 21 helt
808 810 44 20 och
866 810 71 20 hållet
948 809 69 20 främ-

270 839 85 20 mande
379 838 35 21 för
437 839 106 27 tjensten,
567 840 87 20 såsom:
680 839 239 27 telegraftjenstemän,
944 839 74 20 landt-

269 868 100 21 brukare
392 869 44 20 och
461 869 152 27 bodbetjente.
645 870 37 19 Att
699 869 82 21 härvid
798 876 28 13 en
843 869 63 20 finsk
922 868 30 20 fil.
970 875 48 14 ma-

269 898 70 27 gister
361 898 100 21 innehar
485 899 294 27 kronolänsmanstjensten
804 899 6 20 i
835 898 107 27 Terijoki,
963 900 55 19 utan

269 930 33 18 att
318 928 69 21 hafva
404 928 92 21 kunnat
511 929 43 20 alls
570 929 65 20 sköta
656 929 145 25 densamma,
819 929 42 20 bör
877 929 140 20 observeras.

269 958 53 20 Han
349 959 25 19 är
393 958 93 21 alldeles
513 958 93 27 omöjlig
629 959 36 20 för
688 958 182 21 handhafvande
891 958 25 21 af
937 958 80 27 dylika

268 987 101 28 tjenster.

341 1017 110 27 Regimen
468 1017 100 27 framgår
583 1017 51 21 bäst
650 1017 29 21 då
696 1024 54 15 man
768 1019 44 24 vet,
829 1019 32 19 att
878 1017 73 21 under
968 1017 50 21 sist-

269 1047 56 20 lidet
341 1047 25 21 år
382 1047 225 28 poliskonstaplarne
626 1047 114 21 handhaft
757 1047 259 27 utmätningsärendena

269 1077 63 21 såväl
348 1077 8 20 i
373 1077 86 26 Mohla,
478 1077 119 25 Kivinebb,
615 1077 95 21 Raivola
727 1084 51 14 som
795 1077 102 27 Terijoki
917 1077 99 26 distrikt,

269 1107 7 20 i
293 1107 37 20 det
347 1107 144 20 sistnämnda
508 1107 177 21 kommissarien
698 1107 118 26 Karlsson,
829 1114 50 14 som
891 1107 126 27 egentligen

269 1137 62 20 skött
347 1137 51 20 hela
415 1137 301 26 kronolänsmanstjensten.

341 1167 66 21 Huru
432 1167 115 21 ärendena
571 1167 29 20 då
621 1167 153 25 handhafvas,
792 1167 46 20 kan
855 1167 93 26 enhvar,
966 1173 51 15 som

269 1197 44 20 har
336 1197 76 27 någon
436 1197 88 21 inblick
548 1196 7 21 i
576 1203 28 14 en
628 1198 212 26 utmätningsmans
865 1197 153 21 ansvarsfulla

270 1227 56 26 värf,
353 1229 107 25 nogsamt
483 1224 56 23 utan
566 1226 180 22 kommentarier
770 1227 118 20 föreställa
912 1226 39 27 sig.
983 1227 35 26 Ja,

266 1256 39 27 jag
321 1257 85 27 påstår,
424 1258 32 19 att
473 1259 55 18 utan
547 1256 228 28 poliskonstaplarna
800 1256 96 21 Reiman
913 1256 44 20 och
978 1256 40 21 Ec-

270 1287 50 20 kert
336 1286 75 21 skulle
434 1286 95 21 Raivola
551 1286 105 21 länsman
673 1287 51 21 icke
741 1287 92 19 kunnat
849 1286 75 21 utföra
941 1286 77 26 något,

269 1318 62 19 samt
347 1318 55 18 utan
419 1316 178 21 kommissarien
614 1317 110 20 Karlsson
740 1316 19 27 ej
778 1316 71 20 heller
865 1316 30 20 fil.
912 1316 108 26 magister

270 1346 113 21 Melartin.
416 1346 51 21 Och
494 1346 61 21 hvad
579 1346 79 20 kunna
685 1346 156 21 öfverhufvud
868 1346 55 21 våra
949 1346 70 26 polis-

269 1376 146 26 konstaplar!

343 1406 67 20 Hvad
428 1403 222 30 Kivinebb%distrikt
661 1406 75 20 under
751 1405 88 21 Tavast
850 1412 50 14 som
912 1405 108 20 länsman

269 1436 79 26 angår,
372 1438 48 18 tror
441 1436 39 27 jag
504 1436 37 20 det
563 1442 54 14 vara
643 1436 52 20 bäst
718 1437 33 19 att
775 1435 88 27 förbigå
880 1435 78 43 FORE
948 1435 72 20 saken

270 1466 53 20 med
340 1466 100 26 tystnad.
725 1477 28 2 —

342 1507 58 17 Särsk,
413 1507 48 16 Besv.
476 1507 42 16 utsk.
530 1507 28 16 bet.
571 1507 35 16 N:o
618 1512 16 15 4.
