1114 1778
213 169 111 23 Ständer.
340 169 50 23 Pet.
424 169 275 24 Petitionsbetänkande
714 170 45 22 N:o
775 171 19 20 1.
854 170 26 21 13

124 235 138 28 förordning,
285 235 88 22 hvilken
397 236 99 25 innebär,
513 239 32 18 att
560 236 125 27 godtycklig
700 236 180 24 rättskränkning

125 267 42 20 när
190 272 48 15 som
262 265 58 22 hälst
343 265 43 22 kan
409 265 90 28 fritagas
516 265 49 22 frän
582 266 62 21 straff
659 272 79 21 genom
755 265 126 28 godtycklig

126 297 84 25 vägran
234 295 23 22 af
278 295 97 21 tillstånd
392 295 32 21 till
440 295 44 22 åtal
501 298 46 19 mot
564 296 42 20 den
623 295 100 28 skyldiga
739 296 141 25 tjänsteman-

126 331 50 20 nen,
194 325 42 21 och
252 331 47 15 som
318 324 94 22 sälunda
428 326 6 20 i
451 325 112 27 betänklig
579 325 68 22 mätto
666 325 35 22 för
714 325 167 22 samhällsmed-

127 355 123 21 lemmarna
267 355 97 21 minskat
378 356 142 26 garantierna
535 357 112 25 gentemot
666 355 128 26 lagstridiga
811 355 69 21 öfver-

125 391 77 21 grepp,
223 385 41 20 har
280 384 109 22 utfärdats
405 385 7 20 i
428 385 198 27 grundlagsstridig
642 384 93 27 ordning
752 384 42 22 och
811 384 70 22 mäste

126 414 162 27 otvifvelaktigt
304 414 106 21 hänföras
426 414 33 21 till
471 414 27 21 de
509 414 162 27 författningar,
685 421 48 14 som
745 414 49 21 icke
805 414 76 21 kunna

128 443 129 22 bibehällas.

200 473 28 21 Af
252 473 62 22 älder
339 474 67 21 hafva
430 473 70 22 finske
520 474 144 27 medborgare
681 476 36 25 egt
731 474 104 26 rättighet
850 475 32 20 att

126 504 195 21 sammankomma
337 504 35 21 för
388 503 166 28 öfverläggning
569 510 37 15 om
623 504 113 21 allmänna
752 504 129 26 angelägen-

127 533 69 22 heter.
228 533 77 22 Denna
329 533 102 27 rättighet
450 534 43 21 kan
510 534 49 21 icke
575 534 94 27 lagligen
685 533 126 28 upphäfvas
828 535 53 20 utan

125 563 140 22 Ständernas
289 564 119 27 samtycke.
448 563 85 22 (Genom
557 564 43 21 den
624 565 6 20 i
655 563 162 22 administrativ
840 564 43 25 väg

128 593 118 22 utfärdade
270 595 125 25 temporära
419 593 158 27 förordningen
601 593 23 22 af
648 594 42 21 den
715 593 12 21 2
751 593 41 27 juli
825 593 57 21 1900

127 623 42 21 har
185 623 42 21 den
247 624 43 21 fria
308 623 213 27 församlingsrätten
538 623 57 22 dock
611 623 91 22 faktiskt
717 623 163 26 tillintetgjorts,

126 659 29 15 en
180 653 84 26 ätgärd,
288 653 89 21 hvilken
401 652 25 22 sä
449 653 90 28 mycket
561 659 92 16 snarare
669 653 70 21 borde
755 653 125 25 äterkallas,

128 689 49 15 som
200 683 213 26 församlingsrätten
434 685 25 19 är
483 683 22 21 af
529 685 46 20 stor
594 683 42 21 och
652 683 100 27 gagnelig
768 683 114 27 betydelse

128 713 7 20 i
151 712 175 22 samhällslifvet.

200 742 116 27 Nittioärig
340 742 125 22 erfarenhet
485 743 41 21 har
541 742 124 28 ådagalagt,
684 744 31 19 att
731 742 27 22 de
778 742 103 27 grunder,

129 773 67 26 enligt
235 773 75 21 hvilka
349 772 105 22 Finlands
493 772 78 27 högsta
603 773 146 27 styrelseverk
781 772 45 21 blef
850 778 32 15 or-

127 802 129 27 ganiseradt
282 808 79 22 genom
385 802 144 27 reglementet
559 802 23 22 af
605 802 42 22 den
669 802 26 21 18
711 802 88 27 augusti
817 801 63 26 1809,

128 834 40 20 äro
185 832 141 27 synnerligen
343 831 195 28 ändamälsenliga.
567 832 57 22 Utan
640 832 105 22 afseende
761 831 61 27 härä,
840 832 42 21 och

127 862 73 21 ehuru
225 862 126 26 grunderna
374 863 35 20 för
432 862 109 22 Senatens
565 862 150 26 organisation
739 862 6 20 i
765 862 118 26 legislativt

129 892 129 21 hänseende
277 894 39 19 äro
338 892 23 21 af
377 892 43 21 den
436 895 72 23 natar,
526 894 31 19 att
573 892 93 27 ändring
682 891 23 21 af
721 892 114 21 desamma
851 898 31 14 er-

129 922 88 21 fordrar
241 921 135 22 Ständernas
400 922 121 27 samtycke,
538 922 68 21 hafva
626 928 79 20 genom
724 921 158 27 förordningen

127 952 24 20 af
168 952 43 21 den
228 951 13 21 8
257 951 125 27 september
398 951 36 28 (25
450 952 95 28 augusti)
563 951 56 22 1902
636 952 41 21 och
691 952 111 21 särskilda
813 951 70 21 andra

129 981 156 27 författningar
301 982 119 26 ändringar
436 982 109 26 vidtagits,
563 988 48 14 som
623 982 81 27 inrymt
715 981 108 21 Senatens
835 980 47 22 ord-

129 1011 100 26 förande,
250 1011 241 27 Generalguvernören,
513 1018 28 14 en
561 1011 108 27 öfvervigt
689 1011 6 21 i
711 1011 125 21 ärendenas
853 1010 29 22 af-

128 1041 106 26 görande,
258 1041 89 21 hvilken
371 1041 49 21 icke
444 1043 25 20 är
492 1041 95 27 förenlig
610 1042 51 21 med
677 1041 43 21 den
739 1041 32 21 till
787 1040 96 22 berörda

127 1070 99 27 grunder
247 1071 99 21 hörande
366 1071 117 26 kollegiala
500 1071 129 26 ordningen.
661 1071 78 21 Denna
754 1071 130 25 förändring

129 1100 41 21 har
194 1100 88 21 erhällit
304 1107 28 14 en
356 1101 57 20 ökad
430 1101 93 21 bärvidd
540 1107 79 20 genom
636 1101 42 21 den
695 1101 6 20 i
725 1100 157 27 förordningen

130 1129 24 21 af
170 1130 43 21 den
230 1130 28 21 26
274 1130 44 29 (13)
334 1137 60 14 mars
406 1130 58 22 1903
475 1131 132 21 meddelade
619 1137 45 21 nya
674 1130 164 21 instruktionen
848 1130 35 21 för

130 1159 236 28 Generalguvernören
390 1160 6 21 i
420 1161 56 20 hans
493 1161 112 26 egenskap
621 1160 23 21 af
660 1161 42 20 den
718 1159 165 22 verkställande

131 1190 101 21 maktens
248 1190 56 26 chef,
322 1192 54 19 enär
390 1190 73 21 denna
474 1191 133 20 instruktion
619 1190 145 21 öfverhöfvan
775 1190 109 21 utsträckt

131 1219 246 28 Generalguvernörens
404 1220 61 21 makt
488 1221 42 20 och
552 1220 117 27 uppgifter,
685 1219 153 22 hvarförutom
856 1219 28 21 10

130 1249 100 26 punkten
252 1250 48 21 däri
316 1250 32 21 till
364 1250 42 21 och
422 1250 50 21 med
490 1250 107 21 förklarat
615 1250 82 21 honom
714 1249 122 27 berättigad
852 1251 32 20 att

130 1279 6 20 i
154 1279 185 28 utomordentliga
352 1280 38 21 fall
401 1280 89 27 vidtaga
501 1279 55 22 mätt
567 1280 42 21 och
620 1282 52 25 steg,
685 1286 48 15 som
744 1279 140 22 öfverskrida

129 1309 29 21 de
181 1309 234 28 Generalguvernören
441 1309 91 27 tillagda
555 1309 225 27 maktbefogenheter,
800 1309 83 21 hvilket

131 1339 75 21 kunde
232 1339 72 22 tolkas
332 1339 91 26 därhän,
450 1342 32 19 att
504 1339 45 22 han
570 1339 57 27 finge
643 1339 122 22 äsidosätta
780 1339 103 27 gällande

128 1369 70 27 lagar.

202 1398 8 21 I
235 1399 38 21 det
288 1399 134 27 föregäende
438 1400 39 21 äro
494 1399 50 21 icke
560 1398 45 23 alla
621 1399 27 21 de
664 1398 219 27 lagstiftningsätgär-

131 1428 40 21 der
194 1428 89 26 nämda,
300 1435 48 15 som
366 1428 68 22 sedan
451 1428 26 22 är
495 1428 56 22 1899
568 1428 126 22 tillkommit
709 1428 50 22 med
776 1428 107 22 afvikelse

130 1458 50 21 frän
198 1458 42 21 den
257 1459 7 21 i
280 1459 108 27 grundlag
404 1458 107 27 stadgade
527 1458 129 27 ordningen.
688 1458 74 22 Jemte
776 1458 26 21 de
814 1458 69 21 redan

129 1487 130 27 äberopade
283 1490 39 20 äro
346 1489 70 21 andra
439 1488 86 22 sädana
546 1488 155 27 författningar
717 1488 7 20 i
741 1488 142 27 kronologisk
