1109 1773
279 153 28 19 82
453 150 246 23 Petitionsbetänkande
718 150 38 23 N:o
775 150 24 23 4.

252 217 24 19 14
292 216 132 20 innevarande
441 217 102 20 december
559 217 46 18 låtit
621 216 168 26 framställningen
805 223 30 12 om
846 216 62 19 denna
918 216 82 19 bibanas

249 245 103 20 utförande
375 245 31 20 för
429 245 64 20 denna
515 245 53 26 gång
591 245 86 27 förfalla,
693 245 42 19 dels
751 245 130 23 fördenskull,
897 247 29 17 att
942 244 58 20 Stän-

248 273 61 20 derna
332 274 25 25 på
380 274 59 19 ofvan
463 274 70 25 antydt
556 277 40 16 sätt
617 274 100 23 förutsatt,
733 277 30 16 att
778 274 69 25 frågan
863 281 31 12 om
909 280 22 13 en
946 273 54 26 järn-

249 303 165 24 vägssträckning
436 303 35 19 till
494 303 63 24 någon
581 302 112 26 hamnplats
709 303 33 19 vid
757 302 90 20 stranden
864 302 22 19 af
899 301 79 26 Ladoga
994 302 6 19 i

249 331 29 19 sin
302 331 69 20 helhet
393 331 66 20 blefve
481 331 78 20 lämnad
582 331 32 19 till
632 331 56 20 deras
705 331 112 25 afgörande,
833 331 42 19 dels
891 331 36 19 ock
945 331 5 18 i
966 337 34 12 an-

248 360 72 19 seende
343 359 75 25 därtill,
442 363 29 16 att
494 359 261 20 kommunikationsfondens
777 359 108 26 tillgångar
907 359 30 20 för
956 361 42 17 när-

248 388 89 19 varande
352 395 48 13 vore
413 389 146 25 jämförelsevis
575 389 63 24 ringa.

319 416 160 27 Olägenheterna
493 417 62 26 däraf,
571 420 30 17 att
617 420 66 16 västra
699 417 91 20 stranden
805 417 22 19 af
841 417 80 25 Ladoga
936 417 17 24 ej
965 423 35 18 ge-

249 451 46 15 nom
318 445 83 26 behörig
423 446 72 20 bibana
517 449 22 16 är
557 446 77 19 bunden
651 446 31 19 till
697 446 77 19 landets
789 446 135 25 järnvägsnät,
941 445 58 19 fram-

249 474 57 19 träda
329 474 66 20 likväl
418 475 39 25 dag
472 475 31 19 för
518 474 39 26 dag
572 475 28 18 alt
616 474 129 25 kännbarare,
761 474 36 20 och
813 474 24 20 då
852 473 148 26 Lahdenpohja,

249 503 63 20 såsom
329 503 36 19 den
381 503 126 26 lämpligaste
523 503 111 25 hamnplats
645 503 32 19 vid
688 505 67 18 västra
766 503 172 26 Ladogastranden
951 505 50 16 samt

248 532 59 19 äfven
324 532 5 19 i
346 532 61 19 andra
423 532 104 20 afseenden
543 532 80 19 stående
638 532 81 19 framom
735 532 33 19 det
783 531 84 20 täflande
875 531 124 24 Kronoborg,

248 560 5 19 i
271 560 108 26 synnerhet
395 567 30 13 om
446 561 183 19 Keksholmsbanan
646 561 38 19 blir
699 567 23 12 en
738 560 120 25 värklighet,
875 560 103 25 härvidlag
994 560 6 18 i

249 589 83 19 främsta
355 592 84 17 rummet
461 590 36 19 bör
513 589 76 20 komma
605 588 7 21 i
628 589 78 22 åtanke,
723 589 37 20 kan
777 589 69 25 frågan
861 595 30 13 om
908 589 92 19 hamnens

247 618 115 25 anslutning
385 618 31 19 till
439 618 76 19 landets
535 618 130 25 järnvägsnät
688 617 137 20 undanskaffas
846 617 67 20 endast
936 619 24 24 på
978 617 22 19 så

249 649 46 20 sätt,
312 649 29 16 att
357 647 36 18 den
409 647 78 24 afgöres
503 647 6 18 i
525 647 74 19 önskad
615 647 95 24 riktning.

319 675 38 26 Nu,
373 675 24 19 då
413 675 113 26 antagligen
543 675 112 20 utförandet
667 675 21 19 af
704 675 97 25 Nyslott—
810 671 124 35 Elisenvaara
945 675 53 24 järn-

248 707 40 22 väg
305 703 92 26 vidtager
412 704 35 19 och
461 704 190 25 järnvägsarbetena
666 704 80 19 sålunda
762 704 43 19 åter
819 704 89 25 förflytta
923 704 31 25 sig
968 703 32 19 till

248 732 57 20 dessa
323 733 72 25 ostliga
411 733 74 25 nejder,
502 739 46 13 vore
564 733 33 19 väl
613 739 25 13 nu
655 739 29 13 om
695 733 95 25 någonsin
801 735 52 16 rätta
863 732 80 19 stunden
955 732 44 19 inne

248 764 31 16 att
302 761 6 19 i
331 761 140 26 sammanhang
494 761 41 19 med
559 761 37 20 den
619 768 39 19 nya
680 761 62 20 banan
766 761 65 20 utföra
846 761 53 19 detta
915 761 4 19 i
936 760 64 20 åratal

249 790 96 24 påtänkta
368 790 36 20 och
427 790 102 26 grundligt
551 790 116 20 förberedda
682 791 83 25 företag,
781 790 36 19 och
832 796 44 13 man
891 789 49 20 hade
956 789 44 20 med

249 819 44 19 skäl
311 818 76 20 kunnat
402 819 32 19 till
449 820 63 18 denna
528 819 93 25 landtdag
636 819 74 25 hoppas
726 820 25 24 på
766 819 37 19 den
819 818 99 20 motsedda
929 825 69 19 propo-

247 848 83 18 sitionen
347 848 6 18 i
369 848 60 19 saken
446 848 11 20 &
472 848 134 25 Regeringens
622 848 48 19 sida.

319 876 44 19 Men
388 876 124 20 alldenstund
534 877 64 25 någon
621 876 119 26 proposition
759 876 43 19 icke
819 876 54 19 hörts
888 876 21 19 af
923 876 36 19 och
975 876 25 19 då

247 905 44 19 icke
307 905 56 26 förty
378 905 62 20 denna
456 906 6 19 i
477 905 27 20 all
521 906 29 18 sin
566 907 54 24 yttre
635 905 138 26 obetydlighet
788 905 77 25 vigtiga
879 904 36 20 och
930 904 67 20 värde-

247 933 51 20 falla
322 933 57 26 fråga
402 934 150 25 otvifvelaktigt
575 934 80 19 kräfver
674 936 28 17 ett
717 934 118 25 skyndsamt
849 933 36 20 och
901 933 99 19 definitivt

247 962 108 25 afgörande
371 963 30 25 pä
416 962 119 20 Ständernas
549 963 162 25 föranstaltande,
727 963 21 19 så
763 963 31 19 får
807 963 36 25 jag
859 962 141 19 vördsammast

247 991 80 26 föreslå,

463 1047 30 18 att
517 1045 152 20 Prästeståndet
687 1045 47 19 ville
750 1045 109 20 medvärka
875 1044 77 25 därtill,
969 1046 30 18 att

391 1075 48 24 från
463 1075 102 20 Karelska
584 1075 113 25 järnvägen
721 1081 23 13 en
760 1075 71 19 bibana
847 1075 62 24 blefve
925 1075 74 24 dragen

393 1105 31 19 till
448 1105 81 25 lämplig
549 1105 67 25 punkt
633 1105 34 20 vid
683 1105 145 24 Lahdenpohja
843 1105 41 24 vik,
901 1106 51 17 samt
969 1105 30 18 att

391 1135 38 19 den
452 1135 99 24 blifvande
575 1136 139 24 hamnplatsen
738 1135 115 19 utrustades
868 1134 44 19 med
927 1134 71 25 nödiga

392 1165 137 25 inrättningar
543 1165 34 25 för
593 1165 80 19 bekväm
689 1165 120 25 skeppsfart.

318 1217 125 26 Helsingfors
459 1218 36 19 den
511 1217 26 20 23
554 1218 101 19 december
672 1217 61 20 1904.

726 1277 16 21 J.
760 1276 13 22 I.
791 1275 135 23 Gummerus.

318 1520 187 22 Järnvägsutskottets
517 1520 110 18 betänkande
640 1520 34 18 N:o
686 1521 17 17 2.
