1114 1775
260 165 84 23 Ständ.
360 165 54 22 Pet.
430 178 27 2 —
474 166 173 22 Petitionsbet.
665 165 44 23 N:o
725 166 21 22 7.
868 165 13 21 3

120 231 150 30 vertygelsen
295 233 34 21 att
350 231 50 22 han
418 231 8 21 i
445 231 81 23 denne
545 230 59 30 ägde
623 238 30 15 en
673 231 76 29 redlig
767 231 47 23 och
833 231 48 29 lag-

121 268 86 27 trogen
225 266 130 22 förfäktare
374 266 26 22 af
415 266 37 21 sin
472 268 47 20 rätt
537 266 48 22 och
604 266 53 22 sina
676 266 125 22 intressen.

191 299 71 23 Trots
281 299 69 23 dessa
368 299 130 30 glädjande
511 299 172 23 förhållanden
697 301 49 22 står
762 299 64 24 dock
839 300 41 22 be-

121 335 143 28 folkningen
285 335 8 21 i
310 334 102 29 Viborgs
430 334 48 28 län,
498 335 47 22 och
564 334 114 23 särskildt
695 335 8 21 i
722 334 54 23 dess
796 335 84 28 aflägs-

122 376 60 15 nare
207 368 74 29 delar,
306 369 32 22 alt
362 369 150 22 fortfarande
536 369 8 22 i
568 369 82 28 någon
671 370 59 21 mån
749 369 59 22 efter
826 369 54 22 sina

123 403 131 30 lyckligare
281 403 90 23 lottade
396 403 149 22 medbröder
568 404 8 21 i
601 403 40 22 det
665 403 76 30 öfriga
767 403 112 22 Finland.

124 438 45 23 Det
194 440 28 20 är
246 438 45 22 ock
315 437 125 23 måhända
464 438 36 22 till
525 445 30 15 en
577 437 40 23 del
635 437 52 23 häri
707 437 104 24 orsaken
830 438 49 22 kan

122 473 73 22 sökas
222 472 36 22 till
284 472 47 23 den
360 472 219 29 omständigheten,
599 474 33 21 att
650 472 30 23 de
696 474 94 21 senaste
808 473 71 22 årens

123 507 137 28 händelser,
278 514 53 15 som
351 507 100 22 öfveralt
470 507 8 22 i
496 507 83 22 landet
597 507 84 22 verkat
699 515 54 14 som
766 514 31 15 en
811 507 68 22 häm-

122 542 46 23 sko
195 542 31 29 pä
254 541 194 23 samhällslifvets
469 542 88 29 jämna
582 541 143 30 utveckling,
750 543 7 21 i
776 541 102 29 Viborgs

123 577 40 22 län
182 576 52 22 låtit
253 577 52 22 sina
324 576 146 29 verkningar
483 576 101 23 framstå
597 576 7 22 i
618 575 70 23 deras
701 576 179 30 fördärfligaste

122 612 71 22 form.
228 611 56 22 Men
303 612 79 22 säkert
401 610 45 23 har
465 611 82 22 härtill
569 612 4 21 i
592 612 31 21 än
643 611 158 29 väsentligare
820 612 59 21 mån

122 645 105 29 bidragit
246 645 47 23 den
311 645 188 30 hänsynslöshet
517 646 47 22 och
583 644 40 23 det
641 646 79 22 förakt
733 646 38 22 för
784 645 40 23 det
837 646 42 22 all-

121 682 105 21 männas
254 680 47 22 lika
326 680 40 22 väl
390 687 54 15 som
469 680 48 22 den
542 680 121 22 enskildes
681 682 52 26 rätt,
753 687 54 15 som
826 680 7 22 i
852 681 26 21 så

122 714 48 30 hög
196 714 59 29 grad
283 715 112 22 utmärka
414 714 30 23 de
462 714 101 23 främsta
591 717 226 27 representanterna
840 715 39 22 för

120 749 43 23 det
187 756 48 22 nya
259 750 234 28 regeringssystemet
511 750 8 21 i
538 749 64 23 detta
627 749 48 28 län,
698 748 114 24 särskildt
830 749 48 22 den

123 783 143 23 nuvarande
278 784 174 22 innehafvaren
466 784 27 22 af
502 784 246 29 guvernörsembetet.
785 783 36 30 Ty
836 791 42 15 om

121 818 75 22 också
214 818 54 22 från
287 818 74 29 öfriga
380 818 48 28 län,
447 818 48 22 och
515 818 113 23 särskildt
646 818 53 22 från
713 818 111 30 Nylands
836 818 42 22 län

121 852 118 30 försports
266 853 81 22 såsom
366 852 93 23 frukter
487 853 26 22 af
537 853 65 22 detta
629 855 89 27 system
742 853 66 23 förut
827 860 51 15 oer-

122 887 78 22 hörda
219 887 100 30 ingrepp
337 888 8 21 i
363 887 162 29 rättskipning
544 887 47 22 och
609 887 229 29 samhällsordning,
852 887 26 22 så

121 921 73 23 hafva
212 921 64 22 dock
294 921 69 23 dessa
381 921 102 30 ingrepp
503 921 124 23 måhända
646 921 152 30 ingenstädes
817 921 62 22 utöf-

123 958 52 20 vats
194 956 31 29 på
244 957 31 21 ett
294 957 26 21 så
338 956 158 29 hänsynslöst
509 956 46 23 och
569 956 47 23 alla
630 958 161 21 rättsnormer
806 956 73 22 krän-

122 990 83 23 kande
232 992 46 21 sätt
296 997 53 16 som
368 991 8 22 i
394 990 103 29 Viborgs
522 991 47 22 län.
607 990 52 23 Här
677 991 45 22 har
740 997 59 16 man
818 990 61 23 nöd-

120 1027 52 26 gats
191 1025 106 22 bevittna
322 1024 75 23 bland
416 1027 76 20 annat
511 1027 34 20 att
566 1033 30 14 en
615 1025 76 29 fånge,
709 1025 103 23 tilltalad
831 1025 47 22 och

121 1059 139 22 sedermera
278 1059 50 22 fäld
346 1060 38 22 för
402 1059 71 29 stöld,
487 1060 26 22 af
524 1059 163 30 polismakten
698 1059 57 23 med
768 1059 57 22 våld
839 1059 39 22 be-

120 1093 58 23 frias
196 1093 60 23 först
275 1101 29 15 ur
316 1093 114 30 fängelset
443 1094 48 22 och
505 1094 105 23 därefter
621 1101 29 15 ur
663 1095 84 28 själfva
760 1093 118 23 domstol-

121 1128 75 29 salen,
215 1129 33 21 att
267 1135 29 16 en
315 1129 148 28 tjänsteman
481 1129 59 22 med
558 1129 149 29 vapenmakt
724 1128 102 23 hindras
846 1130 34 20 att

121 1162 97 29 vidtaga
236 1169 30 16 en
285 1163 94 23 honom
398 1163 103 29 lagligen
515 1163 125 30 åliggande
653 1162 178 30 tjänsteåtgärd,
846 1165 33 20 att

121 1196 48 23 den
195 1197 26 22 af
243 1197 152 23 kommunen
420 1198 115 22 aflönade
554 1198 217 29 ordningsmakten
789 1203 89 23 genom

121 1232 92 22 inbrott
240 1232 150 29 bemäktigar
417 1232 34 29 sig
479 1232 47 23 och
551 1232 35 23 till
605 1232 122 29 ändamål,
755 1239 54 15 som
835 1234 43 20 äro

120 1266 156 23 främmande
295 1267 38 22 för
351 1267 162 28 kommunen,
539 1266 126 24 använder
683 1274 30 15 en
732 1267 82 23 denna
833 1266 46 22 till-

121 1301 69 29 hörig
208 1301 118 29 byggnad,
352 1304 34 20 att
410 1308 125 22 personer,
554 1309 55 15 som
627 1302 209 28 omhändertagits
856 1301 26 22 af

121 1335 102 29 polisen,
251 1336 128 29 undergätt
406 1336 77 22 sädan
513 1336 157 28 misshandel,
695 1338 34 20 att
747 1336 30 22 de
795 1336 7 21 i
821 1335 58 23 flere

120 1370 91 22 veckor
230 1370 43 22 fätt
291 1370 49 22 lida
359 1371 26 22 af
409 1370 122 29 följderna
550 1371 75 27 däraf,
645 1372 33 21 att
696 1371 183 22 kommunerna

120 1404 95 30 knappt
233 1404 35 22 till
288 1406 80 28 någon
387 1404 149 24 kommunal
549 1405 76 30 syssla
638 1405 42 22 fått
693 1405 48 22 fritt
754 1404 63 29 välja
831 1404 48 22 den

120 1438 30 23 de
169 1439 52 22 haft
238 1439 140 23 förtroende
397 1439 42 28 till,
453 1440 60 22 eller
525 1442 34 20 att
572 1438 94 24 landets
679 1439 125 23 lutherska
817 1438 62 23 folk-

119 1473 91 29 kyrkas
228 1474 154 29 prästerskap
401 1474 44 21 tidt
464 1474 48 22 och
531 1474 49 23 ofta
600 1474 156 22 trakasserats
770 1474 35 21 till
818 1473 61 29 följd
