1109 1778
339 153 218 19 Motionsbetänkande
570 153 37 19 N:o
621 154 16 18 I.
846 154 21 17 11

113 216 132 25 magistraten
270 215 24 19 så
317 215 34 20 väl
368 215 31 20 för
415 215 47 19 dess
478 221 50 18 egen
545 215 32 20 del
593 221 45 13 som
653 215 32 19 för
701 216 59 19 deras
776 215 92 25 räkning,

113 245 22 19 åt
150 245 71 20 hvilka
236 246 34 19 det
285 245 89 25 upplåtit
389 245 276 24 utskänkningsrättigheter.

186 275 19 19 2.
236 275 133 24 Magistraten
393 275 122 20 öfverlemne
538 275 91 22 ärendet,
654 275 45 19 med
722 275 109 24 bifogande
848 275 21 20 af

113 307 46 22 eget
174 305 101 25 yttrande,
291 305 31 19 till
338 305 196 24 stadsfullmäktiges
551 305 117 24 afgörande.
685 305 28 19 Så
728 305 61 19 framt
799 305 69 20 stads-

113 334 126 25 fullmäktige
255 335 110 24 godkänna
381 335 34 19 det
429 335 117 23 föreslagna
562 335 69 19 stället
642 335 31 19 för
683 335 100 19 rörelsens
794 335 74 19 bedrif-

113 365 67 19 vande
204 365 38 19 och
264 364 154 20 föreståndaren
439 364 32 20 för
494 364 125 23 densamma,
637 364 80 20 utfärde
736 364 132 25 magistraten

113 394 22 19 åt
157 394 106 20 sökanden
284 394 161 20 tillståndsbevis
469 394 124 24 angifvande
616 394 63 22 tiden,
697 394 63 19 under
779 394 88 23 hvilken,

113 424 39 19 och
167 424 70 20 stället
253 424 34 20 der
302 424 88 20 rörelsen
406 424 31 19 får
452 424 110 22 bedrifvas,
575 425 53 18 samt
640 424 39 19 den
693 430 80 19 person,
786 424 82 20 hvilken

112 454 103 24 godkänts
239 455 31 19 att
293 454 76 20 förestå
385 455 124 21 densamma,
527 454 23 19 så
567 454 38 20 ock
621 454 24 19 de
662 454 65 24 öfriga
743 454 124 20 bestämnin-

113 489 42 19 gar,
173 484 70 20 hvilka
259 484 182 24 stadsfullmäktige
457 484 32 20 för
504 484 113 25 främjande
634 484 21 19 af
671 484 40 24 god
727 484 85 24 ordning
827 484 40 19 till-

113 513 106 26 äfventyrs
242 514 82 25 pröfvat
345 514 72 25 nödigt
439 514 30 19 för
485 514 71 24 hvarje
577 514 97 19 särskildt
689 514 36 19 fall
740 513 127 21 föreskrifva.

112 544 69 24 Angär
203 543 184 21 tillständsbeviset
410 544 77 19 enskild
511 544 132 22 utskänkare,
665 544 53 19 skall
741 544 42 19 deri
806 544 61 19 äfven

112 575 103 23 upptagas
238 574 38 19 den
300 574 64 25 afgift,
389 580 44 13 som
454 574 32 20 för
501 574 123 24 rättigheten
640 574 37 19 bör
692 574 31 19 till
738 574 83 24 bolaget
838 580 30 13 er-

112 603 77 25 läggas.

467 646 12 19 9
495 630 21 48 8.

187 699 17 18 1.
235 699 22 25 Ej
274 698 33 19 mä
323 705 64 18 egare,
405 699 90 24 delegare
512 699 47 20 eller
574 699 132 20 innehafvare
717 700 22 18 af
748 700 119 25 rusdrycks-

112 728 67 19 fabrik
195 728 47 20 eller
258 728 178 25 distilleringsverk
454 729 47 20 eller
517 729 45 22 den,
579 735 44 13 som
640 729 62 24 enligt
717 729 94 24 gällande
826 729 41 20 för-

112 758 86 25 ordning
221 758 104 25 angående
350 759 129 24 tillverkning
495 759 38 19 och
549 759 120 24 distillering
684 759 22 19 af
721 759 85 19 bränvin
823 759 43 19 icke

112 793 46 19 eger
174 789 41 18 rätt
236 790 31 17 att
281 788 94 20 tillverka
390 789 92 22 bränvin,
499 789 49 24 ingä
563 789 70 19 säsom
649 788 91 25 delegare
756 789 7 18 i
778 789 89 19 utminu-

112 818 86 25 terings-
214 819 38 18 och
267 818 216 25 utskänkningsbolag.
520 819 39 19 För
575 819 151 19 öfvervakande
742 819 59 19 häraf
817 818 50 26 älig-

112 854 34 18 ger
162 848 203 25 rusdrycksfabriks-,
382 848 144 25 spritfabriks-,
543 849 167 24 utminuterings-
718 849 38 20 och
767 849 99 19 utskänk-

112 877 122 26 ningsbolag
250 879 31 18 att
296 877 75 26 årligen
387 879 6 18 i
409 878 103 20 allmänna
528 879 129 24 tidningarna
673 879 142 25 offentliggöra
826 878 41 20 för-

112 907 96 25 teckning
224 908 57 19 öfver
295 908 92 25 bolagets
403 908 98 25 delegare.

184 938 19 19 2.
227 938 8 19 1
249 938 122 25 föregäende
387 940 89 18 moment
491 938 135 20 omförmälda
641 945 96 18 personer
750 939 33 18 mä
795 939 17 24 ej
824 938 42 19 hel-

112 967 28 19 ler
163 967 48 25 ingå
235 967 68 20 såsom
322 968 91 25 delegare
429 969 6 18 i
452 968 92 20 enskilda
560 968 66 25 bolag,
644 968 23 19 ät
682 968 69 20 hvilka
766 968 100 20 utskänk-

112 997 121 25 ningsbolag
249 998 88 25 upplätit
351 998 253 25 utskänkningsrättighet.

458 1064 26 19 10
501 1062 19 27 8.

183 1116 32 19 Då
238 1116 73 20 ärende
335 1117 105 24 angående
464 1117 145 25 utminutering
628 1117 47 20 eller
690 1117 139 24 utskänkning
846 1117 21 20 af

110 1147 121 24 rusdrycker
253 1146 46 19 utaf
321 1147 166 20 rådhusstämma
504 1147 47 20 eller
567 1147 186 25 stadsfullmäktige
769 1147 52 23 eller,
839 1147 27 25 på

110 1176 76 23 landet,
211 1176 13 19 å
247 1177 205 20 kommunalstämma
470 1177 133 25 handlägges,
623 1177 33 20 må
680 1179 17 24 ej
722 1183 65 19 egare,
812 1177 54 20 dele-

110 1211 48 18 gare
175 1205 48 20 eller
238 1206 131 20 innehafvare
386 1207 21 19 af
423 1207 46 20 eller
484 1207 142 20 föreståndare
641 1207 32 20 för
683 1207 182 26 rusdrycksfabrik,

111 1235 186 26 distilleringsverk,
322 1237 165 25 utminuterings-
512 1237 47 20 eller
577 1237 225 24 utskänkningsrörelse
819 1237 47 19 eller

110 1265 68 25 någon
202 1265 13 19 å
239 1266 65 19 sådan
327 1267 111 25 inrättning
462 1267 82 20 anstäld
568 1273 73 19 person
661 1267 7 19 i
687 1267 179 25 öfverläggningen

110 1295 47 20 eller
173 1295 89 20 beslutet
281 1296 86 24 deltaga.

459 1357 24 19 11
502 1355 19 28 8.

184 1410 17 18 1.
233 1409 66 25 Afgift
322 1415 43 14 som
389 1410 69 20 idkare
482 1411 22 18 af
521 1411 178 20 värdshusrörelse
716 1410 38 20 enl.
771 1411 12 19 7
800 1409 13 27 &
829 1410 37 19 har

110 1440 32 18 att
165 1439 88 25 erlägga,
279 1439 52 20 skall
355 1439 22 19 af
399 1440 75 20 honom
494 1440 35 19 vid
545 1441 72 24 hvarje
631 1440 63 26 inköp
710 1440 21 20 af
746 1440 120 25 rusdrycker
