1114 1764
245 153 84 24 Ständ.
345 154 54 22 Pet.
415 166 28 3 —
459 153 175 24 Petitionsbet.
651 154 43 23 N:o
711 155 21 22 7.
857 155 14 21 5

181 226 35 22 De
241 225 223 29 embetsmissbruk,
493 233 54 15 som
572 226 7 21 i
603 226 40 23 det
668 226 108 29 följande
801 226 69 23 skola

110 263 116 20 närmare
243 261 107 27 beröras,
369 260 72 23 hafva
460 260 38 23 för
516 261 126 22 vinnande
660 261 26 22 af
702 268 30 15 en
746 261 78 22 bättre
837 261 34 23 öf-

110 295 90 23 versikt
218 295 114 22 fördelats
351 295 7 22 i
376 300 106 24 grupper
501 295 73 29 enligt
592 295 108 30 följande
718 295 70 30 plan:

179 329 17 23 I
234 329 33 23 Af
287 331 154 27 guvernören
466 329 79 23 direkt
563 329 130 23 anbefalda
712 329 156 24 våldsamma

110 365 101 29 ingrepp
229 365 8 21 i
256 363 206 30 rättsordningen;

180 399 29 22 II.
247 398 122 29 Obehörig
400 398 164 29 inblandning
589 399 7 22 i
624 398 163 23 kommunala
822 399 47 22 och

110 433 110 30 kyrkliga
239 433 209 29 angelägenheter;

180 468 41 22 II.
257 467 281 29 Tjänstemannakårens
563 467 187 30 omgestaltning
768 467 48 23 och
834 468 36 22 bi-

109 503 60 28 drag
188 502 35 23 till
242 509 29 16 en
290 502 171 23 karaktäristik
481 502 25 22 af
523 501 91 30 denna;

180 537 37 22 IV.
255 536 45 23 Det
319 536 143 23 nuvarande
481 538 125 28 systemets
628 536 146 29 verkningar
793 537 14 21 å

180 570 21 30 a)
220 571 91 22 arbetet
329 571 41 22 vid
388 571 187 29 länestyrelsen
565 566 14 38 ;

179 605 23 30 b)
224 606 74 28 öfriga
328 606 160 29 tjänstemäns
518 606 69 22 inom
618 605 149 23 landsstaten
800 605 69 22 verk-

109 640 109 29 samhet;

179 674 20 30 c)
218 674 228 29 ordningsmaktens
466 674 155 23 förhällande
640 674 35 22 till
695 673 172 24 allmänheten.

483 778 16 22 I.

179 847 36 22 De
233 847 125 29 viktigaste
376 847 34 22 till
425 846 48 23 den
490 847 74 22 första
577 852 110 25 gruppen
700 845 112 24 hörande
825 845 42 23 fall

109 881 73 23 hafva
209 882 76 22 redan
304 883 8 21 i
332 881 40 23 det
404 881 175 23 ofvanstäende
606 880 183 30 antydningsvis
817 887 52 16 om-

110 918 87 20 nämts.
235 916 35 23 De
289 916 97 23 anföras
404 916 45 22 här
468 915 58 24 med
545 915 54 23 stöd
618 915 27 23 af
660 915 113 22 officiella
792 914 77 23 hand-

110 951 78 28 lingar
212 951 46 22 och
285 953 43 20 äro
347 951 8 22 i
374 951 33 28 sig
431 950 85 29 själfva
541 950 92 29 egnade
652 951 33 21 att
703 951 31 28 pä
753 951 32 21 ett
803 949 66 30 bely-

109 984 77 23 sande
203 987 47 20 sätt
268 985 178 23 karaktärisera
466 985 48 22 den
533 984 143 23 nuvarande
695 984 83 29 högste
792 983 77 23 admi-

111 1019 124 23 nistrativa
254 1019 202 23 embetsmannen
476 1020 8 21 i
503 1019 102 29 Viborgs
623 1019 47 23 län.

180 1054 53 23 Den
257 1054 14 22 4
295 1061 66 16 mars
380 1054 56 23 1903
454 1054 53 22 blef
522 1053 38 23 för
578 1053 64 23 stöld
660 1053 118 22 tilltalade
797 1053 72 28 ryske

109 1088 244 29 gärdfarihandlaren
377 1088 59 23 Ivan
462 1088 61 23 Silin
542 1088 26 23 af
583 1088 206 23 rädstufvurätten
804 1087 9 22 i
831 1087 39 22 Vi-

110 1123 61 28 borg
188 1123 155 30 införpassad
361 1123 35 22 till
415 1123 170 28 länsfängelset
609 1123 2 22 i
630 1121 110 24 nämnda
758 1121 54 23 stad
831 1121 39 22 för

110 1159 35 21 att
171 1157 46 22 där
243 1158 109 22 förvaras
380 1157 47 23 tills
452 1157 76 23 mälet
552 1159 66 20 emot
637 1157 94 22 honom
750 1156 47 22 den
817 1155 53 22 18
856 1151 17 40 i

110 1191 73 29 sagda
211 1191 92 23 månad
331 1191 78 23 skulle
436 1191 36 23 till
492 1191 149 30 behandling
659 1192 63 29 ånyo
744 1191 124 28 företagas.

111 1226 53 22 Den
183 1226 13 22 6
214 1226 8 22 i
241 1233 95 16 samma
355 1225 91 24 månad
464 1226 50 23 fick
532 1226 127 29 fängelsets
672 1225 108 23 direktör
793 1225 27 22 af
828 1230 42 24 gu-

109 1263 122 20 vernören
255 1263 108 27 mottaga
387 1268 30 15 en
442 1261 132 27 skrifvelse,
600 1260 53 23 däri
672 1260 72 23 Silins
763 1259 108 23 omedel-

110 1295 60 23 bara
188 1295 143 29 frigifvande
350 1296 47 22 och
416 1295 204 23 öfverlämnande
639 1295 35 22 till
687 1294 98 23 stadens
798 1293 73 30 polis-

110 1329 170 30 myndigheter
292 1330 110 29 påyrkas.
441 1329 38 23 Då
492 1329 245 30 fängelsedirektören
751 1329 20 29 ej
786 1327 84 24 kunde

109 1363 163 24 efterkomma
291 1364 81 23 denna
391 1364 134 30 obehöriga
544 1363 152 30 uppfordran
715 1363 47 23 och
781 1363 89 22 härom

109 1400 84 27 genast
213 1398 173 23 underrättade
398 1401 162 27 guvernören,
573 1398 64 23 hade
650 1397 64 24 detta
728 1397 34 23 till
776 1397 95 30 påföljd

110 1439 31 16 en
168 1433 102 29 skriftlig
297 1433 73 23 order
396 1433 35 22 till
456 1433 142 23 dåvarande
623 1432 188 23 kommissarien
830 1431 41 23 vid

110 1467 120 23 detektiva
243 1467 155 30 afdelningen
416 1467 26 23 af
452 1467 210 30 poliskammaren
675 1467 8 22 i
695 1467 97 28 Viborg,
805 1466 66 23 Juho
