1111 1775
298 157 245 23 Petitionsbetänkande
559 157 38 23 N:o
613 158 22 22 3.
779 160 27 18 47

89 224 6 20 i
105 222 127 22 Sordavala
240 222 118 29 öfvertogs
369 221 23 23 af
403 223 78 21 staten
493 229 86 22 genom
591 222 84 29 nådigt
684 221 154 23 förordnande

89 258 24 23 af
130 262 27 19 26
175 259 94 28 augusti
289 261 61 24 1903,
368 257 80 23 ålades
465 258 102 23 Senaten
585 259 35 22 att
636 258 59 23 efter
711 257 126 24 samrådan

91 294 52 23 med
163 294 244 29 Generalguvernören
424 295 7 21 i
448 294 78 23 denna
543 294 66 23 skola
626 294 75 23 införa
717 295 120 22 undervis-

89 331 58 28 ning
163 331 8 21 i
186 330 72 29 ryska
278 330 96 29 språket
391 330 55 22 med
462 331 26 21 så
504 332 59 21 stort
579 330 64 23 antal
659 329 178 28 veckotimmar,

89 372 51 17 som
156 366 136 29 påkallades
310 365 24 23 af
350 366 39 22 det
404 366 109 29 verkliga
528 366 117 23 behofvet.

161 402 101 22 Senaten
279 401 131 23 anmodade
422 402 55 22 med
488 402 130 29 anledning
630 401 67 23 häraf
708 402 130 23 Skolöfver-

89 438 115 28 styrelsen
226 439 34 21 att
281 440 105 27 uppgöra
402 437 158 30 lektionsplan
578 437 36 23 för
631 437 125 24 Sordavala
773 437 64 23 frun-

90 474 180 22 timmersskola.
302 473 9 22 I
334 474 41 22 sitt
391 473 43 22 den
455 478 24 18 11
497 474 99 23 oktober
614 477 55 20 1903
687 473 91 29 afgifna
793 477 44 25 ytt-

89 509 73 23 rande
182 509 100 30 föreslog
298 509 239 30 Skolöfverstyrelsen
559 517 29 16 en
610 510 156 29 lektionsplan
784 509 54 23 med

91 549 26 19 18
138 546 107 22 timmars
267 545 153 29 obligatorisk
443 545 171 30 undervisning
630 547 7 21 i
654 545 71 30 ryska
741 546 50 29 (och
811 550 26 18 10

89 582 108 23 timmars
213 583 7 21 i
237 582 118 28 svenska).
382 581 46 23 Det
444 581 40 23 vid
496 582 108 22 ärendets
618 581 142 30 behandling
772 581 66 23 förda

88 618 138 29 protokollet
250 618 89 22 utvisar
362 619 35 21 att
421 617 150 24 beträffande
595 618 132 22 timantalet
742 620 8 20 i
766 618 73 29 ryska

89 654 97 28 språket
202 654 138 29 skiljaktiga
357 654 125 29 meningar
499 654 80 29 hystes
591 654 24 22 af
627 654 62 22 äldre
700 654 137 29 inspektorn

89 690 36 22 för
141 690 72 29 ryska
228 690 274 29 språkundervisningen
519 690 134 27 Jefremow,
670 696 49 16 som
736 690 55 22 fann
810 694 28 18 20

89 726 96 22 timmar
201 727 7 21 i
224 726 92 22 veckan
333 726 86 28 nödiga
435 726 37 22 för
488 726 143 27 ändamålet,
648 727 61 21 samt
726 726 24 22 af
760 726 78 22 sekre-

89 763 92 21 teraren
193 762 140 29 Svibergson
345 762 43 22 och
399 761 204 30 öfverinspektorn
613 761 134 28 Lönnbeck,
757 762 82 22 hvilka

90 798 77 29 bägge
184 798 88 29 ansägo
290 799 33 21 att
340 798 134 22 timantalet
490 799 19 28 ej
530 797 69 24 borde
616 798 65 29 höjas
698 797 65 23 öfver
780 797 58 23 det
824 793 18 39 i

89 833 109 30 gällande
207 834 158 29 lektionsplan
376 834 35 22 för
420 833 276 24 fruntimmersskolorna
705 833 132 24 fastställda

90 872 21 26 (8
136 871 110 27 timmar).
279 870 9 22 I
311 870 68 29 fråga
402 876 38 16 om
464 870 104 22 svenska
592 870 96 29 språket
712 869 79 30 hystes
808 877 29 14 en

90 905 126 23 afvikande
234 906 62 22 åsikt
312 905 24 23 af
352 905 205 30 öfverinspektorn
574 905 109 28 Neovius,
700 912 50 16 som
762 905 77 29 ansåg

91 942 34 23 att
141 942 201 28 undervisningen
359 942 8 22 i
383 941 67 23 detta
466 942 79 29 språk,
562 941 55 23 med
633 941 91 29 hänsyn
742 941 34 23 till
793 942 46 21 den

89 977 114 30 ställning
219 977 120 23 svenskan
356 977 41 23 allt
414 977 145 23 fortfarande
575 978 94 29 intager
684 978 7 21 i
707 978 52 22 vårt
775 977 62 27 land,

90 1013 51 23 icke
159 1013 79 23 kunde
255 1013 47 23 helt
318 1013 44 23 och
379 1012 72 24 hållet
467 1013 114 27 bortfalla,
595 1020 54 16 men
661 1014 13 21 å
685 1013 73 22 andra
769 1013 67 22 sidan

90 1049 56 23 böra
170 1049 105 23 minskas
299 1049 35 22 till
358 1053 12 18 8
395 1050 103 25 timmar,
520 1051 63 21 samt
605 1049 24 23 af
649 1049 189 23 öfverdirektörs-

90 1085 118 29 adjointen
226 1085 193 29 Tawaststjerna,
436 1092 50 16 som
504 1085 74 29 ansåg
590 1087 35 20 att
636 1085 118 22 svenskan
766 1085 72 22 borde

91 1121 72 22 blifva
185 1121 81 22 valbar
288 1121 53 22 med
362 1128 27 15 en
412 1121 166 29 kompensativ
599 1121 57 22 kurs
673 1121 7 22 i
697 1121 68 28 tyska
782 1121 57 22 eller

89 1157 99 22 franska
204 1159 22 25 (8
243 1158 109 27 timmar).

160 1192 46 23 Vid
227 1193 109 23 ärendets
353 1192 96 30 slutliga
466 1193 169 29 föredragning
651 1194 8 21 i
675 1192 100 23 Senaten
792 1192 46 22 den

89 1232 28 20 28
136 1230 95 28 januari
249 1232 57 20 1904
323 1229 75 23 beslöt
413 1228 104 24 Senaten
535 1228 74 23 under
625 1228 213 29 Generalguvernö-

89 1271 54 16 rens
159 1264 207 31 ordförandeskap,
384 1267 58 20 utan
458 1265 81 29 yppad
556 1264 283 30 meningsskiljaktighet,

89 1302 35 21 att
139 1300 36 23 för
191 1307 27 15 en
236 1301 33 22 tid
287 1300 23 23 af
326 1302 35 21 tre
378 1302 26 21 år
419 1300 31 30 på
466 1301 81 22 försök
558 1301 117 23 fastställa
687 1307 28 15 en
728 1300 110 23 lektions-

88 1336 56 30 plan
168 1336 36 23 för
224 1336 126 23 Sordavala
373 1336 236 23 fruntimmersskola
631 1336 52 28 med
699 1340 28 19 24
743 1338 97 21 timmar

88 1374 8 21 i
117 1373 81 28 ryska;
223 1373 121 22 svenskan
365 1372 48 23 blef
434 1373 94 22 valbart
549 1376 70 20 ämne
637 1373 51 22 med
706 1376 13 19 8
737 1374 100 21 timmar.

161 1409 93 28 Knappt
264 1409 59 22 hade
333 1409 78 22 denna
420 1408 197 30 försöksläroplan
629 1409 76 22 blifvit
713 1408 125 27 fastställd,

89 1445 78 22 förrän
178 1444 64 23 Hans
252 1445 132 29 Kejserliga
395 1445 119 28 Majestät,
526 1445 31 22 då
569 1445 76 22 beslut
656 1445 44 22 den
712 1447 12 20 4
737 1444 102 23 februari

91 1483 55 20 1904
163 1480 102 23 fattades
282 1487 38 16 om
336 1481 90 22 statens
442 1480 171 29 öfvertagande
631 1481 23 22 af
670 1480 63 23 Vasa
746 1480 93 29 privata

160 1529 99 17 Allmänna
272 1528 183 19 Petitionsutskottets
468 1529 111 17 betänkande
592 1528 34 18 N:o
639 1530 16 16 1.
