1111 1775
252 154 12 21 2
456 152 256 24 Petitionsbetänkande
728 153 38 23 N:o
782 153 19 23 5.

252 220 165 22 angelägenheter
435 221 42 17 icke
496 220 74 18 kunnat
590 220 56 18 vinna
666 226 22 10 en
703 220 74 18 hållbar
796 220 76 21 lösning
890 225 69 16 genom
972 220 35 18 för-

251 250 109 22 fattningen
381 250 20 17 af
420 250 21 17 år
460 250 51 22 1901,
531 250 36 18 och
586 250 25 17 då
629 250 33 17 det
674 250 30 18 för
717 250 102 18 samhället
831 250 6 17 i
850 250 44 18 dess
907 250 68 17 helhet
986 252 21 15 är

251 280 157 22 oundgängligen
428 280 124 23 nödvändigt,
572 282 28 15 att
619 281 109 22 ytterligare
747 281 103 17 konflikter
868 281 37 17 oeh
924 280 83 23 olyckor,

252 315 43 13 som
308 310 96 23 uppstode
418 316 69 17 genom
502 310 64 18 vidare
579 310 122 23 tillämpning
713 311 21 17 af
745 311 59 22 sagda
816 311 120 22 författning,
947 311 60 16 måtte

252 340 121 22 förebyggas,
394 341 47 21 våga
459 341 107 17 Ständerna
584 342 80 19 emotse,
677 342 29 16 att
719 341 60 17 Eders
797 341 108 22 Kejserliga
917 341 91 22 Majestät

253 370 74 18 täcktes
341 370 5 17 i
362 370 64 18 Nåder
438 371 96 21 förordna,
548 372 28 15 att
584 370 146 23 tillämpningen
743 371 20 17 af
771 371 38 17 den
817 370 191 22 värnepliktsförfatt-

253 399 53 22 ning,
320 405 42 12 som
377 401 96 17 utfärdats
486 400 38 18 den
538 400 21 17 12
571 400 36 22 juli
619 400 29 22 (29
661 400 50 23 juni)
724 401 51 21 1901,
789 400 48 17 skall
849 405 69 17 genom
927 400 81 17 omedel-

252 430 44 17 bart
309 430 117 18 inställande
439 431 20 17 af
471 430 104 23 uppbäden
588 431 92 21 upphöra,
694 431 29 16 till
736 431 44 17 dess
789 432 29 15 att
826 430 68 22 frågan
903 436 31 12 om
943 433 65 14 värne-

252 459 50 23 plikt
315 460 6 17 i
337 460 82 17 Finland
435 460 64 18 blifvit
511 460 6 17 i
530 460 156 22 grundlagsenlig
703 463 37 19 väg
756 460 81 22 afgjord,
855 463 51 14 samt
922 460 43 17 dei
977 465 31 12 an-

252 489 80 22 ledning
346 490 19 17 af
381 490 45 17 1901
440 490 31 17 års
484 490 115 21 författning
611 490 30 17 för
654 490 131 18 uteblifvande
798 490 43 17 från
853 490 78 22 uppbåd
944 490 46 17 eller
1002 490 5 16 i

252 519 59 23 öfrigt
323 520 31 17 för
368 520 150 22 författningens
534 520 150 22 genomförande
696 520 99 22 påbjudna
808 520 95 22 påföljder
915 520 93 17 förfalla».

326 549 46 18 Icke
387 550 51 22 förty
451 550 58 17 hafva
521 550 95 17 särskilda
628 550 141 22 myndigheter,
779 550 6 17 i
794 550 64 17 stället
866 551 30 16 för
906 550 41 17 att
942 545 10 31 i
956 549 53 18 hälst

252 579 63 22 någon
336 579 44 17 mån
401 580 108 22 öfvergifva
525 581 33 17 det
575 580 80 22 tidigare
674 582 99 20 systemet,
786 582 83 16 tvärtom
882 580 43 18 med
938 582 71 16 största

253 609 79 23 möjliga
356 610 107 23 intensitet)
475 610 69 18 skridit
561 610 28 18 till
602 610 81 22 olagliga
702 611 87 22 åtgärder
801 611 6 17 i
821 610 51 22 syfte
888 612 29 16 att
933 615 75 17 genom-

252 639 63 18 drifva
333 640 42 17 sina
394 640 25 22 på
438 646 25 12 en
475 640 111 18 missriktad
600 641 123 21 uppfattning
736 646 30 12 om
780 640 49 22 plikt
841 640 69 18 stödda
922 640 86 18 afsikter.

254 669 23 17 Vi
291 670 53 22 syfta
359 670 80 18 härmed
451 671 70 17 främst
533 670 25 22 på
570 673 152 19 guvernörernes
735 670 157 22 tillvägagående,
902 672 28 16 att
939 676 68 16 genom

252 699 86 18 viteshot
357 700 37 17 och
413 700 97 22 förelagda
530 700 52 18 viten
601 700 47 18 söka
667 701 65 21 tvinga
751 700 75 18 landets
845 700 114 18 kommuner
971 701 37 17 och

252 729 68 17 dessas
336 730 156 18 förtroendemän
504 732 29 16 att
545 730 103 18 medverka
661 730 29 18 till
703 730 106 22 bringande
819 731 5 16 i
834 730 145 22 verkställighet
989 731 19 16 af

255 759 44 17 1901
317 759 31 17 års
361 760 239 22 värnepliktsförfattning.

327 790 36 17 Det
384 790 55 18 torde
458 796 45 12 vara
521 796 37 17 nog
577 792 28 16 att
621 790 5 17 i
639 790 53 18 detta
710 791 140 22 sammanhang
869 790 91 23 påminna
977 796 30 11 om

253 819 106 18 huruledes
373 823 148 19 guvernörerna,
534 821 34 17 där
580 821 24 17 de
617 821 61 17 önska
690 822 98 21 gentemot
800 821 114 17 kommuner
922 820 87 22 begagna

253 849 30 22 sig
296 850 20 17 af
329 850 118 22 rättigheten
460 852 28 15 att
500 851 66 21 ålägga
579 851 99 17 desamma
691 851 57 20 viten,
761 851 42 16 icke
812 853 32 14 äro
854 850 118 22 berättigade
981 852 27 15 att

253 884 46 12 vare
312 879 30 22 sig
354 880 98 17 fastställa
465 880 56 18 dessa
533 881 53 17 viten
598 881 29 17 till
641 881 59 22 högre
712 881 77 22 belopp,
803 883 24 15 än
839 881 25 16 de
876 880 6 17 i
895 881 72 16 allmän
978 880 31 22 lag

254 909 63 18 finnas
331 909 108 22 bestämda,
453 911 46 17 eller
511 911 129 17 öfverhufvud
653 911 88 17 använda
753 911 65 17 denna
830 911 92 21 rättighet
932 916 76 15 annars,

253 941 25 15 än
291 939 31 18 för
334 941 28 16 att
375 940 66 22 tvinga
457 941 114 17 kommuner
580 941 46 17 eller
640 941 66 17 desras
719 941 155 17 förtroendemän
887 942 28 15 att
928 940 81 22 fullgöra

253 969 45 18 dem
314 969 79 22 jämlikt
405 971 31 21 lag
449 971 36 17 och
498 971 68 21 lagliga
579 971 133 22 förordningar
724 971 92 17 åhvälfda
828 971 91 21 göromål.

326 999 45 18 Men
386 1005 25 12 nu
424 1000 145 22 ifrågavarande
582 1001 52 17 viten
647 1001 57 17 hafva
718 1006 41 12 som
773 1000 55 22 sagdt
840 1000 65 17 blifvit
916 1000 19 17 af
943 1005 66 16 guver-

253 1031 84 16 nörerna
354 1030 99 22 förelagda
466 1031 6 16 i
485 1032 27 15 ett
529 1031 55 21 syfte,
602 1036 42 11 som
660 1031 42 17 icke
714 1031 184 17 öfverensstämmer
910 1030 45 17 med
967 1030 42 17 Fin-

254 1059 56 18 lands
323 1060 57 21 lagar,
395 1060 132 18 hvarförutom
541 1060 23 17 de
577 1060 93 17 bestämts
683 1061 17 21 ej
714 1060 49 17 blott
776 1062 43 15 rent
830 1060 123 22 godtyckligt,
963 1062 45 15 utan

253 1089 97 23 därjämte
364 1090 84 22 orimligt
461 1091 54 21 höga.

328 1120 57 17 Detta
398 1120 142 22 förfaringssätt
553 1121 35 16 har
600 1120 90 22 fullföljts
702 1120 98 18 oafbrutet
813 1120 61 18 under
883 1120 126 21 landtdagens

253 1149 90 22 fortgång
357 1150 37 17 och
407 1150 87 17 kommer
506 1150 63 17 därtill
582 1150 33 17 det
623 1151 122 22 upprörande
755 1150 125 20 förhållande,
889 1151 29 16 att
926 1149 82 23 mången

254 1179 152 18 kronolänsman
419 1180 36 18 och
468 1180 100 18 flerstädes
581 1180 135 23 polisbetjänte
725 1181 44 17 med
778 1180 35 18 hot
822 1179 136 23 genomdrifvit
966 1179 42 21 och,

253 1209 6 17 i
273 1210 49 16 strid
336 1212 41 16 mot
390 1210 91 18 flertalets
494 1210 52 18 inom
559 1211 117 17 kommunen
685 1211 84 17 uttalade
778 1210 124 22 uppfattning
912 1210 36 17 och
957 1210 50 22 vilja,

254 1239 72 22 själfva
340 1240 91 18 förrättat
444 1240 31 18 val
487 1240 20 17 af
520 1240 104 18 ledamöter
636 1241 29 17 till
678 1241 92 17 förstärkt
782 1240 131 18 kretsnämnd.
996 1234 8 4 N

327 1270 109 18 Ständerna
457 1270 62 21 hafva,
539 1276 57 16 synes
615 1271 33 17 det
665 1276 37 16 oss,
716 1271 64 17 alltför
792 1270 56 22 länge
861 1270 51 22 dröjt
925 1270 44 18 med
982 1272 27 15 att

254 1301 44 21 taga
311 1305 26 12 nu
352 1300 146 22 ifrägavarande
511 1300 132 18 förhällanden
656 1301 28 17 till
698 1301 42 17 tals.
757 1300 47 18 Man
817 1300 35 18 har
864 1300 52 22 dröjt
924 1300 84 19 därmed,

253 1330 83 17 emedan
357 1335 45 12 man
421 1330 67 23 hvarje
507 1330 37 22 dag
562 1332 66 16 väntat
644 1331 35 17 och
694 1331 83 22 hoppats
790 1331 20 17 fä
823 1332 26 16 ett
862 1336 45 12 svar
919 1330 24 22 pä
957 1330 52 18 Stän-

253 1359 71 18 dernas
347 1361 141 21 framställning
507 1361 20 17 af
545 1361 37 17 den
598 1361 21 16 31
633 1361 89 17 sistlidne
740 1361 108 17 december.
873 1361 42 16 Den
927 1362 82 16 omstän-

254 1389 68 22 dighet
340 1392 34 17 att,
393 1391 60 22 enligt
471 1390 51 18 hvad
541 1391 32 17 det
592 1391 98 22 förljudes,
704 1393 80 15 senaten
797 1396 26 12 nu
836 1390 85 18 omsider
933 1391 76 22 afgifvit

254 1419 34 18 sitt
301 1420 100 18 utlåtande
415 1420 44 18 med
472 1421 90 17 afseende
575 1421 11 17 å
598 1420 145 23 ifrågavarande
752 1421 148 21 framställning,
910 1420 35 17 bör
953 1421 55 17 emel-

254 1449 58 18 lertid
325 1450 17 22 ej
357 1452 67 20 utgöra
444 1452 27 16 ett
489 1451 69 17 hinder
574 1452 28 16 att
617 1456 26 12 nu
656 1452 85 21 upptaga
753 1451 73 22 frägan.
851 1451 27 21 Ty
892 1450 59 17 sedan
964 1456 44 11 man

254 1479 83 22 nödgats
351 1485 45 12 vara
409 1480 61 18 vittne
483 1480 28 17 till
525 1481 37 17 den
575 1481 121 21 oförklarliga
709 1481 127 21 längsamhet,
849 1480 94 17 hvarmed
957 1481 51 17 Stän-

328 1515 64 18 Särsk.
406 1515 56 18 Besv.
475 1515 49 18 utsk.
538 1516 31 17 bet.
583 1515 35 19 N:o
631 1517 17 17 3.
