1114 1753
254 160 84 23 Ständ.
355 161 53 22 Pet.
425 173 27 3 —
468 161 171 22 Petitionsbet.
658 160 43 22 N:o
717 161 21 21 7.
848 161 26 20 25

114 233 74 28 något
198 231 88 24 hinder
298 238 104 17 numera
415 232 54 22 icke
483 232 126 29 föreligga»
624 233 34 21 att
671 232 107 22 utbetala
791 231 84 30 ifråga-

114 266 94 23 komna
228 266 86 28 medel,
333 267 27 22 så
378 266 82 23 förföll
478 266 84 23 vidare
581 266 85 29 åtgärd
684 266 56 23 från
756 266 119 30 prokura-

115 303 69 20 torns
204 301 58 22 sida.

186 335 70 23 Detta
281 337 26 21 är
332 336 81 22 såsom
439 335 87 22 nämdt
557 335 169 23 erfarenheten
755 336 54 22 från
835 343 40 15 en-

115 369 55 23 dast
194 369 30 23 de
248 370 40 22 två
312 371 94 21 senaste
425 370 66 27 åren,
510 369 47 23 och
576 376 59 16 man
656 370 77 22 måste
752 370 124 22 ovilkorli-

110 410 51 23 gen
180 404 65 29 fråga
264 405 40 28 sig,
325 404 64 23 hvad
408 404 125 22 resultatet
552 404 61 22 skall
633 404 74 22 blifva
727 411 42 15 om
782 404 40 23 det
841 411 34 15 nu

115 438 110 24 rådande
254 441 114 27 systemet
388 439 137 29 ytterligare
544 439 37 22 får
599 438 94 23 ostördt
711 438 82 30 fortgå.
832 439 44 22 Re-

112 473 54 23 dan
185 480 34 16 nu
238 473 72 23 hafva
329 473 127 29 oafgjorda
476 473 108 22 ärenden
603 473 75 29 hopat
697 474 34 28 sig
749 474 8 21 i
776 476 100 20 oroväc-

115 508 82 22 kande
216 508 65 28 grad,
306 508 93 30 hvarpå
424 508 82 22 såsom
528 508 110 29 exempel
658 508 40 22 må
717 508 105 28 anföras,
842 509 34 21 att

115 542 59 23 flere
192 542 131 23 hundratal
343 542 79 23 under
440 544 95 20 senaste
553 550 111 15 sommar
682 542 35 22 till
736 542 140 30 länestyrel-

115 584 44 15 sen
178 578 8 20 i
210 576 111 24 afseende
340 578 13 22 å
376 577 151 22 fastställelse
551 577 119 23 inkomna
695 577 181 29 parcellerings-

117 611 108 23 ärenden
244 612 33 22 alt
296 614 65 20 ännu
381 613 72 21 vänta
473 612 31 29 på
523 611 80 30 slutlig
621 611 90 30 åtgärd.

186 646 40 23 Nu
251 646 102 23 anförda
378 646 233 23 missförhållanden
635 646 41 23 vid
701 646 174 29 länestyrelsen

117 681 72 22 hafva
209 681 151 29 naturligtvis
379 681 51 22 haft
448 688 30 15 en
498 681 138 29 betydande
655 681 119 22 inverkan
793 681 31 29 på
843 681 33 22 öf-

117 715 50 29 riga
192 714 147 29 tjänstemän
364 716 68 21 inom
457 714 157 24 landsstaten.
656 715 46 23 Om
728 716 46 22 ock
799 715 77 23 länets

117 749 174 29 kronofogdar,
315 750 32 29 på
370 750 75 28 några
468 749 125 29 undantag
613 752 50 25 när,
683 752 67 20 ännu
769 750 21 28 ej
810 750 67 28 gifvit

117 784 134 29 anledning
269 784 35 22 till
322 784 132 30 synnerligt
473 784 150 30 graverande
637 784 199 29 anmärkningar,
850 786 27 20 är

118 818 64 23 detta
202 818 111 23 däremot
331 820 7 20 i
358 820 25 22 så
408 819 97 29 mycket
530 821 76 20 större
626 819 167 29 utsträckning
811 819 66 22 fallet

118 852 58 23 med
200 852 250 24 kronolänsmännen.
489 852 39 24 En
553 853 119 23 träffande
695 853 52 23 bild
766 853 25 22 af
808 853 69 23 dessa

118 887 160 29 tjänstemäns
297 888 153 29 uppfattning
469 895 42 15 om
525 888 65 22 hvad
603 888 92 29 plikten
711 887 93 30 bjuder,
818 888 60 22 läm-

118 928 44 16 nas
187 923 7 21 i
219 922 47 22 den
294 922 126 23 berättelse
445 923 69 22 öfver
539 929 30 15 en
594 922 26 22 af
641 923 94 22 honom
755 921 122 24 verkstäld

117 956 142 28 tjänsteresa
285 956 35 23 till
344 957 173 29 länestyrelsen
537 957 7 21 i
563 957 96 29 Viborg,
679 964 53 15 som
751 956 126 23 direktorn

117 990 39 23 för
175 991 129 23 statistiska
328 991 173 29 centralbyrän
526 992 97 29 nyligen
642 992 90 29 afgifvit
749 991 36 23 till
805 991 72 23 Sena-

117 1026 48 22 ten.
202 1025 47 23 Vid
273 1025 192 30 genomgäendet
490 1026 27 22 af
538 1026 30 22 de
592 1026 128 22 statistiska
750 1025 126 29 bilagorna

118 1059 35 22 till
178 1062 165 27 guvernörens
362 1061 8 21 i
388 1059 102 30 Viborgs
515 1060 41 23 län
579 1060 167 23 ärsberättelse
765 1060 38 22 för
822 1059 56 23 1903

117 1093 65 24 hade
206 1095 122 28 nämligen
354 1095 128 29 upptäckts
508 1097 31 20 ett
561 1096 60 21 stort
639 1095 67 22 antal
724 1094 87 23 luckor
830 1094 46 23 och

117 1129 84 28 grofva
226 1129 155 28 oriktigheter
405 1129 47 22 och
478 1129 110 22 nämnda
607 1136 53 15 resa
679 1129 90 22 skedde
787 1129 38 22 för
844 1130 34 21 att

118 1163 109 22 utforska
255 1163 105 23 orsaken
384 1163 35 22 till
447 1163 78 23 dessa.
563 1164 52 22 Och
643 1163 81 23 denna
747 1163 72 23 orsak
838 1163 40 22 be-

117 1197 72 22 fanns
217 1197 60 30 ligga
306 1197 60 29 däri,
392 1200 33 20 att
449 1200 34 20 ett
507 1200 60 21 stort
591 1198 66 23 antal
676 1198 121 26 länsmän,
817 1199 60 20 trots

118 1232 142 29 upprepade
284 1232 172 30 påminnelser,
482 1232 45 23 alls
551 1233 53 22 icke
628 1232 99 23 insändt
748 1233 130 22 statistiska
898 1247 1 3 :

117 1266 121 29 uppgifter
256 1267 38 22 för
312 1267 53 22 sina
384 1267 135 29 respektive
545 1267 102 28 distrikt,
665 1267 100 23 hvarför
783 1266 31 23 de
832 1269 46 20 sta-

117 1301 93 22 tistiska
230 1301 140 29 tabellerna,
389 1309 54 14 som
462 1301 88 30 bilagts
569 1302 109 22 nämnda
703 1301 174 28 ärsherättelse,

150 1337 87 21 största
265 1336 54 22 hast
349 1335 167 24 »fabricerats»
545 1337 14 22 å
583 1336 85 29 själfva
696 1335 180 30 länestyrelsen.

118 1369 202 24 Likabeskaffade
347 1371 124 29 klagomål
503 1370 106 24 rörande
637 1370 179 24 uraktlåtenhet
845 1371 33 21 att

117 1403 105 24 insända
243 1405 146 23 föreskrifna
413 1405 131 22 statistiska
570 1405 120 30 uppgifter
713 1405 46 22 har
785 1404 93 23 försäk-

117 1439 224 29 ringsinspektören
369 1439 97 30 nyligen
485 1440 82 22 anfört
585 1440 8 21 i
611 1439 125 23 skrifvelse
754 1439 36 23 till
813 1439 65 22 Han-

114 1472 64 23 dels-
197 1473 47 23 och
269 1473 281 30 Industriexpeditionen
574 1474 26 23 af
616 1474 48 23 den
683 1474 27 23 16
729 1481 65 16 mars
814 1473 62 23 1905.
