1111 1775
233 148 22 17 76
460 147 218 19 Motionsbetänkande
692 148 38 18 N:o
743 146 16 20 1.

232 207 113 29 kapitalet
365 208 23 22 åt
407 208 117 28 delegarne
545 207 127 28 äterburits,
690 207 130 23 återstoden
841 206 24 22 af
884 206 103 28 bolagets

232 243 122 28 tillgångar
370 243 118 23 användas
505 244 74 21 såsom
594 243 7 22 i
619 243 27 21 13
663 242 14 31 &
693 242 99 29 stadgas.

583 309 26 22 15
626 308 18 30 8.

308 363 17 21 1.
357 362 30 22 Af
404 363 185 28 utminuterings-
601 363 41 22 och
659 346 236 44 utskänkningsbolag
911 361 75 23 öfver-

233 397 63 22 låten
313 397 278 30 utskänkningsrättighet
607 400 38 20 må
661 399 19 28 ej
697 398 35 23 till
747 405 76 15 annan
836 397 149 30 öfverflyttas.

305 434 20 22 2.
356 434 86 22 Aflider
465 434 49 27 den,
541 435 24 22 åt
591 434 91 23 hvilken
708 433 279 28 utskänkningsrättighet

233 469 134 28 öfverlåtits,
379 477 54 15 vare
444 471 58 22 hans
514 470 208 28 sterbhusdelegare
734 469 141 29 berättigade
886 470 35 21 att
928 469 57 22 fort-

233 506 63 21 sätta
319 505 97 23 rörelsen
438 506 57 23 intill
511 506 291 28 utskänkningsterminens
818 507 95 26 utgång;
929 505 56 22 dock

233 541 73 28 åligge
323 541 67 22 dessa
406 543 35 21 att
457 544 81 26 genast
553 543 6 21 i
576 542 96 28 stadgad
688 543 95 27 ordning
798 543 25 21 åt
839 542 33 27 sig
888 541 96 22 utverka

232 577 55 10 4
276 569 27 29 48
337 585 10 5 Ae
365 578 34 13 avi

234 577 184 23 tiliständsbovis.

580 620 27 22 16
623 619 19 30 &.

307 674 17 21 1.
356 672 167 29 Utminutering
546 675 37 21 mä
603 673 49 23 icke
676 681 43 21 ega
741 680 56 21 rum,
815 674 19 28 ej
852 672 68 22 heller
936 672 49 22 säld

233 716 56 15 vara
310 709 34 22 till
365 709 98 29 köparen
480 709 107 23 afsändas
603 710 73 27 dagen
692 710 47 22 före
755 709 96 28 helgdag
865 709 52 27 efter
932 709 53 22 kloc-

233 745 44 22 kan
299 745 43 28 tolf
361 746 115 28 middagen
490 746 42 21 och
547 746 50 22 icke
611 745 71 22 heller
698 747 14 20 å
728 752 77 15 annan
821 744 101 29 hvardag
936 744 49 22 före

233 780 97 23 klockan
353 782 37 22 nio
413 783 30 28 pä
463 788 118 21 morgonen
601 781 51 22 eller
669 782 57 22 efter
741 781 97 22 klockan
854 788 36 15 sex
905 782 29 28 pä
950 780 35 22 af-

231 817 76 22 tonen.

305 853 19 22 2.
356 853 211 28 Stadsfullmäktige
583 861 41 20 ega
641 855 41 27 att,
694 854 57 22 efter
761 853 99 22 hörande
871 853 24 22 af
904 853 80 22 veder-

232 887 100 24 börande
348 889 213 30 polismyndigheter
576 889 118 28 angäende
710 889 62 23 tiden
789 889 29 22 dä
829 889 157 29 utskänkning

232 924 6 21 i
255 924 53 22 stad
324 925 38 22 mä
378 932 42 21 ega
435 932 56 21 rum,
508 925 103 22 meddela
626 925 27 22 de
670 927 103 21 närmare
789 925 138 22 föreskrifter
943 925 41 22 och

231 959 118 24 fastställa
372 961 28 22 de
422 961 196 29 inskränkningar,
643 969 47 14 som
714 962 79 21 kunna
813 961 105 22 befinnas
933 961 51 22 med

232 995 109 23 afseende
357 997 15 21 å
387 998 76 21 ortens
478 996 154 23 förhållanden
648 997 113 30 lämpliga.

304 1032 20 22 3.
355 1032 35 22 Då
412 1033 112 22 särskilda
546 1033 192 28 omständigheter
761 1040 67 15 anses
844 1032 82 23 sådant
942 1035 42 28 på-

230 1067 69 29 kalla,
327 1070 38 20 äro
391 1069 204 28 stadsfullmäktige
621 1069 41 22 och
688 1071 30 28 på
740 1069 79 22 landet
841 1069 143 22 kommunal-

231 1104 100 22 stämma
346 1103 142 30 berättigade
504 1106 36 21 att
554 1105 34 22 för
604 1106 46 21 viss
666 1105 40 28 tid,
724 1105 108 28 antingen
849 1105 71 22 delvis
931 1105 54 22 eller

230 1139 49 22 helt
305 1140 42 22 och
367 1140 76 28 hållet,
468 1140 102 29 förbjuda
593 1142 164 27 utminutering
781 1143 60 20 samt
857 1141 29 22 all
907 1139 77 24 annan

231 1175 157 29 utskänkning
404 1178 30 20 än
450 1177 43 22 den
510 1178 13 21 &
538 1177 76 30 fartyg
630 1177 53 23 eller
698 1177 198 30 järnvägsstation.

303 1212 20 22 4.
353 1213 170 29 Alkoholhaltiga
538 1213 98 29 drycker,
654 1221 48 15 som
718 1213 57 23 sålts
785 1213 50 22 från
846 1213 75 22 fabrik
932 1213 53 22 eller

231 1246 209 31 distilleringsverk,
461 1249 25 21 få
509 1250 25 21 åt
549 1249 81 29 köpare
656 1250 122 28 uppmätas
805 1249 52 22 eller
882 1249 102 28 utgifvas

230 1282 79 30 hvarje
335 1283 80 29 helgfri
442 1284 44 28 dag
511 1284 50 23 från
585 1285 96 22 klockan
705 1286 37 21 nio
765 1286 30 28 på
816 1292 118 20 morgonen
950 1285 34 23 till

230 1318 97 23 klockan
344 1326 41 15 sex
401 1321 29 28 på
446 1320 98 23 aftonen.

578 1381 27 22 17
621 1380 19 30 8.

305 1427 18 22 1.
355 1427 167 29 Utminutering
538 1429 40 22 och
593 1428 158 28 utskänkning
761 1430 38 21 må
809 1429 49 22 icke
869 1428 116 23 bedrifvas

229 1461 7 21 i
253 1469 89 16 samma
358 1463 65 22 lokal.
