1114 1775
322 159 246 23 Petitionsbetänkande
585 159 38 23 N:o
639 159 22 23 3.
807 162 28 18 23

114 224 226 23 Storfurstendömet
363 224 113 22 Finlands
500 224 192 22 administrativa
708 224 158 26 ämbetsverk,

113 260 72 22 hvars
201 266 70 16 mom.
288 260 31 23 VI
332 260 75 29 lyder:
420 278 10 10 ,
434 260 180 22 Vederbörande
626 260 166 29 myndigheter
803 260 64 26 böra,

113 295 75 23 under
211 295 262 29 Generalguvernörens
496 295 66 23 öfver
586 295 101 22 Finland
710 295 98 29 ledning
824 295 43 22 och

113 331 119 27 inseende,
256 332 7 21 i
286 331 47 29 god
349 331 33 22 tid
399 331 43 22 och
457 332 9 21 i
481 331 157 22 föreskrifven
654 331 101 29 ordning
770 331 98 29 vidtaga

115 367 110 29 ätgärder
241 367 36 23 för
288 367 131 29 bringande
431 368 61 22 inom
505 367 177 22 ofvannämnda
693 368 113 21 terminer
817 367 51 28 (sist

116 407 10 18 1
151 403 98 22 oktober
274 405 66 26 1905)
364 403 25 22 af
412 403 329 30 tjänstemannapersonalens
758 403 39 22 vid
814 402 54 23 dem

113 439 180 29 underlydande
309 439 57 22 verk
383 439 217 28 sammansättning
616 440 8 21 i
635 439 85 22 sädant
730 439 76 27 skick,
818 445 49 16 som

115 474 116 23 erfordras
242 475 36 22 för
289 476 34 21 ett
331 475 188 29 framgängsrikt
527 474 122 23 införande
658 475 24 22 af
692 475 72 29 ryska
773 474 97 30 spräket

115 511 39 22 vid
167 510 129 23 ärendenas
308 511 146 28 behandling
462 511 43 22 och
514 510 199 29 skriftväxlingen
722 511 63 22 inom
794 509 75 30 sagda

115 547 79 22 verk*.
226 546 53 23 Med
303 547 149 28 äberopande
476 546 24 23 af
524 546 104 23 nämnda
648 548 105 21 moment
768 546 102 29 föreslog

115 582 249 30 Generalguvernören
380 583 7 22 i
405 582 124 23 skrifvelse
541 582 35 23 till
587 582 133 30 Kejserliga
731 581 101 24 Senaten
846 581 24 23 af

115 618 46 23 den
177 622 13 19 3
208 618 128 23 november
354 622 56 19 1900
428 618 28 23 bl.
469 626 27 20 a.,
510 619 50 27 ,att
570 618 186 23 öfvervakandet
766 618 24 23 af
798 618 72 29 ryska

115 654 109 30 spräkets
248 654 172 30 undervisning
443 655 8 21 i
475 654 111 23 skolorna
609 654 78 23 blefve
711 654 88 30 skärpt,
816 653 55 23 med

116 691 93 28 strängt
225 690 157 29 iakttagande
398 690 69 23 däraf
483 691 35 21 att
533 690 35 22 till
584 690 76 22 lärare
675 691 65 22 utses
756 690 114 29 lämpliga

117 732 116 24 personer,
245 726 166 22 företrädesvis
423 726 70 23 bland
505 726 73 29 ryska
588 726 142 29 infödingar,
742 728 62 20 samt
815 725 55 23 med

116 762 162 29 omsorgsfullt
302 762 156 29 aktgifvande
482 763 20 29 ej
529 762 91 23 mindre
640 762 14 22 å
670 762 90 22 antalet
775 762 96 22 timmar

117 798 43 22 och
175 798 299 29 undervisningsmetoder,
492 800 29 20 än
539 798 57 22 därä
606 799 36 21 att
653 798 88 22 antalet
752 798 118 29 inspekto-

116 840 38 16 rer
177 833 36 23 för
236 833 202 30 undervisningen
461 834 8 22 i
492 834 76 28 sagda
589 834 72 29 spräk
676 833 85 23 varder
776 833 96 23 ökadt
859 829 17 38 i

118 870 55 22 män
198 869 24 22 af
245 869 40 22 det
308 870 108 28 verkliga
441 870 115 26 behofvet,
576 869 122 22 äfvensom
716 871 34 21 att
767 869 34 22 för
817 869 54 22 dem

116 905 107 22 utfärdas
248 911 30 16 en
302 905 102 22 särskild
427 905 166 22 instruktion".
625 905 9 22 I
653 912 29 15 en
698 912 32 22 ny
747 905 125 22 skrifvelse

117 941 24 22 af
164 941 44 22 den
233 944 28 19 28
287 947 63 16 mars
377 945 55 19 1901
458 941 78 22 anhöll
560 941 248 29 Generalguvernören
834 947 38 16 om

117 977 172 22 underrättelse
306 977 24 22 af
347 977 102 22 Senaten
466 983 37 16 om
520 977 29 22 de
566 977 110 29 ätgärder
692 983 50 16 som
758 977 114 28 vidtagits

118 1012 53 23 med
185 1013 128 28 anledning
322 1013 24 22 af
354 1013 44 22 den
407 1012 142 29 föregäende
559 1012 148 27 skrifvelsen,
717 1012 155 29 tilläggande:

121 1049 59 28 Jag
197 1049 13 22 &
227 1049 49 22 min
293 1048 53 23 sida
362 1055 70 16 anser
448 1049 151 28 synnerligen
610 1049 94 28 viktigt,
717 1050 35 21 att
761 1048 111 23 lektions-

117 1084 112 29 planerna
249 1084 36 22 för
304 1084 109 23 skolorna
429 1085 7 22 i
453 1084 226 23 Storfurstendömet
695 1084 53 23 med
765 1084 39 22 det
820 1090 52 16 sna-

118 1122 63 20 raste
206 1119 187 24 underkastades
410 1121 109 26 revision,
536 1120 30 29 pä
582 1120 40 23 det
638 1120 72 29 ryska
727 1120 96 29 spräket
839 1126 34 16 er-

118 1156 61 22 hölle
196 1155 113 30 tillbörlig
326 1156 114 30 ställning
455 1157 8 21 i
480 1156 246 23 Storfurstendömet".

189 1192 132 29 Angäende
344 1192 46 22 den
410 1192 110 29 rättsliga
535 1192 145 22 innebörden
696 1192 24 22 af
736 1192 138 22 manifestet

118 1228 24 22 af
165 1228 45 22 den
235 1231 28 19 20
281 1229 53 28 juni
353 1232 57 19 1900
426 1228 30 23 ha
474 1228 133 23 Ständerna
622 1228 73 22 redan
712 1228 86 22 uttalat
814 1228 37 28 sig
866 1228 8 22 i

118 1265 36 21 sin
171 1264 166 29 underdäniga
352 1264 178 29 framställning
541 1264 24 22 af
576 1264 45 22 den
634 1267 27 19 34
675 1264 125 22 december
810 1266 64 20 1904.

119 1300 46 22 Här
188 1299 39 22 mä
244 1299 85 23 endast
346 1300 136 28 ytterligare
498 1300 139 22 framhällas
654 1301 40 25 att,
712 1299 30 23 dä
758 1299 116 29 ifrägava-

118 1335 73 23 rande
216 1335 112 23 manifest
348 1335 93 23 kunnat
457 1336 76 22 tolkas
550 1336 92 22 utöfver
659 1335 54 23 dess
730 1335 145 29 ordalydelse

118 1372 33 26 sä,
175 1372 36 22 att
233 1371 117 29 ätgärder,
367 1372 93 22 riktade
476 1373 49 21 mot
541 1371 45 23 den
604 1372 127 22 nationella
747 1372 129 28 egenarten

119 1407 24 22 af
161 1407 114 23 Finlands
292 1407 165 28 skolväsende,
474 1408 7 22 i
497 1407 51 23 stöd
566 1407 24 23 af
607 1407 137 23 manifestet
755 1407 120 28 vidtagits,

118 1442 135 23 Ständerna
269 1442 72 23 hafva
358 1444 34 22 ett
407 1444 137 28 ytterligare
561 1443 52 23 skäl
630 1444 35 21 att
680 1443 60 29 yrka
756 1443 30 29 pä
802 1443 73 22 mani-

118 1478 83 23 festets
219 1478 108 29 ändring.

195 1526 100 18 Allmänna
309 1527 183 18 Petitionsutskotteis
504 1526 111 19 betänkande
628 1526 34 18 N'o
675 1527 16 17 1.
