1114 1775
318 146 246 24 Petitionsbetänkande
582 147 37 23 N:o
635 148 22 22 3.
802 150 30 20 29

108 211 148 29 Helsingfors
278 213 44 26 40),
348 212 45 22 alla
417 212 175 28 obligatoriska.
625 212 91 23 Genom
732 219 30 15 en
778 219 38 22 ny,
832 212 32 30 på

109 247 86 29 högsta
211 248 36 22 ort
263 247 101 23 stadfäst
379 247 158 30 lektionsplan
554 247 104 24 infördes
674 248 61 23 dock
750 262 29 2 —
796 249 8 22 i
819 248 43 23 lik-

110 283 39 23 het
164 283 53 22 med
228 283 63 23 hvad
302 290 50 16 som
364 284 64 22 skett
438 285 7 21 i
457 283 189 30 lektionsplanen
657 284 36 23 för
704 284 28 23 de
743 284 120 23 klassiska

108 319 110 29 lyceerna
234 333 28 2 —
279 319 44 22 den
340 326 28 16 ur
382 319 146 30 pedagogisk
546 320 121 29 synpunkt
683 320 92 29 viktiga
791 321 71 28 nyhe-

108 357 47 25 ten,
173 356 35 21 att
223 355 155 29 vidtagandet
394 355 24 22 af
434 355 204 30 undervisningen
654 357 8 21 i
677 356 73 29 ryska
760 356 102 23 förlades

109 390 35 23 till
168 391 31 22 kl.
219 390 16 28 I,
251 391 86 22 medan
354 391 45 22 den
415 391 102 29 tidigare
534 391 102 29 begynte
652 392 30 29 på
697 391 31 23 kl.
746 392 24 22 II.
803 391 59 24 Lek-

108 427 150 28 tionsplanen
282 427 144 22 fastställdes
450 428 35 21 att
509 427 63 29 gälla
596 427 35 23 för
658 428 171 29 ,reallyceerna
855 428 8 22 i

108 462 101 28 landet”,
226 463 8 22 i
249 462 43 23 full
311 463 246 23 öfverensstämmelse
579 463 55 23 med
650 463 62 30 Kejs.
729 463 93 23 brefvet
838 463 25 23 af

109 499 46 22 den
179 502 28 19 25
229 499 44 28 juli
297 502 63 24 1901,
377 505 50 16 som
444 500 7 21 i
468 499 106 29 enlighet
590 499 54 23 med
661 499 113 23 Senatens
791 499 71 23 fram-

108 534 116 29 ställning
246 534 24 23 af
285 535 46 22 den
348 538 26 19 31
392 536 46 28 maj
459 539 55 19 1901
532 535 61 22 talar
608 542 38 15 om
663 535 199 30 lektionsplanens

111 570 36 23 för
170 570 102 29 Viborgs
288 570 80 24 finska
384 571 143 29 reallyceum
543 571 170 23 utsträckande
729 571 35 23 till
776 573 86 27 ,samt-

108 606 49 30 liga
173 606 127 30 reallyceer
315 608 7 21 i
338 607 122 23 Finland*.
484 607 144 27 Emellertid,
644 607 43 23 och
704 608 97 22 oaktadt
816 607 46 23 den

109 649 48 22 nya
180 642 188 30 lektionsplanen
392 643 73 22 redan
488 643 90 29 begynt
602 643 117 29 tillämpas
736 643 69 23 äfven
823 643 39 23 vid

111 678 104 22 svenska
223 678 43 22 och
275 678 79 23 finska
362 679 159 29 reallyceerna
529 680 8 22 i
544 679 152 29 Helsingfors,
704 679 42 23 där
753 680 109 22 timanta-

109 714 32 23 let
152 714 36 23 för
198 714 89 29 ryskan
297 715 8 22 i
317 714 105 30 enlighet
432 714 54 23 med
497 714 64 30 Kejs.
573 715 160 29 kungörelsen
744 715 24 23 af
779 715 46 23 den
834 718 28 20 30

106 751 55 29 juni
187 754 54 19 1891
263 757 42 16 var
320 754 36 24 40,
372 750 116 23 föreskref
504 750 102 24 Senaten
623 752 35 22 att
672 751 190 29 lektionsplanen

109 786 53 23 icke
178 786 40 23 vid
235 786 68 23 dessa
313 786 127 29 reallyceer
451 786 77 23 skulle
540 787 124 29 tillämpas.
692 787 44 23 Till
748 794 28 16 en
788 787 74 23 sädan

109 822 122 23 föreskrift
247 822 105 23 saknade
368 823 102 22 Senaten
487 823 52 22 stöd
556 823 65 22 såväl
637 824 7 21 i
656 823 45 22 den
713 830 47 23 nya
771 823 91 23 författ-

110 859 90 28 ningen
216 865 51 16 som
283 859 7 22 i
307 859 35 22 sin
360 865 60 22 egen
436 858 164 29 underdåniga
616 859 143 23 hemställan
776 859 24 23 af
816 859 46 23 den

108 897 28 19 31
161 895 47 28 maj
235 897 63 20 1901.
330 895 68 22 Först
421 901 87 22 genom
530 895 63 29 Kejs.
618 895 91 22 brefvet
731 895 25 23 af
770 895 47 23 den
836 899 26 19 10

107 929 126 24 december
251 933 63 24 1901,
331 930 143 23 tillkommet
488 931 31 28 på
535 931 78 28 grund
630 931 24 22 af
666 937 28 16 en
709 938 32 22 ny
752 931 110 23 hemstäl-

109 965 39 23 lan
173 965 25 23 af
221 965 111 28 Senaten,
350 966 151 23 förordnades
518 967 35 22 att
569 966 45 23 den
630 967 36 22 för
680 967 160 28 reallyceerna
855 968 8 21 i

111 1001 80 23 landet
207 1001 116 24 stadfästa
334 1002 190 29 lektionsplanen
535 1002 53 23 icke
600 1002 75 23 skulle
686 1003 63 28 gälla
760 1002 28 23 de
801 1003 61 22 båda

109 1037 158 29 reallyceerna
282 1039 8 21 i
307 1038 152 29 Helsingfors.
486 1038 53 23 Med
550 1038 74 23 sådan
636 1038 172 29 skyndsamhet
818 1039 44 22 och

109 1073 227 29 ouppmärksamhet
359 1074 61 22 hade
436 1073 92 24 således
544 1073 29 23 de
590 1081 46 22 nya
653 1074 210 23 bestämmelserna

110 1109 140 27 utarbetats,
275 1111 34 21 att
333 1116 29 16 en
387 1109 102 23 särskild
506 1109 142 30 författning
664 1110 75 23 måste
755 1110 107 23 utfärdas

110 1145 35 22 för
166 1146 35 21 att
216 1145 118 29 begränsa
350 1145 29 23 de
395 1145 100 30 tidigare
512 1145 136 23 utfärdades
666 1146 114 29 giltighet.
814 1145 48 24 Och

109 1181 27 23 så
150 1181 160 23 brådstörtadt
326 1181 165 29 genomfördes
503 1181 45 23 den
560 1181 122 30 påbjudna
693 1181 169 30 förändringen

111 1218 7 22 i
135 1217 72 29 ryska
223 1217 275 29 språkundervisningen
514 1218 40 22 vid
565 1218 159 29 reallyceerna
735 1218 41 27 att,
788 1218 74 22 ehuru

109 1253 190 29 lektionsplanen
315 1253 128 23 stadfästes
460 1253 59 23 först
534 1260 87 23 genom
637 1254 62 29 Kejs.
716 1254 92 22 brefvet
817 1253 45 23 den

111 1293 12 18 6
140 1288 133 30 september
290 1293 64 24 1901,
371 1290 59 22 efter
446 1289 184 23 höstterminens
642 1289 90 30 början,
742 1290 46 22 den
801 1289 61 23 dock

109 1324 27 23 af
151 1325 102 23 Senaten
270 1325 128 23 föreskrefs
416 1326 34 22 till
466 1325 124 24 införande
607 1326 29 29 på
648 1326 112 29 samtliga
770 1325 92 23 klasser

109 1361 73 22 redan
198 1361 76 23 under
288 1361 121 29 pågående
420 1361 82 23 läseår.
514 1375 30 2 —
554 1357 79 27 Äfven
644 1363 8 21 i
663 1361 77 23 denna
750 1361 111 23 lektions-

108 1397 56 29 plan
181 1397 60 22 hade
257 1397 133 23 timantalet
406 1397 36 23 för
458 1397 74 23 andra
548 1397 126 23 inhemska
685 1397 96 30 språket
792 1397 70 30 höjts,

111 1433 42 22 här
169 1433 35 22 till
220 1436 35 24 26,
272 1433 53 22 med
343 1433 84 30 tillägg
443 1434 35 22 att
493 1431 82 25 sex
552 1427 30 41 af
591 1433 69 23 dessa
675 1434 96 22 timmar
782 1433 80 23 kunde

106 1468 124 23 användas
247 1469 34 22 till
297 1469 173 29 undervisning
485 1470 7 21 i
511 1471 73 20 annat
600 1471 76 21 ämne.

179 1517 101 18 Allmänna
293 1517 184 18 Petitionsutskottets
489 1517 111 18 betänkande
613 1517 34 18 N:o
660 1518 16 17 1.
