1111 1773
334 141 245 23 Petitionsbetänkande
595 141 38 23 N:o
649 142 24 22 4.
819 144 28 20 28

331 210 26 15 att
384 207 57 18 Hans
462 207 105 24 Kejserliga
588 207 88 25 Majestät
696 208 65 18 täcktes
777 208 101 23 förelägga

262 240 218 17 nästsammanträdande
512 240 79 17 Ständer
625 240 58 21 nådig
708 240 115 23 proposition
849 246 28 11 om

262 272 95 22 byggande
380 271 24 23 af
423 277 22 11 en
465 271 139 24 normalspårig
621 273 82 22 järnväg
724 272 89 22 utgående
829 272 49 22 från

263 303 82 18 Suolahti
370 304 67 17 station
462 304 32 16 vid
519 299 118 32 Jyväskylä--
649 299 84 32 Suolahti
744 304 63 17 banan
827 304 51 22 öfver

263 335 105 24 Saarijärvi
380 336 33 17 och
426 334 94 18 Karstula
534 336 26 17 till
579 335 80 23 Vintala,
674 341 73 12 norrom
759 336 120 23 Lappajärvi

263 368 32 22 sjö,
314 373 64 17 genom
398 367 126 23 Lappajärvi,
538 367 122 23 Kortesjärvi,
675 367 83 23 Evijärvi
771 367 32 18 och
819 367 59 17 Teeri-

259 400 52 21 järvi
329 399 26 17 till
375 398 75 23 Purmo,
469 399 47 17 Esse
530 400 31 17 och
574 399 102 17 Pedersöre
690 399 32 18 och
731 399 106 23 förenande
850 400 29 22 sig

263 430 32 17 vid
314 430 78 18 Bennäs
405 432 68 16 station
486 437 40 11 men
537 431 147 23 järnvägslinjen
698 431 26 17 till
743 430 90 23 Uleåborg
847 430 32 18 och

263 462 79 18 bibanan
356 463 26 17 till
395 462 108 19 Jakobstad.

196 529 63 18 Såsom
278 529 61 23 bilaga
356 529 28 18 till
404 529 52 18 detta
474 529 187 23 petitionsmemorial
680 529 89 22 medfölja
786 529 94 23 ritningar

127 558 35 18 och
181 557 161 24 kostnadsförslag
359 558 29 18 för
406 559 135 22 sträckningen
560 558 189 22 Kiminki—Bennäs,
767 558 88 19 slutande
868 558 11 17 &

128 592 23 13 en
165 593 71 12 summa
249 587 20 18 af
279 587 91 22 9,024,000
382 588 36 21 mk,
432 587 104 24 uppgjorda
548 587 21 18 af
579 587 149 23 baningeniören
741 587 66 18 Saxén.

198 645 117 24 Helsingfors
328 646 36 18 den
376 647 22 18 23
413 646 98 18 december
523 646 50 19 1904.

200 705 77 24 Oskari
295 706 137 28 Lagerstedt.
673 706 67 23 Jakob
757 706 50 23 Näs.

485 879 37 19 13.

265 974 54 18 Till
338 974 176 18 Hedervärda
533 974 215 18 Bondeståndet.

200 1069 36 18 Vid
255 1069 54 18 tiden
327 1069 30 18 för
376 1069 183 24 Uleåborgsbanans
579 1070 115 22 sträckning
710 1074 57 18 synes
781 1074 45 13 man
839 1069 42 18 litet

129 1099 47 18 eller
189 1099 97 18 måhända
299 1099 36 18 alls
348 1100 49 17 intet
409 1099 27 18 ha
448 1099 80 18 kommit
542 1100 29 17 att
583 1099 52 18 fästa
647 1099 196 23 uppmärksamheten
856 1098 26 23 på

129 1129 32 18 det
177 1129 145 24 jämförelsevis
341 1131 53 16 stora
414 1129 36 18 och
468 1129 38 18 tätt
522 1129 100 19 befolkade
643 1129 83 21 område,
743 1134 41 13 som
797 1128 86 19 därefter

129 1163 69 19 genom
220 1154 189 28 Vasa—Östermyra
432 1159 121 23 järnvägens
571 1159 138 23 neddragande
728 1159 28 17 till
775 1159 32 18 det
825 1159 57 18 först-

127 1189 72 18 nämda
211 1189 66 17 stället
290 1189 82 18 sålunda
384 1189 45 18 kom
441 1189 7 17 i
461 1189 76 18 saknad
551 1189 20 18 af
581 1189 91 24 järnväg.

200 1218 52 18 Hade
266 1219 116 18 stambanan
402 1219 74 22 dragits
494 1219 90 18 närmare
603 1219 21 18 åt
640 1219 76 21 kusten,
729 1218 23 18 så
764 1218 62 19 skulle
838 1218 44 18 icke

129 1253 24 13 en
173 1248 22 18 så
214 1249 41 17 stor
268 1249 84 22 triangel
370 1249 44 18 utaf
432 1249 99 18 mellersta
544 1244 133 23 Österbottens
690 1249 50 19 mest
751 1247 82 24 bördiga
846 1248 37 18 och

129 1278 86 18 centrala
234 1279 30 17 del
283 1278 80 19 kommit
382 1279 29 18 att
427 1279 41 17 lida
480 1279 50 18 brist
543 1279 25 22 på
581 1279 105 22 tidsenliga
699 1278 184 19 kommunikations-

128 1308 62 18 medel
208 1313 41 13 som
268 1313 27 13 nu
314 1308 22 18 är
354 1308 59 18 fallet.
439 1308 86 19 Sålunda
543 1309 26 18 ha
581 1309 93 21 Munsala,
694 1309 87 20 Oravais,
800 1308 83 21 Maxmo,

129 1338 57 20 Vörå,
207 1337 90 24 Lillkyro,
316 1337 82 19 Kveflax
412 1338 36 18 och
462 1339 23 17 de
499 1338 53 19 delar
565 1339 20 17 af
598 1338 98 23 Storkyro,
710 1343 41 13 som
763 1339 54 22 ligga
829 1337 55 18 invid

130 1367 81 23 Lillkyro
231 1368 36 17 och
288 1368 51 18 Vörå
359 1367 118 19 sockneråer
489 1368 49 18 intill
552 1369 38 22 dag
602 1373 40 13 som
656 1368 23 17 är
691 1368 51 18 varit
755 1369 6 17 i
775 1367 75 18 saknad
863 1367 21 18 af

130 1398 27 17 ett
171 1397 70 18 sådant
256 1398 211 23 fortskaffningsmedel
487 1398 36 18 och
542 1398 59 18 hafva
615 1398 64 18 därför
691 1398 51 18 varit
754 1397 95 19 beroende
863 1397 21 18 af

130 1427 145 22 hästtransport
293 1427 59 24 långa
370 1428 62 23 vägar
450 1429 7 17 i
477 1428 90 23 förening
585 1428 43 18 med
647 1428 98 23 tidspillan
764 1427 37 18 och
822 1427 62 23 dryga

130 1457 176 24 skjutskostnader.
331 1457 29 18 Då
378 1458 43 17 icke
442 1458 84 18 allenast
541 1457 129 19 folktätheten
682 1458 7 17 i
702 1457 23 18 de
739 1457 80 24 angifna
831 1457 52 18 kom-

200 1499 186 23 Järnvägsutskottets
398 1499 114 18 betänkande
524 1499 34 19 N:o
570 1500 17 17 2.
