1114 1778
315 152 279 24 Petitionsbetänkande
609 153 45 23 N:o
670 152 18 23 1.
836 155 11 19 1

440 397 93 27 Bilaga
550 399 18 19 1.

493 453 17 20 IL

203 517 41 21 Till
261 517 93 27 samtliga
370 517 61 21 stånd
446 517 36 20 har
497 517 109 20 inlämnats
622 521 28 16 ett
666 517 22 20 så
703 517 87 27 lydande

352 589 142 21 Vördsamt
509 589 145 20 memorial.

197 637 71 21 Under
285 637 24 20 de
325 637 27 24 år,
370 643 42 14 som
428 637 80 24 förlidit,
525 637 61 20 sedan
603 637 99 20 Finlands
717 637 87 21 Ständer
814 641 68 17 senast

125 667 114 21 församlats
256 667 29 20 till
301 667 104 26 landtdag,
417 667 36 20 har
467 670 94 23 systemet
572 667 31 20 för
612 667 80 20 landets
704 667 81 26 styrelse
796 667 36 20 och
844 667 38 21 för-

126 698 93 25 valtning
227 697 82 26 fortgått
321 697 2 19 i
332 703 76 14 samma
414 697 95 25 riktning,
519 703 42 13 som
568 701 34 21 tog
610 697 30 19 sin
647 697 68 26 början
723 697 61 20 redan
790 697 22 20 år
819 698 63 20 1899.

125 727 50 20 Med
185 726 148 21 åsidosättande
342 727 22 19 af
373 724 125 24 Ständernas
506 728 40 18 rätt
554 726 62 20 hafva
624 734 24 12 en
657 727 75 26 mängd
740 726 143 28 författningar

126 757 100 20 utfärdats
249 756 37 20 och
308 756 63 20 andra
392 756 93 26 åtgärder
503 756 99 27 vidtagits,
624 756 70 20 hvilka
708 756 58 27 djupt
780 756 82 27 ingripit
877 757 5 18 i

127 786 80 21 landets
233 786 136 27 rättsordning
394 789 52 16 samt
471 785 85 21 medfört
585 790 53 16 stora
660 785 123 28 rubbningar
806 787 6 19 i
832 793 50 14 sam-

127 816 120 20 fundslifvet
262 816 37 20 och
315 816 25 20 de
356 815 93 21 enskilda
469 815 153 27 medborgarnes
643 816 117 26 rättigheter.
791 816 92 20 Sålunda

128 846 118 20 emanerade
267 846 46 20 kort
327 846 51 20 efter
395 845 56 21 1900
468 846 32 19 års
516 845 108 27 landtdags
640 845 114 21 afslutande
770 846 114 20 manifestet

129 883 31 13 om
177 875 60 28 ryska
253 875 91 27 språkets
359 875 106 20 införande
481 875 34 20 vid
530 875 121 20 ärendernas
667 875 123 27 behandling
804 876 6 19 i
822 876 61 21 Sena-

129 910 44 16 tens
189 905 249 27 Ekonomiedepartement
453 909 52 16 samt
520 905 6 20 i
537 905 25 20 de
572 905 89 20 centrala
672 905 163 21 ämbetsverkens
846 905 37 21 och

128 935 177 26 länestyrelsernas
321 935 144 26 skriftväxling
480 935 46 20 med
542 935 211 27 Generalguvernören
768 935 38 20 och
820 936 63 20 Sena-

130 969 39 17 ten.
201 965 105 27 Samtidigt
329 965 115 20 utfärdades
468 965 61 20 äfven
555 965 142 26 förordningen
722 972 31 13 om
780 965 104 20 allmänna

130 995 183 24 sammankomster,
338 995 127 26 hvarigenom
481 995 119 26 rättigheten
616 995 31 20 för
661 995 79 20 landets
756 995 128 27 medborgare

129 1029 30 16 att
177 1025 74 20 samlas
271 1025 32 21 för
318 1025 153 26 öfverläggning
486 1031 32 14 om
534 1025 104 20 allmänna
653 1025 167 26 angelägenheter
834 1032 50 20 upp-

131 1055 76 20 häfdes.
238 1053 122 28 Påföljande
384 1061 85 13 sommar
494 1055 55 19 1901
567 1055 115 19 faststäldes
697 1055 6 19 i
718 1055 98 20 afvikelse
839 1055 46 20 från

130 1084 123 21 Ständernas
269 1084 66 20 beslut
351 1085 33 20 vid
402 1086 56 18 1899
474 1085 32 19 års
522 1084 72 20 urtima
608 1084 97 26 landtdag
716 1092 27 19 ny
755 1084 131 27 värneplikts-

129 1114 120 26 författning
265 1114 30 20 för
310 1114 75 25 landet,
402 1121 42 13 som
460 1114 98 26 påbjuder
572 1114 130 26 utskriftning
712 1114 22 20 af
744 1114 98 27 manskap
853 1114 31 20 för

131 1144 56 20 aktiv
207 1144 62 26 tjänst
284 1144 5 20 i
309 1144 62 26 ryska
386 1147 81 23 trupper
483 1150 46 14 vare
545 1144 30 26 sig
590 1144 52 20 inom
658 1144 48 20 eller
720 1147 54 17 utom
790 1144 94 20 Finland.

133 1174 70 21 Under
221 1174 69 20 hösten
308 1175 56 19 1902
381 1174 116 20 utfärdades
512 1174 6 19 i
534 1174 144 20 administrativ
694 1175 38 25 väg
747 1174 139 26 förordningar

130 1211 32 13 om
179 1204 89 20 domares
283 1204 37 20 och
336 1204 64 20 andra
416 1204 132 26 tjänstemäns
567 1203 99 27 skiljande
681 1203 45 20 från
742 1204 94 26 tjänsten,
852 1211 32 13 om

131 1234 110 26 ordningen
263 1234 32 20 för
317 1233 105 21 väckande
446 1234 21 20 af
489 1233 88 27 rättsligt
596 1233 42 20 åtal
652 1236 53 18 emot
720 1234 119 26 tjänstemän
856 1234 31 20 för

132 1263 201 27 tjänsteförbrytelser
349 1266 52 18 samt
416 1270 31 13 om
464 1263 93 26 rättighet
573 1263 31 20 för
618 1264 60 26 ryske
692 1265 47 18 män
755 1266 29 18 att
799 1264 88 20 bekläda

131 1294 84 26 tjänster
229 1294 6 19 i
251 1293 96 25 Finland,
364 1294 62 20 ehuru
442 1294 59 20 dessa
516 1293 138 27 förordningar
670 1293 67 21 beröra
752 1295 80 23 ämnen,
844 1300 43 14 som

132 1324 17 26 ej
174 1324 70 19 kunna
264 1323 88 27 lagligen
372 1323 73 21 ordnas
463 1327 50 16 utan
530 1323 123 21 Ständernas
669 1323 127 21 medvärkan.
826 1324 61 20 Dess-

131 1357 55 16 utom
212 1352 123 21 fastställdes
359 1353 117 27 förordning
499 1360 32 13 om
554 1353 109 26 ändringar
678 1353 21 19 af
714 1354 128 26 reglementet
857 1353 31 20 för

133 1382 114 28 Kejserliga
268 1383 88 21 Senaten
378 1386 52 17 samt
452 1382 65 21 under
527 1383 61 20 våren
607 1384 55 20 1903
679 1390 28 19 ny
722 1383 119 20 instruktion
857 1383 31 20 för

133 1413 213 25 Generalguvernören
361 1413 57 20 öfver
428 1413 96 24 Finland,
536 1419 72 20 genom
618 1412 70 21 hvilka
697 1413 141 26 författningar
848 1413 40 20 Ge-

134 1442 191 27 neralguvernörens
348 1442 177 26 maktbefogenbet
548 1442 6 20 i
577 1442 111 26 väsentliga
707 1442 55 20 delar
780 1442 107 26 utvidgats.

133 1472 98 26 Slutligen
255 1472 119 20 utfärdades
388 1472 6 19 i
411 1472 50 26 april
479 1473 56 19 1903
552 1472 140 26 förordningen
708 1479 32 13 om
756 1472 132 20 vidmakthäl-

206 1512 63 20 Särsk.
283 1512 54 19 Besv.
350 1513 46 18 utsk.
410 1513 32 18 bet.
455 1513 38 18 N:o
506 1514 16 18 1.
