1111 1773
321 143 245 24 Petitionsbetänkande
584 143 38 24 N:o
638 143 24 23 4.
826 146 12 19 5

117 208 112 22 önskvärdt,
249 209 28 18 att
296 209 32 17 vid
347 209 115 22 afgörandet
481 209 20 18 af
518 208 162 24 järnvägsfrågor
697 209 37 17 den
747 208 122 19 omedelbara

116 238 145 19 räntabiliteten
274 239 43 17 icke
331 239 52 22 finge
396 243 48 14 vara
458 238 77 19 absolut
548 238 151 22 bestämmande,
709 239 48 17 utan
766 239 29 17 att
804 239 65 18 såsom

115 268 41 18 lika
169 268 106 23 afgörande
288 268 64 18 faktor
361 268 125 18 betraktades
494 268 93 24 höjandet
596 269 21 17 af
624 268 24 18 de
657 268 76 24 nejders
742 268 127 18 ekonomiska

116 298 97 23 ställning,
227 298 66 18 hvilka
305 299 7 16 i
325 298 95 18 afsaknad
434 298 20 18 af
466 298 190 18 kommunikationer
668 298 79 18 befinna
759 299 32 22 sig
803 299 7 17 i
823 298 46 18 nöd-

117 328 50 18 stäld
180 327 121 24 belägenhet.

189 358 26 18 Så
234 358 58 23 länge
312 358 58 18 dessa
388 358 89 23 nordliga
494 358 94 18 socknars
601 357 133 24 innebyggare
746 357 21 18 få
779 357 90 19 förblifva

117 388 6 18 i
137 387 71 19 sådant
226 387 216 23 förnedringstillstånd,
463 388 29 17 att
512 387 32 18 det
563 387 63 23 öfriga
643 387 81 26 Finland
737 387 132 24 ihägkommer

117 418 44 18 dem
174 418 70 18 endast
256 418 61 17 under
330 417 110 23 påfallande
453 417 124 24 hungersnöd
591 417 44 18 med
648 417 97 23 tillfälliga
757 417 111 22 understöd,

119 448 51 17 skall
183 447 90 24 odlingen
286 447 36 18 här
335 448 42 17 icke
391 447 26 23 gå
429 447 71 18 framåt
514 447 36 18 och
563 447 23 18 de
595 447 183 18 missförhållanden
787 447 12 18 å
808 447 60 18 landt-

117 477 162 23 hushållningens
293 477 77 18 område
379 477 43 18 icke
431 477 27 18 bli
468 477 120 23 aflägsnade,
597 477 67 18 hvilka
672 477 62 18 under
742 481 127 19 ogynsamma

117 507 23 18 år
153 507 37 18 och
209 507 113 23 isynnerhet
342 507 31 18 vid
393 507 118 18 inträffande
531 508 95 17 missväxt
645 507 70 23 bringa
733 507 39 18 nöd
779 503 11 31 ä
809 507 60 18 färde.

115 537 45 18 Men
174 542 30 13 om
217 537 59 18 dessa
295 537 89 23 aflägsna
402 537 75 18 trakter
490 537 102 18 förmedels
605 537 63 18 bättre
681 537 188 18 kommunikationer

117 567 64 18 sättas
194 568 6 17 i
213 567 116 18 förbindelse
349 567 43 18 med
410 567 149 21 affärsvärlden,
573 567 49 18 skall
635 567 36 18 här
683 567 90 22 uppväxa
787 572 24 13 en
823 566 44 18 eko-

116 597 86 18 nomiskt
220 597 124 23 sjelfständig
363 597 119 22 befolkning.
508 597 40 18 Och
566 597 37 17 lätt
621 597 59 21 inses,
693 596 78 18 hvilken
785 597 40 17 stor
839 596 30 18 del

117 627 20 17 af
148 626 107 23 Uleåborgs
274 627 32 17 län
325 626 132 19 bansträckan
475 626 217 23 Uleåborg—Kuusamo
711 626 64 18 såsom
788 626 81 18 förmed-

117 657 40 18 lare
171 657 20 18 af
204 656 127 18 samfärdseln
344 657 75 18 komme
433 657 29 17 att
474 656 85 24 betjäna,
569 656 24 18 då
602 661 45 13 man
656 656 55 23 tager
719 657 7 16 i
734 655 134 22 betraktande,

117 687 30 17 att
160 686 64 18 denna
236 686 209 18 kommunikationsled
464 686 99 18 användes
582 686 84 18 förutom
679 686 20 18 af
711 686 103 21 Kuusamo,
827 685 42 18 Tai-

116 716 95 22 valkoski,
230 716 116 25 Pudasjärvi
365 716 36 18 och
420 716 92 18 Kiiminki
537 716 84 18 socknar
640 716 50 18 samt
708 716 60 22 ryska
787 716 81 18 Karelen

117 746 59 18 äfven
190 746 20 18 af
222 751 58 13 norra
293 746 77 18 delarne
384 746 20 18 af
416 746 139 18 Suomussalmi
567 746 38 18 och
617 746 100 18 Puolanka
726 746 83 18 socknar
818 746 51 17 samt

118 776 61 18 delvis
192 776 20 18 af
225 776 146 18 innevånarena
383 776 7 18 i
403 776 104 24 Kemijärvi
520 776 37 18 och
569 776 116 24 Kuolajärvi.

188 806 35 18 Om
242 811 45 13 man
306 806 37 18 ock
361 806 61 18 måste
442 806 61 18 tänka
520 806 35 23 sig,
575 806 30 18 att
620 806 110 23 järnvägen
746 806 28 17 till
787 810 24 13 en
824 805 42 18 bör-

114 836 36 24 jan
170 836 85 18 sträckte
275 836 31 22 sig
325 836 69 18 endast
412 836 44 18 från
475 836 97 22 Uleåborg
591 836 28 18 till
638 836 115 23 Pudasjärvi
764 835 68 23 kyrka,
845 834 24 18 så

117 870 46 14 vore
183 866 61 18 redan
264 866 53 18 detta
336 866 20 17 af
374 866 41 18 stor
436 865 100 23 betydelse
555 866 30 18 för
601 866 37 18 den
650 866 56 23 längs
719 865 150 24 ifrågavarande

116 896 209 18 kommunikationsled
339 895 75 24 gående
426 896 92 21 trafiken,
531 896 123 18 alldenstund
667 896 37 18 den
718 896 89 23 ofantligt
815 897 54 16 stora

116 926 65 21 trafik,
200 931 43 13 som
259 926 68 18 hittills
341 925 97 24 betjänats
451 925 49 19 blott
512 926 21 17 af
545 925 101 24 landsväg,
659 930 68 19 genom
741 925 63 18 denna
817 925 51 18 bana

116 955 72 19 erhölle
202 961 24 12 en
239 955 98 19 storartad
349 955 59 24 hjälp.

188 985 27 18 På
232 986 63 23 grund
314 986 20 17 af
353 985 59 18 ofvan
425 985 102 18 framstäld
539 986 117 22 motivering
668 985 86 18 anhåller
765 986 35 23 jag
813 984 56 19 vörd-

117 1015 56 22 samt,
186 1015 29 18 att
227 1015 123 18 Hedervärda
363 1015 145 18 Bondeståndet
520 1015 44 18 ville
581 1016 3 17 i
597 1015 78 18 samråd
686 1015 43 18 med
738 1015 63 23 öfriga
810 1014 58 19 stånd

116 1045 122 22 petitionera,

331 1102 30 17 att
384 1100 113 20 ekonomisk
520 1101 35 19 och
579 1100 78 19 teknisk
673 1100 146 25 undersökning
834 1100 34 24 för

260 1130 99 25 byggande
382 1131 25 24 af
425 1137 25 13 en
461 1131 90 24 järnväg
565 1130 49 25 från
630 1130 96 25 Uleåborg
743 1130 31 19 till
790 1129 77 20 Pudas-

255 1160 58 24 järvi
337 1161 35 18 och
395 1166 31 13 om
447 1161 78 24 möjligt
546 1160 53 19 ända
623 1161 33 18 till
678 1160 102 20 Kuusamo
805 1159 63 20 redan

258 1190 44 25 före
317 1191 59 18 nästa
392 1190 96 25 landtdag
504 1190 61 25 blefve
581 1190 112 25 värkstäld,
704 1191 52 18 samt
767 1191 30 18 att
808 1189 59 20 Stän-

259 1220 63 19 derna
337 1221 9 18 i
361 1220 63 19 sinom
448 1220 29 19 tid
500 1220 100 25 förelades
623 1220 61 25 nådig
695 1220 126 25 proposition
837 1225 31 14 om

259 1250 64 19 denna
335 1250 99 25 järnvägs
450 1250 114 25 utförande.

186 1308 121 23 Helsingfors
321 1308 38 18 den
372 1309 22 17 19
408 1308 100 18 december
522 1308 52 18 1904.

574 1380 59 23 Antti
650 1380 145 23 Tuomikoski.

186 1505 186 23 Järnvägsutskottets
384 1505 110 18 betänkande
507 1505 34 18 N:o
554 1505 16 18 2.
