1111 1778
229 155 36 17 112
462 154 216 19 Motionsbetänkande
691 155 37 18 N:o
741 154 14 18 1.

229 215 104 21 intresset
348 214 34 22 för
398 214 67 22 dessa
481 215 70 27 bolag
567 216 42 21 hos
624 214 91 22 stadens
727 214 132 22 innevänare
870 214 111 27 förlamas,

231 250 24 22 sä
272 251 89 28 mycket
382 256 59 16 mera
462 256 48 16 som
533 257 50 15 man
601 251 19 27 ej
637 251 43 21 kan
696 251 50 21 veta
763 256 37 16 om
818 250 28 22 de
863 257 42 22 nya
921 250 61 22 bola-

229 292 54 22 gen,
305 286 139 28 omgärdade
468 292 49 16 som
542 286 28 22 de
591 286 66 22 blifva
677 286 22 22 af
719 286 6 21 i
746 286 107 28 förslaget
868 287 114 28 upptagna

231 322 123 28 olämpliga
366 322 173 28 bestämningar,
551 323 44 21 och
607 322 72 22 hvilka
691 322 69 28 bolag
770 322 63 22 torde
846 321 66 23 blifva
924 328 58 16 mera

231 357 153 28 affärsföretag
404 358 52 21 med
478 358 136 22 omfattande
638 357 177 23 handelsrörelse
839 359 27 20 än
888 358 94 21 filantro-

231 394 64 28 piska
311 394 149 27 inrättningar,
478 394 62 22 skola
557 394 91 22 komma
663 394 29 21 att
704 393 73 23 arbeta
789 393 34 22 för
834 393 35 22 sitt
881 392 101 23 ändamål

231 429 54 22 med
311 435 86 16 samma
420 429 131 28 urskiljning
575 429 44 23 och
642 428 119 30 framgång
784 435 51 15 som
859 429 28 22 de
909 429 74 27 gamla

231 465 60 28 gjort
307 465 43 22 det.
367 478 30 2 —

305 500 50 22 Den
379 502 89 21 senaste
494 501 302 29 maltdrycksförordningen,
824 507 50 15 som
898 501 56 21 trädt
977 500 6 22 i

231 536 106 28 gällande
361 536 53 23 kraft
435 537 44 22 den
501 537 9 21 1
532 537 46 27 juni
602 537 62 26 1903,
685 537 39 21 har
738 537 81 28 jemväl
835 536 67 22 redan
919 536 64 22 infört

231 572 54 22 flere
305 572 163 23 inskränkande
488 573 167 28 bestämningar
676 572 117 29 angäende
814 572 96 22 handeln
932 572 50 22 med

233 608 66 22 dessa
317 608 97 28 drycker,
432 609 145 27 hvarigenom
589 608 162 22 föreskrifterna
762 608 137 22 beträffande
911 608 72 22 denna

233 644 83 22 handel
332 644 76 28 bragts
424 645 6 21 i
448 644 157 29 hufvudsaklig
617 644 232 22 öfverensstämmelse
861 644 51 22 med
924 644 58 25 dem,

233 686 51 16 som
301 680 59 28 gälla
375 680 35 22 för
426 680 183 29 spritdryckerna,
626 680 44 22 och
686 680 63 22 hafva
767 680 67 22 dessa
850 680 133 22 bestämnin-

233 721 41 22 gar
290 715 110 22 allaredan
418 715 157 23 ästadkommit
591 716 62 27 goda
667 716 133 28 verkningar
810 715 24 22 sä
846 716 29 21 att
886 715 97 22 förbruk-

233 751 85 28 ningen
343 751 21 22 af
384 752 98 21 nämnda
498 752 91 29 drycker
609 751 108 29 betydligt
733 751 113 22 minskats.
863 764 29 3 —
908 751 76 22 Under

233 786 86 23 sädana
335 787 153 22 förhällanden
505 793 66 23 synes
589 787 37 22 det
642 793 51 16 vara
710 787 148 22 omotiveradt
873 789 30 20 att
917 787 66 22 redan

234 829 30 15 nu
289 823 52 22 eller
360 823 56 22 blott
436 823 36 22 tvä
493 823 23 22 är
536 823 53 22 eiter
605 823 73 22 denna
697 823 142 28 förordnings
856 823 105 22 trädande
978 823 6 21 i

233 858 56 22 kraft
305 859 44 22 och
365 859 67 22 innan
449 865 51 16 man
517 860 82 21 kunnat
615 860 66 21 vinna
698 859 121 22 erfarenhet
835 865 37 16 om
885 859 27 22 de
924 859 60 22 verk-

234 895 86 27 ningar,
340 894 131 23 densamma
492 895 43 22 kan
555 895 107 27 medföra,
682 895 46 22 äter
743 895 50 28 vilja
809 897 56 26 göra
881 895 103 27 gällande

234 937 43 22 nya
295 931 43 21 och
355 930 34 22 för
405 930 241 29 maltdrycksindustrin
662 931 25 22 sä
704 931 69 26 svära,
790 931 111 22 mähända
915 931 69 21 ruine-

234 966 70 22 rande
320 966 76 27 vilkor,
414 973 50 15 som
482 967 20 21 af
518 967 106 28 förslaget
640 967 70 22 skulle
727 967 58 28 följa.
803 979 26 2 —

307 1001 52 23 Icke
375 1002 69 22 heller
459 1003 43 21 kan
518 1003 37 28 jag
571 1003 74 22 lemna
661 1002 116 22 obemärkt
793 1003 30 21 att
839 1002 105 29 förslaget
955 1002 30 22 uti

235 1037 53 22 dess
300 1038 14 27 $
328 1037 26 22 13
365 1038 142 27 bestämmer,
520 1039 29 22 att
559 1038 30 23 50
597 1039 12 21 å
619 1037 57 30 60%/
686 1039 22 21 af
716 1038 103 29 bolagets
828 1038 93 22 ärsvinst
931 1037 54 23 skall

235 1073 150 22 Öfverlemnas
400 1074 30 22 till
443 1080 27 16 en
483 1074 79 22 allmän
575 1074 79 22 anstalt
665 1074 35 22 för
711 1074 124 28 försäkring
847 1075 47 20 mot
905 1073 80 23 arbets-

235 1108 94 23 oförhet.
343 1122 28 3 —
383 1110 65 22 Detta
464 1110 102 22 ändamål
579 1112 23 20 är
613 1110 35 22 väl
660 1110 5 22 i
679 1110 47 29 hög
737 1109 54 30 grad
806 1110 178 25 beaktansvärdt;

235 1151 52 16 men
301 1145 27 22 dä
337 1146 69 21 saken
418 1146 6 21 i
435 1146 47 22 värt
492 1146 51 22 land
555 1148 58 20 ännu
625 1149 23 19 är
658 1146 92 22 alldeles
759 1145 135 22 oförberedd
903 1145 43 22 och
956 1146 30 21 in-

234 1182 31 21 tet
279 1181 68 22 första
359 1181 84 29 förslag
455 1188 40 16 ens
505 1182 30 22 till
548 1182 124 22 ordnandet
684 1182 21 22 af
716 1181 72 22 denna
800 1183 60 20 stora
872 1182 43 21 och
927 1181 58 22 svär-

235 1217 58 22 lösta
314 1217 62 28 fräga
397 1217 73 22 finnes
487 1218 127 28 uppgjordt,
632 1224 67 22 synes
716 1217 37 22 det
768 1224 51 15 vara
836 1217 71 22 alltför
922 1217 64 28 tidigt

235 1253 31 21 att
282 1253 69 22 redan
367 1253 37 22 vid
421 1254 149 21 innevarande
589 1253 107 29 landtdag
715 1253 61 23 anslä
787 1253 74 22 medel
871 1253 34 22 för
916 1253 70 28 sagda

235 1289 112 22 ändamäl.
365 1301 26 3 —
409 1284 34 27 Än
461 1295 59 16 mera
537 1289 123 29 oegentligt
676 1295 67 23 synes
760 1289 37 22 det
812 1295 51 16 vara
880 1290 29 21 att
926 1289 60 22 Stän-

236 1324 69 22 derna
326 1331 30 15 nu
377 1325 29 28 pä
427 1325 72 28 grund
521 1325 21 22 af
561 1325 65 22 dessa
643 1325 184 28 motionsförslag
842 1325 145 28 undandraga

236 1360 293 23 kommunikationsfonden
546 1361 43 22 den
606 1361 98 22 inkomst
720 1361 21 22 af
755 1361 105 28 omkring
871 1367 28 15 en
910 1361 76 28 miljon

237 1396 62 22 mark
316 1402 37 16 om
370 1396 52 27 äret,
440 1403 50 16 som
507 1397 73 22 denna
596 1397 55 22 fond
671 1397 70 22 under
756 1403 27 15 en
795 1396 76 28 längre
882 1397 31 21 tid
924 1396 22 21 af
956 1397 32 21 ut-

236 1432 252 28 skänkningsbolagens
501 1432 132 22 vinstmedel
644 1432 85 28 ätnjutit
742 1432 43 22 och
796 1432 88 22 hvilken
891 1432 97 22 inkomst

236 1467 62 22 säväl
315 1468 133 28 regeringen
465 1468 30 22 uti
512 1468 51 22 dess
580 1468 30 22 till
622 1468 123 22 Ständerna
756 1467 80 23 aflätna
848 1468 140 28 proposition

236 1502 120 30 angäende
372 1504 291 22 kommunikationsfonden
683 1504 101 29 upptagit
800 1503 71 29 sagda
887 1503 54 23 fond
958 1503 31 22 till
