1111 1778
351 156 216 19 Motionsbetänkande
580 157 37 18 N:o
630 157 16 18 1.
850 158 22 17 31

120 223 39 15 om
175 217 33 21 ett
218 216 114 23 rationellt
343 216 113 22 ordnande
467 217 25 21 af
501 216 286 29 rusdryckshandteringen
799 218 72 21 måste

121 259 67 15 anses
204 252 35 22 för
255 253 33 21 ett
303 251 142 22 kommunalt
461 252 114 28 spörsmål,
592 252 88 22 hvilket
693 253 29 28 på
733 252 82 30 antydt
826 254 46 20 sätt

121 288 81 22 lättast
226 288 79 22 vinner
324 295 27 14 en
368 287 50 22 med
434 287 26 22 de
476 287 76 23 lokala
567 288 172 22 förhållandena
754 289 117 21 öfverens-

122 323 141 23 stämmande
286 324 93 27 lösning,
403 324 69 27 ligger
487 323 38 22 det
541 323 7 22 i
564 324 84 22 sakens
668 325 67 21 natur
751 325 35 21 att
801 324 69 22 refor-

122 360 113 27 meringen
260 358 24 22 af
302 358 291 29 rusdryckslagstiftningen
610 359 88 22 alltmer
712 359 40 23 bör
767 360 60 22 fotas
842 362 29 26 på

121 394 140 28 grundvalen
278 395 23 22 af
318 394 128 22 kommunal
463 394 153 30 sjelfstyrelse.

193 431 9 21 I
217 430 83 30 princip
317 431 41 21 har
373 430 116 22 Utskottet
505 430 103 28 sålunda,
625 431 61 21 hvad
702 430 107 23 städerna
820 431 50 22 vid-

122 466 106 28 kommer,
250 466 108 28 enhälligt
378 466 107 22 omfattat
504 466 109 28 förslaget
628 474 36 14 om
679 467 131 22 kommunal
824 467 46 21 för-

121 502 107 22 budsrätt
250 502 142 22 beträffande
416 502 97 22 handeln
535 502 50 22 med
606 503 105 28 samtliga
730 503 140 22 alkoholhal-

121 538 50 28 tiga
186 538 98 30 drycker.
316 538 257 28 Meningsskiljaktighet
593 538 41 22 har
655 538 81 22 endast
751 541 71 27 yppat
837 539 33 27 sig

121 574 81 28 derom,
220 581 80 21 genom
315 574 87 22 hvilket
417 581 67 21 organ
502 574 108 22 städerna
631 574 53 22 böra
700 574 80 23 utöfva
795 575 75 21 denna

121 610 34 22 sin
175 610 187 22 beslutanderätt.
392 610 51 22 Med
463 610 50 22 stöd
533 610 24 21 af
576 610 85 28 Norges
681 611 101 28 exempel
802 610 40 22 och
864 611 4 21 i

121 646 131 28 anslutning
273 646 33 22 till
325 645 203 29 motionsförslaget
547 646 40 22 har
604 653 28 15 en
650 646 35 22 del
701 646 25 22 af
741 646 129 22 Utskottets

120 682 122 22 ledamöter
258 682 64 22 hållit
337 682 52 28 före,
407 683 34 21 att
457 682 80 28 frågan
553 682 67 22 borde
632 682 89 28 afgöras
732 682 138 22 omedelbart

121 719 14 20 å
151 717 83 22 allmän
250 717 188 28 rådhusstämma,
455 717 80 22 medan
553 717 71 22 andra
639 718 62 21 velat
716 717 75 22 lemna
805 717 63 28 afgö-

120 753 80 22 randet
216 755 25 20 åt
257 753 210 28 stadsfullmäktige.

191 789 129 22 Utskottets
337 789 110 28 majoritet
462 789 41 22 har
518 789 49 22 icke
583 789 90 22 kunnat
688 789 120 28 godkänna
823 789 45 22 för-

120 826 73 27 slaget
209 833 36 14 om
260 825 182 22 öfverlemnande
459 825 24 22 af
498 825 174 28 ifrågavarande
688 825 80 22 ärende
785 825 32 22 till
833 825 35 22 af-

119 861 98 28 görande
234 861 23 22 af
272 861 187 22 rädhusstämma.
490 861 44 22 Det
550 868 67 21 synes
633 861 111 28 nemligen
760 861 49 22 icke
820 868 48 15 mo-

120 897 104 28 tiveradt,
242 897 36 22 att
292 897 144 28 fullständigt
451 897 148 28 undandraga
615 898 33 21 ett
664 897 112 28 särskildt,
793 904 35 15 om
839 899 28 20 än

120 933 85 28 viktigt
220 932 81 23 ärende
318 933 42 22 den
376 933 143 29 myndighets
535 933 187 27 beslutanderätt,
739 940 48 15 som
803 933 6 22 i
826 933 41 21 all-

119 969 93 22 mänhet
232 969 41 21 har
294 969 32 27 sig
348 968 128 23 ombetrodd
495 969 93 22 stadens
608 969 136 28 förvaltning
759 969 42 22 och
817 975 51 21 eger

118 1006 37 21 att
175 1004 61 23 fatta
255 1005 75 22 beslut
350 1005 14 21 å
384 1005 149 22 kommunens
549 1006 93 26 vägnar,
659 1005 41 22 och
716 1005 96 22 sålunda
826 1004 41 21 be-

119 1040 114 23 träffande
250 1042 34 20 ett
299 1040 82 22 ärende
398 1040 105 30 tillskapa
519 1041 175 27 bestämningar,
711 1040 106 23 afseende
834 1041 33 21 ett

117 1076 133 30 principiellt
269 1076 117 28 undantag
405 1076 51 21 från
476 1084 28 14 en
520 1076 37 28 lag
573 1076 24 22 af
613 1076 84 22 allmän
712 1077 67 21 natur
795 1075 70 23 sådan

117 1113 42 21 vår
175 1111 262 29 kommunalförordning.
454 1112 80 22 Härtill
549 1112 101 22 kommer
666 1113 34 21 att
710 1119 80 21 genom
801 1113 65 20 ären-

116 1148 53 22 dets
185 1147 182 23 öfverlemnande
382 1148 34 21 till
431 1147 184 23 rådhusstämma
637 1149 33 21 ett
686 1148 125 22 vidsträckt
826 1148 41 21 och

118 1183 115 22 tacksamt
253 1183 44 22 fält
317 1184 115 22 lemnades
452 1184 49 22 fritt
516 1184 35 21 för
566 1184 110 27 agitation
691 1184 6 21 i
714 1191 27 14 en
757 1183 52 22 eller
824 1190 43 15 an-

117 1227 46 14 nan
179 1219 105 28 riktning,
302 1220 41 22 och
360 1221 35 21 att
409 1219 92 28 frågans
522 1219 122 28 afgörande
660 1219 114 28 lätteligen
791 1219 75 22 blefve

117 1255 109 22 beroende
243 1263 62 15 mera
321 1255 24 22 af
360 1255 109 22 stundens
485 1255 126 28 inflytelser
627 1257 30 19 än
673 1255 25 22 af
708 1256 33 21 ett
751 1255 64 28 lugnt
825 1255 41 22 och

117 1290 100 29 allsidigt
233 1291 174 28 öfvervägande,
424 1291 81 22 hvaraf
525 1291 83 28 följden
624 1291 77 22 kunde
716 1291 72 22 blifva
804 1297 62 22 myc-

117 1327 40 22 ket
173 1327 104 28 plötsliga
292 1327 157 28 förändringar
467 1327 41 22 och
529 1326 47 23 ofta
596 1327 90 22 alldeles
702 1328 108 21 motsatta
827 1327 38 21 be-

115 1363 51 22 slut.
198 1363 30 21 Af
252 1362 72 22 sådan
348 1363 66 22 orsak
437 1362 58 22 hade
515 1370 52 14 man
583 1363 41 21 här
640 1363 90 29 mycket
745 1363 64 27 ringa
824 1369 41 21 ga-

115 1399 85 21 rantier
214 1399 35 21 för
264 1400 36 20 att
316 1398 66 27 nödig
397 1398 138 28 enhetlighet
551 1399 42 21 och
608 1398 143 22 konsekvens
766 1398 100 26 iakttogs

116 1434 38 22 vid
170 1434 114 22 ordnande
302 1434 24 22 af
341 1434 285 30 rusdryckshandteringen
646 1435 60 21 samt
722 1435 35 20 att
771 1432 95 24 ärendet
