1111 1773
287 142 41 18 128
464 138 246 24 Petitionsbetänkande
726 139 37 23 N:o
779 139 24 22 4.

255 205 77 22 måste
358 204 159 22 Kristinestad
545 203 87 23 erhålla
658 204 127 22 företrädet
811 204 79 22 såsom
915 205 91 21 banans

256 240 132 29 ändpunkt.
420 240 85 22 Denna
529 240 140 28 sträckning
692 240 76 22 skulle
792 240 57 29 följa
865 240 46 22 den
927 240 80 28 gamla

255 276 150 29 landsvägen
421 276 24 22 åt
461 276 44 22 och
522 276 122 28 tillgodose
660 276 46 22 den
723 277 86 21 tätaste
827 276 179 28 bosättningens

256 312 70 22 behof
349 313 63 21 samt
435 311 137 29 därigenom
597 312 27 22 så
644 312 52 22 litet
711 318 50 16 som
778 312 93 29 möjligt
886 312 75 22 rubba
977 312 29 22 de

254 348 64 22 förut
342 347 128 23 bestående
494 347 284 29 handelsförhållandena,
804 354 54 16 men
874 348 77 22 därtill
969 347 36 23 be-

255 383 57 23 reda
328 383 148 26 landsdelen,
493 384 8 21 i
517 383 96 23 hvilken
634 384 141 28 jordbruket
795 386 26 20 är
836 384 169 22 hufvudnärin-

256 426 53 21 gen,
327 426 30 15 en
373 419 70 28 länge
461 419 91 22 saknad
566 419 259 29 järnvägsförbindelse
842 420 54 22 med
912 419 93 23 landets

253 455 160 27 vinterhamn,
430 455 89 28 Hangö.

328 490 44 23 Till
389 491 52 22 stöd
459 491 36 22 för
511 491 78 22 denna
605 491 134 29 åskådning
755 491 42 22 har
813 491 80 22 vidare
910 491 95 26 anförts,

254 528 36 21 att
306 526 71 22 äfven
395 533 38 16 om
450 526 252 23 hamnförhållandena
718 527 38 22 vid
774 527 91 23 banans
882 527 124 29 slutpunkt

254 569 55 15 vore
326 562 29 22 de
372 562 75 27 bästa,
464 569 31 16 en
511 562 108 23 afsevärd
636 563 70 22 trafik
722 563 31 29 på
769 563 78 22 denna
863 563 52 22 icke
929 563 76 22 skulle

254 599 112 28 uppstå,
361 594 12 37 i
382 598 39 22 det
438 599 35 21 att
489 598 106 23 området
611 598 76 29 ifråga
702 599 53 22 icke
772 605 56 22 eger
838 599 119 28 naturliga
969 598 36 23 be-

255 634 115 29 tingelser
385 634 36 23 för
436 634 158 29 uppkomsten
618 634 24 23 af
658 641 29 16 en
703 635 123 22 industriel
842 635 91 22 rörelse.
965 634 40 23 Sä-

254 676 52 16 som
332 669 88 23 bekant
443 670 81 22 finnas
548 670 42 22 här
609 670 53 22 icke
679 671 73 22 större
769 670 178 29 skogsresurser
962 670 43 23 och

254 705 54 23 icke
324 705 75 23 häller
414 705 102 23 forsrika
539 706 142 29 vattendrag
701 706 56 23 eller
773 706 74 23 andra
864 707 142 28 betingelser

255 741 36 23 för
315 748 28 15 en
368 741 157 23 storindustri.
556 742 65 22 Inom
645 741 91 24 banans
760 744 54 27 eget
838 742 167 23 trafikområde

256 777 75 22 blifva
356 777 68 23 alltså
448 777 29 23 de
501 779 52 21 rent
576 777 77 23 lokala
669 778 185 27 förhållandena,
871 778 90 23 sådana
977 778 28 23 de

255 813 118 22 härintills
399 814 114 28 gestaltat
537 815 42 28 sig,
595 814 6 22 i
620 814 40 22 allt
681 814 130 29 väsentligt
826 814 179 23 bestämmande

254 849 36 22 för
306 849 55 22 dess
377 849 92 23 rörelse.
502 849 189 23 Vidkommande
708 850 49 22 åter
773 849 55 23 dess
841 849 117 30 betydelse
969 850 35 22 så-

254 892 51 15 som
322 885 224 29 genomgångslänk
562 885 35 23 för
614 892 29 16 en
660 885 73 23 trafik
746 885 66 23 öfver
823 885 119 30 Seinäjoki
953 885 52 23 från

256 920 75 24 andra
347 921 120 27 bandelar,
485 922 82 22 kunna
585 922 53 22 icke
655 922 73 22 häller
743 923 64 21 stora
822 922 183 29 förhoppningar

254 956 79 29 hysas,
350 957 31 22 då
395 958 27 27 ju
439 957 112 23 sträckan
568 957 215 30 Seinäjoki—Vasa
799 959 37 26 (74
853 958 49 27 km)
918 960 25 20 är
953 958 51 22 kor-

254 997 51 18 tare
322 995 30 20 än
369 993 28 22 de
414 993 163 29 projekterade
594 993 199 29 sträckningarna
805 993 199 30 Seinäjoki—Kri-

253 1028 118 23 stinestad
396 1030 51 27 (108
475 1029 50 28 km)
550 1029 42 22 och
616 1029 231 29 Seinäjoki-Kaskö
872 1031 50 26 (111
948 1029 56 28 km),

253 1064 96 23 hvartill
366 1067 64 20 ännu
446 1065 113 27 kommer,
568 1066 35 21 att
619 1072 29 15 en
665 1067 73 20 större
753 1066 36 21 ort
805 1065 55 22 med
876 1065 79 29 gamla
972 1065 32 22 af-

255 1100 177 23 färsrelationer
447 1101 50 22 stär
521 1101 105 22 starkare
643 1102 7 21 i
667 1101 178 22 konkurrensen
862 1103 30 20 än
909 1101 28 22 de
953 1101 51 23 smä

254 1136 96 29 platser,
375 1143 51 16 som
450 1138 61 21 varit
534 1137 140 22 inskränkta
697 1137 34 22 till
756 1138 34 21 ett
814 1137 73 22 lokalt
902 1137 101 22 distrikt.

254 1172 83 23 Säsom
355 1173 33 22 ett
404 1172 93 23 faktum
513 1172 115 29 kvarstär,
639 1174 34 21 att
688 1173 86 27 Kaskö,
785 1173 98 22 oaktadt
897 1173 35 22 sin
944 1173 61 28 goda

254 1208 82 27 hamn,
361 1208 51 23 haft
436 1215 28 16 en
484 1209 105 28 tynande
606 1209 90 22 tillvaro
713 1209 71 22 äfven
800 1208 75 23 under
890 1209 67 26 tider,
974 1209 30 22 dä

250 1244 94 29 jämväl
361 1244 34 22 för
411 1244 76 29 öfriga
507 1244 183 23 österbottniska
706 1245 79 22 städer
800 1244 146 29 landsvägen
962 1251 43 16 var

254 1279 45 23 den
318 1279 61 23 enda
395 1280 141 23 trafikleden
553 1280 52 23 frän
621 1280 112 23 inlandet.

325 1315 9 22 I
352 1316 140 29 anslutning
515 1316 34 22 till
569 1316 69 23 dessa
654 1316 156 23 betraktelser
825 1316 43 23 har
884 1317 68 22 äfven
969 1317 34 22 ut-

254 1351 78 28 talats,
342 1353 35 21 att
394 1351 136 30 byggandet
547 1352 23 22 af
586 1359 28 15 en
631 1351 234 24 Kristinestadsbana
880 1353 52 22 icke
949 1352 55 22 nöd-

252 1387 139 29 vändigtvis
408 1387 112 23 behöfver
543 1387 136 30 förknippas
696 1388 53 23 med
765 1387 136 23 utförandet
918 1387 23 24 af
957 1394 47 16 om-

252 1423 109 22 fattande
370 1423 255 29 hamnanläggningar,
634 1425 56 21 utan
700 1425 34 21 att
741 1423 98 23 härmed
847 1424 79 23 kunde
936 1424 68 22 anstä

253 1459 61 22 intill
339 1459 54 22 dess
417 1466 29 15 en
471 1459 70 22 säker
560 1459 133 23 erfarenhet
708 1460 97 22 vunnits
823 1466 36 16 om
876 1461 28 22 de
921 1467 31 15 nu
969 1461 34 21 rä-

324 1506 187 24 Järnvägsutskottets
524 1507 109 18 betänkande
646 1508 34 17 N:o
692 1509 16 17 2.
