1111 1773
225 152 28 21 42
394 151 73 23 Ständ.
484 152 43 22 Pet.
544 164 26 4 —
587 151 147 23 Petitionsbet.
750 152 36 22 N:o
798 152 21 22 3.

227 225 75 21 annat
328 225 36 21 att
390 223 29 22 de
444 223 65 22 skola
532 225 63 20 utses
620 223 73 22 bland
715 231 109 22 personer
842 223 52 22 med
912 223 72 29 högre

228 257 117 29 bildning,
373 265 49 15 som
440 258 122 28 grundligt
583 258 79 22 känna
680 258 71 28 ryska
770 257 100 30 spräket,
890 258 95 22 företrä-

228 292 78 22 desvis
324 291 73 23 bland
420 292 71 29 ryska
514 292 142 29 infödingar,
675 292 43 22 och
737 294 35 20 att
791 292 27 22 de
837 292 8 22 i
864 292 35 22 sin
917 292 67 22 verk-

228 326 92 22 samhet
344 326 66 22 skola
433 328 63 20 rätta
519 327 36 28 sig
579 327 59 21 efter
662 334 30 14 en
716 326 101 22 särskild
835 326 149 28 instruktion,

228 368 50 15 som
305 360 106 23 utfärdas
438 361 24 21 af
486 361 101 22 Senaten
614 362 9 21 i
647 361 92 22 samråd
763 361 52 22 med
844 360 141 30 Generalgu-

227 399 122 19 vernören.

297 430 85 21 Denna
405 430 197 28 omorganisation
628 430 22 21 af
667 430 165 29 inspektionen
852 430 65 21 öfver
940 428 45 23 den

228 463 72 30 ryska
328 463 269 30 spräkundervisningen
621 464 49 28 har,
695 464 49 22 lika
765 464 53 22 litet
836 471 48 15 som
903 463 82 23 öknin-

246 505 29 14 en
295 499 24 21 af
337 497 77 23 denna
432 498 169 29 undervisning
619 499 8 21 i
645 498 116 28 skolorna,
780 498 120 29 betingats
919 498 22 22 af
951 499 34 20 ett

228 532 106 29 verkligt
357 533 77 22 behof.
471 533 12 21 1
501 533 41 22 sitt
565 533 122 22 utlätande
709 533 24 22 af
752 533 44 22 den
816 533 29 22 21
866 532 120 22 december

231 567 66 22 1900
322 567 109 22 framhöll
461 567 244 28 Skolöfverstyrelsen,
729 569 36 20 att
792 567 44 22 den
861 567 124 22 dittillsva-

228 601 74 22 rande
320 601 162 23 examinatorn
505 604 56 19 utan
585 601 108 30 förspord
711 601 119 30 svärighet
847 603 138 21 medhunnit

230 636 165 28 inspektionen
414 637 24 22 af
455 636 70 29 ryska
552 636 272 29 spräkundervisningen
850 636 9 21 i
878 635 107 30 samtliga

230 670 242 29 elementarläroverk,
496 671 94 22 hvarför
612 671 73 28 nägot
709 671 70 22 behof
803 671 24 22 af
849 670 136 29 ytterligare

230 705 147 28 inspektorer
401 705 75 29 enligt
500 702 196 31 Öfverstyrelsens
719 705 72 22 tanke
815 705 52 22 icke
888 705 96 29 förelåg.

232 739 102 22 Senaten
361 739 57 22 fann
446 739 39 22 det
509 739 58 22 dock
587 741 64 20 svärt
668 739 37 22 för
723 747 29 14 en
770 739 60 22 enda
848 747 83 21 person
950 741 35 20 att

231 773 82 22 kunna
337 773 52 22 med
413 774 115 29 tillbörlig
550 773 153 30 grundlighet
721 773 127 23 öfvervaka
866 773 119 22 undervis-

230 807 90 30 ningen
339 808 8 21 i
365 809 71 28 ryska
460 809 94 28 spräket
577 808 41 22 vid
641 808 93 22 landets
752 808 110 29 samtliga
879 808 106 22 läroverk

231 842 44 22 och
293 842 139 23 hemställde
450 844 30 28 pä
498 843 75 22 denna
591 842 77 29 grund
681 843 45 22 den
747 843 29 21 17
791 843 59 28 april
866 843 72 27 1901,
951 844 35 20 att

231 879 87 20 tvenne
342 878 170 22 examinatorer
536 877 51 21 med
606 877 39 23 lön
664 878 29 28 pä
712 879 47 21 stat
777 878 72 22 mätte
867 877 118 22 tillsättas.

230 911 56 22 Men
314 912 114 22 Senatens
455 912 87 29 förslag
564 911 187 23 tillfredsställde
773 912 51 22 icke
844 911 142 29 Generalgu-

230 949 121 24 vernören,
370 946 70 22 hvars
458 946 81 29 planer
556 946 52 22 med
627 946 108 22 afseende
748 947 13 21 å
771 946 45 22 den
825 946 70 29 ryska
904 946 81 29 spräk-

230 979 200 30 undervisningen
457 980 90 29 syftade
573 981 56 22 vida
656 980 88 29 längre.
780 980 132 22 Ständerna
931 987 54 15 anse

231 1014 41 22 det
289 1023 57 14 vara
365 1022 27 15 en
410 1015 81 28 gifven
510 1014 56 29 följd
585 1015 23 22 af
627 1022 28 15 en
673 1015 114 28 ätergäng
806 1014 36 23 till
860 1014 125 23 förhällan-

231 1048 60 23 dena
319 1049 49 22 före
398 1050 62 22 1901
488 1049 143 22 beträffande
655 1049 72 29 ryska
748 1049 106 30 spräkets
873 1049 112 28 ställning

230 1083 40 22 vid
288 1083 199 30 undervisningen
506 1084 8 21 i
530 1083 91 22 landets
639 1083 72 30 högre
724 1084 114 27 läroverk,
851 1086 36 19 att
900 1083 85 28 ifräga-

230 1117 104 23 varande
352 1118 157 29 inspektorers
519 1119 64 21 anta]
597 1118 103 23 minskas
716 1118 37 22 till
766 1118 39 21 det
817 1118 69 22 förra.
910 1117 75 22 Ocksä

230 1152 8 21 i
257 1152 43 22 och
325 1153 37 22 för
380 1153 37 28 sig
441 1157 25 18 är
488 1161 26 14 en
534 1152 71 22 sådan
625 1153 139 28 förändring
782 1152 124 23 önskvärd.
942 1152 44 21 Att

229 1187 37 22 för
285 1187 166 29 inspektionen
470 1187 22 22 af
510 1187 199 29 undervisningen
728 1187 8 21 i
748 1189 36 20 ett
794 1186 62 23 enda
868 1187 117 22 läroämne

230 1221 102 22 anställa
359 1221 50 22 lika
432 1222 84 28 mänga
539 1222 146 28 inspektorer
709 1229 49 14 som
776 1221 54 22 hela
848 1221 44 22 den
912 1221 73 29 öfriga

228 1255 165 29 inspektionen
414 1257 23 21 af
455 1256 324 29 elementarundervisningen
792 1256 36 22 för
839 1255 146 22 närvarande

229 1289 102 29 kräfver,
350 1291 73 21 måste
440 1290 74 22 under
532 1290 46 23 alla
596 1290 162 23 förhållanden
777 1297 67 15 anses
857 1289 129 29 onaturligt

229 1323 44 23 och
292 1324 98 23 innebär
415 1327 34 20 ett
471 1325 96 28 onödigt
591 1325 91 22 ökande
706 1325 66 22 säväl
794 1325 23 22 af
835 1325 151 28 tjänstemän-

228 1366 60 14 nens
314 1359 65 22 antal
407 1367 48 14 som
479 1360 23 21 af
526 1361 89 20 statens
639 1359 104 29 utgifter.
780 1359 46 22 Det
846 1366 69 21 synes
933 1358 52 22 icke

229 1393 75 22 heller
332 1393 132 22 Ständerna
491 1393 124 30 -sakenligt,
639 1396 36 19 att
699 1393 138 29 inspektorn
862 1393 35 22 för
914 1393 71 28 ryska

228 1427 272 30 spräkundervisningen
528 1432 24 18 är
573 1428 104 22 ledamot
698 1429 23 21 af
740 1427 245 29 Skolöfverstyrelsen,

228 1464 59 19 utan
306 1461 77 23 kunde
402 1462 47 23 han
468 1463 7 21 i
494 1462 174 29 behandlingen
687 1463 23 22 af
723 1462 88 22 sädana
824 1461 101 23 ärenden
935 1469 51 14 som
