1111 1770
286 148 41 20 110
462 146 246 23 Petitionsbetänkande
725 146 37 24 N:o
779 147 23 22 4.

250 210 172 30 befolkningen
446 212 8 21 i
478 211 28 23 de
530 211 147 28 kommuner,
700 212 81 22 hvilka
806 212 79 22 banan
909 218 95 23 genom-

251 246 99 28 stryker,
375 247 26 22 år
426 250 57 20 1896
507 246 84 23 inalles
615 247 109 29 utgjorde
749 251 81 23 20,900
846 254 117 23 personer,
981 248 24 23 af

251 281 83 23 hvilka
352 286 80 23 13,280
455 289 55 16 voro
527 282 94 23 bosatta
637 284 64 22 inom
718 290 30 16 en
764 290 44 16 zon
824 283 24 23 af
866 287 26 19 10
909 284 94 22 kilome-

250 318 48 22 ters
317 318 71 22 bredd
404 319 30 28 på
450 318 115 23 hvardera
582 318 69 23 sidan
667 325 38 16 om
721 319 86 27 älfven,
824 319 105 29 uppgick
943 326 60 16 sam-

250 352 71 30 tidigt
337 354 89 22 antalet
442 354 25 22 af
483 354 61 28 dem,
556 361 51 16 som
622 355 91 29 årligen
729 355 126 29 passerade
866 356 137 22 Rovaniemi

250 388 30 30 på
296 392 48 26 väg
360 391 86 26 norrut,
464 390 74 29 enligt
554 390 23 22 af
590 390 223 30 järnvägskomitén
832 390 170 24 kontrollerade

251 425 126 28 uppgifter,
400 426 36 21 till
459 426 53 22 icke
531 426 92 22 mindre
640 429 30 19 än
689 430 85 23 10,000.
806 427 83 22 Härtill
906 427 95 22 komma

250 459 29 23 de
296 467 55 16 norr
367 467 38 16 om
423 461 138 23 Rovaniemi
584 461 101 30 belägna
702 461 148 28 kommuner,
867 462 81 23 hvilka
964 464 39 20 äro

250 495 131 24 hänvisade
406 497 35 22 till
464 497 78 23 denna
561 497 128 30 trafikväg,
707 498 54 22 med
778 505 30 16 en
823 498 139 29 folkmängd
979 497 24 23 af

250 532 112 29 omkring
386 536 79 24 15,000
489 540 114 22 personer,
629 535 63 21 samt
708 536 64 20 ännu
788 533 66 23 cirka
871 537 64 24 3,000
952 540 49 22 per-

252 574 76 21 soner,
345 574 50 16 som
411 568 92 29 ärligen
515 568 102 23 anlända
628 569 35 22 till
674 569 95 23 trakten
786 569 44 23 den
848 570 62 22 östra
927 572 75 26 vägen

250 602 67 24 öfver
332 603 128 23 Kuusamo.
493 604 198 23 Karaktäristiskt
707 605 36 22 för
758 606 78 22 denna
850 605 108 23 landsdel
970 607 32 25 är,

250 639 81 22 säsom
348 640 73 22 redan
437 640 70 23 dessa
523 640 186 30 sifferuppgifter
724 642 86 26 utvisa,
828 640 45 23 den
884 641 118 29 tillfälliga

252 674 183 30 befolkningens
452 677 63 21 stora
531 678 112 20 numerär
654 677 7 21 i
669 676 138 30 jämförelse
819 676 55 23 med
884 676 45 23 den
941 676 62 23 fasta

250 710 176 30 bosättningen.
458 712 159 22 Landsdelens
641 712 132 23 förnämsta
797 713 119 29 naturliga
941 713 60 22 rike-

250 746 55 22 dom
322 749 33 25 är,
372 747 78 23 såsom
468 747 95 27 bekant,
580 748 53 22 dess
650 748 115 29 ofantliga
781 748 176 30 skogstillgäng
974 762 27 2 —

250 782 30 28 pä
297 782 69 22 Kemi
389 783 129 23 älfomräde
542 783 67 23 faller
628 784 70 28 drygt
714 784 75 29 tredje
806 784 68 22 delen
891 784 24 22 af
930 785 71 21 samt-

249 818 50 28 liga
322 818 174 30 kronoskogars
521 819 146 23 stockförräd
684 833 26 3 —
727 820 43 22 och
796 821 69 27 utgör
888 820 45 22 den
957 820 43 22 till-

250 854 163 23 strömmande
429 854 50 23 lösa
494 855 170 29 befolkningen
676 855 202 29 hufvudsakligen
890 856 111 27 arbetare,

249 889 84 23 hvilka
356 890 92 29 spridas
472 891 35 21 till
531 890 223 30 skogsafverkning,
773 891 229 29 timmerutdrifning

250 924 45 23 och
312 925 182 30 stockflottning
510 927 7 21 i
533 926 135 23 Kemiträsk
685 927 44 22 och
744 927 136 29 Kuolajärvi
895 927 106 22 socknar.

250 960 64 23 Enär
329 961 140 23 landsdelen
486 962 52 22 icke
554 962 141 29 producerar
711 969 43 16 ens
770 962 92 23 hälften
879 963 24 22 af
918 963 39 22 det
968 963 34 22 för

250 997 38 22 sin
316 1003 59 23 egen
399 997 63 23 fasta
486 997 139 30 befolkning
649 998 152 29 erforderliga
822 998 178 28 sädesförrädet,

251 1033 77 21 mäste
345 1033 40 22 det
408 1034 30 28 pä
462 1033 76 29 grund
555 1033 24 23 af
596 1033 97 23 berörda
710 1034 170 29 tillströmning
896 1034 24 22 af
937 1035 64 21 arbe-

249 1068 53 22 tare
318 1068 130 30 väsentligt
464 1068 75 23 ökade
557 1069 110 23 behofvet
689 1069 184 23 tillfredsställas
890 1070 53 22 med
959 1070 42 22 im-

251 1105 53 27 port
320 1104 52 23 från
389 1106 75 21 annat
480 1105 53 22 håll.
565 1105 220 23 Hufvudtillförseln
808 1105 24 23 af
846 1106 57 29 mjöl
919 1105 82 30 försig-

250 1139 43 29 gär
317 1140 101 23 medelst
442 1140 115 23 hästforor
580 1140 62 23 ifrän
661 1141 75 26 Kemi,
753 1141 44 23 och
814 1144 25 20 är
855 1142 40 22 det
910 1148 91 16 samma

251 1174 67 24 fallet
339 1176 93 28 jämväl
448 1176 53 22 med
521 1176 232 28 manufakturalster,
772 1177 171 23 kolonialvaror
958 1178 43 22 och

249 1210 93 24 diverse
360 1212 74 22 andra
450 1212 102 22 artiklar.
585 1212 65 23 Dock
670 1212 55 23 sker
740 1220 31 15 en
786 1212 53 23 icke
856 1213 145 29 obetydande

250 1246 98 23 införsel
365 1247 24 23 af
405 1248 55 29 mjöl
477 1248 42 22 och
544 1248 73 22 andra
640 1255 68 16 varor
724 1248 53 23 frän
796 1249 124 23 Hvitahafs
936 1249 65 23 ham-

249 1289 77 16 narna
350 1284 35 21 uti
408 1284 72 28 ryska
503 1284 100 22 Karelen
628 1284 43 22 och
694 1284 84 29 Norge,
799 1291 55 16 men
871 1288 26 19 är
913 1284 38 23 det
967 1286 34 21 att

248 1318 98 27 förutse,
365 1320 34 21 att
424 1319 30 22 all
469 1319 96 22 införsel
582 1320 75 22 skulle
673 1320 31 29 gä
720 1320 66 22 öfver
802 1320 74 27 Kemi,
894 1321 26 22 sä
936 1322 66 21 snart

248 1354 152 29 transporten
425 1355 60 22 ifrån
506 1355 78 22 denna
600 1356 35 21 ort
651 1355 78 23 blefve
745 1355 151 24 underlättad
912 1356 89 23 medels

249 1395 30 16 en
294 1390 105 29 järnväg
414 1390 35 23 till
465 1391 143 22 Rovaniemi.

321 1425 53 23 Den
390 1426 156 29 varumängd,
563 1433 50 16 som
630 1426 90 30 ärligen
737 1427 111 23 afsändes
864 1427 53 23 frän
932 1427 69 23 Kemi

248 1461 55 22 stad
327 1463 88 25 norrut,
432 1461 43 23 har
497 1462 127 23 beräknats
646 1463 79 29 uppgä
740 1463 36 22 till
792 1463 112 29 omkring
922 1467 78 23 15,000

321 1509 186 23 Järnvägsutskottets
519 1510 110 18 betänkande
641 1510 34 18 N:o
688 1511 17 17 2.
