1111 1773
314 142 245 22 Petitionsbetänkande
576 142 38 22 N:o
630 142 24 22 4.
801 145 27 19 39

179 206 41 18 Den
233 206 63 18 lokala
308 208 73 22 export-
394 206 35 18 och
442 206 129 23 importtrafik,
584 212 39 13 som
636 207 64 18 stöder
712 207 29 22 sig
753 208 23 22 på
788 207 73 17 häran-

109 235 58 24 tydda
174 234 160 24 förutsättningar,
340 235 84 19 kommer
435 235 130 23 förnämligast
577 238 27 16 att
616 236 22 23 gå
645 236 5 17 i
659 236 85 23 riktning
757 238 38 16 mot
806 236 54 17 Tam-

109 264 84 23 merfors,
206 264 76 18 därnäst
300 266 38 16 mot
356 264 65 24 Hangö
435 264 36 19 och
484 264 124 23 Helsingfors,
620 264 92 19 måhända
724 264 57 19 också
792 264 68 19 Lovisa

109 293 34 18 och
157 293 88 23 slutligen
257 296 38 15 mot
308 293 147 23 Petersburgska
466 294 108 22 järnvägen.

179 322 29 18 Då
226 322 95 18 afståndet
338 322 69 18 mellan
426 322 73 18 Orivesi
518 323 34 17 och
570 322 80 22 Järvelä,
668 324 68 17 utmätt
750 323 24 22 på
786 323 73 21 kartan,

110 352 55 22 utgör
181 351 52 19 cirka
245 351 35 18 100
292 352 36 21 km,
342 352 34 17 och
389 352 61 18 banan
463 352 82 18 kommer
558 354 28 16 att
597 352 80 22 fortlöpa
688 354 45 16 utan
746 353 59 17 större
817 352 43 17 kro-

109 380 40 21 kar,
166 379 49 25 finge
234 380 36 18 den
288 386 23 12 en
331 380 56 23 längd
403 380 22 18 af
435 380 57 19 omkr.
507 380 33 18 120
552 380 36 19 km.
612 380 99 19 Afståndet
723 380 68 18 mellan
805 380 55 18 dessa

109 409 96 22 stationer,
224 414 38 13 som
282 409 53 23 längs
348 410 103 22 järnvägen
471 410 50 18 öfver
540 410 124 18 Tammerfors
676 410 34 18 och
723 410 103 18 Riihimäki
838 410 22 17 är

109 439 34 17 204
157 438 37 22 km,
207 438 61 18 skulle
281 438 85 22 sålunda,
379 439 20 17 så
411 438 40 18 vidt
463 444 26 13 nu
501 440 36 16 kan
550 441 82 19 utrönas,
645 439 83 18 minskas
740 439 42 18 med
791 438 69 18 80285

109 467 37 22 km,
159 470 47 16 samt
224 467 89 18 sträckan
327 467 198 19 Orivesi—Riihimäki
539 468 41 18 med
594 468 22 18 18
628 468 30 17 km
671 468 47 18 eller
730 467 41 19 från
786 467 31 19 171
830 466 28 19 till

109 496 34 18 153
155 496 38 18 km.
217 496 64 18 Under
294 496 66 18 sådant
371 496 118 19 förbållande
502 499 21 16 är
535 496 31 18 det
578 497 55 21 klart,
646 498 27 17 att
685 497 56 18 Vasa-
755 498 34 17 och
796 496 62 24 Jyväs-

109 525 137 24 kyläbanornas
271 531 75 13 norrom
364 525 73 19 Orivesi
455 526 69 18 station
543 526 79 23 belägna
640 525 152 23 trafikomräden,
809 525 20 23 ja
846 526 13 17 t.

110 560 16 12 o.
139 560 24 12 m.
176 554 174 23 Uleäborgsbanans
364 555 94 22 sydligare
473 554 74 19 område
560 555 73 18 komme
646 556 27 17 att
680 554 84 18 använda
770 556 35 17 här
811 554 49 18 före-

109 583 66 23 slagna
200 584 86 22 genbana
310 584 60 18 såsom
395 584 91 23 trafikväg
511 584 49 18 såväl
585 585 18 17 åt
622 586 51 16 öster
691 586 39 16 mot
747 583 112 23 Petersburg

109 617 40 13 som
168 612 28 18 till
212 612 112 24 sydkustens
343 613 100 23 viktigaste
459 613 82 21 hamnar,
557 612 117 24 Helsingfors
686 613 35 18 och
735 612 70 24 Hangö.
830 612 29 18 Då

109 641 96 19 afståndet
224 641 68 19 mellan
310 642 125 18 Tammerfors
448 642 35 18 och
495 642 75 18 Järvelä
582 647 67 18 genom
662 642 72 18 Orivesi
746 642 61 18 blefve
820 640 39 19 det-

109 676 71 13 samma
197 676 39 12 som
254 670 29 18 för
301 671 116 18 närvarande
433 676 67 18 genom
513 671 109 21 Riibimähi,
635 671 21 17 så
668 676 43 13 vore
724 670 136 19 Orivesi—Jär-

109 700 42 18 velä
169 700 85 22 genbana
271 700 60 23 egnad
344 702 27 16 att
383 700 85 22 aflägsna
480 700 87 18 behofvet
579 700 20 18 af
610 700 122 23 parallelspär
745 699 11 18 &
767 699 92 18 bandelen

109 724 124 32 Riihimäki-
238 724 128 32 Tammerfors.

178 758 54 18 Hvad
249 758 252 23 anläggningskostnaderna
519 758 63 23 angär,
600 758 73 18 komma
691 758 23 18 de
728 758 92 23 knappast
831 759 28 16 att

109 786 103 24 öfverstiga
229 787 115 21 medeltalet,
356 789 45 16 enär
414 787 61 18 banan
489 798 19 2 —
525 792 29 13 om
566 793 42 12 man
622 786 118 23 undantager
753 789 26 15 ett
791 785 48 19 sund
851 786 7 18 i

109 815 141 23 Längelmävesi
269 826 21 3 —
303 816 73 18 komme
389 818 27 16 att
429 816 76 24 öfvergä
517 816 84 18 hvarken
616 816 61 22 någon
690 816 111 18 vattensträt
813 814 46 19 eller

110 844 79 18 bredare
201 845 39 21 åar,
253 844 17 23 ej
283 845 61 18 heller
356 845 123 23 genomskära
492 846 132 22 bärgstrakter,
631 848 44 14 utan
685 844 105 19 merendels
796 844 62 18 kunde

109 874 93 22 framlöpa,
215 874 53 23 längs
284 874 139 23 jämförelsevis
439 875 65 22 jämna
522 874 35 19 och
576 874 58 19 hårda
650 874 79 18 marker.
753 875 32 16 Att
797 873 61 18 banan

110 903 34 18 bör
160 903 68 23 byggas
246 903 112 23 bredspårig
375 905 35 17 och
430 903 54 19 äfven
503 904 28 18 för
550 903 57 24 öfrigt
625 905 82 16 utrustas
723 904 7 17 i
743 903 61 18 likhet
816 902 42 18 med

110 932 139 21 stambanorna,
261 932 82 23 framgår
355 931 20 19 af
387 933 31 18 det
431 933 119 23 föregående.

178 961 75 18 Banans
271 961 137 18 räntabilitetet
426 962 33 17 bör
475 962 79 18 sålunda
568 967 54 13 anses
634 962 78 23 tryggad
725 961 34 18 och
773 961 42 18 dess
827 960 29 19 be-

109 989 72 24 tydelse
200 995 40 13 som
258 995 23 13 en
300 991 44 18 länk
362 991 7 17 i
385 991 76 18 landets
474 993 62 16 västra
545 991 123 22 järnvägsnät
681 991 34 18 bör
726 995 44 13 vara
782 989 76 22 erkänd,

109 1019 24 23 pä
146 1024 70 13 samma
227 1019 50 23 gång
290 1020 43 18 dess
346 1021 114 22 värkningar
473 1020 73 18 komme
558 1022 28 16 att
595 1021 48 22 jämt
655 1020 73 18 fördela
734 1019 29 23 sig
769 1019 52 18 öfver
827 1018 32 19 det

109 1047 75 19 område
197 1048 61 18 banan
270 1051 83 16 närmast
366 1049 73 18 komme
453 1051 27 16 att
494 1049 79 23 betjäna,
585 1049 95 22 nämligen
688 1049 96 18 trakterna
791 1047 67 19 mellan

109 1077 89 23 Päijänne
217 1077 35 18 och
271 1078 55 18 södra
345 1078 121 18 Tavastlands
485 1079 99 22 västligare
601 1078 117 22 vattendrag,
730 1077 31 18 det
772 1079 87 16 innersta

109 1105 115 19 Tavastland.

177 1134 26 19 På
219 1135 61 22 grund
296 1136 21 18 af
327 1136 34 18 allt
373 1136 52 18 detta
439 1136 56 22 vågar
505 1136 32 23 jag
549 1136 75 18 anhålla
636 1142 29 12 om
678 1135 123 19 Hedervärda
812 1135 48 17 Bon-

109 1164 109 18 deståndets
236 1164 112 19 medvärkan
368 1164 77 22 därhän,
461 1167 28 16 att
501 1164 107 20 Ständerna
619 1165 31 17 vid
662 1164 125 19 innevarande
800 1163 60 19 landt-

109 1193 36 23 dag
157 1193 77 23 inginge
247 1194 29 17 till
290 1194 22 18 H.
326 1194 21 18 K.
363 1194 89 23 Majestät
465 1194 42 18 med
519 1194 117 23 underdånig
649 1194 81 23 petition
743 1194 69 20 därom,

324 1280 29 18 att
376 1279 27 19 H.
429 1278 27 26 K.
480 1278 98 25 Mojestät
603 1278 63 20 innan
689 1279 58 19 nästa
764 1277 94 25 landtdag

252 1314 76 20 täcktes
352 1314 42 20 låta
418 1314 122 20 ekonomiskt
562 1315 36 19 och
621 1314 150 20 instrumentalt
787 1313 71 20 under-

250 1350 49 20 söka
323 1356 24 14 en
366 1350 150 25 järnvägslinje
535 1350 33 25 för
589 1357 23 13 en
628 1350 117 25 bredspärig
759 1355 98 15 samman-

251 1386 165 25 bindningsbana,
437 1392 42 14 som
501 1386 49 25 från
568 1386 78 20 Orivesi
662 1386 74 20 station
751 1386 34 19 vid
801 1385 57 19 Tam-

251 1422 170 25 merfors—Vasa
448 1422 90 25 järnväg
567 1423 65 19 skulle
658 1428 67 19 genom
750 1421 108 25 Eräjärvi,

251 1457 140 23 Kuhmalahti,
415 1458 104 24 Luopiois,
543 1458 91 25 Lampis,
658 1458 75 20 Koskis
753 1458 34 19 och
803 1457 54 19 Kär-

179 1503 187 23 Järnvägsutskottets
377 1504 112 18 betänkande
502 1504 33 18 N:o
547 1505 17 17 2.
