1111 1775
237 151 29 21 20
407 150 409 30 Sammanjämkningsbetänkande.

237 218 79 26 ningar
336 217 35 21 för
390 218 31 20 ett
436 216 96 22 normalt
548 216 193 27 landtdagsarbete
757 216 89 24 saknas,
863 217 26 19 är
904 216 22 20 af
942 222 40 20 syn

237 247 70 27 nerlig
330 247 46 27 vigt
399 248 31 20 att
454 246 131 26 Ständerna,
603 246 24 22 så
644 248 61 19 snart
721 246 217 27 omständigheterna
954 246 35 20 det

237 277 118 27 medgifva,
380 277 57 27 finge
462 279 109 24 emottaga
596 277 36 21 det
647 277 161 26 hugnesamma
828 276 161 25 meddelandet,

237 309 32 19 att
292 307 61 21 Hans
378 307 122 27 Kejserliga
523 306 101 27 Majestät
648 306 94 27 behagat
766 307 6 20 i
793 305 70 22 nåder
879 305 111 22 anbefalla

237 337 155 26 uppgörandet
414 336 23 21 af
453 337 27 20 de
497 337 35 20 för
548 336 126 21 ändamålet
690 335 144 28 erforderliga
851 336 82 26 förslag
948 335 42 21 och

238 366 136 22 utlåtanden.

309 397 60 20 Enär
389 396 144 27 åtgärdernas
554 396 96 27 riktning
666 396 42 21 och
724 396 56 27 syfte
797 395 96 27 framgår
909 395 23 21 af
948 395 42 21 den

237 426 135 27 föregående
396 426 197 27 framställningen,
615 427 40 20 har
676 425 66 28 något
758 427 103 20 närmare
877 425 113 21 uttalande

237 456 116 27 angående
370 455 120 22 innehållet
506 456 23 21 af
545 457 27 20 de
589 456 217 27 lagstiftningsakter,
823 462 79 20 genom
916 455 75 21 hvilka

237 486 111 27 behöfliga
369 487 119 26 ändringar
508 485 68 22 borde
593 485 160 28 åvägabringas
769 486 7 21 i
793 486 27 21 de
829 485 160 26 författningar,

237 523 49 14 som
310 516 41 21 här
371 516 66 26 afses,
455 516 49 21 icke
520 518 83 19 ansetts
619 515 120 28 påkalladt.
772 515 78 22 Derest
866 515 60 21 Hans
943 515 47 26 Kej-

237 546 81 27 serliga
334 546 102 27 Majestät
451 545 138 22 beträffande
605 552 26 15 en
649 546 35 21 del
700 547 81 20 ämnen
797 545 69 22 funne
880 545 110 21 utfärdan-

237 576 37 22 det
291 576 23 22 af
330 583 44 21 nya
390 576 204 27 lagbestämmelser
610 582 40 20 ega
667 575 110 22 företräde
794 575 93 21 framför
903 575 27 21 de
941 575 49 21 tidi-

237 612 52 21 gare
306 606 122 27 lagbudens
445 605 185 23 återförsättande
646 606 7 20 i
672 606 64 25 kraft,
753 608 63 19 torde
832 605 125 22 Ständerna
968 604 22 22 få

237 638 92 24 emotse,
347 638 31 20 att
393 636 77 22 härför
486 636 144 26 erforderliga
646 635 81 27 nådiga
743 636 163 26 propositioner
922 635 67 21 redan

238 666 31 21 till
287 666 42 22 den
346 673 30 14 nu
392 666 135 21 församlade
544 666 132 26 landtdagen
693 665 86 21 aflåtas.

311 762 40 21 Det
375 762 71 21 finska
470 762 68 21 folket
557 762 40 20 har
613 762 71 26 aldrig
700 761 149 21 eftersträfvat
865 760 67 27 några
949 761 40 21 för-

239 792 62 21 delar
325 791 29 28 på
378 792 122 27 Rysslands
524 792 123 21 bekostnad
670 791 54 22 eller
740 792 47 26 höjt
803 790 68 28 några
886 790 102 27 anspråk,

238 828 48 15 som
303 821 76 28 afsåge
395 824 31 19 ett
441 822 146 27 försvagande
599 822 23 21 af
636 822 36 21 det
683 821 103 28 politiska
798 821 131 21 sambandet
940 821 50 21 med

238 851 174 28 Kejsaredömet.
431 852 41 21 Det
488 851 67 28 begär
571 852 18 27 ej
608 852 69 21 heller
693 852 6 20 i
716 851 140 21 närvarande
873 851 64 21 stund
954 850 37 21 nå-

237 884 38 25 got
299 884 68 19 annat
390 883 28 20 än
435 882 57 21 hvad
510 888 47 15 som
574 881 72 22 blifvit
662 882 123 21 detsamma
801 881 134 26 högtidligen
951 880 39 21 till-

237 911 138 22 försäkradt:
393 914 31 19 att
440 911 104 22 Finlands
561 911 61 27 lagar
638 911 67 22 måtte
721 910 179 22 vidmakthällas.
933 910 57 22 Stor-

238 941 174 22 furstendömets
435 941 100 28 förening
559 941 50 22 med
625 942 171 26 Kejsaredömet
811 941 72 21 hvilar
899 940 28 27 pä
943 941 47 20 säk-

238 974 59 19 raste
321 971 115 27 grundval,
458 973 42 20 när
515 971 107 28 styrelsen
639 972 63 21 öfver
718 971 93 21 Finland
829 971 87 21 utöfvas
932 971 7 20 i
956 977 34 14 en-

238 1001 68 27 lighet
329 1001 50 22 med
403 1002 59 21 detta
483 1001 64 21 lands
563 1002 7 20 i
587 1001 50 21 dess
654 1001 133 27 grundlagar
807 1001 116 20 utstakade
940 1001 50 20 kon-

237 1031 108 26 stitution,
362 1031 86 27 hägnad
466 1031 22 21 af
504 1031 51 21 dess
571 1031 55 27 höge
642 1031 125 21 monarker.

311 1061 83 27 Frägor
409 1061 138 22 hänförande
564 1061 33 27 sig
614 1061 32 21 till
659 1061 27 22 de
697 1061 133 26 ömsesidiga
843 1061 147 21 relationerna

238 1091 82 21 mellan
340 1091 167 27 Kejsaredömet
518 1091 41 22 och
571 1091 212 21 Storturstendömet
793 1091 76 20 kunna
881 1090 44 21 helt
937 1091 54 20 visst

238 1121 7 21 i
262 1121 118 21 framtiden
402 1121 94 21 likasom
519 1121 70 21 under
605 1121 92 27 tidigare
714 1121 103 27 perioder
833 1121 75 20 städse
924 1120 67 21 vinna

239 1157 28 14 en
283 1151 205 21 tillfredsställande
505 1151 93 26 lösning,
615 1157 36 15 om
667 1151 37 21 vid
720 1151 66 21 deras
798 1150 134 27 behandling
944 1150 46 21 skä-

239 1181 29 27 lig
279 1181 87 27 hänsyn
382 1183 62 25 tages
460 1181 65 21 äfven
541 1181 32 21 till
585 1181 27 21 de
623 1181 109 21 intressen
744 1181 42 21 och
797 1180 133 27 rättigheter,
943 1186 47 15 som

238 1212 40 20 äro
294 1211 97 27 dyrbara
406 1211 35 21 för
456 1210 99 22 Finland.
580 1210 49 22 Men
646 1211 27 21 de
689 1211 67 25 idöer,
773 1217 49 15 som
839 1211 78 20 vunnit
931 1210 60 27 infly-

238 1241 67 21 tande
320 1240 29 28 pä
360 1241 43 21 den
414 1241 71 21 under
498 1243 87 19 senaste
601 1241 57 21 tider
674 1241 69 27 följda
759 1240 107 28 politiken
882 1242 46 19 mot
944 1240 47 21 Fin-

238 1270 53 21 land
308 1271 43 21 och
374 1271 97 21 därefter
493 1271 71 27 tryckt
587 1271 34 21 sin
638 1271 74 27 prägel
729 1270 29 28 pä
777 1270 214 27 regeringsmaktens

238 1300 164 27 handlingssätt
417 1301 7 20 i
441 1300 219 25 Storfurstendömet,
681 1300 108 22 innebära
810 1299 26 22 sä
851 1300 140 21 förstörande

238 1330 125 26 tendenser,
381 1333 31 18 att
435 1330 37 22 det
494 1330 71 22 finska
588 1330 74 26 folket,
680 1330 50 22 med
747 1330 160 27 uppbjudande
923 1330 23 21 af
962 1330 28 21 all

239 1361 34 20 sin
290 1361 120 21 moraliska
434 1361 42 21 och
492 1361 120 21 nationella
629 1360 189 26 motständskraft,
836 1359 70 22 mäste
922 1361 69 20 värna

239 1390 34 21 sin
290 1392 43 19 rätt
349 1390 42 21 och
408 1391 33 20 sin
458 1391 96 20 existens
571 1393 46 18 mot
632 1390 86 21 sådana
734 1391 73 21 ideers
824 1389 93 28 intrång.

312 1420 40 21 Det
368 1419 55 22 låter
439 1420 49 22 icke
504 1421 67 20 tänka
588 1421 38 26 sig,
636 1423 31 18 att
683 1427 28 15 en
727 1420 140 27 förlängning
880 1420 23 21 af
919 1420 72 21 denna

238 1449 93 22 konflikt
347 1456 53 16 vore
416 1450 111 21 önskvärd
543 1450 35 21 för
594 1450 116 27 Ryssland.
736 1450 43 21 För
795 1450 94 21 Finland
904 1451 25 19 är
939 1449 51 22 kon-

238 1479 88 22 fliktens
350 1480 144 27 utjämnande
518 1480 22 21 af
563 1480 43 21 den
629 1482 57 19 mest
710 1479 139 28 djupgäende
871 1479 118 28 betydelse.

311 1521 62 18 Särsk.
387 1521 52 19 Besv.
452 1521 46 18 utsk.
512 1521 31 18 bet.
557 1521 35 18 N:e
605 1522 14 17 1.
