1111 1778
311 154 273 23 Petitionsbetänkande
600 156 41 22 N:o
657 154 28 22 2.'
865 156 11 20 7

196 221 70 20 Redan
290 220 58 27 längt
366 222 62 19 innan
445 221 24 20 de
484 220 62 28 ryska
561 222 143 26 gendarmerna
720 228 71 20 genom
807 221 70 20 ofvan-

125 251 74 20 nämda
221 250 119 21 instruktion
364 251 21 20 af
400 251 39 19 den
457 252 26 19 10
500 251 108 20 november
625 252 55 20 1903
697 251 80 20 erhällit
793 258 24 12 en
833 251 45 20 offi-

124 280 37 21 ciel
177 280 98 26 ställning
289 281 6 19 i
310 280 69 21 landet
395 284 51 16 samt
461 284 28 17 ett
504 280 59 27 årligt
578 281 72 26 anslag
664 281 22 19 af
701 279 29 28 2/s
741 280 69 27 miljon
821 281 56 19 mark

125 310 26 27 pä
167 310 37 20 den
229 310 68 20 finska
320 310 156 26 statsbudgeten,
492 310 57 25 hade,
564 311 65 20 säsom
646 310 65 20 kändt
726 312 27 24 är,
771 310 39 20 den
826 310 51 21 förre

124 340 204 26 generalguvernören
353 340 88 26 betjänat
463 341 30 26 sig
516 340 22 19 af
560 341 116 26 gendarmer
696 341 32 19 för
743 344 28 17 ett
787 340 90 26 spioneri,

125 376 43 13 som
184 369 35 20 har
233 369 141 21 åstadkommit
389 370 80 26 mycket
483 369 55 21 ondt.
569 370 124 26 Oförmögna
708 374 30 16 att
752 370 63 20 förstå
828 370 50 20 före-

126 399 96 20 teelserna
238 400 4 19 i
259 399 34 20 det
313 399 125 25 samhällslif,
456 399 30 20 till
510 399 59 20 hvars
589 400 84 26 hemliga
689 399 148 21 öfvervakande
853 400 24 20 de

126 429 78 25 anlitas,
229 429 61 20 hafva
313 430 144 26 gendarmerna
480 429 79 27 afgifvit
577 434 107 23 rapporter,
701 430 6 19 i
723 430 74 24 hvilka,
814 429 63 27 enligt

126 459 53 20 hvad
199 460 6 19 i
221 460 72 25 många
317 459 36 20 fall
376 459 67 21 blifvit
466 459 82 25 bekant,
573 459 130 27 tilldragelser
726 460 36 20 och
784 466 93 19 personer

126 489 93 20 skildrats
242 489 46 20 med
310 489 120 26 fabelaktigt
447 489 142 20 vanställande
605 490 21 20 af
641 491 117 25 sanningen.
790 489 10 20 I
816 489 61 20 behof

126 519 22 20 af
163 519 133 27 medhjälpare
312 520 5 19 i
333 519 30 20 sin
380 519 211 26 spionerivärksamhet
606 519 61 21 hafva
682 520 143 26 gendarmerna
835 519 42 20 ofta

126 549 72 20 förledt
213 557 25 12 en
254 549 75 26 mängd.
345 549 115 20 människor
475 553 29 16 att
520 549 90 20 bedrifva
626 549 102 26 angifveri,
745 549 76 20 hvilket
836 549 42 20 åter

126 579 85 26 utspridt
227 579 157 20 demoralisation
400 579 62 20 bland
479 579 69 20 folket.

198 609 45 20 Den
264 609 61 20 ofvan
342 609 83 20 berörda
440 616 41 19 nya
497 609 136 26 anordningen
650 609 127 20 beträffande
792 609 85 26 gransk-

127 639 73 26 ningen
224 639 21 19 af
268 639 222 26 ångbåtspassagerares
514 645 46 20 pass
584 639 63 20 vållar
667 639 24 19 de
709 639 82 20 resande
807 639 71 20 endast

127 668 111 20 tidsförlust
260 668 37 20 och
321 669 63 20 andra
406 668 165 27 obehagligheter,
591 673 48 16 utan
655 672 29 16 att
700 676 47 13 vara
763 668 30 20 till
809 669 68 26 någon

127 701 58 23 nytta
207 698 30 20 för
260 698 33 20 det
316 698 108 20 allmänna.
455 698 31 20 På
508 698 39 20 den
569 703 77 15 senaste
662 699 52 19 tiden
731 699 36 19 har
783 699 94 19 särskildt

126 727 172 27 ångbåtstrafiken
315 728 44 20 från
376 728 75 26 Hangö
467 728 30 20 till
513 728 95 26 engelska
623 728 83 20 hamnar
721 728 44 20 lidit
780 728 97 26 störingar

127 764 70 20 genom
213 757 38 20 den
267 758 83 26 otroliga
364 758 131 25 långsamhet,
510 758 97 19 hvarmed
624 758 24 20 de
664 758 149 26 inkompetenta
829 765 48 19 gen-

127 787 104 20 darmerna
255 786 86 27 fullgöra
364 788 29 19 sin
418 787 93 21 kontroll.
543 787 137 20 Försenandet
695 788 22 19 af
731 787 146 28 ångfartygens

127 817 114 26 afgångstid
264 817 36 20 har
323 817 89 24 medfört,
433 821 54 17 utom
504 817 57 20 svåra
577 817 126 27 olägenheter
719 817 30 20 för
763 824 114 20 passagera-

126 853 52 18 rene,
196 847 113 26 betydande
325 847 92 20 förluster
432 847 31 20 för
478 849 152 24 smörexporten,
646 847 32 20 för
693 847 58 20 hvars
766 847 111 26 främjande

125 883 71 20 genom
219 877 65 20 snabb
307 877 38 20 och
368 877 57 20 säker
448 880 102 24 transport
572 877 55 20 såväl
646 881 64 16 staten
727 885 41 12 som
784 877 93 20 enskilda

125 906 61 27 bolag
201 906 64 21 iklädt
281 907 29 26 sig
325 911 53 16 stora
393 907 143 26 uppoffringar.

197 936 54 20 Från
275 936 54 21 olika
351 937 55 20 delar
428 937 22 19 af
472 937 70 20 landet
565 937 61 20 hafva
640 937 93 20 omtalats
749 936 37 21 fall
802 937 74 24 därom,

126 967 50 18 huru
199 967 143 26 gendarmerna
362 967 82 26 uppfört
462 967 29 26 sig
506 967 75 20 brutalt
597 967 32 20 vid
645 967 135 26 fullgörandet
796 967 21 19 af
833 968 44 19 sina

125 996 95 26 uppdrag.
253 996 26 20 Vi
303 996 70 21 kunna
395 997 17 26 ej
436 997 105 20 underlåta
564 1000 29 17 att
616 997 64 20 såsom
700 1000 29 17 ett
744 997 54 20 bevis
815 996 62 27 härpå

125 1025 71 20 anföra
211 1026 106 20 huruledes
332 1030 28 16 ett
375 1027 56 19 antal
446 1027 117 26 gendarmer
579 1027 79 26 nyligen
676 1027 12 19 å
704 1026 111 27 Hyvinkää
825 1027 52 26 järn-

126 1056 120 25 vägsstation
263 1056 117 26 opåkalladt
396 1057 93 19 använde
505 1056 134 27 bandgripligt
655 1056 47 20 våld
718 1056 31 20 för
765 1059 29 17 att
807 1056 70 20 hindra

125 1086 75 19 tvänne
215 1085 74 20 aktade
304 1087 47 18 män
367 1088 29 18 att
412 1086 91 20 fortsätta
519 1086 30 19 sin
565 1093 43 13 resa
624 1086 30 20 till
674 1086 131 26 Helsingfors.
837 1086 38 20 Om

125 1114 62 26 laglig
207 1115 86 26 ordning
315 1122 46 13 vore
380 1116 88 20 rådande
488 1116 6 19 i
515 1115 74 25 landet,
605 1115 65 21 skulle
685 1116 58 26 ingen
760 1116 117 26 myndighet

126 1144 70 20 kunna
215 1144 51 21 falla
281 1145 26 26 på
325 1146 39 19 den
380 1145 80 24 tanken,
477 1149 29 17 att
522 1146 87 26 förgripa
624 1146 30 26 sig
668 1146 27 26 på
710 1146 84 26 fredliga
809 1152 68 13 resan-

126 1174 34 20 des
176 1174 63 20 frihet.

197 1204 72 20 Kändt
288 1206 23 18 är
325 1204 115 21 äfvenledes
456 1205 51 20 huru
522 1205 144 26 gendarmerna
680 1205 64 20 under
759 1205 117 20 nuvarande

125 1234 98 26 landtdag
245 1234 61 20 hafva
329 1235 44 20 med
397 1235 85 26 onödiga
499 1235 125 20 trakasserier
639 1235 76 20 försökt
731 1234 59 21 ställa
806 1235 71 19 hinder

125 1264 31 20 för
171 1264 154 26 landtdagsmän
341 1265 27 26 på
384 1264 57 20 deras
456 1272 58 13 resor.

199 1294 69 20 Under
290 1294 25 20 de
338 1297 78 18 senaste
436 1294 88 27 dagarna
547 1294 36 20 har
601 1295 101 26 iakttagits
718 1298 28 16 att
761 1294 116 28 gendarmer

126 1324 50 19 varit
198 1324 103 26 posterade
324 1324 82 20 utanför
429 1324 139 24 Riddarhuset,
590 1325 25 19 då
635 1324 155 27 landtdagsmän
812 1324 65 21 tillhö-

125 1353 61 20 rande
206 1353 99 21 särskilda
320 1354 59 20 stånd
395 1354 113 20 församlats
524 1354 101 20 därstädes
642 1354 30 20 till
688 1354 143 21 förberedande
847 1354 30 20 öf-

125 1383 158 27 verläggningar.
314 1384 38 20 Att
370 1391 25 13 en
416 1384 64 20 sådan
499 1385 6 19 i
525 1384 38 20 och
583 1384 30 20 för
633 1384 29 26 sig
678 1384 123 27 fullkomligt
815 1384 61 20 ända-

126 1412 81 21 målslös
231 1413 195 27 bevakningsåtgärd
450 1416 22 17 är
494 1414 97 26 oförenlig
607 1414 42 20 med
666 1414 38 19 den
721 1414 84 26 aktning
821 1421 56 19 myn-

125 1442 114 26 digheterna
262 1444 34 18 äro
320 1443 91 27 skyldiga
434 1443 135 26 landtdagens
593 1443 131 24 medlemmar,
740 1443 55 21 torde
811 1444 16 26 ej
845 1443 31 20 be-

125 1472 62 20 höfva
202 1472 55 20 ledas
272 1473 6 19 i
294 1472 61 21 bevis.

197 1513 61 19 Särsk.
271 1512 53 19 Besv.
337 1514 46 18 utsk.
396 1514 33 17 bet.
442 1514 35 18 N:o
490 1515 20 17 2.
