1111 1773
315 171 245 23 Petitionsbetänkande
577 170 37 23 N:o
630 171 24 22 4.
790 173 40 20 117

109 237 35 22 att
167 243 28 16 en
220 242 65 16 mera
305 235 134 30 betydande
459 235 73 23 trafik
549 236 23 22 af
588 235 106 30 antydda
710 235 51 30 slag
777 236 85 22 endast

109 273 7 21 i
140 271 177 30 undantagsfall
341 278 54 15 vore
419 273 34 21 att
477 272 112 29 påräkna.
622 272 46 22 Det
692 279 69 21 synes
782 271 79 24 därför

109 307 140 30 uppenbart,
273 309 35 21 att
332 307 89 29 hänsyn
439 307 34 23 till
490 307 79 23 denna
586 308 152 22 eventualitet
753 307 54 23 icke
823 308 38 22 be-

109 343 82 23 höfver
207 345 74 27 tagas,
299 343 29 23 då
344 343 68 28 fråga
429 346 31 24 är,
478 343 61 23 huru
551 344 184 29 järnvägsnätet
750 344 7 22 i
774 344 88 22 norden

110 379 226 29 ändamålsenligast
352 379 60 22 skall
428 379 146 30 planläggas.
599 379 80 23 Skulle
696 379 59 23 dock
767 386 28 15 en
807 379 54 23 fort-

110 416 107 28 sättning
233 415 24 22 af
267 415 114 23 Karelska
398 415 77 23 banan
493 415 59 22 efter
568 415 56 22 dess
641 421 32 16 nu
689 415 73 22 redan
779 415 83 29 ifråga-

111 453 62 20 satta
188 451 150 29 förlängning
354 451 34 22 till
404 451 101 23 Nurmes
523 451 61 23 ända
600 457 47 23 upp
664 451 34 22 till
712 451 92 30 Kajana
815 452 8 21 i
833 457 29 16 en

112 487 94 22 framtid
232 487 108 22 befinnas
365 487 23 22 af
412 487 74 22 andra
509 487 51 22 skäl
581 494 58 16 vara
656 487 24 22 af
698 487 109 22 behofvet
822 486 38 30 på-

111 523 85 28 kallad,
216 523 110 29 erbjuder
342 523 130 22 emellertid
489 523 115 22 hvardera
620 523 24 22 af
662 523 28 22 de
710 522 77 30 bägge
806 523 56 22 ban-

110 559 119 29 förslagen
255 559 92 22 tillfälle
364 559 34 22 till
418 566 29 15 en
464 559 228 29 sammanbindning
709 558 23 23 af
747 558 117 23 Karelska

111 595 78 22 banan
207 595 53 22 med
276 595 129 29 Uleåborgs
421 594 43 23 och
482 595 90 22 Torneå
588 595 112 22 banorna.

182 630 46 23 Vid
248 631 136 29 jämförelse
409 631 24 22 af
455 631 29 22 de
501 630 179 29 ifrågavarande
698 631 116 22 banornas
830 631 33 21 in-

113 666 82 23 bördes
207 666 132 23 företräden
351 666 42 23 har
403 666 121 23 Utskottet
534 667 52 22 icke
602 666 92 23 kunnat
708 666 101 23 tillmäta
817 666 46 22 den

112 702 211 30 omständigheten,
334 704 31 21 att
376 703 37 22 den
424 703 118 29 sydligare
549 703 23 23 af
581 702 53 23 dem
643 702 77 23 skulle
728 702 96 23 komma
830 703 34 21 att

112 738 182 24 sammanbinda
317 738 130 30 Uleåborgs
471 739 43 22 och
536 738 113 23 Savolaks
665 739 129 29 järnvägar
810 737 54 23 med

112 774 133 23 hvarandra
256 775 75 29 någon
346 776 73 21 större
434 774 125 29 betydelse,
569 774 107 27 emedan,
686 774 73 29 enligt
769 774 94 22 Utskot-

112 812 47 21 tets
169 810 159 27 förmenande,
340 818 28 15 en
380 810 305 29 sammanbindningsbana
696 810 100 22 emellan
807 810 56 22 före-

112 846 88 23 nämda
212 847 130 29 järnvägar
361 846 52 23 med
425 846 88 23 lisalmi
525 846 77 23 såsom
614 846 126 29 ändpunkt
750 846 48 22 förr
809 845 56 23 eller

113 890 83 15 senare
212 883 76 22 måste
304 882 96 23 komma
416 883 34 22 till
466 882 132 23 utförande.
631 882 124 29 Viktigare
771 882 43 23 har
824 881 40 23 det

113 921 67 27 synts
196 919 127 30 Utskottet,
337 920 34 21 att
387 925 29 16 en
434 918 34 23 till
485 919 74 28 Lappi
576 918 88 29 dragen
674 919 102 28 järnväg
788 917 76 23 skulle

113 955 96 22 komma
233 956 34 21 att
291 955 140 29 genomlöpa
454 954 46 23 den
525 954 107 23 området
647 953 71 30 kring
734 953 59 24 Uleå
809 953 32 23 älf
857 953 8 22 i

113 991 110 23 afseende
247 991 13 22 å
284 991 80 28 odling
387 990 43 23 och
451 990 178 29 odlingsbarhet
644 990 55 23 vida
715 989 150 29 öfverlägsna

113 1027 114 29 Siikajoki
245 1027 108 22 älfdalen.
386 1027 35 22 Då
437 1027 79 22 denna
534 1026 60 23 bana
612 1026 115 29 därjämte
744 1026 13 22 å
774 1032 45 16 ena
835 1025 29 22 si-

113 1063 47 22 dan
176 1063 67 22 berör
259 1063 125 22 Uleåträsk
400 1063 41 22 vid
456 1063 88 22 tvänne
560 1062 94 29 platser,
664 1061 146 23 Vuottolahti
821 1061 44 22 och

113 1099 176 29 Vuolijoensuu,
313 1099 81 22 hvilka
413 1099 38 22 väl
468 1098 82 23 kunna
567 1098 79 29 lämpa
662 1099 37 28 sig
715 1097 34 22 till
766 1097 100 22 hamnar

113 1135 36 22 för
165 1134 103 23 trafiken
284 1135 14 22 å
314 1134 87 23 nämda
417 1135 42 28 sjö,
476 1134 44 23 och
545 1133 81 23 hvilka
641 1134 9 22 i
667 1132 145 24 förhållande
830 1132 36 23 till

113 1170 193 29 hamnplatserna
330 1170 39 23 vid
393 1170 93 29 Kajana
508 1170 42 23 och
575 1169 172 23 Kiehimänsuu
771 1169 34 22 till
822 1168 42 23 och

114 1206 53 23 med
184 1209 39 20 äro
240 1206 181 29 fördelaktigare
438 1206 102 29 belägna
556 1208 30 20 än
600 1205 82 27 Vaala,
694 1206 62 21 samt
767 1204 14 23 å
793 1203 73 24 andra

114 1242 67 23 sidan
206 1242 145 23 omedelbart
374 1242 121 22 fortsättes
519 1248 85 22 genom
622 1241 45 22 den
684 1240 73 23 redan
773 1240 93 29 färdiga

111 1279 134 29 järnvägen
270 1278 34 23 till
328 1277 131 24 Brahestad
484 1277 44 23 och
553 1277 44 23 den
615 1278 8 22 i
639 1277 54 23 dess
710 1277 83 22 närhet
809 1275 57 30 nyli-

115 1321 46 23 gen
184 1314 94 23 utförda
303 1314 253 29 hamnanläggningen
573 1313 39 23 vid
628 1313 134 29 Lapaluoto,
779 1312 42 22 har
838 1318 27 16 en

116 1351 117 22 minoritet
256 1352 63 21 inom
336 1350 121 23 Utskottet
471 1350 65 22 velat
553 1349 65 29 gifva
634 1349 77 23 denna
728 1348 63 23 bana
807 1348 57 22 före-

115 1387 77 23 trädet
207 1386 100 23 framom
325 1386 79 22 banan
420 1385 230 29 Uleäborg—Vaala.

186 1422 44 23 För
246 1422 150 29 pluraliteten
412 1422 64 22 inom
493 1422 121 22 Utskottet
634 1420 71 23 hafva
722 1420 59 22 dock
797 1420 29 22 de
843 1419 24 23 af

117 1462 55 19 1897
198 1458 36 22 års
249 1458 203 30 järnvägskomité
471 1458 8 21 i
495 1458 65 22 detta
576 1456 134 23 hänseende
728 1455 140 23 framhållna

115 1494 179 30 synpunkterna
317 1494 60 22 varit
398 1493 186 23 bestämmande.
616 1492 95 23 Främst
726 1492 43 22 har
784 1490 82 24 härvid

186 1542 185 24 Järnvägsutskottets
384 1542 111 18 betänkande
509 1541 34 18 N:o
556 1542 16 17 2.
