1086 1775
261 146 346 22 Petitionsbetänkande
622 145 52 23 N:o
692 146 26 22 7.
839 148 28 20 69

122 459 150 25 Öfversättning.

121 492 87 18 Afskrift.

460 541 61 21 XIII.

405 607 84 20 Inkom
506 606 45 21 den
568 607 12 20 3
597 607 45 27 maj
662 606 56 21 1904
727 607 72 27 jämte
811 607 54 20 Hof-

335 637 85 20 rättens
437 637 40 20 akt
493 637 44 20 och
554 643 38 14 sex
610 637 94 26 bilagor.

279 737 45 21 Till
343 737 124 28 Kejserliga
483 737 107 28 Wiborgs
608 738 96 21 Hofrätt.

192 809 8 21 I
218 809 107 21 afseende
346 810 13 21 ä
375 809 47 27 mig
438 809 115 22 affordrad
578 809 126 28 förklaring
719 810 7 21 i
743 810 124 26 anledning

121 839 25 21 af
160 835 104 25 Öfverste
281 839 113 21 Lvovskis
414 840 124 26 angifvelse
555 842 32 18 att
600 840 45 27 jag,
663 839 83 21 medan
760 839 39 28 jag
815 839 51 21 fun-

120 871 62 25 gerat
198 869 77 21 säsom
292 869 139 21 ordförande
447 869 7 21 i
472 869 164 22 Häradsrätten
652 869 6 21 i
678 869 84 28 Björkö
782 869 43 21 och
843 869 24 21 St

120 899 119 21 Johannes
248 900 112 20 socknars
368 899 98 27 tingslag
474 900 39 20 vid
523 902 89 18 senaste
624 900 25 20 är
660 900 120 20 förrättadt
791 900 75 20 höste-

121 928 48 27 ting
192 929 44 21 den
262 929 26 21 19
313 929 130 27 september
468 930 63 25 1903,
555 930 60 20 hade
639 930 79 26 vägrat
741 931 32 19 att
789 929 77 21 säsom

120 958 72 22 vittne
216 959 82 21 afhöra
322 959 39 21 vid
385 959 115 21 detektiva
525 960 146 26 afdelningen
688 959 25 21 af
726 959 139 27 polisinrätt-

120 988 85 27 ningen
221 989 7 20 i
245 988 108 28 Wiborgs
377 989 50 21 stad
444 989 105 21 anstälde
570 989 138 27 konstapeln
725 988 88 22 Henrik
827 989 38 20 Jo-

120 1019 47 19 han
191 1018 123 26 Mielonen,
338 1018 93 21 hvilken
449 1019 34 20 till
508 1019 165 21 Häradsrätten
689 1019 59 21 hade
765 1018 102 21 infunnit

121 1048 33 26 sig
171 1048 34 20 för
228 1050 32 19 att
276 1048 73 21 vittna
365 1048 7 21 i
389 1050 31 18 ett
436 1048 54 27 mäl,
507 1048 30 28 pä
553 1048 45 21 den
617 1048 74 28 grund
708 1051 32 18 att
756 1055 38 14 om
812 1048 54 20 Mie-

120 1078 81 20 lonens
225 1078 57 26 fräjd
300 1078 37 20 vid
356 1078 165 21 Häradsrätten
541 1078 19 28 ej
577 1078 51 21 fans
645 1078 75 26 nägon
737 1078 129 26 utredning,

120 1104 88 36 samtatt
224 1108 42 26 jag,
276 1108 69 20 sedan
356 1108 35 20 för
400 1108 166 21 Häradsrätten
576 1109 112 27 upplysts,
698 1110 32 18 att
738 1108 128 20 Mielonens

120 1137 59 27 fräjd
195 1137 36 21 för
252 1138 104 20 nämnda
375 1137 187 28 polisinrättning
587 1144 42 14 var
655 1138 68 26 känd,
749 1139 70 26 yttrat
835 1139 33 19 att

121 1166 52 21 »det
190 1167 127 21 emellertid
341 1167 114 27 framgått,
472 1170 33 19 att
521 1168 45 21 alla
584 1168 86 27 poliser
690 1167 118 22 därstädes
825 1174 41 13 nu-

120 1197 99 20 förtiden
236 1197 18 27 ej
272 1198 40 20 äro
329 1197 163 27 välfrejdade»,
509 1197 35 21 fär
556 1197 40 28 jag
611 1197 171 22 vördsammast
797 1197 69 21 fram-

120 1226 62 21 hälla
199 1226 109 28 följande:

191 1257 247 27 Polisinrättningarna
461 1257 8 20 i
485 1257 52 21 vårt
552 1257 54 20 land
630 1257 31 20 ha
684 1257 74 20 under
776 1258 91 19 senaste

119 1285 33 22 tid
170 1286 76 27 bragts
258 1286 12 20 i
286 1288 31 19 ett
333 1286 110 27 tillstånd,
469 1287 24 20 sä
510 1289 32 18 att
558 1287 19 27 ej
602 1287 149 20 närmelsevis
771 1293 40 14 ens
827 1293 40 13 om

119 1315 45 22 alla:
188 1316 29 20 de
232 1315 40 22 vid
288 1317 53 20 dem
365 1317 107 20 anstälda
489 1323 153 21 personernas
658 1316 59 27 goda
733 1322 71 15 namn
821 1316 44 20 och

119 1345 59 27 fräjd
195 1345 120 28 föreligger
331 1346 75 27 någon
422 1347 130 26 utredning,
565 1347 44 20 och
623 1346 19 27 ej
655 1353 40 14 ens
707 1346 44 20 alla
764 1345 37 21 vid
813 1346 53 20 dem

119 1375 107 21 anstälda
249 1381 110 22 personer
374 1376 109 21 bekänna
500 1376 33 27 sig
549 1376 31 21 till
598 1376 75 27 nägon
690 1376 29 27 pä
735 1375 78 21 bibeln
833 1375 33 27 sig

119 1405 136 27 grundande
279 1405 103 27 religion,
399 1407 56 19 utan
473 1407 40 20 äro
530 1405 133 28 hedningar.
696 1405 80 21 Säsom
793 1405 73 20 ound-

120 1435 100 26 gängligt
236 1435 83 21 -vilkor
342 1435 35 21 för
400 1435 90 22 inträde
507 1436 6 21 i
531 1442 27 14 en
575 1435 198 28 polisinrättnings
797 1435 70 26 tjänst

120 1464 77 27 har
171 1460 33 37 ej
214 1471 32 14 nu
263 1465 59 20 varit
338 1465 44 21 den
399 1465 104 21 sökande
519 1468 126 24 personens
660 1465 60 26 goda
731 1464 66 28 fräjd,
808 1464 59 21 blott

191 1506 58 17 Särsk,
263 1505 48 17 Besv.
324 1507 43 16 utsk.
380 1506 29 17 bet.
422 1505 34 18 N:o
469 1511 16 16 4.
