1114 1778
321 155 294 25 Petitionsbetänkanden
631 156 43 23 N:o
691 157 19 21 1.
859 157 29 21 25

132 223 102 27 Majestät
257 223 121 26 utverkats,
402 222 115 22 äfvensom
538 225 32 19 att
592 223 37 20 det
644 222 56 22 blott
715 229 53 15 vore
784 225 31 18 ett
830 223 58 26 parti

132 253 61 21 inom
209 253 81 24 landet,
307 253 83 21 hvilket
406 253 76 26 gjorde
498 253 114 26 undantag
623 252 133 22 härutinnan
768 253 41 20 och
821 252 66 22 hvars

132 283 130 21 utskickade
278 282 153 22 åstadkomme
448 289 39 15 oro
503 283 7 20 i
527 282 81 22 landet.

204 312 41 22 Det
261 319 71 15 sanna
347 312 149 22 förhållandet
512 314 25 20 är
554 314 30 20 ett
600 314 73 19 annat.

204 342 32 21 Då
259 342 295 27 värnepligtsförfatiningen
580 342 22 21 af
624 341 25 22 är
674 342 55 21 1901
752 343 134 21 emanerade

132 372 44 21 och
192 371 137 22 Ständernas
345 372 163 27 framställning
524 372 7 21 i
547 373 76 21 ämnet
637 372 50 21 icke
703 378 59 15 vann
772 372 114 26 afseende,

131 402 80 21 väckte
227 402 165 27 författningen,
409 402 50 20 med
475 402 87 27 hänsyn
578 401 62 21 såväl
656 402 33 20 till
706 403 65 20 sättet
789 401 35 21 för
835 402 51 22 dess

131 431 108 22 tillkomst
262 438 47 15 som
333 431 33 22 till
383 431 37 21 det
443 431 105 22 oerhördt
571 431 92 22 hårda
654 427 16 35 i
680 431 52 22 dess
748 431 138 27 stadganden

132 474 28 2 —
177 461 111 22 beroende
305 461 69 28 derpå
390 463 30 19 att
437 461 37 22 det
490 461 72 22 finska
578 461 69 21 folket
666 462 24 20 är
706 461 32 22 till
754 461 130 28 skaplynne,

131 491 70 26 seder,
227 491 66 27 språk
315 492 42 21 och
373 491 92 27 religion
482 493 31 20 ett
529 494 69 19 annat
613 491 46 21 folk
676 493 28 19 än
721 491 37 22 det
773 491 67 28 ryska
856 504 29 3 —

131 521 102 27 djupaste
257 521 130 28 bekymmer
410 521 102 21 öfverallt
528 522 7 21 i
552 521 105 21 Finlands
674 521 89 27 bygder,
780 521 42 21 och
838 521 47 27 följ-

131 551 70 21 derna
209 551 76 22 visade
295 552 33 26 sig
335 551 87 22 sådana
430 551 125 22 Ständerna
566 551 56 22 1899
632 551 120 22 framhållit
761 551 56 21 dem.
835 551 49 22 Men

131 580 95 22 emedan
250 581 106 22 Finlands
377 581 46 21 folk
444 581 71 27 aldrig
536 581 102 22 befunnit
654 581 32 26 sig
702 581 7 21 i
726 587 26 15 en
769 581 115 27 pligtkolli-

131 611 55 26 sion,
203 610 26 21 så
245 611 166 22 fruktansvärdt
427 610 51 22 svår
495 617 48 15 som
560 611 43 22 den
619 617 30 15 nu
660 611 135 27 uppkomna,
807 611 78 26 gestal-

130 641 51 21 tade
198 641 33 26 sig
247 641 51 21 dess
315 641 157 22 medlemmars
493 641 163 26 handlingssätt
671 641 7 21 i
694 641 52 21 flere
763 641 121 22 afseenden

131 671 66 21 olika.
223 671 32 20 En
266 671 35 21 del
313 671 146 26 medborgare
471 670 83 28 ansågo
566 673 53 19 utan
630 671 81 22 tvekan
723 671 34 21 sin
766 670 53 27 pligt
830 677 54 15 vara

130 702 32 19 att
177 701 68 25 vägra
261 701 143 26 vidtagandet
420 701 22 20 af
458 701 76 26 hvarje
546 701 70 21 sådan
628 700 83 28 åtgärd,
724 707 48 15 som
783 701 100 26 utgjorde

129 730 137 21 medverkan
283 730 32 21 till
331 730 117 22 införande
466 730 22 21 af
504 737 28 15 en
548 737 29 21 ny
589 730 99 27 ordning,
702 730 120 22 afvikande
834 730 49 22 från

130 759 43 22 den
185 760 7 21 i
208 760 87 21 landets
311 760 109 27 grundlag
436 760 113 27 stadgade,
566 760 42 22 och
620 767 53 15 voro
685 760 91 27 manligt
786 760 98 22 beredde

129 792 32 18 att
177 791 82 19 utsätta
275 790 32 27 sig
324 790 34 22 för
375 790 27 22 de
415 790 154 22 umbäranden
580 790 42 21 och
633 790 111 26 lidanden,
757 792 31 20 ett
804 790 80 22 sådant

129 819 163 27 handlingssätt
314 820 70 22 måste
408 820 96 22 förutses
529 820 106 26 medföra,
660 820 73 21 såsom
758 820 41 21 ock
822 823 62 19 snart

129 849 93 26 skedde;
242 850 118 21 enahanda
376 850 178 22 betraktelsesätt
572 850 76 27 gjorde
670 850 32 27 sig
720 850 42 21 ock
780 850 102 26 gällande

129 878 40 22 hos
189 885 28 15 en
233 879 35 21 del
285 880 23 21 af
324 880 43 22 den
386 880 96 27 manliga
498 880 105 27 ungdom,
620 886 48 15 som
684 880 72 21 skulle
771 879 33 21 till
816 880 66 27 krigs-

129 909 67 26 tjenst
212 909 123 27 uppbådas.
363 910 76 21 Andra
455 909 47 22 åter
518 910 72 22 kände
607 910 37 21 det
655 909 74 22 såsom
740 916 27 15 en
780 909 53 27 pligt
844 912 37 24 att,

128 938 35 22 för
187 940 32 20 att
240 939 49 21 icke
305 939 83 27 ådraga
404 940 76 21 landet
495 941 29 20 än
540 940 90 22 svårare
646 940 80 26 följder
741 939 42 22 och
799 940 7 20 i
822 940 60 27 hopp

129 970 31 19 att
176 968 27 21 de
221 968 128 28 därigenom
366 969 71 22 skulle
453 970 77 21 kunna
546 970 116 21 återvinna
678 976 27 14 en
717 969 91 26 stadgad
820 971 61 20 rätts-

129 998 100 27 ordning,
247 998 51 28 foga
315 1000 33 26 sig
363 1006 36 15 om
416 1000 41 20 ock
474 1000 50 21 med
536 999 111 22 blödande
658 1000 72 26 hjärta
746 1000 6 20 i
764 998 118 22 förhållan-

129 1028 49 26 den,
193 1034 49 15 som
259 1029 26 21 de
302 1029 78 21 trodde
396 1030 33 26 sig
444 1030 20 26 ej
482 1029 76 22 kunna
574 1029 80 26 ändra;
671 1030 70 20 andra
756 1028 68 22 hafva
834 1028 48 22 åter

128 1057 57 22 först
201 1058 55 21 efter
273 1065 27 14 en
316 1058 52 22 svår
383 1060 143 20 samvetsnöd
542 1059 91 22 beslutit
648 1060 38 25 sig,
704 1065 28 15 en
748 1058 35 21 del
800 1058 34 21 för
845 1059 37 21 det

127 1087 67 26 förra,
217 1088 70 21 andra
308 1088 34 22 för
358 1089 37 22 det
411 1095 79 16 senare
506 1089 24 21 af
545 1089 151 28 nyssnämnda
712 1088 168 27 handlingssätt,

127 1117 42 21 och
186 1117 102 28 slutligen
309 1118 41 21 har
366 1119 37 20 det
418 1119 74 26 gifvits
509 1119 66 22 äfven
592 1117 91 28 sådana,
700 1125 48 15 som
764 1125 46 14 mer
827 1118 55 22 eller

127 1147 87 21 mindre
236 1148 110 21 medvetet
370 1148 92 21 handlat
485 1149 55 22 efter
564 1149 58 21 hvad
646 1149 42 21 den
709 1155 56 20 egna
780 1148 100 21 fördelen

127 1176 84 26 kräfde,
237 1177 94 28 mången
355 1178 121 21 kanhända
491 1178 114 22 tröstande
622 1179 32 26 sig
670 1179 50 20 med
737 1180 31 19 att
783 1178 44 21 han
844 1178 36 27 dy-

127 1206 85 22 medels
229 1207 91 28 bidroge
336 1208 33 21 till
385 1210 31 19 att
432 1208 70 21 rädda
518 1209 81 21 landet.

199 1236 46 22 Den
269 1237 119 28 förvirring
410 1238 42 21 och
476 1238 36 21 det
532 1238 98 27 betryck,
651 1245 49 14 som
716 1237 94 22 sålunda
827 1244 53 21 upp-

127 1266 98 26 kommit,
250 1267 84 22 ökades
356 1269 8 20 i
380 1267 54 28 följd
456 1268 23 21 af
495 1269 70 21 andra
582 1268 52 21 med
650 1268 108 27 grundlag
773 1267 49 22 icke
838 1268 42 21 för-

125 1296 73 27 enliga
214 1296 162 29 författningar,
392 1297 76 22 hvilka
484 1305 51 14 man
552 1298 29 27 på
596 1298 124 21 olikartade
736 1297 48 22 skäl
795 1297 84 28 lyckats

125 1326 42 21 hos
184 1325 68 22 Eders
268 1327 123 28 Kejserliga
407 1327 103 28 Majestät
525 1328 99 25 utverka,
634 1328 42 21 och
687 1328 37 21 det
734 1329 43 20 sätt
787 1327 29 27 på
827 1327 53 22 hvil-

125 1355 37 22 ket
178 1356 27 21 de
222 1356 148 28 tillämpades,
387 1359 57 20 samt
460 1358 28 21 de
504 1358 81 27 följder
596 1357 80 22 sådant
686 1357 120 22 medförde.

198 1385 100 23 Sålunda
321 1387 68 22 hafva
412 1387 7 21 i
442 1387 44 28 hög
509 1388 54 27 grad
585 1387 124 27 beklagliga
725 1387 155 27 förändringar

125 1415 42 21 och
189 1416 179 28 omhvälfningar
388 1417 60 21 inom
464 1417 88 22 landets
568 1416 204 28 tjenstemannakår
787 1417 93 21 kommit

124 1445 33 21 till
181 1444 72 22 stånd.
286 1445 85 23 Genom
397 1453 44 21 nya
466 1447 168 27 bestämningar
658 1453 36 15 om
718 1446 92 22 embets-
836 1446 43 22 och

124 1475 145 26 tjenstemäns
293 1476 136 22 tillsättande
453 1477 43 21 och
515 1483 36 15 om
571 1476 96 22 sådanas
684 1476 124 22 afsättande
824 1478 54 19 utan

197 1516 61 18 Särsk.
271 1517 54 19 Besv.
338 1518 46 18 utsk.
398 1518 32 18 bet.
443 1518 36 18 N:o
492 1519 16 17 1.
