1111 1778
305 164 276 23 Petitionsbetänkande
597 164 43 23 N:o
656 164 21 23 2.

402 498 128 24 Särskilda
560 499 237 23 Besvärsutskottets
827 499 40 23 be-

331 529 123 22 tänkande
478 529 44 23 N:o
546 529 14 22 2
576 529 10 22 1
601 529 134 27 anledning
757 528 29 24 af
805 529 62 29 peti-

331 559 202 26 tionsmemorial,
556 565 50 17 som
628 560 10 22 i
661 559 112 28 samtliga
795 558 72 23 stånd

330 588 112 29 ingifvits
458 589 124 29 angående
599 587 169 31 upphäfvande
783 588 28 23 af
819 589 48 22 den

330 619 92 22 afdelta
444 619 74 28 ryska
541 619 206 28 gendarmkärens
763 619 103 28 tjänste-

332 649 154 23 värksamhet
502 649 9 23 i
527 649 114 23 Finland.

188 750 83 22 Genom
296 750 200 28 protokollsutdrag
521 750 21 21 af
566 751 42 21 den
632 750 12 22 2
669 751 42 21 och
734 751 13 21 7
768 750 99 22 februari

117 781 66 21 hafva
199 781 161 26 Ridderskapet
379 780 40 21 och
437 780 71 22 Adeln
526 783 57 19 samt
599 781 89 24 Preste-,
705 781 104 27 Borgare-
825 780 42 22 och

117 810 169 22 Bondeständen
310 810 31 21 till
366 810 115 22 Särskilda
505 810 211 22 Besvärsutskottets
732 810 135 28 behandling

116 841 121 26 hänskjutit
253 840 97 27 följande
367 840 230 28 petitionsmemoria]:

154 942 57 21 Till
233 942 173 28 Höglofliga
428 943 211 27 Ridderskapet
661 942 48 20 och
731 942 98 22 Adeln.

377 1008 110 21 Vördsamt
501 1009 106 20 memorial.

188 1069 9 19 I
214 1069 38 20 den
271 1068 136 26 underdäniga
423 1069 104 20 skrifvelse
546 1069 21 20 af
583 1069 37 20 den
637 1070 25 19 31
681 1069 102 20 december
804 1070 64 23 1904,

117 1099 54 19 hvari
195 1099 111 20 Ständerna
327 1098 84 20 anhållit
434 1102 30 16 att
479 1099 60 20 Hans
555 1099 111 26 Kejserliga
681 1099 94 26 Majestät
791 1098 76 21 täcktes

117 1128 79 27 vidtaga
211 1128 125 27 erforderliga
351 1128 92 27 åtgärder
458 1129 32 20 för
504 1128 39 21 den
559 1128 73 27 lagliga
647 1129 120 26 ordningens
778 1128 89 21 äterstäl-

117 1158 64 24 lande,
206 1158 35 20 har
263 1158 70 20 endast
349 1159 5 18 i
370 1158 84 25 korthet,
470 1166 23 13 ur
516 1158 129 27 laglighetens
668 1159 108 26 synpunkt,
793 1159 74 20 berörts

117 1189 33 19 det
165 1188 72 26 påbud,
248 1195 71 20 genom
335 1188 77 20 hvilket
426 1195 24 13 en
468 1188 63 21 afdelt
546 1188 47 27 rysk
609 1188 132 27 gendarmkår
756 1188 67 21 blifvit
835 1188 32 20 be-

117 1218 62 20 klädd
194 1218 45 20 med
247 1218 143 26 befogenheten
407 1221 29 16 att
451 1219 71 20 utöfva
537 1218 199 27 tjänstevärksamhet
751 1219 5 19 i
772 1218 94 21 Finland.

117 1248 60 20 Detta
200 1248 68 26 påbud
291 1249 22 18 är
336 1247 108 21 emellertid
468 1248 57 21 såväl
542 1255 71 20 genom
630 1248 29 20 sin
676 1248 131 27 oförenlighet
823 1248 43 20 med

117 1277 93 27 gällande
233 1277 39 27 lag,
288 1284 41 13 som
353 1277 29 20 till
406 1278 43 20 sina
468 1278 99 27 påföljder
582 1279 22 19 så
620 1278 116 27 betänkligt,
752 1281 29 18 att
796 1278 72 20 under-

117 1307 102 25 tecknade,
242 1307 66 20 därtill
332 1308 84 20 manade
432 1308 21 20 af
468 1308 111 24 händelser,
598 1315 40 13 som
655 1309 56 19 timat
726 1308 63 20 under
802 1307 65 21 landt-

116 1337 102 26 dagstiden
242 1337 37 21 och
302 1337 53 27 förty
379 1338 95 20 motivera
496 1345 25 13 en
546 1338 126 27 tillämpning
690 1338 22 20 af
726 1338 141 27 stadgandet
856 1333 15 36 i

117 1367 63 27 fjärde
201 1371 106 17 momentet
328 1367 22 20 af
365 1369 26 19 51
410 1369 11 24 $
438 1368 233 27 Landtdagsordningen,
694 1371 66 17 ansett
775 1368 30 27 sig
820 1368 47 20 böra

118 1397 63 20 väcka
197 1397 74 26 förslag
286 1404 31 13 om
333 1405 25 12 en
374 1397 86 21 särskild
476 1398 125 26 underdånig
611 1397 118 21 hemställan
741 1397 126 22 beträffande

117 1427 54 20 detta
186 1428 63 19 ämne.

188 1457 33 20 Då
244 1456 59 28 ryska
326 1457 116 26 gendarmer
466 1458 81 26 tidigare
566 1458 50 20 varit
631 1457 105 27 placerade
751 1458 5 19 i
772 1457 95 24 Finland,

117 1487 36 19 har
168 1487 56 19 deras
240 1487 166 27 tjänsteutöfning
421 1487 44 20 icke
481 1488 50 20 varit
546 1488 21 19 af
583 1488 38 20 den
632 1487 145 24 beskaffenhet,
789 1490 30 17 att
829 1487 38 20 den

188 1527 69 19 Särsk.
271 1527 57 19 Besv.
342 1528 52 18 utsk.
409 1528 36 18 bet.
458 1528 39 19 N:o
510 1528 18 18 2.
