1111 1778
363 154 217 19 Motionsbetänkande
593 155 37 18 N:o
643 154 17 19 1.
863 155 25 18 43

135 221 35 15 om
194 214 140 23 tillsättande
358 214 23 22 af
397 222 28 15 en
441 215 85 22 komite
545 214 34 22 för
595 214 103 29 pröfning
714 214 24 22 af
753 214 81 28 frågan
850 221 36 15 om

135 250 251 29 arbetarförsäkringen,
404 251 40 21 och
461 250 146 22 utarbetades
624 250 50 22 med
691 249 120 29 anledning
823 249 64 22 deraf

135 286 84 28 jämväl
236 286 126 22 sedermera
377 286 24 22 af
417 293 27 15 en
460 286 84 22 komite
561 286 43 22 den
620 286 37 27 lag
673 286 116 27 angående
801 285 85 23 arbets-

135 321 98 28 gifvares
250 321 144 28 ansvarighet
405 322 34 21 för
449 321 148 30 kroppskada,
611 329 47 14 som
670 321 96 22 drabbar
777 322 108 27 arbetare,

135 357 92 22 hvilken
251 357 131 22 utfärdades
406 357 43 22 den
466 358 13 22 5
496 357 117 23 december
635 358 62 21 1895.
728 357 67 22 Hvad
811 357 75 23 ålder-

137 392 218 29 domsförsäkringen
370 393 146 28 vidkommer,
533 395 72 26 ansåg
616 393 56 22 dock
684 392 99 23 nämnda
794 393 90 27 komite,

135 429 36 21 att
193 429 134 28 åtgärderna
349 429 143 22 beträffande
516 428 133 23 densamma
673 428 122 23 tillsvidare
816 428 69 22 borde

135 464 135 23 inskränkas
285 465 34 21 till
335 465 26 21 de
376 465 105 27 frivilliga
498 464 319 30 arbetarpensionskassornas
828 464 57 22 stäl-

135 500 66 22 lande
225 500 70 22 under
315 500 102 28 offentlig
432 500 102 28 kontroll,
552 500 41 22 och
609 499 132 23 utfärdades
755 500 85 29 jämväl
856 501 30 28 på

135 536 71 27 grund
221 536 66 22 häraf
303 536 179 22 administrativa
498 535 157 29 förordningen
672 536 24 22 af
707 536 43 22 den
761 537 14 21 2
785 538 100 28 septem-

135 572 38 21 ber
191 573 56 21 1897
263 572 117 28 angående
395 572 68 22 dessa
482 572 83 22 kassor.
598 572 130 22 Sedermera
744 572 141 22 inlemnades

136 607 37 22 vid
190 608 57 22 1900
263 610 36 20 års
314 607 108 29 landtdag
433 607 112 23 särskilda
554 608 221 29 petitionsmemorial
785 609 7 21 i
801 609 83 26 ämnet,

135 644 72 22 hvarä
232 644 127 22 Ständerna
382 644 70 22 afläto
476 651 28 14 en
521 644 139 28 underdänig
683 644 94 28 petition
793 644 7 22 i
816 643 68 30 syfte,

135 679 38 22 det
197 680 89 22 täcktes
309 680 63 22 Hans
395 680 125 29 Kejserliga
544 679 105 30 Majestät
668 680 60 22 »läta
750 679 135 23 införskaffa

136 716 119 27 utredning
273 715 142 22 beträffande
430 715 144 29 lämpligaste
590 716 71 22 sättet
677 717 35 20 att
727 715 103 22 befordra
847 716 37 21 ut-

137 751 131 28 vecklingen
291 751 25 22 af
331 752 114 21 arbetares
470 752 41 22 och
534 752 50 21 med
601 752 50 21 dem
667 751 125 29 jämförliga
807 758 77 22 perso-

136 794 50 15 ners
202 787 125 28 försäkring
347 789 47 21 mot
409 787 111 28 varaktig;
535 787 191 28 arbetsoförmåga
741 787 33 22 till
790 787 55 29 följd
861 786 24 23 af

135 823 112 22 ålderdom
273 823 52 22 eller
348 824 70 21 andra
439 824 97 27 orsaker,
555 825 61 21 utom
632 823 117 30 olycksfall
765 824 7 21 i
788 823 95 27 arbetet,

135 859 122 28 äfvensom,
275 860 7 21 i
297 859 107 22 händelse
428 859 74 22 denna
527 859 120 28 utredning
671 859 72 22 dertill
757 859 68 28 gåfve
842 866 41 15 an-

134 894 97 29 ledning,
256 895 7 22 i
279 895 71 22 sinom
376 895 32 22 tid
431 895 116 28 förelägga
573 895 127 22 Ständerna
726 895 135 29 proposition
877 895 7 21 i

135 932 82 21 ämnet.
247 931 52 22 Med
319 930 121 29 anledning
460 931 24 22 af
500 931 75 22 denna
590 931 94 29 petition
701 931 104 22 nedsatte
820 937 63 21 rege-

133 967 78 27 ringen
234 967 43 22 den
293 967 13 21 5
322 967 44 28 maj
385 967 57 22 1904
464 974 27 15 en
507 967 91 28 komité,
620 967 93 22 hvilken
728 967 69 22 redan
813 968 72 26 några

134 1003 83 27 gånger
232 1002 170 23 sammanträdt.

204 1038 76 22 Under
295 1038 85 22 sådana
396 1039 155 22 förhållanden
568 1039 41 22 har
623 1039 81 28 frågan
715 1045 35 15 om
760 1046 27 15 en
798 1038 87 23 anstalt

133 1073 34 21 för
190 1073 125 29 försäkring
338 1075 46 21 mot
407 1074 165 23 arbetsoförhet
595 1074 83 30 jemväl
698 1074 40 22 hos
757 1081 36 16 oss
808 1074 77 22 blifvit

133 1109 84 28 aktuel,
234 1110 91 22 hvarför
341 1109 37 23 det
394 1112 25 20 är
435 1112 35 21 att
486 1110 92 29 hoppas,
596 1112 34 21 att
646 1118 28 15 en
690 1110 118 23 anstalt
787 1105 23 39 af
819 1110 66 22 detta

133 1145 50 28 slag
198 1147 7 20 i
221 1153 28 14 en
269 1146 48 22 icke
338 1146 74 23 alltför
430 1147 102 28 aflägsen
548 1147 91 22 framtid
656 1146 70 23 äfven
740 1147 8 21 i
763 1148 51 21 vårt
829 1145 55 23 land

133 1181 57 22 skall
212 1181 37 23 fås
272 1182 34 21 till
329 1183 73 22 stånd.
432 1183 52 22 Med
507 1183 106 22 afseende
636 1183 57 22 härå
716 1182 39 22 och
779 1182 29 22 då
832 1182 52 21 dess

132 1217 129 22 inrättande
278 1218 50 21 med
345 1218 106 23 säkerhet
466 1219 69 22 äfven
552 1219 40 22 hos
601 1226 35 15 oss
648 1219 99 21 kommer
757 1219 35 21 att
801 1218 83 22 kräfva

132 1253 129 29 betydande
281 1254 85 29 belopp,
387 1255 41 21 har
444 1254 116 22 Utskottet
575 1255 76 22 funnit
666 1254 127 22 förberörda
809 1253 74 23 vinst-

132 1288 84 22 medels
232 1289 121 22 anslående
369 1289 33 23 för
418 1290 174 28 ifrågavarande
608 1290 107 22 ändamål
730 1290 8 21 i
753 1290 42 22 allo
810 1290 73 29 lämp-

131 1324 47 28 ligt.
208 1325 35 22 Då
263 1325 39 22 det
321 1325 71 22 likväl
413 1328 62 20 ännu
491 1328 26 20 är
532 1326 96 28 osäkert,
650 1328 42 20 när
707 1325 74 23 denna
797 1325 88 23 anstalt

131 1360 46 22 kan
197 1361 106 29 begynna
319 1361 34 22 sin
369 1361 152 29 verksamhet,
538 1362 42 22 har
596 1362 116 22 Utskottet
727 1362 50 21 med
792 1362 91 29 hänsyn

131 1395 78 28 dertill,
227 1398 35 21 att
277 1397 99 22 nämnda
392 1397 72 22 medel
480 1397 70 23 äfven
561 1397 144 23 derförinnan
716 1397 67 23 borde
792 1397 92 22 komma

131 1431 27 22 de
184 1432 195 22 samhällsklasser
402 1433 34 22 till
458 1433 64 28 godo,
546 1433 90 23 hvilkas
660 1433 50 28 läge
732 1432 151 28 försäkrings-

131 1468 114 22 anstalten
266 1470 25 20 är
311 1468 79 22 afsedd
414 1470 34 21 att
470 1468 119 28 förbättra,
611 1468 108 22 omfattat
740 1468 38 23 det
793 1469 90 28 förslag,
