1111 1778
312 164 276 24 Petitionsbetänkaude
605 165 43 23 N:o
664 165 18 22 1.
859 165 13 21 3

123 237 34 15 om
175 231 107 26 skiljande
299 230 48 22 frän
364 231 93 26 tjensten
474 231 14 28 (i
506 231 148 21 administativ
669 232 49 25 väg)
729 231 22 20 af
763 231 109 20 särskilda

123 261 130 26 tjenstemän
278 261 40 20 och
344 261 142 21 kommurala
505 260 158 26 funktionärer,
681 261 44 21 han
741 260 41 22 ock
799 261 72 20 samti-

123 291 45 26 digt
184 297 51 21 eger
250 291 88 26 vidtaga
354 290 76 27 ätgärd
447 297 34 14 om
500 289 69 23 sädan
587 297 92 20 persons
691 290 143 22 omedelbara
843 291 29 20 af-

122 320 103 22 hållande
249 320 49 21 från
322 321 180 26 tjensteutöfning
525 321 66 26 jemte
608 320 144 27 fräntagande
769 320 45 21 helt
830 321 42 20 och

123 349 66 22 hället
205 351 54 21 eller
275 351 69 20 delvis
361 351 22 20 af
399 351 80 20 honom
497 350 90 26 tillagda
604 349 169 22 löneförmäner.

192 381 19 26 ec)
228 380 166 27 Förordningen
418 380 22 21 af
464 380 42 21 den
530 386 29 16 +;
586 380 118 21 december
722 379 55 22 1903
795 380 75 21 derom

123 412 36 23 att,
177 410 25 21 sä
217 410 64 26 länge
297 410 156 26 förordningen
470 410 23 21 af
509 410 42 21 den
568 410 13 21 2
598 410 56 27 april
672 410 56 21 1908
741 409 77 22 förblir
829 410 42 26 gäl-

122 440 65 21 lande
210 441 164 26 guvernörerna
398 439 62 22 skola
483 440 120 27 berättigas
623 442 32 19 att
671 440 6 20 i
694 439 178 27 befattningarna

122 470 109 21 fastställa
247 469 57 26 dem,
322 470 73 21 hvilka
411 472 79 19 utsetts
507 472 30 19 att
554 469 83 22 förestä
653 469 160 27 borgmästare-
829 470 43 20 och

122 499 173 28 rädmanstjenst
314 500 37 20 vid
370 500 121 26 magistrat,
509 499 144 22 ordförande-
670 499 54 22 eller
740 499 132 21 viceordför-

122 529 181 28 andebefattning
319 530 36 21 vid
372 529 199 27 stadsfullmäktige
587 530 54 21 eller
657 529 41 21 ock
710 536 74 15 annan
796 529 76 21 befatt-

122 560 53 27 ning
197 560 36 21 vid
257 559 291 27 kommunalförvaltningen
573 560 6 20 i
603 559 49 22 stad
671 559 54 22 eller
741 559 28 28 pä
786 559 85 26 landet;

122 590 114 21 äfvensom
253 592 31 19 att
300 590 7 20 i
323 589 106 22 händelse
446 590 35 21 val
498 589 32 22 till
547 589 72 28 nägon
636 590 22 21 af
677 589 145 21 förenämnda
835 589 36 21 be-

121 620 120 27 fattningar
264 620 47 21 icke
336 619 70 22 skulle
426 619 90 22 komma
531 619 33 21 tili
581 619 64 21 ständ
662 620 59 20 inom
738 620 43 20 den
798 619 22 21 af
836 626 35 19 gu-

122 651 107 20 vernören
250 652 81 19 utsatta
351 650 58 21 tiden
426 649 54 22 eller
496 650 41 21 ock
554 649 31 21 till
602 649 69 22 sädan
689 649 122 27 befattning
827 649 45 21 väl-

122 681 33 25 jas
180 679 98 28 opålitlig
303 686 86 20 person,
411 681 111 25 guvernör
537 685 51 21 eger
605 682 30 19 att
651 679 31 21 till
699 679 173 22 handhafvande

122 709 121 21 tillsvidare
268 709 23 21 af
314 709 150 27 befattuingen
480 710 107 20 förordna
603 709 23 21 af
642 709 82 21 honom
741 709 59 21 känd
813 709 58 21 kom-

123 741 74 25 petent
213 745 86 21 person.

192 769 21 29 d)
231 769 125 27 Reskriptet
379 769 22 21 af
424 769 42 21 den
491 769 14 21 3
524 769 87 27 januari
629 768 57 22 1904
702 770 34 25 (21
755 768 118 22 december

125 799 63 29 1903)
202 806 35 14 om
247 801 31 19 att
287 806 111 20 personer,
411 806 47 14 som
471 799 118 27 förbjudits
599 802 31 18 att
641 800 83 20 vistas
719 795 10 37 i
735 799 80 25 landet,
825 799 48 21 icke

123 828 36 22 mä
183 828 85 28 ätnjuta
289 829 26 21 de
333 829 111 21 allmänna
461 829 103 27 politiska
580 830 42 20 och
638 829 143 21 kommunala
797 830 74 25 rättig-

123 860 67 25 heter,
205 859 73 21 hvilka
295 859 122 21 tillkomma
433 859 125 27 oförvitliga
574 859 71 21 finska
661 859 150 27 medborgare.

193 889 19 28 e)
229 889 165 27 Förordningen
418 889 23 21 af
464 889 43 21 den
531 889 28 21 10
581 889 121 22 november
721 889 35 28 (28
773 888 100 28 oktober)

125 918 56 22 1903
198 919 114 27 angäende
328 919 154 21 fastställande
498 918 23 22 af
537 920 132 20 instruktion
684 919 35 21 för
730 918 83 22 afdelta
824 925 49 20 gen-

123 948 131 22 dermkären
271 949 7 21 i
294 948 100 23 Finland.

192 979 16 28 f)
224 978 168 22 Förordnandet
412 978 23 22 af
454 985 86 15 samma
560 978 43 28 dag
623 978 113 27 angående
764 978 109 21 särskilda

123 1009 165 27 bestämningar
313 1015 35 15 om
373 1009 27 21 de
419 1009 36 20 vid
472 1008 83 22 afdelta
571 1008 175 28 gendarmkären
763 1008 110 21 anställda

124 1045 117 21 personers
262 1041 57 18 samt
338 1040 144 26 tjenstemäns
498 1039 42 21 och
557 1039 107 26 betjentes
680 1038 37 21 vid
734 1038 117 21 tullverket
868 1038 5 20 i

125 1067 91 22 Finland
233 1068 227 27 tjensteverksamhet.

193 1097 20 29 g)
229 1098 168 21 Förordnandet
421 1098 22 21 af
466 1104 87 15 samma
574 1098 43 27 dag
638 1097 113 28 angäende
769 1097 104 21 inbördes

124 1128 190 26 kommunicering
333 1128 82 21 mellan
433 1127 33 22 till
483 1127 83 22 afdelta
582 1127 175 28 gendarmkären
774 1127 99 21 hörande

125 1164 105 21 personer
246 1158 41 21 och
303 1158 66 21 civila
385 1157 159 28 myndigheter.

193 1187 22 29 h)
231 1188 165 27 Förordningen
420 1187 24 22 af
467 1188 42 21 den
533 1188 25 21 11
579 1188 47 26 juni
643 1186 35 29 (29
695 1187 52 28 maj)
764 1187 57 21 1903
838 1193 36 15 an-

123 1217 84 27 gäende
229 1217 130 28 försäljning
378 1217 41 22 och
436 1217 112 27 förvaring
564 1217 23 21 af
602 1218 131 26 skjutvapen
750 1217 41 21 och
808 1217 66 26 skjut-

124 1247 171 22 förnödenheter
311 1247 115 22 äfvensom
443 1249 163 25 sprängämnen
623 1249 57 20 samt
696 1254 36 14 om
749 1247 125 21 inrättande

125 1277 22 21 af
163 1277 245 27 mälskjutningsbanor.

486 1319 23 22 B.

194 1361 123 22 Manifestet
345 1361 22 22 af
388 1361 42 22 den
449 1361 26 21 12
492 1361 40 27 juli
548 1361 36 29 (29
601 1361 53 28 juni)
673 1361 54 21 1901
744 1361 67 26 jämte
828 1361 47 20 vär-

126 1391 254 27 nepliktsförfattningen
397 1391 34 21 för
447 1391 94 21 Finland
558 1391 22 21 af
597 1397 86 15 samma
699 1391 47 26 dag.

194 1421 7 21 I
225 1422 161 26 sammanhang
410 1421 49 20 med
484 1421 160 21 ofvanstäende
668 1420 206 21 militärförfattnin-

124 1457 39 21 gar
179 1450 44 22 stä:

194 1481 20 27 a)
232 1481 125 27 Reskriptet
371 1480 22 22 af
404 1480 42 21 den
461 1486 35 18 +2/,,
509 1481 87 27 januari
610 1480 56 22 1903
678 1480 113 26 angående
804 1480 71 21 straff-

197 1522 61 18 Särsk.
272 1522 52 18 Besv.
337 1522 45 18 utsk.
398 1522 31 18 bet.
443 1522 34 18 N:o
490 1523 16 17 1.
