1114 1775
245 151 29 21 48
396 150 349 24 Petitionsbetänkande
759 150 55 24 N:o
832 152 26 22 7.

245 216 181 29 församlingens
451 218 75 26 kyrka
545 218 31 27 på
593 218 123 27 Kejserliga
734 217 171 28 högtidsdagar,
922 218 8 20 i
947 217 56 28 följd

246 246 86 22 hvaraf
352 246 48 22 han
425 253 84 21 genom
533 247 129 27 biskopens
686 248 7 20 i
717 247 94 28 Nyslott
831 248 80 26 åtgärd
928 248 74 20 skulle

246 276 77 21 blifvit
340 276 160 28 suspenderad
517 277 50 21 från
585 277 36 21 sin
637 277 137 27 befattning,
790 277 72 21 första
874 278 88 26 gången
973 277 30 28 på

245 312 29 14 en
296 306 87 22 månad
406 307 44 21 och
467 306 73 22 andra
557 306 88 28 gången
662 308 30 26 på
708 309 34 19 tre
759 307 118 25 månader,
894 309 61 19 samt
970 309 33 19 att

245 336 49 21 han
318 336 39 20 det
377 336 97 21 oaktadt
497 336 44 22 den
560 337 26 20 19
603 337 128 21 December
749 337 64 25 1903,
832 337 64 21 Hans
914 337 88 27 Kejser-

247 366 45 26 liga
309 366 119 27 Majestäts
444 366 138 27 namnsdag,
600 367 61 27 ånyo
679 367 75 21 skulle
771 368 80 25 vägrat
868 368 32 20 att
916 367 8 20 i
935 367 67 27 guds-

244 396 102 26 tjänsten
363 396 91 27 deltaga
472 396 45 21 och
533 396 136 28 därigenom
685 396 169 21 åstadkommit
871 396 131 28 betydande

246 426 190 27 meningsutbyte
452 426 73 20 bland
541 426 77 21 folket.

319 456 52 20 Med
389 456 145 26 beklagande
546 455 25 21 af
579 458 32 18 att
623 456 157 21 omförmälda
792 456 139 26 anklagelse,
943 456 59 21 hvil-

245 485 47 21 ken
309 485 136 21 framställts
461 487 50 19 mot
527 486 125 20 klockaren
670 486 106 21 Suninen
792 486 8 20 i
814 486 60 20 hans
885 486 116 27 egenskap

246 514 26 21 af
286 515 148 21 ecklesiastik
450 515 147 27 tjänsteman,
615 516 51 20 icke
683 516 82 21 väckts
781 516 44 20 hos
837 515 164 27 Domkapitlet,

245 545 76 21 under
344 545 90 21 hvilket
458 545 102 21 förutom
584 545 74 21 andra
678 546 142 27 tjänstemän
834 545 88 27 jämväl
939 545 62 21 kloc-

245 574 73 21 karne
342 574 8 21 i
374 575 171 21 ecklesiastiskt
560 575 134 21 hänseende
710 575 62 27 lyda,
784 575 44 21 har
844 575 158 27 Domkapitlet

246 605 58 20 äran
328 605 132 26 hemställa,
477 605 39 21 det
531 605 53 20 ville
601 605 59 21 Herr
676 605 160 22 Prokuratorn
852 605 8 21 i
878 605 123 27 Kejseriiga

246 634 100 21 Senaten
371 635 36 20 för
428 635 100 20 Finland
552 637 52 25 taga
620 635 75 21 under
711 635 157 28 ompröfning,
884 635 116 21 huruvida

245 663 52 22 icke
322 664 51 21 skäl
396 663 150 30 föreläge'till
562 664 139 27 vidtagande
718 665 25 20 af
757 665 81 27 åtgärd
854 665 97 26 därhän,
969 667 32 18 att

245 693 46 22 den
316 694 55 21 eller
394 694 28 21 de
439 701 116 21 personer,
573 701 51 14 som
640 695 7 20 i
664 695 136 21 förberörda
816 695 125 26 grannlaga
958 695 41 20 sak

245 723 60 27 gjort
326 723 34 28 sig
376 724 106 27 skyldiga
497 724 35 21 till
548 724 60 21 falsk
625 725 125 26 angifvelse
767 724 25 21 af
806 724 52 27 grof
871 724 129 21 beskaffen-

244 753 41 21 het
301 755 49 19 mot
366 761 30 14 en
413 761 91 20 person,
521 754 45 21 den
582 755 42 20 där
638 754 71 27 enligt
719 754 37 21 sin
768 755 117 20 närmaste
896 754 103 21 förmans

244 783 145 22 vittnesbörd
407 783 7 21 i
430 783 122 22 ärtionden
569 783 144 28 oförvitligen
730 784 82 21 verkat
832 783 77 21 säsom
926 783 72 22 eckle-

244 813 94 21 siastisk
355 813 45 21 och
417 814 138 20 kommunal
571 814 139 27 tjänsteman
721 813 8 21 i
740 813 173 26 församlingen,
925 813 74 21 blefve

244 843 7 20 i
269 843 145 27 vederbörlig
430 843 100 27 ordning
545 843 34 20 till
595 844 51 25 laga
662 850 86 15 ansvar
758 843 144 21 befordrade.

318 873 147 20 Hemställan
481 873 141 27 godkändes.

274 937 140 22 Afskriftens
438 938 109 26 riktighet
570 938 125 27 bestyrker,
720 938 14 21 å
753 938 160 27 Domkapitlet
928 938 8 20 i
952 938 46 27 Ny-

245 967 61 26 slott,
324 968 46 20 den
386 968 28 20 20
432 968 111 20 Februari
561 967 63 22 1905.

752 1033 31 21 M.
800 1032 27 22 N.
845 1033 82 21 Lauha

756 1077 15 18 t.
789 1074 14 21 f.
820 1074 96 21 notarie.

244 1172 148 27 Öfversättning

269 1206 88 18 Afskrift.

534 1255 87 26 Utdrag
640 1261 27 14 ur
683 1253 172 28 Domkapitlets
871 1253 7 21 i
895 1253 104 27 Nyslotts

462 1284 47 21 stift
526 1285 116 27 protokoll
659 1285 45 20 den
722 1285 27 20 13
766 1283 98 21 oktober
881 1283 63 22 1904.

588 1355 15 28 8
619 1355 35 21 55.

305 1415 25 21 T.
341 1415 15 22 f.
366 1415 165 28 kyrkoherden
540 1415 7 20 i
556 1415 114 21 Joutseno
680 1415 25 20 K.
716 1414 56 21 Alfr.
783 1414 97 21 Kunnas
889 1414 111 21 insänder

244 1445 8 20 i
268 1445 207 28 tjänsteskrifvelse
489 1445 43 20 N:o
545 1445 28 20 42
587 1445 25 20 af
622 1445 45 20 den
677 1445 28 20 26
714 1443 132 29 september
856 1444 64 25 1904,
933 1439 66 38 jämte

243 1475 142 27 handlingar
409 1475 8 20 i
440 1475 77 26 målet,
542 1474 83 21 äskadt
640 1474 108 27 yttrande
765 1474 8 20 i
790 1473 125 28 anledning
931 1473 25 20 af
970 1480 28 14 en

316 1517 59 17 Särsk,
389 1517 49 17 Besv.
451 1516 43 17 utsk.
507 1517 30 16 bet.
549 1515 34 18 N:o
595 1515 18 18 4.
