<?xml version="1.0" encoding="UTF-8"?>
<alto xmlns="http://www.loc.gov/standards/alto/ns-v3#" xmlns:xlink="http://www.w3.org/1999/xlink" xmlns:xsi="http://www.w3.org/2001/XMLSchema-instance" xsi:schemaLocation="http://www.loc.gov/standards/alto/ns-v3# http://www.loc.gov/alto/v3/alto-3-0.xsd">
	<Description>
		<MeasurementUnit>pixel</MeasurementUnit>
		<sourceImageInformation>
			<fileName>/tmp/tess_itdw_bwv_input.PNG</fileName>
		</sourceImageInformation>
		<OCRProcessing ID="OCR_0">
			<ocrProcessingStep>
				<processingSoftware>
					<softwareName>tesseract 5.3.4</softwareName>
				</processingSoftware>
			</ocrProcessingStep>
		</OCRProcessing>
	</Description>
	<Layout>
		<Page WIDTH="1114" HEIGHT="1764" PHYSICAL_IMG_NR="0" ID="page_0">
			<PrintSpace HPOS="0" VPOS="0" WIDTH="1114" HEIGHT="1764">
				<ComposedBlock ID="cblock_0" HPOS="231" VPOS="143" WIDTH="624" HEIGHT="24">
					<TextBlock ID="block_0" HPOS="231" VPOS="143" WIDTH="624" HEIGHT="24">
						<TextLine ID="line_0" HPOS="231" VPOS="143" WIDTH="624" HEIGHT="24">
							<String ID="string_0" HPOS="231" VPOS="144" WIDTH="29" HEIGHT="22" WC="0.96" CONTENT="42"/><SP WIDTH="109" VPOS="144" HPOS="260"/>
							<String ID="string_1" HPOS="369" VPOS="143" WIDTH="85" HEIGHT="24" WC="0.90" CONTENT="Ständ."/><SP WIDTH="17" VPOS="143" HPOS="454"/>
							<String ID="string_2" HPOS="471" VPOS="144" WIDTH="53" HEIGHT="23" WC="0.93" CONTENT="Pet."/><SP WIDTH="17" VPOS="144" HPOS="524"/>
							<String ID="string_3" HPOS="541" VPOS="157" WIDTH="26" HEIGHT="3" WC="0.90" CONTENT="—"/><SP WIDTH="16" VPOS="157" HPOS="567"/>
							<String ID="string_4" HPOS="583" VPOS="144" WIDTH="175" HEIGHT="23" WC="0.90" CONTENT="Petitionsbet."/><SP WIDTH="16" VPOS="144" HPOS="758"/>
							<String ID="string_5" HPOS="774" VPOS="144" WIDTH="44" HEIGHT="23" WC="0.95" CONTENT="N:o"/><SP WIDTH="15" VPOS="144" HPOS="818"/>
							<String ID="string_6" HPOS="833" VPOS="145" WIDTH="22" HEIGHT="22" WC="0.96" CONTENT="7."/>
						</TextLine>
					</TextBlock>
				</ComposedBlock>
				<ComposedBlock ID="cblock_1" HPOS="232" VPOS="214" WIDTH="763" HEIGHT="709">
					<TextBlock ID="block_1" HPOS="232" VPOS="214" WIDTH="761" HEIGHT="85">
						<TextLine ID="line_1" HPOS="303" VPOS="214" WIDTH="688" HEIGHT="27">
							<String ID="string_7" HPOS="303" VPOS="216" WIDTH="31" HEIGHT="20" WC="0.93" CONTENT="att"/><SP WIDTH="15" VPOS="216" HPOS="334"/>
							<String ID="string_8" HPOS="349" VPOS="214" WIDTH="165" HEIGHT="27" WC="0.91" CONTENT="polismästaren"/><SP WIDTH="15" VPOS="214" HPOS="514"/>
							<String ID="string_9" HPOS="529" VPOS="214" WIDTH="113" HEIGHT="27" WC="0.89" CONTENT="uppgifvit,"/><SP WIDTH="10" VPOS="214" HPOS="642"/>
							<String ID="string_10" HPOS="652" VPOS="217" WIDTH="32" HEIGHT="19" WC="0.96" CONTENT="att"/><SP WIDTH="10" VPOS="217" HPOS="684"/>
							<String ID="string_11" HPOS="694" VPOS="215" WIDTH="32" HEIGHT="21" WC="0.96" CONTENT="till"/><SP WIDTH="10" VPOS="215" HPOS="726"/>
							<String ID="string_12" HPOS="736" VPOS="214" WIDTH="55" HEIGHT="22" WC="0.96" CONTENT="hans"/><SP WIDTH="10" VPOS="214" HPOS="791"/>
							<String ID="string_13" HPOS="801" VPOS="214" WIDTH="121" HEIGHT="22" WC="0.93" CONTENT="kännedom"/><SP WIDTH="11" VPOS="214" HPOS="922"/>
							<String ID="string_14" HPOS="933" VPOS="215" WIDTH="58" HEIGHT="21" WC="0.92" CONTENT="kom-"/>
						</TextLine>
						<TextLine ID="line_2" HPOS="233" VPOS="242" WIDTH="759" HEIGHT="29">
							<String ID="string_15" HPOS="233" VPOS="243" WIDTH="45" HEIGHT="26" WC="0.96" CONTENT="mit,"/><SP WIDTH="20" VPOS="243" HPOS="278"/>
							<String ID="string_16" HPOS="298" VPOS="244" WIDTH="32" HEIGHT="20" WC="0.93" CONTENT="att"/><SP WIDTH="21" VPOS="244" HPOS="330"/>
							<String ID="string_17" HPOS="351" VPOS="242" WIDTH="162" HEIGHT="28" WC="0.90" CONTENT="polyteknikern"/><SP WIDTH="22" VPOS="242" HPOS="513"/>
							<String ID="string_18" HPOS="535" VPOS="242" WIDTH="90" HEIGHT="22" WC="0.92" CONTENT="Brunou"/><SP WIDTH="16" VPOS="242" HPOS="625"/>
							<String ID="string_19" HPOS="641" VPOS="250" WIDTH="83" HEIGHT="15" WC="0.95" CONTENT="samma"/><SP WIDTH="15" VPOS="250" HPOS="724"/>
							<String ID="string_20" HPOS="739" VPOS="243" WIDTH="42" HEIGHT="27" WC="0.95" CONTENT="dag"/><SP WIDTH="15" VPOS="243" HPOS="781"/>
							<String ID="string_21" HPOS="796" VPOS="243" WIDTH="69" HEIGHT="21" WC="0.93" CONTENT="skulle"/><SP WIDTH="16" VPOS="243" HPOS="865"/>
							<String ID="string_22" HPOS="881" VPOS="243" WIDTH="111" HEIGHT="28" WC="0.91" CONTENT="begrafvas"/>
						</TextLine>
						<TextLine ID="line_3" HPOS="232" VPOS="271" WIDTH="761" HEIGHT="28">
							<String ID="string_23" HPOS="232" VPOS="272" WIDTH="41" HEIGHT="20" WC="0.96" CONTENT="och"/><SP WIDTH="16" VPOS="272" HPOS="273"/>
							<String ID="string_24" HPOS="289" VPOS="274" WIDTH="32" HEIGHT="18" WC="0.96" CONTENT="att"/><SP WIDTH="14" VPOS="274" HPOS="321"/>
							<String ID="string_25" HPOS="335" VPOS="272" WIDTH="36" HEIGHT="21" WC="0.96" CONTENT="vid"/><SP WIDTH="16" VPOS="272" HPOS="371"/>
							<String ID="string_26" HPOS="387" VPOS="272" WIDTH="58" HEIGHT="21" WC="0.95" CONTENT="detta"/><SP WIDTH="15" VPOS="272" HPOS="445"/>
							<String ID="string_27" HPOS="460" VPOS="272" WIDTH="81" HEIGHT="21" WC="0.95" CONTENT="tillfälle"/><SP WIDTH="15" VPOS="272" HPOS="541"/>
							<String ID="string_28" HPOS="556" VPOS="271" WIDTH="34" HEIGHT="21" WC="0.96" CONTENT="väl"/><SP WIDTH="16" VPOS="271" HPOS="590"/>
							<String ID="string_29" HPOS="606" VPOS="272" WIDTH="70" HEIGHT="21" WC="0.93" CONTENT="skulle"/><SP WIDTH="14" VPOS="272" HPOS="676"/>
							<String ID="string_30" HPOS="690" VPOS="273" WIDTH="74" HEIGHT="26" WC="0.91" CONTENT="ringas"/><SP WIDTH="15" VPOS="273" HPOS="764"/>
							<String ID="string_31" HPOS="779" VPOS="272" WIDTH="7" HEIGHT="21" WC="0.93" CONTENT="i"/><SP WIDTH="14" VPOS="272" HPOS="786"/>
							<String ID="string_32" HPOS="800" VPOS="272" WIDTH="193" HEIGHT="27" WC="0.90" CONTENT="kyrkoklockorna;"/>
						</TextLine>
					</TextBlock>
					<TextBlock ID="block_2" HPOS="232" VPOS="300" WIDTH="761" HEIGHT="113">
						<TextLine ID="line_4" HPOS="302" VPOS="300" WIDTH="691" HEIGHT="28">
							<String ID="string_33" HPOS="302" VPOS="302" WIDTH="33" HEIGHT="20" WC="0.96" CONTENT="att"/><SP WIDTH="20" VPOS="302" HPOS="335"/>
							<String ID="string_34" HPOS="355" VPOS="300" WIDTH="48" HEIGHT="26" WC="0.93" CONTENT="han,"/><SP WIDTH="16" VPOS="300" HPOS="403"/>
							<String ID="string_35" HPOS="419" VPOS="302" WIDTH="14" HEIGHT="19" WC="0.93" CONTENT="t."/><SP WIDTH="15" VPOS="302" HPOS="433"/>
							<String ID="string_36" HPOS="448" VPOS="300" WIDTH="14" HEIGHT="22" WC="0.84" CONTENT="f."/><SP WIDTH="15" VPOS="300" HPOS="462"/>
							<String ID="string_37" HPOS="477" VPOS="300" WIDTH="154" HEIGHT="28" WC="0.96" CONTENT="kyrkoherden,"/><SP WIDTH="16" VPOS="300" HPOS="631"/>
							<String ID="string_38" HPOS="647" VPOS="301" WIDTH="71" HEIGHT="21" WC="0.93" CONTENT="därtill"/><SP WIDTH="16" VPOS="301" HPOS="718"/>
							<String ID="string_39" HPOS="734" VPOS="300" WIDTH="113" HEIGHT="27" WC="0.92" CONTENT="genmälte,"/><SP WIDTH="15" VPOS="300" HPOS="847"/>
							<String ID="string_40" HPOS="862" VPOS="303" WIDTH="31" HEIGHT="19" WC="0.96" CONTENT="att"/><SP WIDTH="15" VPOS="303" HPOS="893"/>
							<String ID="string_41" HPOS="908" VPOS="301" WIDTH="41" HEIGHT="21" WC="0.96" CONTENT="han"/><SP WIDTH="16" VPOS="301" HPOS="949"/>
							<String ID="string_42" HPOS="965" VPOS="301" WIDTH="28" HEIGHT="27" WC="0.96" CONTENT="pä"/>
						</TextLine>
						<TextLine ID="line_5" HPOS="232" VPOS="328" WIDTH="760" HEIGHT="28">
							<String ID="string_43" HPOS="232" VPOS="328" WIDTH="55" HEIGHT="22" WC="0.96" CONTENT="intet"/><SP WIDTH="15" VPOS="328" HPOS="287"/>
							<String ID="string_44" HPOS="302" VPOS="331" WIDTH="43" HEIGHT="19" WC="0.96" CONTENT="sätt"/><SP WIDTH="15" VPOS="331" HPOS="345"/>
							<String ID="string_45" HPOS="360" VPOS="328" WIDTH="72" HEIGHT="22" WC="0.96" CONTENT="kunde"/><SP WIDTH="15" VPOS="328" HPOS="432"/>
							<String ID="string_46" HPOS="447" VPOS="329" WIDTH="98" HEIGHT="27" WC="0.96" CONTENT="förbjuda"/><SP WIDTH="16" VPOS="329" HPOS="545"/>
							<String ID="string_47" HPOS="561" VPOS="329" WIDTH="41" HEIGHT="25" WC="0.96" CONTENT="det,"/><SP WIDTH="15" VPOS="329" HPOS="602"/>
							<String ID="string_48" HPOS="617" VPOS="330" WIDTH="90" HEIGHT="20" WC="0.93" CONTENT="emedan"/><SP WIDTH="16" VPOS="330" HPOS="707"/>
							<String ID="string_49" HPOS="723" VPOS="329" WIDTH="137" HEIGHT="27" WC="0.92" CONTENT="Kyrkolagen"/><SP WIDTH="16" VPOS="329" HPOS="860"/>
							<String ID="string_50" HPOS="876" VPOS="329" WIDTH="116" HEIGHT="27" WC="0.92" CONTENT="medgifver"/>
						</TextLine>
						<TextLine ID="line_6" HPOS="234" VPOS="357" WIDTH="759" HEIGHT="28">
							<String ID="string_51" HPOS="234" VPOS="357" WIDTH="140" HEIGHT="27" WC="0.92" CONTENT="begagnande"/><SP WIDTH="15" VPOS="357" HPOS="374"/>
							<String ID="string_52" HPOS="389" VPOS="357" WIDTH="23" HEIGHT="21" WC="0.93" CONTENT="af"/><SP WIDTH="12" VPOS="357" HPOS="412"/>
							<String ID="string_53" HPOS="424" VPOS="358" WIDTH="156" HEIGHT="26" WC="0.92" CONTENT="kyrkoklockor"/><SP WIDTH="15" VPOS="358" HPOS="580"/>
							<String ID="string_54" HPOS="595" VPOS="358" WIDTH="35" HEIGHT="21" WC="0.96" CONTENT="vid"/><SP WIDTH="17" VPOS="358" HPOS="630"/>
							<String ID="string_55" HPOS="647" VPOS="358" WIDTH="80" HEIGHT="22" WC="0.95" CONTENT="sådana"/><SP WIDTH="12" VPOS="358" HPOS="727"/>
							<String ID="string_56" HPOS="739" VPOS="357" WIDTH="97" HEIGHT="22" WC="0.95" CONTENT="tillfällen"/><SP WIDTH="11" VPOS="357" HPOS="836"/>
							<String ID="string_57" HPOS="847" VPOS="358" WIDTH="62" HEIGHT="22" WC="0.96" CONTENT="äfven"/><SP WIDTH="16" VPOS="358" HPOS="909"/>
							<String ID="string_58" HPOS="925" VPOS="358" WIDTH="27" HEIGHT="27" WC="0.96" CONTENT="på"/><SP WIDTH="15" VPOS="358" HPOS="952"/>
							<String ID="string_59" HPOS="967" VPOS="358" WIDTH="26" HEIGHT="21" WC="0.96" CONTENT="de"/>
						</TextLine>
						<TextLine ID="line_7" HPOS="232" VPOS="386" WIDTH="222" HEIGHT="27">
							<String ID="string_60" HPOS="232" VPOS="388" WIDTH="82" HEIGHT="19" WC="0.93" CONTENT="största"/><SP WIDTH="15" VPOS="388" HPOS="314"/>
							<String ID="string_61" HPOS="329" VPOS="386" WIDTH="125" HEIGHT="27" WC="0.92" CONTENT="hälgdagar;"/>
						</TextLine>
					</TextBlock>
					<TextBlock ID="block_3" HPOS="233" VPOS="414" WIDTH="760" HEIGHT="85">
						<TextLine ID="line_8" HPOS="303" VPOS="414" WIDTH="690" HEIGHT="28">
							<String ID="string_62" HPOS="303" VPOS="417" WIDTH="32" HEIGHT="19" WC="0.96" CONTENT="att"/><SP WIDTH="19" VPOS="417" HPOS="335"/>
							<String ID="string_63" HPOS="354" VPOS="421" WIDTH="41" HEIGHT="21" WC="0.96" CONTENT="nya"/><SP WIDTH="20" VPOS="421" HPOS="395"/>
							<String ID="string_64" HPOS="415" VPOS="414" WIDTH="70" HEIGHT="22" WC="0.96" CONTENT="finska"/><SP WIDTH="18" VPOS="414" HPOS="485"/>
							<String ID="string_65" HPOS="503" VPOS="414" WIDTH="93" HEIGHT="28" WC="0.96" CONTENT="kyrkans"/><SP WIDTH="21" VPOS="414" HPOS="596"/>
							<String ID="string_66" HPOS="617" VPOS="415" WIDTH="153" HEIGHT="25" WC="0.96" CONTENT="vaktmästare,"/><SP WIDTH="23" VPOS="415" HPOS="770"/>
							<String ID="string_67" HPOS="793" VPOS="421" WIDTH="47" HEIGHT="15" WC="0.96" CONTENT="som"/><SP WIDTH="16" VPOS="421" HPOS="840"/>
							<String ID="string_68" HPOS="856" VPOS="415" WIDTH="91" HEIGHT="21" WC="0.95" CONTENT="anlände"/><SP WIDTH="14" VPOS="415" HPOS="947"/>
							<String ID="string_69" HPOS="961" VPOS="415" WIDTH="32" HEIGHT="21" WC="0.94" CONTENT="till"/>
						</TextLine>
						<TextLine ID="line_9" HPOS="233" VPOS="443" WIDTH="759" HEIGHT="28">
							<String ID="string_70" HPOS="233" VPOS="443" WIDTH="81" HEIGHT="21" WC="0.96" CONTENT="honom"/><SP WIDTH="16" VPOS="443" HPOS="314"/>
							<String ID="string_71" HPOS="330" VPOS="443" WIDTH="90" HEIGHT="21" WC="0.96" CONTENT="emellan"/><SP WIDTH="15" VPOS="443" HPOS="420"/>
							<String ID="string_72" HPOS="435" VPOS="444" WIDTH="29" HEIGHT="21" WC="0.93" CONTENT="kl."/><SP WIDTH="17" VPOS="444" HPOS="464"/>
							<String ID="string_73" HPOS="481" VPOS="444" WIDTH="59" HEIGHT="26" WC="0.88" CONTENT="1—2,"/><SP WIDTH="16" VPOS="444" HPOS="540"/>
							<String ID="string_74" HPOS="556" VPOS="444" WIDTH="116" HEIGHT="26" WC="0.96" CONTENT="berättade,"/><SP WIDTH="15" VPOS="444" HPOS="672"/>
							<String ID="string_75" HPOS="687" VPOS="446" WIDTH="32" HEIGHT="19" WC="0.96" CONTENT="att"/><SP WIDTH="15" VPOS="446" HPOS="719"/>
							<String ID="string_76" HPOS="734" VPOS="443" WIDTH="81" HEIGHT="27" WC="0.96" CONTENT="poliser"/><SP WIDTH="16" VPOS="443" HPOS="815"/>
							<String ID="string_77" HPOS="831" VPOS="444" WIDTH="161" HEIGHT="27" WC="0.96" CONTENT="varit"/><SP WIDTH="-95" VPOS="444" HPOS="992"/>
							<String ID="string_78" HPOS="897" VPOS="439" WIDTH="12" HEIGHT="36" WC="0.96" CONTENT="i"/><SP WIDTH="10" VPOS="439" HPOS="909"/>
							<String ID="string_79" HPOS="919" VPOS="444" WIDTH="73" HEIGHT="27" WC="0.96" CONTENT="kyrkan"/>
						</TextLine>
						<TextLine ID="line_10" HPOS="233" VPOS="472" WIDTH="675" HEIGHT="27">
							<String ID="string_80" HPOS="233" VPOS="472" WIDTH="41" HEIGHT="21" WC="0.96" CONTENT="och"/><SP WIDTH="15" VPOS="472" HPOS="274"/>
							<String ID="string_81" HPOS="289" VPOS="472" WIDTH="40" HEIGHT="22" WC="0.95" CONTENT="fått"/><SP WIDTH="15" VPOS="472" HPOS="329"/>
							<String ID="string_82" HPOS="344" VPOS="474" WIDTH="55" HEIGHT="24" WC="0.95" CONTENT="veta,"/><SP WIDTH="15" VPOS="474" HPOS="399"/>
							<String ID="string_83" HPOS="414" VPOS="474" WIDTH="32" HEIGHT="20" WC="0.96" CONTENT="att"/><SP WIDTH="15" VPOS="474" HPOS="446"/>
							<String ID="string_84" HPOS="461" VPOS="479" WIDTH="48" HEIGHT="15" WC="0.96" CONTENT="man"/><SP WIDTH="16" VPOS="479" HPOS="509"/>
							<String ID="string_85" HPOS="525" VPOS="473" WIDTH="58" HEIGHT="26" WC="0.96" CONTENT="ringt"/><SP WIDTH="14" VPOS="473" HPOS="583"/>
							<String ID="string_86" HPOS="597" VPOS="472" WIDTH="7" HEIGHT="21" WC="0.96" CONTENT="i"/><SP WIDTH="15" VPOS="472" HPOS="604"/>
							<String ID="string_87" HPOS="619" VPOS="472" WIDTH="117" HEIGHT="22" WC="0.96" CONTENT="klockorna"/><SP WIDTH="15" VPOS="472" HPOS="736"/>
							<String ID="string_88" HPOS="751" VPOS="472" WIDTH="72" HEIGHT="21" WC="0.96" CONTENT="såsom"/><SP WIDTH="16" VPOS="472" HPOS="823"/>
							<String ID="string_89" HPOS="839" VPOS="472" WIDTH="69" HEIGHT="27" WC="0.96" CONTENT="förut;"/>
						</TextLine>
					</TextBlock>
					<TextBlock ID="block_4" HPOS="233" VPOS="500" WIDTH="760" HEIGHT="114">
						<TextLine ID="line_11" HPOS="303" VPOS="500" WIDTH="690" HEIGHT="28">
							<String ID="string_90" HPOS="303" VPOS="503" WIDTH="32" HEIGHT="19" WC="0.96" CONTENT="att"/><SP WIDTH="15" VPOS="503" HPOS="335"/>
							<String ID="string_91" HPOS="350" VPOS="500" WIDTH="47" HEIGHT="26" WC="0.93" CONTENT="han,"/><SP WIDTH="16" VPOS="500" HPOS="397"/>
							<String ID="string_92" HPOS="413" VPOS="502" WIDTH="14" HEIGHT="20" WC="0.91" CONTENT="t."/><SP WIDTH="16" VPOS="502" HPOS="427"/>
							<String ID="string_93" HPOS="443" VPOS="501" WIDTH="13" HEIGHT="21" WC="0.91" CONTENT="f."/><SP WIDTH="16" VPOS="501" HPOS="456"/>
							<String ID="string_94" HPOS="472" VPOS="500" WIDTH="154" HEIGHT="28" WC="0.96" CONTENT="kyrkoherden,"/><SP WIDTH="15" VPOS="500" HPOS="626"/>
							<String ID="string_95" HPOS="641" VPOS="501" WIDTH="36" HEIGHT="21" WC="0.96" CONTENT="vid"/><SP WIDTH="16" VPOS="501" HPOS="677"/>
							<String ID="string_96" HPOS="693" VPOS="507" WIDTH="82" HEIGHT="15" WC="0.96" CONTENT="samma"/><SP WIDTH="16" VPOS="507" HPOS="775"/>
							<String ID="string_97" HPOS="791" VPOS="500" WIDTH="81" HEIGHT="22" WC="0.96" CONTENT="tillfälle"/><SP WIDTH="15" VPOS="500" HPOS="872"/>
							<String ID="string_98" HPOS="887" VPOS="501" WIDTH="40" HEIGHT="22" WC="0.96" CONTENT="fick"/><SP WIDTH="13" VPOS="501" HPOS="927"/>
							<String ID="string_99" HPOS="940" VPOS="502" WIDTH="53" HEIGHT="24" WC="0.96" CONTENT="veta,"/>
						</TextLine>
						<TextLine ID="line_12" HPOS="233" VPOS="529" WIDTH="760" HEIGHT="27">
							<String ID="string_100" HPOS="233" VPOS="531" WIDTH="33" HEIGHT="19" WC="0.96" CONTENT="att"/><SP WIDTH="14" VPOS="531" HPOS="266"/>
							<String ID="string_101" HPOS="280" VPOS="530" WIDTH="8" HEIGHT="20" WC="0.96" CONTENT="i"/><SP WIDTH="15" VPOS="530" HPOS="288"/>
							<String ID="string_102" HPOS="303" VPOS="536" WIDTH="41" HEIGHT="20" WC="0.96" CONTENT="nya"/><SP WIDTH="22" VPOS="536" HPOS="344"/>
							<String ID="string_103" HPOS="366" VPOS="529" WIDTH="81" HEIGHT="27" WC="0.96" CONTENT="kyrkan"/><SP WIDTH="24" VPOS="529" HPOS="447"/>
							<String ID="string_104" HPOS="471" VPOS="530" WIDTH="77" HEIGHT="21" WC="0.92" CONTENT="utförts"/><SP WIDTH="23" VPOS="530" HPOS="548"/>
							<String ID="string_105" HPOS="571" VPOS="530" WIDTH="154" HEIGHT="32" WC="0.93" CONTENT="själaringning"/><SP WIDTH="14" VPOS="530" HPOS="725"/>
							<String ID="string_106" HPOS="739" VPOS="529" WIDTH="28" HEIGHT="21" WC="0.96" CONTENT="kl."/><SP WIDTH="18" VPOS="529" HPOS="767"/>
							<String ID="string_107" HPOS="785" VPOS="529" WIDTH="57" HEIGHT="22" WC="0.93" CONTENT="10"/><SP WIDTH="-19" VPOS="529" HPOS="842"/>
							<String ID="string_108" HPOS="823" VPOS="525" WIDTH="25" HEIGHT="41" WC="0.87" CONTENT="f."/><SP WIDTH="9" VPOS="525" HPOS="848"/>
							<String ID="string_109" HPOS="857" VPOS="536" WIDTH="28" HEIGHT="15" WC="0.69" CONTENT="m."/><SP WIDTH="15" VPOS="536" HPOS="885"/>
							<String ID="string_110" HPOS="900" VPOS="531" WIDTH="7" HEIGHT="20" WC="0.93" CONTENT="i"/><SP WIDTH="15" VPOS="531" HPOS="907"/>
							<String ID="string_111" HPOS="922" VPOS="530" WIDTH="71" HEIGHT="20" WC="0.92" CONTENT="anled-"/>
						</TextLine>
						<TextLine ID="line_13" HPOS="234" VPOS="558" WIDTH="759" HEIGHT="40">
							<String ID="string_112" HPOS="234" VPOS="558" WIDTH="54" HEIGHT="32" WC="0.96" CONTENT="ning"/><SP WIDTH="14" VPOS="558" HPOS="288"/>
							<String ID="string_113" HPOS="302" VPOS="558" WIDTH="23" HEIGHT="21" WC="0.96" CONTENT="af"/><SP WIDTH="14" VPOS="558" HPOS="325"/>
							<String ID="string_114" HPOS="339" VPOS="564" WIDTH="25" HEIGHT="16" WC="0.92" CONTENT="en"/><SP WIDTH="16" VPOS="564" HPOS="364"/>
							<String ID="string_115" HPOS="380" VPOS="558" WIDTH="119" HEIGHT="22" WC="0.92" CONTENT="kontorists"/><SP WIDTH="16" VPOS="558" HPOS="499"/>
							<String ID="string_116" HPOS="515" VPOS="558" WIDTH="41" HEIGHT="22" WC="0.96" CONTENT="död"/><SP WIDTH="16" VPOS="558" HPOS="556"/>
							<String ID="string_117" HPOS="572" VPOS="562" WIDTH="56" HEIGHT="36" WC="0.96" CONTENT="samt"/><SP WIDTH="14" VPOS="562" HPOS="628"/>
							<String ID="string_118" HPOS="642" VPOS="559" WIDTH="7" HEIGHT="21" WC="0.96" CONTENT="i"/><SP WIDTH="15" VPOS="559" HPOS="649"/>
							<String ID="string_119" HPOS="664" VPOS="558" WIDTH="117" HEIGHT="27" WC="0.96" CONTENT="anledning"/><SP WIDTH="15" VPOS="558" HPOS="781"/>
							<String ID="string_120" HPOS="796" VPOS="558" WIDTH="23" HEIGHT="21" WC="0.96" CONTENT="af"/><SP WIDTH="8" VPOS="558" HPOS="819"/>
							<String ID="string_121" HPOS="827" VPOS="558" WIDTH="80" HEIGHT="27" WC="0.96" CONTENT="dagens"/><SP WIDTH="13" VPOS="558" HPOS="907"/>
							<String ID="string_122" HPOS="920" VPOS="558" WIDTH="73" HEIGHT="27" WC="0.96" CONTENT="högtid"/>
						</TextLine>
						<TextLine ID="line_14" HPOS="233" VPOS="586" WIDTH="356" HEIGHT="28">
							<String ID="string_123" HPOS="233" VPOS="586" WIDTH="103" HEIGHT="28" WC="0.96" CONTENT="ringning"/><SP WIDTH="15" VPOS="586" HPOS="336"/>
							<String ID="string_124" HPOS="351" VPOS="586" WIDTH="28" HEIGHT="22" WC="0.92" CONTENT="kl."/><SP WIDTH="16" VPOS="586" HPOS="379"/>
							<String ID="string_125" HPOS="395" VPOS="587" WIDTH="26" HEIGHT="26" WC="0.79" CONTENT="&#39;/,"/><SP WIDTH="10" VPOS="587" HPOS="421"/>
							<String ID="string_126" HPOS="431" VPOS="588" WIDTH="26" HEIGHT="20" WC="0.96" CONTENT="12"/><SP WIDTH="16" VPOS="588" HPOS="457"/>
							<String ID="string_127" HPOS="473" VPOS="587" WIDTH="39" HEIGHT="21" WC="0.96" CONTENT="och"/><SP WIDTH="15" VPOS="587" HPOS="512"/>
							<String ID="string_128" HPOS="527" VPOS="586" WIDTH="27" HEIGHT="22" WC="0.96" CONTENT="kl."/><SP WIDTH="17" VPOS="586" HPOS="554"/>
							<String ID="string_129" HPOS="571" VPOS="587" WIDTH="18" HEIGHT="21" WC="0.95" CONTENT="12"/>
						</TextLine>
					</TextBlock>
					<TextBlock ID="block_5" HPOS="234" VPOS="590" WIDTH="761" HEIGHT="109">
						<TextLine ID="line_15" HPOS="304" VPOS="590" WIDTH="691" HEIGHT="57">
							<String ID="string_130" HPOS="304" VPOS="618" WIDTH="32" HEIGHT="19" WC="0.96" CONTENT="att"/><SP WIDTH="20" VPOS="618" HPOS="336"/>
							<String ID="string_131" HPOS="356" VPOS="615" WIDTH="42" HEIGHT="21" WC="0.96" CONTENT="han"/><SP WIDTH="23" VPOS="615" HPOS="398"/>
							<String ID="string_132" HPOS="421" VPOS="622" WIDTH="38" HEIGHT="20" WC="0.96" CONTENT="per"/><SP WIDTH="22" VPOS="622" HPOS="459"/>
							<String ID="string_133" HPOS="481" VPOS="616" WIDTH="78" HEIGHT="21" WC="0.96" CONTENT="telefon"/><SP WIDTH="19" VPOS="616" HPOS="559"/>
							<String ID="string_134" HPOS="578" VPOS="590" WIDTH="36" HEIGHT="57" WC="0.90" CONTENT="till"/><SP WIDTH="22" VPOS="590" HPOS="614"/>
							<String ID="string_135" HPOS="636" VPOS="616" WIDTH="165" HEIGHT="26" WC="0.90" CONTENT="polismästaren"/><SP WIDTH="21" VPOS="616" HPOS="801"/>
							<String ID="string_136" HPOS="822" VPOS="618" WIDTH="76" HEIGHT="24" WC="0.95" CONTENT="genast"/><SP WIDTH="15" VPOS="618" HPOS="898"/>
							<String ID="string_137" HPOS="913" VPOS="616" WIDTH="82" HEIGHT="21" WC="0.96" CONTENT="rättade"/>
						</TextLine>
						<TextLine ID="line_16" HPOS="235" VPOS="644" WIDTH="759" HEIGHT="28">
							<String ID="string_138" HPOS="235" VPOS="644" WIDTH="34" HEIGHT="20" WC="0.96" CONTENT="sin"/><SP WIDTH="22" VPOS="644" HPOS="269"/>
							<String ID="string_139" HPOS="291" VPOS="644" WIDTH="91" HEIGHT="27" WC="0.93" CONTENT="tidigare"/><SP WIDTH="22" VPOS="644" HPOS="382"/>
							<String ID="string_140" HPOS="404" VPOS="644" WIDTH="80" HEIGHT="27" WC="0.92" CONTENT="afgifna"/><SP WIDTH="22" VPOS="644" HPOS="484"/>
							<String ID="string_141" HPOS="506" VPOS="644" WIDTH="130" HEIGHT="28" WC="0.96" CONTENT="upplysning"/><SP WIDTH="21" VPOS="644" HPOS="636"/>
							<String ID="string_142" HPOS="657" VPOS="645" WIDTH="48" HEIGHT="21" WC="0.95" CONTENT="med"/><SP WIDTH="23" VPOS="645" HPOS="705"/>
							<String ID="string_143" HPOS="728" VPOS="644" WIDTH="83" HEIGHT="27" WC="0.95" CONTENT="hänsyn"/><SP WIDTH="22" VPOS="644" HPOS="811"/>
							<String ID="string_144" HPOS="833" VPOS="644" WIDTH="31" HEIGHT="21" WC="0.93" CONTENT="till"/><SP WIDTH="20" VPOS="644" HPOS="864"/>
							<String ID="string_145" HPOS="884" VPOS="644" WIDTH="110" HEIGHT="27" WC="0.90" CONTENT="själaring-"/>
						</TextLine>
						<TextLine ID="line_17" HPOS="234" VPOS="672" WIDTH="90" HEIGHT="27">
							<String ID="string_146" HPOS="234" VPOS="672" WIDTH="90" HEIGHT="27" WC="0.95" CONTENT="ningen;"/>
						</TextLine>
					</TextBlock>
					<TextBlock ID="block_6" HPOS="234" VPOS="701" WIDTH="761" HEIGHT="113">
						<TextLine ID="line_18" HPOS="305" VPOS="701" WIDTH="689" HEIGHT="27">
							<String ID="string_147" HPOS="305" VPOS="703" WIDTH="32" HEIGHT="19" WC="0.93" CONTENT="att"/><SP WIDTH="14" VPOS="703" HPOS="337"/>
							<String ID="string_148" HPOS="351" VPOS="701" WIDTH="164" HEIGHT="27" WC="0.91" CONTENT="polismästaren"/><SP WIDTH="16" VPOS="701" HPOS="515"/>
							<String ID="string_149" HPOS="531" VPOS="702" WIDTH="28" HEIGHT="26" WC="0.96" CONTENT="på"/><SP WIDTH="14" VPOS="702" HPOS="559"/>
							<String ID="string_150" HPOS="573" VPOS="702" WIDTH="69" HEIGHT="20" WC="0.96" CONTENT="Deras"/><SP WIDTH="16" VPOS="702" HPOS="642"/>
							<String ID="string_151" HPOS="658" VPOS="701" WIDTH="122" HEIGHT="27" WC="0.93" CONTENT="Kejserliga"/><SP WIDTH="15" VPOS="701" HPOS="780"/>
							<String ID="string_152" HPOS="795" VPOS="701" WIDTH="136" HEIGHT="27" WC="0.91" CONTENT="Majestäters"/><SP WIDTH="15" VPOS="701" HPOS="931"/>
							<String ID="string_153" HPOS="946" VPOS="701" WIDTH="48" HEIGHT="21" WC="0.93" CONTENT="krö-"/>
						</TextLine>
						<TextLine ID="line_19" HPOS="235" VPOS="729" WIDTH="760" HEIGHT="28">
							<String ID="string_154" HPOS="235" VPOS="730" WIDTH="108" HEIGHT="27" WC="0.91" CONTENT="ningsdag"/><SP WIDTH="15" VPOS="730" HPOS="343"/>
							<String ID="string_155" HPOS="358" VPOS="730" WIDTH="90" HEIGHT="27" WC="0.96" CONTENT="ungefär"/><SP WIDTH="15" VPOS="730" HPOS="448"/>
							<String ID="string_156" HPOS="463" VPOS="730" WIDTH="27" HEIGHT="21" WC="0.95" CONTENT="kl."/><SP WIDTH="15" VPOS="730" HPOS="490"/>
							<String ID="string_157" HPOS="505" VPOS="730" WIDTH="14" HEIGHT="21" WC="0.96" CONTENT="3"/><SP WIDTH="15" VPOS="730" HPOS="519"/>
							<String ID="string_158" HPOS="534" VPOS="736" WIDTH="38" HEIGHT="21" WC="0.96" CONTENT="per"/><SP WIDTH="16" VPOS="736" HPOS="572"/>
							<String ID="string_159" HPOS="588" VPOS="730" WIDTH="78" HEIGHT="21" WC="0.93" CONTENT="telefon"/><SP WIDTH="17" VPOS="730" HPOS="666"/>
							<String ID="string_160" HPOS="683" VPOS="729" WIDTH="128" HEIGHT="26" WC="0.92" CONTENT="efterhörde,"/><SP WIDTH="15" VPOS="729" HPOS="811"/>
							<String ID="string_161" HPOS="826" VPOS="730" WIDTH="56" HEIGHT="21" WC="0.95" CONTENT="hvad"/><SP WIDTH="13" VPOS="730" HPOS="882"/>
							<String ID="string_162" HPOS="895" VPOS="730" WIDTH="100" HEIGHT="26" WC="0.96" CONTENT="ringning"/>
						</TextLine>
						<TextLine ID="line_20" HPOS="234" VPOS="758" WIDTH="760" HEIGHT="28">
							<String ID="string_163" HPOS="234" VPOS="758" WIDTH="47" HEIGHT="21" WC="0.95" CONTENT="åter"/><SP WIDTH="22" VPOS="758" HPOS="281"/>
							<String ID="string_164" HPOS="303" VPOS="758" WIDTH="80" HEIGHT="22" WC="0.96" CONTENT="hördes"/><SP WIDTH="22" VPOS="758" HPOS="383"/>
							<String ID="string_165" HPOS="405" VPOS="758" WIDTH="47" HEIGHT="22" WC="0.93" CONTENT="från"/><SP WIDTH="23" VPOS="758" HPOS="452"/>
							<String ID="string_166" HPOS="475" VPOS="759" WIDTH="143" HEIGHT="27" WC="0.92" CONTENT="kyrkotornet,"/><SP WIDTH="23" VPOS="759" HPOS="618"/>
							<String ID="string_167" HPOS="641" VPOS="758" WIDTH="136" HEIGHT="28" WC="0.91" CONTENT="tilläggande,"/><SP WIDTH="23" VPOS="758" HPOS="777"/>
							<String ID="string_168" HPOS="800" VPOS="760" WIDTH="32" HEIGHT="20" WC="0.96" CONTENT="att"/><SP WIDTH="23" VPOS="760" HPOS="832"/>
							<String ID="string_169" HPOS="855" VPOS="759" WIDTH="139" HEIGHT="21" WC="0.96" CONTENT="Guvernören"/>
						</TextLine>
						<TextLine ID="line_21" HPOS="234" VPOS="786" WIDTH="417" HEIGHT="28">
							<String ID="string_170" HPOS="234" VPOS="786" WIDTH="101" HEIGHT="22" WC="0.91" CONTENT="däröfver"/><SP WIDTH="14" VPOS="786" HPOS="335"/>
							<String ID="string_171" HPOS="349" VPOS="787" WIDTH="46" HEIGHT="21" WC="0.96" CONTENT="åter"/><SP WIDTH="16" VPOS="787" HPOS="395"/>
							<String ID="string_172" HPOS="411" VPOS="794" WIDTH="37" HEIGHT="14" WC="0.96" CONTENT="var"/><SP WIDTH="15" VPOS="794" HPOS="448"/>
							<String ID="string_173" HPOS="463" VPOS="788" WIDTH="64" HEIGHT="26" WC="0.93" CONTENT="högst"/><SP WIDTH="14" VPOS="788" HPOS="527"/>
							<String ID="string_174" HPOS="541" VPOS="787" WIDTH="110" HEIGHT="27" WC="0.91" CONTENT="förargad;"/>
						</TextLine>
					</TextBlock>
					<TextBlock ID="block_7" HPOS="235" VPOS="815" WIDTH="760" HEIGHT="108">
						<TextLine ID="line_22" HPOS="305" VPOS="815" WIDTH="689" HEIGHT="28">
							<String ID="string_175" HPOS="305" VPOS="818" WIDTH="32" HEIGHT="19" WC="0.96" CONTENT="att"/><SP WIDTH="21" VPOS="818" HPOS="337"/>
							<String ID="string_176" HPOS="358" VPOS="816" WIDTH="41" HEIGHT="20" WC="0.96" CONTENT="han"/><SP WIDTH="24" VPOS="816" HPOS="399"/>
							<String ID="string_177" HPOS="423" VPOS="817" WIDTH="96" HEIGHT="26" WC="0.96" CONTENT="svarade,"/><SP WIDTH="22" VPOS="817" HPOS="519"/>
							<String ID="string_178" HPOS="541" VPOS="818" WIDTH="30" HEIGHT="19" WC="0.96" CONTENT="att"/><SP WIDTH="15" VPOS="818" HPOS="571"/>
							<String ID="string_179" HPOS="586" VPOS="822" WIDTH="47" HEIGHT="15" WC="0.96" CONTENT="som"/><SP WIDTH="16" VPOS="822" HPOS="633"/>
							<String ID="string_180" HPOS="649" VPOS="816" WIDTH="48" HEIGHT="21" WC="0.96" CONTENT="bäst"/><SP WIDTH="15" VPOS="816" HPOS="697"/>
							<String ID="string_181" HPOS="712" VPOS="815" WIDTH="77" HEIGHT="28" WC="0.96" CONTENT="pågick"/><SP WIDTH="15" VPOS="815" HPOS="789"/>
							<String ID="string_182" HPOS="804" VPOS="822" WIDTH="27" HEIGHT="14" WC="0.96" CONTENT="en"/><SP WIDTH="12" VPOS="822" HPOS="831"/>
							<String ID="string_183" HPOS="843" VPOS="815" WIDTH="151" HEIGHT="27" WC="0.96" CONTENT="jordfästning,"/>
						</TextLine>
						<TextLine ID="line_23" HPOS="236" VPOS="844" WIDTH="758" HEIGHT="27">
							<String ID="string_184" HPOS="236" VPOS="844" WIDTH="120" HEIGHT="27" WC="0.96" CONTENT="hvarjämte"/><SP WIDTH="23" VPOS="844" HPOS="356"/>
							<String ID="string_185" HPOS="379" VPOS="844" WIDTH="41" HEIGHT="21" WC="0.96" CONTENT="han"/><SP WIDTH="24" VPOS="844" HPOS="420"/>
							<String ID="string_186" HPOS="444" VPOS="851" WIDTH="75" HEIGHT="15" WC="0.96" CONTENT="senare"/><SP WIDTH="22" VPOS="851" HPOS="519"/>
							<String ID="string_187" HPOS="541" VPOS="844" WIDTH="62" HEIGHT="27" WC="0.96" CONTENT="erfor,"/><SP WIDTH="21" VPOS="844" HPOS="603"/>
							<String ID="string_188" HPOS="624" VPOS="846" WIDTH="32" HEIGHT="20" WC="0.96" CONTENT="att"/><SP WIDTH="22" VPOS="846" HPOS="656"/>
							<String ID="string_189" HPOS="678" VPOS="844" WIDTH="31" HEIGHT="22" WC="0.95" CONTENT="till"/><SP WIDTH="16" VPOS="844" HPOS="709"/>
							<String ID="string_190" HPOS="725" VPOS="844" WIDTH="39" HEIGHT="22" WC="0.96" CONTENT="och"/><SP WIDTH="17" VPOS="844" HPOS="764"/>
							<String ID="string_191" HPOS="781" VPOS="844" WIDTH="48" HEIGHT="21" WC="0.96" CONTENT="med"/><SP WIDTH="16" VPOS="844" HPOS="829"/>
							<String ID="string_192" HPOS="845" VPOS="846" WIDTH="78" HEIGHT="20" WC="0.93" CONTENT="tvänne"/><SP WIDTH="12" VPOS="846" HPOS="923"/>
							<String ID="string_193" HPOS="935" VPOS="844" WIDTH="59" HEIGHT="27" WC="0.92" CONTENT="jord-"/>
						</TextLine>
						<TextLine ID="line_24" HPOS="236" VPOS="872" WIDTH="759" HEIGHT="28">
							<String ID="string_194" HPOS="236" VPOS="872" WIDTH="121" HEIGHT="28" WC="0.93" CONTENT="fästningar"/><SP WIDTH="21" VPOS="872" HPOS="357"/>
							<String ID="string_195" HPOS="378" VPOS="873" WIDTH="99" HEIGHT="27" WC="0.92" CONTENT="pågingo,"/><SP WIDTH="21" VPOS="873" HPOS="477"/>
							<String ID="string_196" HPOS="498" VPOS="873" WIDTH="87" HEIGHT="21" WC="0.96" CONTENT="hvarvid"/><SP WIDTH="22" VPOS="873" HPOS="585"/>
							<String ID="string_197" HPOS="607" VPOS="873" WIDTH="37" HEIGHT="21" WC="0.93" CONTENT="det"/><SP WIDTH="14" VPOS="873" HPOS="644"/>
							<String ID="string_198" HPOS="658" VPOS="873" WIDTH="87" HEIGHT="27" WC="0.92" CONTENT="ringdes"/><SP WIDTH="16" VPOS="873" HPOS="745"/>
							<String ID="string_199" HPOS="761" VPOS="873" WIDTH="7" HEIGHT="21" WC="0.96" CONTENT="i"/><SP WIDTH="15" VPOS="873" HPOS="768"/>
							<String ID="string_200" HPOS="783" VPOS="872" WIDTH="170" HEIGHT="28" WC="0.96" CONTENT="kyrkklockorna"/><SP WIDTH="15" VPOS="872" HPOS="953"/>
							<String ID="string_201" HPOS="968" VPOS="873" WIDTH="27" HEIGHT="21" WC="0.96" CONTENT="kl."/>
						</TextLine>
						<TextLine ID="line_25" HPOS="235" VPOS="901" WIDTH="218" HEIGHT="22">
							<String ID="string_202" HPOS="235" VPOS="901" WIDTH="15" HEIGHT="21" WC="0.96" CONTENT="3"/><SP WIDTH="16" VPOS="901" HPOS="250"/>
							<String ID="string_203" HPOS="266" VPOS="901" WIDTH="40" HEIGHT="22" WC="0.96" CONTENT="och"/><SP WIDTH="15" VPOS="901" HPOS="306"/>
							<String ID="string_204" HPOS="321" VPOS="902" WIDTH="28" HEIGHT="21" WC="0.96" CONTENT="kl."/><SP WIDTH="15" VPOS="902" HPOS="349"/>
							<String ID="string_205" HPOS="364" VPOS="902" WIDTH="14" HEIGHT="20" WC="0.96" CONTENT="4"/><SP WIDTH="15" VPOS="902" HPOS="378"/>
							<String ID="string_206" HPOS="393" VPOS="908" WIDTH="17" HEIGHT="14" WC="0.90" CONTENT="e."/><SP WIDTH="16" VPOS="908" HPOS="410"/>
							<String ID="string_207" HPOS="426" VPOS="908" WIDTH="27" HEIGHT="15" WC="0.95" CONTENT="m."/>
						</TextLine>
					</TextBlock>
				</ComposedBlock>
				<ComposedBlock ID="cblock_2" HPOS="235" VPOS="930" WIDTH="764" HEIGHT="514">
					<TextBlock ID="block_8" HPOS="235" VPOS="930" WIDTH="760" HEIGHT="142">
						<TextLine ID="line_26" HPOS="305" VPOS="930" WIDTH="690" HEIGHT="28">
							<String ID="string_208" HPOS="305" VPOS="932" WIDTH="32" HEIGHT="20" WC="0.96" CONTENT="att"/><SP WIDTH="22" VPOS="932" HPOS="337"/>
							<String ID="string_209" HPOS="359" VPOS="930" WIDTH="42" HEIGHT="21" WC="0.95" CONTENT="han"/><SP WIDTH="23" VPOS="930" HPOS="401"/>
							<String ID="string_210" HPOS="424" VPOS="930" WIDTH="93" HEIGHT="28" WC="0.96" CONTENT="följande"/><SP WIDTH="22" VPOS="930" HPOS="517"/>
							<String ID="string_211" HPOS="539" VPOS="930" WIDTH="41" HEIGHT="27" WC="0.96" CONTENT="dag"/><SP WIDTH="14" VPOS="930" HPOS="580"/>
							<String ID="string_212" HPOS="594" VPOS="930" WIDTH="33" HEIGHT="21" WC="0.93" CONTENT="för"/><SP WIDTH="16" VPOS="930" HPOS="627"/>
							<String ID="string_213" HPOS="643" VPOS="930" WIDTH="164" HEIGHT="28" WC="0.92" CONTENT="polismästaren"/><SP WIDTH="17" VPOS="930" HPOS="807"/>
							<String ID="string_214" HPOS="824" VPOS="930" WIDTH="125" HEIGHT="26" WC="0.93" CONTENT="förklarade,"/><SP WIDTH="16" VPOS="930" HPOS="949"/>
							<String ID="string_215" HPOS="965" VPOS="932" WIDTH="30" HEIGHT="19" WC="0.97" CONTENT="att"/>
						</TextLine>
						<TextLine ID="line_27" HPOS="235" VPOS="958" WIDTH="760" HEIGHT="28">
							<String ID="string_216" HPOS="235" VPOS="958" WIDTH="80" HEIGHT="22" WC="0.92" CONTENT="förbud"/><SP WIDTH="23" VPOS="958" HPOS="315"/>
							<String ID="string_217" HPOS="338" VPOS="961" WIDTH="45" HEIGHT="19" WC="0.93" CONTENT="mot"/><SP WIDTH="22" VPOS="961" HPOS="383"/>
							<String ID="string_218" HPOS="405" VPOS="959" WIDTH="101" HEIGHT="27" WC="0.92" CONTENT="ringning"/><SP WIDTH="22" VPOS="959" HPOS="506"/>
							<String ID="string_219" HPOS="528" VPOS="959" WIDTH="34" HEIGHT="21" WC="0.93" CONTENT="vid"/><SP WIDTH="22" VPOS="959" HPOS="562"/>
							<String ID="string_220" HPOS="584" VPOS="958" WIDTH="171" HEIGHT="22" WC="0.93" CONTENT="ofvanomtalade"/><SP WIDTH="24" VPOS="958" HPOS="755"/>
							<String ID="string_221" HPOS="779" VPOS="958" WIDTH="96" HEIGHT="22" WC="0.92" CONTENT="tillfällen"/><SP WIDTH="24" VPOS="958" HPOS="875"/>
							<String ID="string_222" HPOS="899" VPOS="964" WIDTH="50" HEIGHT="16" WC="0.92" CONTENT="vore"/><SP WIDTH="16" VPOS="964" HPOS="949"/>
							<String ID="string_223" HPOS="965" VPOS="960" WIDTH="30" HEIGHT="20" WC="0.96" CONTENT="ett"/>
						</TextLine>
						<TextLine ID="line_28" HPOS="235" VPOS="987" WIDTH="760" HEIGHT="27">
							<String ID="string_224" HPOS="235" VPOS="987" WIDTH="123" HEIGHT="27" WC="0.93" CONTENT="lagstridigt"/><SP WIDTH="20" VPOS="987" HPOS="358"/>
							<String ID="string_225" HPOS="378" VPOS="987" WIDTH="122" HEIGHT="22" WC="0.96" CONTENT="förfarande"/><SP WIDTH="21" VPOS="987" HPOS="500"/>
							<String ID="string_226" HPOS="521" VPOS="987" WIDTH="39" HEIGHT="22" WC="0.96" CONTENT="och"/><SP WIDTH="22" VPOS="987" HPOS="560"/>
							<String ID="string_227" HPOS="582" VPOS="988" WIDTH="67" HEIGHT="21" WC="0.93" CONTENT="borde"/><SP WIDTH="20" VPOS="988" HPOS="649"/>
							<String ID="string_228" HPOS="669" VPOS="987" WIDTH="110" HEIGHT="22" WC="0.92" CONTENT="betraktas"/><SP WIDTH="16" VPOS="987" HPOS="779"/>
							<String ID="string_229" HPOS="795" VPOS="987" WIDTH="72" HEIGHT="21" WC="0.92" CONTENT="säsom"/><SP WIDTH="16" VPOS="987" HPOS="867"/>
							<String ID="string_230" HPOS="883" VPOS="987" WIDTH="112" HEIGHT="27" WC="0.90" CONTENT="tjänstefel,"/>
						</TextLine>
						<TextLine ID="line_29" HPOS="235" VPOS="1015" WIDTH="760" HEIGHT="29">
							<String ID="string_231" HPOS="235" VPOS="1016" WIDTH="42" HEIGHT="20" WC="0.91" CONTENT="och"/><SP WIDTH="22" VPOS="1016" HPOS="277"/>
							<String ID="string_232" HPOS="299" VPOS="1016" WIDTH="68" HEIGHT="21" WC="0.89" CONTENT="tillika"/><SP WIDTH="22" VPOS="1016" HPOS="367"/>
							<String ID="string_233" HPOS="389" VPOS="1017" WIDTH="92" HEIGHT="21" WC="0.91" CONTENT="nämnde"/><SP WIDTH="22" VPOS="1017" HPOS="481"/>
							<String ID="string_234" HPOS="503" VPOS="1018" WIDTH="31" HEIGHT="20" WC="0.96" CONTENT="att"/><SP WIDTH="22" VPOS="1018" HPOS="534"/>
							<String ID="string_235" HPOS="556" VPOS="1016" WIDTH="41" HEIGHT="21" WC="0.96" CONTENT="han"/><SP WIDTH="16" VPOS="1016" HPOS="597"/>
							<String ID="string_236" HPOS="613" VPOS="1023" WIDTH="38" HEIGHT="21" WC="0.96" CONTENT="per"/><SP WIDTH="18" VPOS="1023" HPOS="651"/>
							<String ID="string_237" HPOS="669" VPOS="1016" WIDTH="79" HEIGHT="22" WC="0.93" CONTENT="telefon"/><SP WIDTH="17" VPOS="1016" HPOS="748"/>
							<String ID="string_238" HPOS="765" VPOS="1016" WIDTH="136" HEIGHT="22" WC="0.92" CONTENT="underrättat"/><SP WIDTH="15" VPOS="1016" HPOS="901"/>
							<String ID="string_239" HPOS="916" VPOS="1015" WIDTH="79" HEIGHT="22" WC="0.93" CONTENT="stiftets"/>
						</TextLine>
						<TextLine ID="line_30" HPOS="236" VPOS="1044" WIDTH="223" HEIGHT="28">
							<String ID="string_240" HPOS="236" VPOS="1044" WIDTH="78" HEIGHT="28" WC="0.91" CONTENT="biskop"/><SP WIDTH="16" VPOS="1044" HPOS="314"/>
							<String ID="string_241" HPOS="330" VPOS="1051" WIDTH="35" HEIGHT="15" WC="0.96" CONTENT="om"/><SP WIDTH="17" VPOS="1051" HPOS="365"/>
							<String ID="string_242" HPOS="382" VPOS="1044" WIDTH="77" HEIGHT="27" WC="0.96" CONTENT="saken;"/>
						</TextLine>
					</TextBlock>
					<TextBlock ID="block_9" HPOS="236" VPOS="1073" WIDTH="760" HEIGHT="56">
						<TextLine ID="line_31" HPOS="305" VPOS="1073" WIDTH="691" HEIGHT="27">
							<String ID="string_243" HPOS="305" VPOS="1075" WIDTH="33" HEIGHT="20" WC="0.91" CONTENT="att"/><SP WIDTH="22" VPOS="1075" HPOS="338"/>
							<String ID="string_244" HPOS="360" VPOS="1073" WIDTH="163" HEIGHT="27" WC="0.91" CONTENT="polismästaren"/><SP WIDTH="24" VPOS="1073" HPOS="523"/>
							<String ID="string_245" HPOS="547" VPOS="1074" WIDTH="56" HEIGHT="25" WC="0.96" CONTENT="sade,"/><SP WIDTH="23" VPOS="1074" HPOS="603"/>
							<String ID="string_246" HPOS="626" VPOS="1075" WIDTH="31" HEIGHT="19" WC="0.93" CONTENT="att"/><SP WIDTH="24" VPOS="1075" HPOS="657"/>
							<String ID="string_247" HPOS="681" VPOS="1074" WIDTH="142" HEIGHT="21" WC="0.92" CONTENT="Guvernören"/><SP WIDTH="16" VPOS="1074" HPOS="823"/>
							<String ID="string_248" HPOS="839" VPOS="1079" WIDTH="63" HEIGHT="15" WC="0.96" CONTENT="anser"/><SP WIDTH="15" VPOS="1079" HPOS="902"/>
							<String ID="string_249" HPOS="917" VPOS="1073" WIDTH="79" HEIGHT="21" WC="0.96" CONTENT="honom"/>
						</TextLine>
						<TextLine ID="line_32" HPOS="236" VPOS="1102" WIDTH="669" HEIGHT="27">
							<String ID="string_250" HPOS="236" VPOS="1102" WIDTH="50" HEIGHT="21" WC="0.96" CONTENT="med"/><SP WIDTH="16" VPOS="1102" HPOS="286"/>
							<String ID="string_251" HPOS="302" VPOS="1102" WIDTH="58" HEIGHT="22" WC="0.93" CONTENT="detta"/><SP WIDTH="15" VPOS="1102" HPOS="360"/>
							<String ID="string_252" HPOS="375" VPOS="1102" WIDTH="104" HEIGHT="26" WC="0.92" CONTENT="ringande"/><SP WIDTH="16" VPOS="1102" HPOS="479"/>
							<String ID="string_253" HPOS="495" VPOS="1102" WIDTH="48" HEIGHT="27" WC="0.96" CONTENT="vilja"/><SP WIDTH="16" VPOS="1102" HPOS="543"/>
							<String ID="string_254" HPOS="559" VPOS="1104" WIDTH="51" HEIGHT="25" WC="0.93" CONTENT="göra"/><SP WIDTH="15" VPOS="1104" HPOS="610"/>
							<String ID="string_255" HPOS="625" VPOS="1102" WIDTH="76" HEIGHT="21" WC="0.93" CONTENT="förtret"/><SP WIDTH="16" VPOS="1102" HPOS="701"/>
							<String ID="string_256" HPOS="717" VPOS="1102" WIDTH="22" HEIGHT="21" WC="0.93" CONTENT="ät"/><SP WIDTH="16" VPOS="1102" HPOS="739"/>
							<String ID="string_257" HPOS="755" VPOS="1102" WIDTH="150" HEIGHT="26" WC="0.92" CONTENT="Guvernören;"/>
						</TextLine>
					</TextBlock>
					<TextBlock ID="block_10" HPOS="235" VPOS="1129" WIDTH="762" HEIGHT="114">
						<TextLine ID="line_33" HPOS="306" VPOS="1129" WIDTH="690" HEIGHT="29">
							<String ID="string_258" HPOS="306" VPOS="1133" WIDTH="32" HEIGHT="19" WC="0.96" CONTENT="att"/><SP WIDTH="15" VPOS="1133" HPOS="338"/>
							<String ID="string_259" HPOS="353" VPOS="1130" WIDTH="48" HEIGHT="26" WC="0.93" CONTENT="han,"/><SP WIDTH="23" VPOS="1130" HPOS="401"/>
							<String ID="string_260" HPOS="424" VPOS="1133" WIDTH="14" HEIGHT="19" WC="0.85" CONTENT="t."/><SP WIDTH="16" VPOS="1133" HPOS="438"/>
							<String ID="string_261" HPOS="454" VPOS="1130" WIDTH="13" HEIGHT="22" WC="0.83" CONTENT="f."/><SP WIDTH="16" VPOS="1130" HPOS="467"/>
							<String ID="string_262" HPOS="483" VPOS="1130" WIDTH="153" HEIGHT="28" WC="0.75" CONTENT="kyrkoherden,"/><SP WIDTH="15" VPOS="1130" HPOS="636"/>
							<String ID="string_263" HPOS="651" VPOS="1130" WIDTH="126" HEIGHT="22" WC="0.95" CONTENT="betraktade"/><SP WIDTH="16" VPOS="1130" HPOS="777"/>
							<String ID="string_264" HPOS="793" VPOS="1136" WIDTH="26" HEIGHT="15" WC="0.93" CONTENT="en"/><SP WIDTH="16" VPOS="1136" HPOS="819"/>
							<String ID="string_265" HPOS="835" VPOS="1130" WIDTH="67" HEIGHT="21" WC="0.91" CONTENT="sådan"/><SP WIDTH="15" VPOS="1130" HPOS="902"/>
							<String ID="string_266" HPOS="917" VPOS="1129" WIDTH="79" HEIGHT="22" WC="0.92" CONTENT="förmo-"/>
						</TextLine>
						<TextLine ID="line_34" HPOS="236" VPOS="1158" WIDTH="760" HEIGHT="28">
							<String ID="string_267" HPOS="236" VPOS="1159" WIDTH="43" HEIGHT="21" WC="0.93" CONTENT="dan"/><SP WIDTH="15" VPOS="1159" HPOS="279"/>
							<String ID="string_268" HPOS="294" VPOS="1159" WIDTH="47" HEIGHT="21" WC="0.93" CONTENT="frän"/><SP WIDTH="17" VPOS="1159" HPOS="341"/>
							<String ID="string_269" HPOS="358" VPOS="1159" WIDTH="153" HEIGHT="22" WC="0.92" CONTENT="Guvernörens"/><SP WIDTH="16" VPOS="1159" HPOS="511"/>
							<String ID="string_270" HPOS="527" VPOS="1159" WIDTH="44" HEIGHT="21" WC="0.93" CONTENT="sida"/><SP WIDTH="15" VPOS="1159" HPOS="571"/>
							<String ID="string_271" HPOS="586" VPOS="1159" WIDTH="94" HEIGHT="27" WC="0.91" CONTENT="omöjlig,"/><SP WIDTH="15" VPOS="1159" HPOS="680"/>
							<String ID="string_272" HPOS="695" VPOS="1159" WIDTH="90" HEIGHT="21" WC="0.91" CONTENT="emedan"/><SP WIDTH="16" VPOS="1159" HPOS="785"/>
							<String ID="string_273" HPOS="801" VPOS="1165" WIDTH="26" HEIGHT="14" WC="0.93" CONTENT="en"/><SP WIDTH="14" VPOS="1165" HPOS="827"/>
							<String ID="string_274" HPOS="841" VPOS="1159" WIDTH="65" HEIGHT="21" WC="0.92" CONTENT="sädan"/><SP WIDTH="12" VPOS="1159" HPOS="906"/>
							<String ID="string_275" HPOS="918" VPOS="1158" WIDTH="78" HEIGHT="22" WC="0.91" CONTENT="förmo-"/>
						</TextLine>
						<TextLine ID="line_35" HPOS="235" VPOS="1187" WIDTH="762" HEIGHT="27">
							<String ID="string_276" HPOS="235" VPOS="1188" WIDTH="43" HEIGHT="21" WC="0.93" CONTENT="dan"/><SP WIDTH="16" VPOS="1188" HPOS="278"/>
							<String ID="string_277" HPOS="294" VPOS="1194" WIDTH="52" HEIGHT="15" WC="0.91" CONTENT="vore"/><SP WIDTH="21" VPOS="1194" HPOS="346"/>
							<String ID="string_278" HPOS="367" VPOS="1190" WIDTH="32" HEIGHT="19" WC="0.93" CONTENT="att"/><SP WIDTH="19" VPOS="1190" HPOS="399"/>
							<String ID="string_279" HPOS="418" VPOS="1194" WIDTH="52" HEIGHT="15" WC="0.92" CONTENT="anse"/><SP WIDTH="16" VPOS="1194" HPOS="470"/>
							<String ID="string_280" HPOS="486" VPOS="1188" WIDTH="70" HEIGHT="22" WC="0.92" CONTENT="säsom"/><SP WIDTH="16" VPOS="1188" HPOS="556"/>
							<String ID="string_281" HPOS="572" VPOS="1194" WIDTH="26" HEIGHT="15" WC="0.96" CONTENT="en"/><SP WIDTH="17" VPOS="1194" HPOS="598"/>
							<String ID="string_282" HPOS="615" VPOS="1190" WIDTH="46" HEIGHT="19" WC="0.93" CONTENT="stor"/><SP WIDTH="14" VPOS="1190" HPOS="661"/>
							<String ID="string_283" HPOS="675" VPOS="1187" WIDTH="161" HEIGHT="27" WC="0.93" CONTENT="förolämpning"/><SP WIDTH="15" VPOS="1187" HPOS="836"/>
							<String ID="string_284" HPOS="851" VPOS="1191" WIDTH="58" HEIGHT="17" WC="0.93" CONTENT="emot"/><SP WIDTH="15" VPOS="1191" HPOS="909"/>
							<String ID="string_285" HPOS="924" VPOS="1187" WIDTH="73" HEIGHT="27" WC="0.92" CONTENT="hvarje"/>
						</TextLine>
						<TextLine ID="line_36" HPOS="237" VPOS="1215" WIDTH="216" HEIGHT="28">
							<String ID="string_286" HPOS="237" VPOS="1215" WIDTH="216" HEIGHT="28" WC="0.81" CONTENT="församlingsherde;"/>
						</TextLine>
					</TextBlock>
					<TextBlock ID="block_11" HPOS="239" VPOS="1244" WIDTH="758" HEIGHT="57">
						<TextLine ID="line_37" HPOS="306" VPOS="1244" WIDTH="691" HEIGHT="27">
							<String ID="string_287" HPOS="306" VPOS="1247" WIDTH="31" HEIGHT="20" WC="0.95" CONTENT="att"/><SP WIDTH="23" VPOS="1247" HPOS="337"/>
							<String ID="string_288" HPOS="360" VPOS="1245" WIDTH="41" HEIGHT="21" WC="0.96" CONTENT="han"/><SP WIDTH="24" VPOS="1245" HPOS="401"/>
							<String ID="string_289" HPOS="425" VPOS="1247" WIDTH="38" HEIGHT="20" WC="0.96" CONTENT="när"/><SP WIDTH="24" VPOS="1247" HPOS="463"/>
							<String ID="string_290" HPOS="487" VPOS="1252" WIDTH="45" HEIGHT="15" WC="0.93" CONTENT="som"/><SP WIDTH="22" VPOS="1252" HPOS="532"/>
							<String ID="string_291" HPOS="554" VPOS="1245" WIDTH="57" HEIGHT="22" WC="0.93" CONTENT="hälst"/><SP WIDTH="21" VPOS="1245" HPOS="611"/>
							<String ID="string_292" HPOS="632" VPOS="1245" WIDTH="49" HEIGHT="22" WC="0.96" CONTENT="med"/><SP WIDTH="16" VPOS="1245" HPOS="681"/>
							<String ID="string_293" HPOS="697" VPOS="1245" WIDTH="26" HEIGHT="21" WC="0.96" CONTENT="ed"/><SP WIDTH="16" VPOS="1245" HPOS="723"/>
							<String ID="string_294" HPOS="739" VPOS="1244" WIDTH="42" HEIGHT="21" WC="0.93" CONTENT="kan"/><SP WIDTH="16" VPOS="1244" HPOS="781"/>
							<String ID="string_295" HPOS="797" VPOS="1244" WIDTH="74" HEIGHT="27" WC="0.92" CONTENT="styrka"/><SP WIDTH="14" VPOS="1244" HPOS="871"/>
							<String ID="string_296" HPOS="885" VPOS="1247" WIDTH="32" HEIGHT="19" WC="0.96" CONTENT="att"/><SP WIDTH="15" VPOS="1247" HPOS="917"/>
							<String ID="string_297" HPOS="932" VPOS="1245" WIDTH="65" HEIGHT="21" WC="0.96" CONTENT="saken"/>
						</TextLine>
						<TextLine ID="line_38" HPOS="239" VPOS="1273" WIDTH="195" HEIGHT="28">
							<String ID="string_298" HPOS="239" VPOS="1273" WIDTH="92" HEIGHT="22" WC="0.93" CONTENT="sålunda"/><SP WIDTH="14" VPOS="1273" HPOS="331"/>
							<String ID="string_299" HPOS="345" VPOS="1274" WIDTH="89" HEIGHT="27" WC="0.87" CONTENT="tillgätt;"/>
						</TextLine>
					</TextBlock>
					<TextBlock ID="block_12" HPOS="235" VPOS="1301" WIDTH="764" HEIGHT="85">
						<TextLine ID="line_39" HPOS="307" VPOS="1301" WIDTH="691" HEIGHT="28">
							<String ID="string_300" HPOS="307" VPOS="1305" WIDTH="31" HEIGHT="18" WC="0.95" CONTENT="att"/><SP WIDTH="23" VPOS="1305" HPOS="338"/>
							<String ID="string_301" HPOS="361" VPOS="1303" WIDTH="67" HEIGHT="26" WC="0.95" CONTENT="enligt"/><SP WIDTH="21" VPOS="1303" HPOS="428"/>
							<String ID="string_302" HPOS="449" VPOS="1303" WIDTH="53" HEIGHT="21" WC="0.93" CONTENT="hans"/><SP WIDTH="23" VPOS="1303" HPOS="502"/>
							<String ID="string_303" HPOS="525" VPOS="1306" WIDTH="33" HEIGHT="17" WC="0.92" CONTENT="tro"/><SP WIDTH="15" VPOS="1306" HPOS="558"/>
							<String ID="string_304" HPOS="573" VPOS="1302" WIDTH="164" HEIGHT="27" WC="0.92" CONTENT="polismästaren"/><SP WIDTH="17" VPOS="1302" HPOS="737"/>
							<String ID="string_305" HPOS="754" VPOS="1301" WIDTH="43" HEIGHT="21" WC="0.96" CONTENT="kan"/><SP WIDTH="16" VPOS="1301" HPOS="797"/>
							<String ID="string_306" HPOS="813" VPOS="1303" WIDTH="52" HEIGHT="25" WC="0.93" CONTENT="göra"/><SP WIDTH="16" VPOS="1303" HPOS="865"/>
							<String ID="string_307" HPOS="881" VPOS="1302" WIDTH="117" HEIGHT="21" WC="0.93" CONTENT="detsamma"/>
						</TextLine>
						<TextLine ID="line_40" HPOS="239" VPOS="1330" WIDTH="760" HEIGHT="28">
							<String ID="string_308" HPOS="239" VPOS="1337" WIDTH="35" HEIGHT="15" WC="0.96" CONTENT="om"/><SP WIDTH="24" VPOS="1337" HPOS="274"/>
							<String ID="string_309" HPOS="298" VPOS="1331" WIDTH="41" HEIGHT="21" WC="0.93" CONTENT="han"/><SP WIDTH="25" VPOS="1331" HPOS="339"/>
							<String ID="string_310" HPOS="364" VPOS="1331" WIDTH="99" HEIGHT="27" WC="0.96" CONTENT="begriper"/><SP WIDTH="23" VPOS="1331" HPOS="463"/>
							<String ID="string_311" HPOS="486" VPOS="1331" WIDTH="97" HEIGHT="26" WC="0.93" CONTENT="svenska,"/><SP WIDTH="20" VPOS="1331" HPOS="583"/>
							<String ID="string_312" HPOS="603" VPOS="1331" WIDTH="81" HEIGHT="21" WC="0.96" CONTENT="hvilket"/><SP WIDTH="21" VPOS="1331" HPOS="684"/>
							<String ID="string_313" HPOS="705" VPOS="1330" WIDTH="65" HEIGHT="27" WC="0.96" CONTENT="språk"/><SP WIDTH="23" VPOS="1330" HPOS="770"/>
							<String ID="string_314" HPOS="793" VPOS="1330" WIDTH="41" HEIGHT="21" WC="0.93" CONTENT="han"/><SP WIDTH="17" VPOS="1330" HPOS="834"/>
							<String ID="string_315" HPOS="851" VPOS="1330" WIDTH="97" HEIGHT="21" WC="0.96" CONTENT="använde"/><SP WIDTH="16" VPOS="1330" HPOS="948"/>
							<String ID="string_316" HPOS="964" VPOS="1331" WIDTH="35" HEIGHT="20" WC="0.96" CONTENT="vid"/>
						</TextLine>
						<TextLine ID="line_41" HPOS="235" VPOS="1360" WIDTH="112" HEIGHT="26">
							<String ID="string_317" HPOS="235" VPOS="1360" WIDTH="112" HEIGHT="26" WC="0.92" CONTENT="samtalet"/><SP WIDTH="-9" VPOS="1360" HPOS="347"/>
							<String ID="string_318" HPOS="338" VPOS="1356" WIDTH="12" HEIGHT="34" WC="0.82" CONTENT=";"/>
						</TextLine>
					</TextBlock>
					<TextBlock ID="block_13" HPOS="237" VPOS="1387" WIDTH="760" HEIGHT="57">
						<TextLine ID="line_42" HPOS="306" VPOS="1387" WIDTH="691" HEIGHT="28">
							<String ID="string_319" HPOS="306" VPOS="1391" WIDTH="32" HEIGHT="19" WC="0.95" CONTENT="att"/><SP WIDTH="21" VPOS="1391" HPOS="338"/>
							<String ID="string_320" HPOS="359" VPOS="1388" WIDTH="48" HEIGHT="25" WC="0.92" CONTENT="han,"/><SP WIDTH="24" VPOS="1388" HPOS="407"/>
							<String ID="string_321" HPOS="431" VPOS="1390" WIDTH="14" HEIGHT="19" WC="0.92" CONTENT="t."/><SP WIDTH="19" VPOS="1390" HPOS="445"/>
							<String ID="string_322" HPOS="464" VPOS="1388" WIDTH="15" HEIGHT="21" WC="0.86" CONTENT="f."/><SP WIDTH="16" VPOS="1388" HPOS="479"/>
							<String ID="string_323" HPOS="495" VPOS="1388" WIDTH="153" HEIGHT="27" WC="0.96" CONTENT="kyrkoherden,"/><SP WIDTH="24" VPOS="1388" HPOS="648"/>
							<String ID="string_324" HPOS="672" VPOS="1388" WIDTH="36" HEIGHT="21" WC="0.92" CONTENT="vid"/><SP WIDTH="23" VPOS="1388" HPOS="708"/>
							<String ID="string_325" HPOS="731" VPOS="1387" WIDTH="80" HEIGHT="22" WC="0.96" CONTENT="sådant"/><SP WIDTH="22" VPOS="1387" HPOS="811"/>
							<String ID="string_326" HPOS="833" VPOS="1387" WIDTH="131" HEIGHT="21" WC="0.96" CONTENT="förhållande"/><SP WIDTH="16" VPOS="1387" HPOS="964"/>
							<String ID="string_327" HPOS="980" VPOS="1387" WIDTH="17" HEIGHT="27" WC="0.96" CONTENT="ej"/>
						</TextLine>
						<TextLine ID="line_43" HPOS="237" VPOS="1415" WIDTH="534" HEIGHT="29">
							<String ID="string_328" HPOS="237" VPOS="1416" WIDTH="40" HEIGHT="21" WC="0.96" CONTENT="har"/><SP WIDTH="16" VPOS="1416" HPOS="277"/>
							<String ID="string_329" HPOS="293" VPOS="1417" WIDTH="58" HEIGHT="27" WC="0.96" CONTENT="gjort"/><SP WIDTH="16" VPOS="1417" HPOS="351"/>
							<String ID="string_330" HPOS="367" VPOS="1417" WIDTH="32" HEIGHT="26" WC="0.96" CONTENT="sig"/><SP WIDTH="16" VPOS="1417" HPOS="399"/>
							<String ID="string_331" HPOS="415" VPOS="1417" WIDTH="84" HEIGHT="27" WC="0.96" CONTENT="skyldig"/><SP WIDTH="15" VPOS="1417" HPOS="499"/>
							<String ID="string_332" HPOS="514" VPOS="1416" WIDTH="31" HEIGHT="22" WC="0.96" CONTENT="till"/><SP WIDTH="16" VPOS="1416" HPOS="545"/>
							<String ID="string_333" HPOS="561" VPOS="1417" WIDTH="78" HEIGHT="21" WC="0.96" CONTENT="minsta"/><SP WIDTH="13" VPOS="1417" HPOS="639"/>
							<String ID="string_334" HPOS="652" VPOS="1415" WIDTH="119" HEIGHT="28" WC="0.96" CONTENT="tjänstefel;"/>
						</TextLine>
					</TextBlock>
				</ComposedBlock>
			</PrintSpace>
		</Page>
	</Layout>
</alto>
