<?xml version="1.0" encoding="UTF-8"?>
<alto xmlns="http://www.loc.gov/standards/alto/ns-v3#" xmlns:xlink="http://www.w3.org/1999/xlink" xmlns:xsi="http://www.w3.org/2001/XMLSchema-instance" xsi:schemaLocation="http://www.loc.gov/standards/alto/ns-v3# http://www.loc.gov/alto/v3/alto-3-0.xsd">
	<Description>
		<MeasurementUnit>pixel</MeasurementUnit>
		<sourceImageInformation>
			<fileName>/tmp/tess_rkfne5u9_input.PNG</fileName>
		</sourceImageInformation>
		<OCRProcessing ID="OCR_0">
			<ocrProcessingStep>
				<processingSoftware>
					<softwareName>tesseract 5.3.4</softwareName>
				</processingSoftware>
			</ocrProcessingStep>
		</OCRProcessing>
	</Description>
	<Layout>
		<Page WIDTH="1111" HEIGHT="1773" PHYSICAL_IMG_NR="0" ID="page_0">
			<PrintSpace HPOS="0" VPOS="0" WIDTH="1111" HEIGHT="1773">
				<ComposedBlock ID="cblock_0" HPOS="273" VPOS="140" WIDTH="516" HEIGHT="24">
					<TextBlock ID="block_0" HPOS="273" VPOS="140" WIDTH="516" HEIGHT="24">
						<TextLine ID="line_0" HPOS="273" VPOS="140" WIDTH="516" HEIGHT="24">
							<String ID="string_0" HPOS="273" VPOS="143" WIDTH="42" HEIGHT="18" WC="0.96" CONTENT="116"/><SP WIDTH="136" VPOS="143" HPOS="315"/>
							<String ID="string_1" HPOS="451" VPOS="140" WIDTH="245" HEIGHT="23" WC="0.91" CONTENT="Petitionsbetänkande"/><SP WIDTH="17" VPOS="140" HPOS="696"/>
							<String ID="string_2" HPOS="713" VPOS="141" WIDTH="37" HEIGHT="23" WC="0.96" CONTENT="N:o"/><SP WIDTH="16" VPOS="141" HPOS="750"/>
							<String ID="string_3" HPOS="766" VPOS="141" WIDTH="23" HEIGHT="22" WC="0.95" CONTENT="4."/>
						</TextLine>
					</TextBlock>
				</ComposedBlock>
				<ComposedBlock ID="cblock_1" HPOS="239" VPOS="204" WIDTH="763" HEIGHT="1286">
					<TextBlock ID="block_1" HPOS="239" VPOS="204" WIDTH="758" HEIGHT="567">
						<TextLine ID="line_1" HPOS="240" VPOS="204" WIDTH="755" HEIGHT="31">
							<String ID="string_4" HPOS="240" VPOS="204" WIDTH="76" HEIGHT="23" WC="0.96" CONTENT="under"/><SP WIDTH="25" VPOS="204" HPOS="316"/>
							<String ID="string_5" HPOS="341" VPOS="205" WIDTH="151" HEIGHT="28" WC="0.96" CONTENT="behandling,"/><SP WIDTH="24" VPOS="205" HPOS="492"/>
							<String ID="string_6" HPOS="516" VPOS="205" WIDTH="136" HEIGHT="22" WC="0.96" CONTENT="föranledde"/><SP WIDTH="24" VPOS="205" HPOS="652"/>
							<String ID="string_7" HPOS="676" VPOS="206" WIDTH="25" HEIGHT="22" WC="0.96" CONTENT="år"/><SP WIDTH="18" VPOS="206" HPOS="701"/>
							<String ID="string_8" HPOS="719" VPOS="209" WIDTH="55" HEIGHT="19" WC="0.93" CONTENT="1894"/><SP WIDTH="18" VPOS="209" HPOS="774"/>
							<String ID="string_9" HPOS="792" VPOS="205" WIDTH="149" HEIGHT="30" WC="0.91" CONTENT="underdånig"/><SP WIDTH="16" VPOS="205" HPOS="941"/>
							<String ID="string_10" HPOS="957" VPOS="213" WIDTH="38" HEIGHT="15" WC="0.92" CONTENT="an-"/>
						</TextLine>
						<TextLine ID="line_2" HPOS="240" VPOS="240" WIDTH="755" HEIGHT="31">
							<String ID="string_11" HPOS="240" VPOS="240" WIDTH="88" HEIGHT="27" WC="0.90" CONTENT="hållan,"/><SP WIDTH="17" VPOS="240" HPOS="328"/>
							<String ID="string_12" HPOS="345" VPOS="241" WIDTH="34" HEIGHT="22" WC="0.96" CONTENT="att"/><SP WIDTH="11" VPOS="241" HPOS="379"/>
							<String ID="string_13" HPOS="390" VPOS="241" WIDTH="149" HEIGHT="28" WC="0.96" CONTENT="Regeringen"/><SP WIDTH="18" VPOS="241" HPOS="539"/>
							<String ID="string_14" HPOS="557" VPOS="241" WIDTH="74" HEIGHT="22" WC="0.95" CONTENT="måtte"/><SP WIDTH="15" VPOS="241" HPOS="631"/>
							<String ID="string_15" HPOS="646" VPOS="241" WIDTH="35" HEIGHT="22" WC="0.95" CONTENT="till"/><SP WIDTH="10" VPOS="241" HPOS="681"/>
							<String ID="string_16" HPOS="691" VPOS="241" WIDTH="134" HEIGHT="30" WC="0.93" CONTENT="påföljande"/><SP WIDTH="11" VPOS="241" HPOS="825"/>
							<String ID="string_17" HPOS="836" VPOS="242" WIDTH="159" HEIGHT="22" WC="0.91" CONTENT="ständermöte"/>
						</TextLine>
						<TextLine ID="line_3" HPOS="242" VPOS="276" WIDTH="753" HEIGHT="30">
							<String ID="string_18" HPOS="242" VPOS="276" WIDTH="74" HEIGHT="23" WC="0.92" CONTENT="aflåta"/><SP WIDTH="16" VPOS="276" HPOS="316"/>
							<String ID="string_19" HPOS="332" VPOS="277" WIDTH="143" HEIGHT="28" WC="0.96" CONTENT="proposition"/><SP WIDTH="17" VPOS="277" HPOS="475"/>
							<String ID="string_20" HPOS="492" VPOS="283" WIDTH="37" HEIGHT="16" WC="0.96" CONTENT="om"/><SP WIDTH="18" VPOS="283" HPOS="529"/>
							<String ID="string_21" HPOS="547" VPOS="277" WIDTH="78" HEIGHT="22" WC="0.93" CONTENT="denna"/><SP WIDTH="16" VPOS="277" HPOS="625"/>
							<String ID="string_22" HPOS="641" VPOS="277" WIDTH="74" HEIGHT="22" WC="0.92" CONTENT="banas"/><SP WIDTH="18" VPOS="277" HPOS="715"/>
							<String ID="string_23" HPOS="733" VPOS="277" WIDTH="133" HEIGHT="29" WC="0.96" CONTENT="byggande."/><SP WIDTH="34" VPOS="277" HPOS="866"/>
							<String ID="string_24" HPOS="900" VPOS="278" WIDTH="53" HEIGHT="22" WC="0.95" CONTENT="Men"/><SP WIDTH="12" VPOS="278" HPOS="953"/>
							<String ID="string_25" HPOS="965" VPOS="277" WIDTH="30" HEIGHT="23" WC="0.96" CONTENT="då"/>
						</TextLine>
						<TextLine ID="line_4" HPOS="240" VPOS="311" WIDTH="755" HEIGHT="31">
							<String ID="string_26" HPOS="240" VPOS="311" WIDTH="42" HEIGHT="23" WC="0.96" CONTENT="vid"/><SP WIDTH="17" VPOS="311" HPOS="282"/>
							<String ID="string_27" HPOS="299" VPOS="315" WIDTH="56" HEIGHT="19" WC="0.96" CONTENT="1897"/><SP WIDTH="18" VPOS="315" HPOS="355"/>
							<String ID="string_28" HPOS="373" VPOS="312" WIDTH="38" HEIGHT="22" WC="0.93" CONTENT="års"/><SP WIDTH="17" VPOS="312" HPOS="411"/>
							<String ID="string_29" HPOS="428" VPOS="312" WIDTH="116" HEIGHT="29" WC="0.91" CONTENT="landtdag"/><SP WIDTH="15" VPOS="312" HPOS="544"/>
							<String ID="string_30" HPOS="559" VPOS="313" WIDTH="117" HEIGHT="22" WC="0.96" CONTENT="särskilda"/><SP WIDTH="13" VPOS="313" HPOS="676"/>
							<String ID="string_31" HPOS="689" VPOS="313" WIDTH="88" HEIGHT="29" WC="0.93" CONTENT="förslag"/><SP WIDTH="11" VPOS="313" HPOS="777"/>
							<String ID="string_32" HPOS="788" VPOS="313" WIDTH="158" HEIGHT="22" WC="0.91" CONTENT="framkommo"/><SP WIDTH="11" VPOS="313" HPOS="946"/>
							<String ID="string_33" HPOS="957" VPOS="320" WIDTH="38" HEIGHT="15" WC="0.96" CONTENT="om"/>
						</TextLine>
						<TextLine ID="line_5" HPOS="242" VPOS="347" WIDTH="753" HEIGHT="31">
							<String ID="string_34" HPOS="242" VPOS="347" WIDTH="315" HEIGHT="30" WC="0.91" CONTENT="sammanbindningsbanor"/><SP WIDTH="16" VPOS="347" HPOS="557"/>
							<String ID="string_35" HPOS="573" VPOS="349" WIDTH="100" HEIGHT="22" WC="0.96" CONTENT="emellan"/><SP WIDTH="17" VPOS="349" HPOS="673"/>
							<String ID="string_36" HPOS="690" VPOS="349" WIDTH="118" HEIGHT="29" WC="0.96" CONTENT="Uleåborg"/><SP WIDTH="19" VPOS="349" HPOS="808"/>
							<String ID="string_37" HPOS="827" VPOS="349" WIDTH="42" HEIGHT="22" WC="0.96" CONTENT="och"/><SP WIDTH="12" VPOS="349" HPOS="869"/>
							<String ID="string_38" HPOS="881" VPOS="349" WIDTH="114" HEIGHT="23" WC="0.96" CONTENT="Karelska"/>
						</TextLine>
						<TextLine ID="line_6" HPOS="243" VPOS="383" WIDTH="753" HEIGHT="29">
							<String ID="string_39" HPOS="243" VPOS="383" WIDTH="121" HEIGHT="23" WC="0.90" CONTENT="eventuelt"/><SP WIDTH="24" VPOS="383" HPOS="364"/>
							<String ID="string_40" HPOS="388" VPOS="384" WIDTH="114" HEIGHT="23" WC="0.96" CONTENT="Savolaks"/><SP WIDTH="28" VPOS="384" HPOS="502"/>
							<String ID="string_41" HPOS="530" VPOS="384" WIDTH="84" HEIGHT="28" WC="0.96" CONTENT="banan,"/><SP WIDTH="25" VPOS="384" HPOS="614"/>
							<String ID="string_42" HPOS="639" VPOS="385" WIDTH="43" HEIGHT="22" WC="0.96" CONTENT="och"/><SP WIDTH="24" VPOS="385" HPOS="682"/>
							<String ID="string_43" HPOS="706" VPOS="385" WIDTH="60" HEIGHT="22" WC="0.96" CONTENT="efter"/><SP WIDTH="24" VPOS="385" HPOS="766"/>
							<String ID="string_44" HPOS="790" VPOS="385" WIDTH="38" HEIGHT="22" WC="0.96" CONTENT="det"/><SP WIDTH="16" VPOS="385" HPOS="828"/>
							<String ID="string_45" HPOS="844" VPOS="386" WIDTH="7" HEIGHT="21" WC="0.96" CONTENT="i"/><SP WIDTH="17" VPOS="386" HPOS="851"/>
							<String ID="string_46" HPOS="868" VPOS="385" WIDTH="128" HEIGHT="27" WC="0.96" CONTENT="anledning"/>
						</TextLine>
						<TextLine ID="line_7" HPOS="242" VPOS="419" WIDTH="754" HEIGHT="31">
							<String ID="string_47" HPOS="242" VPOS="419" WIDTH="70" HEIGHT="22" WC="0.95" CONTENT="häraf"/><SP WIDTH="16" VPOS="419" HPOS="312"/>
							<String ID="string_48" HPOS="328" VPOS="426" WIDTH="28" HEIGHT="16" WC="0.95" CONTENT="en"/><SP WIDTH="17" VPOS="426" HPOS="356"/>
							<String ID="string_49" HPOS="373" VPOS="419" WIDTH="95" HEIGHT="30" WC="0.95" CONTENT="allsidig"/><SP WIDTH="14" VPOS="419" HPOS="468"/>
							<String ID="string_50" HPOS="482" VPOS="420" WIDTH="179" HEIGHT="29" WC="0.96" CONTENT="undersökning"/><SP WIDTH="17" VPOS="420" HPOS="661"/>
							<String ID="string_51" HPOS="678" VPOS="421" WIDTH="23" HEIGHT="22" WC="0.96" CONTENT="af"/><SP WIDTH="17" VPOS="421" HPOS="701"/>
							<String ID="string_52" HPOS="718" VPOS="421" WIDTH="91" HEIGHT="29" WC="0.96" CONTENT="Kajana"/><SP WIDTH="15" VPOS="421" HPOS="809"/>
							<String ID="string_53" HPOS="824" VPOS="421" WIDTH="86" HEIGHT="22" WC="0.93" CONTENT="härads"/><SP WIDTH="16" VPOS="421" HPOS="910"/>
							<String ID="string_54" HPOS="926" VPOS="421" WIDTH="70" HEIGHT="22" WC="0.91" CONTENT="behof"/>
						</TextLine>
						<TextLine ID="line_8" HPOS="243" VPOS="455" WIDTH="753" HEIGHT="30">
							<String ID="string_55" HPOS="243" VPOS="455" WIDTH="24" HEIGHT="22" WC="0.95" CONTENT="af"/><SP WIDTH="15" VPOS="455" HPOS="267"/>
							<String ID="string_56" HPOS="282" VPOS="455" WIDTH="146" HEIGHT="23" WC="0.96" CONTENT="förbättrade"/><SP WIDTH="20" VPOS="455" HPOS="428"/>
							<String ID="string_57" HPOS="448" VPOS="456" WIDTH="234" HEIGHT="23" WC="0.96" CONTENT="kommunikationer"/><SP WIDTH="16" VPOS="456" HPOS="682"/>
							<String ID="string_58" HPOS="698" VPOS="463" WIDTH="85" HEIGHT="22" WC="0.96" CONTENT="genom"/><SP WIDTH="17" VPOS="463" HPOS="783"/>
							<String ID="string_59" HPOS="800" VPOS="457" WIDTH="44" HEIGHT="22" WC="0.96" CONTENT="den"/><SP WIDTH="18" VPOS="457" HPOS="844"/>
							<String ID="string_60" HPOS="862" VPOS="463" WIDTH="92" HEIGHT="16" WC="0.96" CONTENT="samma"/><SP WIDTH="16" VPOS="463" HPOS="954"/>
							<String ID="string_61" HPOS="970" VPOS="457" WIDTH="26" HEIGHT="22" WC="0.96" CONTENT="år"/>
						</TextLine>
						<TextLine ID="line_9" HPOS="245" VPOS="491" WIDTH="751" HEIGHT="30">
							<String ID="string_62" HPOS="245" VPOS="494" WIDTH="57" HEIGHT="19" WC="0.96" CONTENT="1897"/><SP WIDTH="18" VPOS="494" HPOS="302"/>
							<String ID="string_63" HPOS="320" VPOS="491" WIDTH="99" HEIGHT="22" WC="0.93" CONTENT="tillsatta"/><SP WIDTH="15" VPOS="491" HPOS="419"/>
							<String ID="string_64" HPOS="434" VPOS="492" WIDTH="221" HEIGHT="29" WC="0.92" CONTENT="järnvägskomitén"/><SP WIDTH="16" VPOS="492" HPOS="655"/>
							<String ID="string_65" HPOS="671" VPOS="492" WIDTH="169" HEIGHT="28" WC="0.91" CONTENT="föranstaltats,"/><SP WIDTH="19" VPOS="492" HPOS="840"/>
							<String ID="string_66" HPOS="859" VPOS="493" WIDTH="47" HEIGHT="22" WC="0.93" CONTENT="blef"/><SP WIDTH="15" VPOS="493" HPOS="906"/>
							<String ID="string_67" HPOS="921" VPOS="493" WIDTH="75" HEIGHT="22" WC="0.92" CONTENT="Vaala"/>
						</TextLine>
						<TextLine ID="line_10" HPOS="242" VPOS="527" WIDTH="753" HEIGHT="30">
							<String ID="string_68" HPOS="242" VPOS="527" WIDTH="80" HEIGHT="22" WC="0.95" CONTENT="banan"/><SP WIDTH="25" VPOS="527" HPOS="322"/>
							<String ID="string_69" HPOS="347" VPOS="527" WIDTH="39" HEIGHT="22" WC="0.93" CONTENT="vid"/><SP WIDTH="25" VPOS="527" HPOS="386"/>
							<String ID="string_70" HPOS="411" VPOS="527" WIDTH="170" HEIGHT="23" WC="0.91" CONTENT="ständermötet"/><SP WIDTH="24" VPOS="527" HPOS="581"/>
							<String ID="string_71" HPOS="605" VPOS="528" WIDTH="25" HEIGHT="22" WC="0.96" CONTENT="år"/><SP WIDTH="19" VPOS="528" HPOS="630"/>
							<String ID="string_72" HPOS="649" VPOS="532" WIDTH="56" HEIGHT="19" WC="0.96" CONTENT="1900"/><SP WIDTH="19" VPOS="532" HPOS="705"/>
							<String ID="string_73" HPOS="724" VPOS="528" WIDTH="96" HEIGHT="29" WC="0.96" CONTENT="skjuten"/><SP WIDTH="18" VPOS="528" HPOS="820"/>
							<String ID="string_74" HPOS="838" VPOS="529" WIDTH="24" HEIGHT="22" WC="0.96" CONTENT="åt"/><SP WIDTH="16" VPOS="529" HPOS="862"/>
							<String ID="string_75" HPOS="878" VPOS="529" WIDTH="67" HEIGHT="22" WC="0.95" CONTENT="sidan"/><SP WIDTH="16" VPOS="529" HPOS="945"/>
							<String ID="string_76" HPOS="961" VPOS="528" WIDTH="34" HEIGHT="23" WC="0.95" CONTENT="till"/>
						</TextLine>
						<TextLine ID="line_11" HPOS="243" VPOS="563" WIDTH="753" HEIGHT="30">
							<String ID="string_77" HPOS="243" VPOS="563" WIDTH="93" HEIGHT="22" WC="0.95" CONTENT="förmån"/><SP WIDTH="16" VPOS="563" HPOS="336"/>
							<String ID="string_78" HPOS="352" VPOS="563" WIDTH="35" HEIGHT="22" WC="0.95" CONTENT="för"/><SP WIDTH="17" VPOS="563" HPOS="387"/>
							<String ID="string_79" HPOS="404" VPOS="563" WIDTH="114" HEIGHT="23" WC="0.96" CONTENT="Savolaks"/><SP WIDTH="14" VPOS="563" HPOS="518"/>
							<String ID="string_80" HPOS="532" VPOS="565" WIDTH="116" HEIGHT="28" WC="0.96" CONTENT="järnvägs"/><SP WIDTH="11" VPOS="565" HPOS="648"/>
							<String ID="string_81" HPOS="659" VPOS="565" WIDTH="167" HEIGHT="28" WC="0.96" CONTENT="utsträckning"/><SP WIDTH="10" VPOS="565" HPOS="826"/>
							<String ID="string_82" HPOS="836" VPOS="565" WIDTH="61" HEIGHT="22" WC="0.93" CONTENT="ifrån"/><SP WIDTH="11" VPOS="565" HPOS="897"/>
							<String ID="string_83" HPOS="908" VPOS="565" WIDTH="88" HEIGHT="22" WC="0.85" CONTENT="Iisalmi"/>
						</TextLine>
						<TextLine ID="line_12" HPOS="243" VPOS="598" WIDTH="754" HEIGHT="31">
							<String ID="string_84" HPOS="243" VPOS="598" WIDTH="36" HEIGHT="23" WC="0.96" CONTENT="till"/><SP WIDTH="24" VPOS="598" HPOS="279"/>
							<String ID="string_85" HPOS="303" VPOS="599" WIDTH="99" HEIGHT="29" WC="0.96" CONTENT="Kajana."/><SP WIDTH="32" VPOS="599" HPOS="402"/>
							<String ID="string_86" HPOS="434" VPOS="600" WIDTH="66" HEIGHT="22" WC="0.96" CONTENT="Dock"/><SP WIDTH="24" VPOS="600" HPOS="500"/>
							<String ID="string_87" HPOS="524" VPOS="602" WIDTH="75" HEIGHT="26" WC="0.93" CONTENT="yttrar"/><SP WIDTH="20" VPOS="602" HPOS="599"/>
							<String ID="string_88" HPOS="619" VPOS="599" WIDTH="108" HEIGHT="24" WC="0.91" CONTENT="bemäida"/><SP WIDTH="12" VPOS="599" HPOS="727"/>
							<String ID="string_89" HPOS="739" VPOS="601" WIDTH="207" HEIGHT="28" WC="0.91" CONTENT="järnvägskomité"/><SP WIDTH="16" VPOS="601" HPOS="946"/>
							<String ID="string_90" HPOS="962" VPOS="602" WIDTH="35" HEIGHT="21" WC="0.96" CONTENT="att"/>
						</TextLine>
						<TextLine ID="line_13" HPOS="247" VPOS="635" WIDTH="750" HEIGHT="28">
							<String ID="string_91" HPOS="247" VPOS="635" WIDTH="102" HEIGHT="28" WC="0.53" CONTENT="jämväl"/><SP WIDTH="17" VPOS="635" HPOS="349"/>
							<String ID="string_92" HPOS="366" VPOS="641" WIDTH="30" HEIGHT="16" WC="0.93" CONTENT="en"/><SP WIDTH="16" VPOS="641" HPOS="396"/>
							<String ID="string_93" HPOS="412" VPOS="635" WIDTH="53" HEIGHT="22" WC="0.93" CONTENT="från"/><SP WIDTH="17" VPOS="635" HPOS="465"/>
							<String ID="string_94" HPOS="482" VPOS="635" WIDTH="125" HEIGHT="23" WC="0.91" CONTENT="Uleäträsk"/><SP WIDTH="16" VPOS="635" HPOS="607"/>
							<String ID="string_95" HPOS="623" VPOS="636" WIDTH="34" HEIGHT="22" WC="0.93" CONTENT="till"/><SP WIDTH="16" VPOS="636" HPOS="657"/>
							<String ID="string_96" HPOS="673" VPOS="636" WIDTH="125" HEIGHT="23" WC="0.96" CONTENT="Bottniska"/><SP WIDTH="16" VPOS="636" HPOS="798"/>
							<String ID="string_97" HPOS="814" VPOS="636" WIDTH="72" HEIGHT="23" WC="0.96" CONTENT="viken"/><SP WIDTH="11" VPOS="636" HPOS="886"/>
							<String ID="string_98" HPOS="897" VPOS="636" WIDTH="100" HEIGHT="23" WC="0.96" CONTENT="ledande"/>
						</TextLine>
						<TextLine ID="line_14" HPOS="239" VPOS="671" WIDTH="758" HEIGHT="29">
							<String ID="string_99" HPOS="239" VPOS="671" WIDTH="105" HEIGHT="28" WC="0.39" CONTENT="Järnväg"/><SP WIDTH="24" VPOS="671" HPOS="344"/>
							<String ID="string_100" HPOS="368" VPOS="671" WIDTH="43" HEIGHT="22" WC="0.95" CONTENT="har"/><SP WIDTH="23" VPOS="671" HPOS="411"/>
							<String ID="string_101" HPOS="434" VPOS="671" WIDTH="61" HEIGHT="29" WC="0.96" CONTENT="goda"/><SP WIDTH="24" VPOS="671" HPOS="495"/>
							<String ID="string_102" HPOS="519" VPOS="671" WIDTH="142" HEIGHT="29" WC="0.95" CONTENT="betingelser"/><SP WIDTH="20" VPOS="671" HPOS="661"/>
							<String ID="string_103" HPOS="681" VPOS="673" WIDTH="34" HEIGHT="21" WC="0.96" CONTENT="att"/><SP WIDTH="16" VPOS="673" HPOS="715"/>
							<String ID="string_104" HPOS="731" VPOS="671" WIDTH="74" HEIGHT="23" WC="0.96" CONTENT="blifva"/><SP WIDTH="17" VPOS="671" HPOS="805"/>
							<String ID="string_105" HPOS="822" VPOS="679" WIDTH="29" HEIGHT="15" WC="0.95" CONTENT="en"/><SP WIDTH="16" VPOS="679" HPOS="851"/>
							<String ID="string_106" HPOS="867" VPOS="672" WIDTH="130" HEIGHT="25" WC="0.94" CONTENT="trafikerad"/>
						</TextLine>
						<TextLine ID="line_15" HPOS="243" VPOS="706" WIDTH="754" HEIGHT="31">
							<String ID="string_107" HPOS="243" VPOS="706" WIDTH="44" HEIGHT="22" WC="0.96" CONTENT="och"/><SP WIDTH="24" VPOS="706" HPOS="287"/>
							<String ID="string_108" HPOS="311" VPOS="706" WIDTH="35" HEIGHT="23" WC="0.96" CONTENT="för"/><SP WIDTH="24" VPOS="706" HPOS="346"/>
							<String ID="string_109" HPOS="370" VPOS="713" WIDTH="69" HEIGHT="16" WC="0.96" CONTENT="norra"/><SP WIDTH="24" VPOS="713" HPOS="439"/>
							<String ID="string_110" HPOS="463" VPOS="707" WIDTH="112" HEIGHT="22" WC="0.96" CONTENT="Finlands"/><SP WIDTH="21" VPOS="707" HPOS="575"/>
							<String ID="string_111" HPOS="596" VPOS="707" WIDTH="154" HEIGHT="23" WC="0.96" CONTENT="ekonomiska"/><SP WIDTH="16" VPOS="707" HPOS="750"/>
							<String ID="string_112" HPOS="766" VPOS="707" WIDTH="139" HEIGHT="30" WC="0.96" CONTENT="utveckling"/><SP WIDTH="16" VPOS="707" HPOS="905"/>
							<String ID="string_113" HPOS="921" VPOS="708" WIDTH="76" HEIGHT="29" WC="0.96" CONTENT="viktig"/>
						</TextLine>
						<TextLine ID="line_16" HPOS="243" VPOS="742" WIDTH="179" HEIGHT="29">
							<String ID="string_114" HPOS="243" VPOS="742" WIDTH="179" HEIGHT="29" WC="0.59" CONTENT="transportled&quot;."/>
						</TextLine>
					</TextBlock>
					<TextBlock ID="block_2" HPOS="244" VPOS="778" WIDTH="755" HEIGHT="453">
						<TextLine ID="line_17" HPOS="316" VPOS="778" WIDTH="681" HEIGHT="31">
							<String ID="string_115" HPOS="316" VPOS="778" WIDTH="80" HEIGHT="23" WC="0.96" CONTENT="Redan"/><SP WIDTH="17" VPOS="778" HPOS="396"/>
							<String ID="string_116" HPOS="413" VPOS="778" WIDTH="39" HEIGHT="23" WC="0.95" CONTENT="vid"/><SP WIDTH="20" VPOS="778" HPOS="452"/>
							<String ID="string_117" HPOS="472" VPOS="782" WIDTH="56" HEIGHT="20" WC="0.96" CONTENT="1900"/><SP WIDTH="17" VPOS="782" HPOS="528"/>
							<String ID="string_118" HPOS="545" VPOS="780" WIDTH="37" HEIGHT="22" WC="0.92" CONTENT="års"/><SP WIDTH="12" VPOS="780" HPOS="582"/>
							<String ID="string_119" HPOS="594" VPOS="779" WIDTH="114" HEIGHT="29" WC="0.91" CONTENT="landtdag"/><SP WIDTH="11" VPOS="779" HPOS="708"/>
							<String ID="string_120" HPOS="719" VPOS="780" WIDTH="148" HEIGHT="22" WC="0.91" CONTENT="inlemnades"/><SP WIDTH="11" VPOS="780" HPOS="867"/>
							<String ID="string_121" HPOS="878" VPOS="780" WIDTH="119" HEIGHT="29" WC="0.92" CONTENT="petitions-"/>
						</TextLine>
						<TextLine ID="line_18" HPOS="244" VPOS="813" WIDTH="753" HEIGHT="31">
							<String ID="string_122" HPOS="244" VPOS="813" WIDTH="91" HEIGHT="30" WC="0.96" CONTENT="förslag"/><SP WIDTH="23" VPOS="813" HPOS="335"/>
							<String ID="string_123" HPOS="358" VPOS="814" WIDTH="53" HEIGHT="23" WC="0.93" CONTENT="icke"/><SP WIDTH="24" VPOS="814" HPOS="411"/>
							<String ID="string_124" HPOS="435" VPOS="814" WIDTH="101" HEIGHT="23" WC="0.91" CONTENT="allenast"/><SP WIDTH="23" VPOS="814" HPOS="536"/>
							<String ID="string_125" HPOS="559" VPOS="822" WIDTH="36" HEIGHT="16" WC="0.96" CONTENT="om"/><SP WIDTH="18" VPOS="822" HPOS="595"/>
							<String ID="string_126" HPOS="613" VPOS="822" WIDTH="29" HEIGHT="15" WC="0.96" CONTENT="en"/><SP WIDTH="13" VPOS="822" HPOS="642"/>
							<String ID="string_127" HPOS="655" VPOS="816" WIDTH="103" HEIGHT="28" WC="0.93" CONTENT="järnväg"/><SP WIDTH="16" VPOS="816" HPOS="758"/>
							<String ID="string_128" HPOS="774" VPOS="815" WIDTH="223" HEIGHT="29" WC="0.89" CONTENT="Uleåborg—Vaala"/>
						</TextLine>
						<TextLine ID="line_19" HPOS="244" VPOS="850" WIDTH="753" HEIGHT="30">
							<String ID="string_129" HPOS="244" VPOS="851" WIDTH="60" HEIGHT="21" WC="0.96" CONTENT="utan"/><SP WIDTH="17" VPOS="851" HPOS="304"/>
							<String ID="string_130" HPOS="321" VPOS="850" WIDTH="69" HEIGHT="22" WC="0.96" CONTENT="äfven"/><SP WIDTH="17" VPOS="850" HPOS="390"/>
							<String ID="string_131" HPOS="407" VPOS="857" WIDTH="38" HEIGHT="16" WC="0.96" CONTENT="om"/><SP WIDTH="17" VPOS="857" HPOS="445"/>
							<String ID="string_132" HPOS="462" VPOS="857" WIDTH="29" HEIGHT="16" WC="0.96" CONTENT="en"/><SP WIDTH="17" VPOS="857" HPOS="491"/>
							<String ID="string_133" HPOS="508" VPOS="850" WIDTH="63" HEIGHT="23" WC="0.96" CONTENT="bana"/><SP WIDTH="15" VPOS="850" HPOS="571"/>
							<String ID="string_134" HPOS="586" VPOS="851" WIDTH="52" HEIGHT="22" WC="0.96" CONTENT="från"/><SP WIDTH="16" VPOS="851" HPOS="638"/>
							<String ID="string_135" HPOS="654" VPOS="851" WIDTH="95" HEIGHT="23" WC="0.95" CONTENT="Ruukki"/><SP WIDTH="11" VPOS="851" HPOS="749"/>
							<String ID="string_136" HPOS="760" VPOS="852" WIDTH="56" HEIGHT="22" WC="0.92" CONTENT="eller"/><SP WIDTH="11" VPOS="852" HPOS="816"/>
							<String ID="string_137" HPOS="827" VPOS="852" WIDTH="73" HEIGHT="28" WC="0.92" CONTENT="Lappi"/><SP WIDTH="12" VPOS="852" HPOS="900"/>
							<String ID="string_138" HPOS="912" VPOS="852" WIDTH="85" HEIGHT="22" WC="0.96" CONTENT="station"/>
						</TextLine>
						<TextLine ID="line_20" HPOS="244" VPOS="886" WIDTH="754" HEIGHT="30">
							<String ID="string_139" HPOS="244" VPOS="886" WIDTH="36" HEIGHT="23" WC="0.93" CONTENT="till"/><SP WIDTH="24" VPOS="886" HPOS="280"/>
							<String ID="string_140" HPOS="304" VPOS="886" WIDTH="127" HEIGHT="23" WC="0.92" CONTENT="Uleäträsk"/><SP WIDTH="19" VPOS="886" HPOS="431"/>
							<String ID="string_141" HPOS="450" VPOS="888" WIDTH="62" HEIGHT="21" WC="0.96" CONTENT="samt"/><SP WIDTH="17" VPOS="888" HPOS="512"/>
							<String ID="string_142" HPOS="529" VPOS="886" WIDTH="79" HEIGHT="23" WC="0.96" CONTENT="vidare"/><SP WIDTH="17" VPOS="886" HPOS="608"/>
							<String ID="string_143" HPOS="625" VPOS="887" WIDTH="34" HEIGHT="22" WC="0.96" CONTENT="till"/><SP WIDTH="16" VPOS="887" HPOS="659"/>
							<String ID="string_144" HPOS="675" VPOS="887" WIDTH="98" HEIGHT="29" WC="0.96" CONTENT="lämplig"/><SP WIDTH="16" VPOS="887" HPOS="773"/>
							<String ID="string_145" HPOS="789" VPOS="887" WIDTH="76" HEIGHT="29" WC="0.92" CONTENT="punkt"/><SP WIDTH="17" VPOS="887" HPOS="865"/>
							<String ID="string_146" HPOS="882" VPOS="888" WIDTH="13" HEIGHT="22" WC="0.91" CONTENT="å"/><SP WIDTH="16" VPOS="888" HPOS="895"/>
							<String ID="string_147" HPOS="911" VPOS="887" WIDTH="87" HEIGHT="23" WC="0.86" CONTENT="lisalmi"/>
						</TextLine>
						<TextLine ID="line_21" HPOS="245" VPOS="922" WIDTH="752" HEIGHT="30">
							<String ID="string_148" HPOS="245" VPOS="922" WIDTH="123" HEIGHT="29" WC="0.91" CONTENT="—Kajana"/><SP WIDTH="23" VPOS="922" HPOS="368"/>
							<String ID="string_149" HPOS="391" VPOS="922" WIDTH="86" HEIGHT="23" WC="0.96" CONTENT="banan."/><SP WIDTH="32" VPOS="922" HPOS="477"/>
							<String ID="string_150" HPOS="509" VPOS="923" WIDTH="53" HEIGHT="22" WC="0.92" CONTENT="Men"/><SP WIDTH="25" VPOS="923" HPOS="562"/>
							<String ID="string_151" HPOS="587" VPOS="923" WIDTH="151" HEIGHT="23" WC="0.91" CONTENT="alldenstund"/><SP WIDTH="23" VPOS="923" HPOS="738"/>
							<String ID="string_152" HPOS="761" VPOS="930" WIDTH="85" HEIGHT="22" WC="0.92" CONTENT="genom"/><SP WIDTH="20" VPOS="930" HPOS="846"/>
							<String ID="string_153" HPOS="866" VPOS="923" WIDTH="131" HEIGHT="23" WC="0.91" CONTENT="statsbane-"/>
						</TextLine>
						<TextLine ID="line_22" HPOS="244" VPOS="957" WIDTH="754" HEIGHT="29">
							<String ID="string_154" HPOS="244" VPOS="959" WIDTH="80" HEIGHT="21" WC="0.93" CONTENT="nätets"/><SP WIDTH="16" VPOS="959" HPOS="324"/>
							<String ID="string_155" HPOS="340" VPOS="957" WIDTH="162" HEIGHT="24" WC="0.91" CONTENT="framledande"/><SP WIDTH="18" VPOS="957" HPOS="502"/>
							<String ID="string_156" HPOS="520" VPOS="959" WIDTH="128" HEIGHT="22" WC="0.96" CONTENT="söderifrån"/><SP WIDTH="12" VPOS="959" HPOS="648"/>
							<String ID="string_157" HPOS="660" VPOS="959" WIDTH="35" HEIGHT="22" WC="0.93" CONTENT="till"/><SP WIDTH="11" VPOS="959" HPOS="695"/>
							<String ID="string_158" HPOS="706" VPOS="959" WIDTH="132" HEIGHT="27" WC="0.89" CONTENT="Uleåträsk,"/><SP WIDTH="12" VPOS="959" HPOS="838"/>
							<String ID="string_159" HPOS="850" VPOS="959" WIDTH="46" HEIGHT="22" WC="0.93" CONTENT="den"/><SP WIDTH="12" VPOS="959" HPOS="896"/>
							<String ID="string_160" HPOS="908" VPOS="959" WIDTH="90" HEIGHT="23" WC="0.93" CONTENT="därom-"/>
						</TextLine>
						<TextLine ID="line_23" HPOS="245" VPOS="993" WIDTH="753" HEIGHT="31">
							<String ID="string_161" HPOS="245" VPOS="993" WIDTH="73" HEIGHT="30" WC="0.96" CONTENT="kring"/><SP WIDTH="28" VPOS="993" HPOS="318"/>
							<String ID="string_162" HPOS="346" VPOS="994" WIDTH="113" HEIGHT="29" WC="0.91" CONTENT="liggande"/><SP WIDTH="17" VPOS="994" HPOS="459"/>
							<String ID="string_163" HPOS="476" VPOS="994" WIDTH="150" HEIGHT="23" WC="0.90" CONTENT="landsdelens"/><SP WIDTH="26" VPOS="994" HPOS="626"/>
							<String ID="string_164" HPOS="652" VPOS="995" WIDTH="70" HEIGHT="22" WC="0.90" CONTENT="behof"/><SP WIDTH="17" VPOS="995" HPOS="722"/>
							<String ID="string_165" HPOS="739" VPOS="995" WIDTH="24" HEIGHT="22" WC="0.96" CONTENT="af"/><SP WIDTH="13" VPOS="995" HPOS="763"/>
							<String ID="string_166" HPOS="776" VPOS="996" WIDTH="103" HEIGHT="28" WC="0.96" CONTENT="järnväg"/><SP WIDTH="16" VPOS="996" HPOS="879"/>
							<String ID="string_167" HPOS="895" VPOS="995" WIDTH="54" HEIGHT="22" WC="0.92" CONTENT="med"/><SP WIDTH="16" VPOS="995" HPOS="949"/>
							<String ID="string_168" HPOS="965" VPOS="995" WIDTH="33" HEIGHT="22" WC="0.92" CONTENT="af-"/>
						</TextLine>
						<TextLine ID="line_24" HPOS="246" VPOS="1029" WIDTH="753" HEIGHT="31">
							<String ID="string_169" HPOS="246" VPOS="1029" WIDTH="86" HEIGHT="23" WC="0.93" CONTENT="seende"/><SP WIDTH="24" VPOS="1029" HPOS="332"/>
							<String ID="string_170" HPOS="356" VPOS="1029" WIDTH="14" HEIGHT="24" WC="0.88" CONTENT="å"/><SP WIDTH="23" VPOS="1029" HPOS="370"/>
							<String ID="string_171" HPOS="393" VPOS="1030" WIDTH="65" HEIGHT="23" WC="0.93" CONTENT="såväl"/><SP WIDTH="25" VPOS="1030" HPOS="458"/>
							<String ID="string_172" HPOS="483" VPOS="1031" WIDTH="122" HEIGHT="28" WC="0.88" CONTENT="exportens"/><SP WIDTH="25" VPOS="1031" HPOS="605"/>
							<String ID="string_173" HPOS="630" VPOS="1037" WIDTH="50" HEIGHT="16" WC="0.93" CONTENT="som"/><SP WIDTH="16" VPOS="1037" HPOS="680"/>
							<String ID="string_174" HPOS="696" VPOS="1031" WIDTH="130" HEIGHT="29" WC="0.92" CONTENT="importens"/><SP WIDTH="16" VPOS="1031" HPOS="826"/>
							<String ID="string_175" HPOS="842" VPOS="1031" WIDTH="54" HEIGHT="22" WC="0.92" CONTENT="kraf"/><SP WIDTH="16" VPOS="1031" HPOS="896"/>
							<String ID="string_176" HPOS="912" VPOS="1031" WIDTH="87" HEIGHT="29" WC="0.96" CONTENT="ansågs"/>
						</TextLine>
						<TextLine ID="line_25" HPOS="246" VPOS="1065" WIDTH="753" HEIGHT="30">
							<String ID="string_177" HPOS="246" VPOS="1065" WIDTH="40" HEIGHT="23" WC="0.93" CONTENT="väl"/><SP WIDTH="17" VPOS="1065" HPOS="286"/>
							<String ID="string_178" HPOS="303" VPOS="1065" WIDTH="156" HEIGHT="30" WC="0.90" CONTENT="tillgodosedt,"/><SP WIDTH="17" VPOS="1065" HPOS="459"/>
							<String ID="string_179" HPOS="476" VPOS="1066" WIDTH="49" HEIGHT="23" WC="0.96" CONTENT="fick"/><SP WIDTH="16" VPOS="1066" HPOS="525"/>
							<String ID="string_180" HPOS="541" VPOS="1066" WIDTH="83" HEIGHT="29" WC="0.96" CONTENT="frågan"/><SP WIDTH="18" VPOS="1066" HPOS="624"/>
							<String ID="string_181" HPOS="642" VPOS="1073" WIDTH="37" HEIGHT="16" WC="0.95" CONTENT="om"/><SP WIDTH="16" VPOS="1073" HPOS="679"/>
							<String ID="string_182" HPOS="695" VPOS="1066" WIDTH="137" HEIGHT="23" WC="0.96" CONTENT="utförandet"/><SP WIDTH="16" VPOS="1066" HPOS="832"/>
							<String ID="string_183" HPOS="848" VPOS="1067" WIDTH="24" HEIGHT="22" WC="0.96" CONTENT="af"/><SP WIDTH="18" VPOS="1067" HPOS="872"/>
							<String ID="string_184" HPOS="890" VPOS="1073" WIDTH="56" HEIGHT="16" WC="0.96" CONTENT="vare"/><SP WIDTH="17" VPOS="1073" HPOS="946"/>
							<String ID="string_185" HPOS="963" VPOS="1067" WIDTH="36" HEIGHT="28" WC="0.96" CONTENT="sig"/>
						</TextLine>
						<TextLine ID="line_26" HPOS="246" VPOS="1101" WIDTH="753" HEIGHT="24">
							<String ID="string_186" HPOS="246" VPOS="1101" WIDTH="45" HEIGHT="23" WC="0.96" CONTENT="den"/><SP WIDTH="25" VPOS="1101" HPOS="291"/>
							<String ID="string_187" HPOS="316" VPOS="1108" WIDTH="46" HEIGHT="16" WC="0.96" CONTENT="ena"/><SP WIDTH="23" VPOS="1108" HPOS="362"/>
							<String ID="string_188" HPOS="385" VPOS="1102" WIDTH="57" HEIGHT="22" WC="0.96" CONTENT="eller"/><SP WIDTH="22" VPOS="1102" HPOS="442"/>
							<String ID="string_189" HPOS="464" VPOS="1102" WIDTH="44" HEIGHT="23" WC="0.96" CONTENT="den"/><SP WIDTH="24" VPOS="1102" HPOS="508"/>
							<String ID="string_190" HPOS="532" VPOS="1102" WIDTH="73" HEIGHT="23" WC="0.96" CONTENT="andra"/><SP WIDTH="24" VPOS="1102" HPOS="605"/>
							<String ID="string_191" HPOS="629" VPOS="1102" WIDTH="24" HEIGHT="23" WC="0.93" CONTENT="af"/><SP WIDTH="23" VPOS="1102" HPOS="653"/>
							<String ID="string_192" HPOS="676" VPOS="1102" WIDTH="137" HEIGHT="23" WC="0.92" CONTENT="förenämda"/><SP WIDTH="19" VPOS="1102" HPOS="813"/>
							<String ID="string_193" HPOS="832" VPOS="1103" WIDTH="74" HEIGHT="22" WC="0.96" CONTENT="banor"/><SP WIDTH="15" VPOS="1103" HPOS="906"/>
							<String ID="string_194" HPOS="921" VPOS="1103" WIDTH="78" HEIGHT="22" WC="0.95" CONTENT="såsom"/>
						</TextLine>
						<TextLine ID="line_27" HPOS="247" VPOS="1137" WIDTH="752" HEIGHT="29">
							<String ID="string_195" HPOS="247" VPOS="1137" WIDTH="124" HEIGHT="23" WC="0.91" CONTENT="statsbana"/><SP WIDTH="23" VPOS="1137" HPOS="371"/>
							<String ID="string_196" HPOS="394" VPOS="1137" WIDTH="100" HEIGHT="29" WC="0.95" CONTENT="förfalla,"/><SP WIDTH="25" VPOS="1137" HPOS="494"/>
							<String ID="string_197" HPOS="519" VPOS="1138" WIDTH="43" HEIGHT="22" WC="0.96" CONTENT="och"/><SP WIDTH="27" VPOS="1138" HPOS="562"/>
							<String ID="string_198" HPOS="589" VPOS="1138" WIDTH="75" HEIGHT="23" WC="0.96" CONTENT="skulle"/><SP WIDTH="17" VPOS="1138" HPOS="664"/>
							<String ID="string_199" HPOS="681" VPOS="1139" WIDTH="90" HEIGHT="22" WC="0.95" CONTENT="statens"/><SP WIDTH="17" VPOS="1139" HPOS="771"/>
							<String ID="string_200" HPOS="788" VPOS="1138" WIDTH="143" HEIGHT="23" WC="0.93" CONTENT="medverkan"/><SP WIDTH="17" VPOS="1138" HPOS="931"/>
							<String ID="string_201" HPOS="948" VPOS="1138" WIDTH="51" HEIGHT="23" WC="0.92" CONTENT="här-"/>
						</TextLine>
						<TextLine ID="line_28" HPOS="246" VPOS="1173" WIDTH="753" HEIGHT="30">
							<String ID="string_202" HPOS="246" VPOS="1174" WIDTH="103" HEIGHT="21" WC="0.91" CONTENT="utinnan"/><SP WIDTH="23" VPOS="1174" HPOS="349"/>
							<String ID="string_203" HPOS="372" VPOS="1173" WIDTH="131" HEIGHT="23" WC="0.96" CONTENT="inskränka"/><SP WIDTH="22" VPOS="1173" HPOS="503"/>
							<String ID="string_204" HPOS="525" VPOS="1175" WIDTH="37" HEIGHT="28" WC="0.96" CONTENT="sig"/><SP WIDTH="23" VPOS="1175" HPOS="562"/>
							<String ID="string_205" HPOS="585" VPOS="1174" WIDTH="35" HEIGHT="22" WC="0.96" CONTENT="till"/><SP WIDTH="25" VPOS="1174" HPOS="620"/>
							<String ID="string_206" HPOS="645" VPOS="1175" WIDTH="34" HEIGHT="21" WC="0.93" CONTENT="att"/><SP WIDTH="15" VPOS="1175" HPOS="679"/>
							<String ID="string_207" HPOS="694" VPOS="1174" WIDTH="144" HEIGHT="23" WC="0.92" CONTENT="understöda"/><SP WIDTH="16" VPOS="1174" HPOS="838"/>
							<String ID="string_208" HPOS="854" VPOS="1174" WIDTH="39" HEIGHT="23" WC="0.96" CONTENT="det"/><SP WIDTH="16" VPOS="1174" HPOS="893"/>
							<String ID="string_209" HPOS="909" VPOS="1175" WIDTH="90" HEIGHT="28" WC="0.96" CONTENT="privata"/>
						</TextLine>
						<TextLine ID="line_29" HPOS="246" VPOS="1209" WIDTH="133" HEIGHT="22">
							<String ID="string_210" HPOS="246" VPOS="1209" WIDTH="133" HEIGHT="22" WC="0.96" CONTENT="initiativet."/>
						</TextLine>
					</TextBlock>
					<TextBlock ID="block_3" HPOS="247" VPOS="1245" WIDTH="755" HEIGHT="245">
						<TextLine ID="line_30" HPOS="319" VPOS="1245" WIDTH="681" HEIGHT="24">
							<String ID="string_211" HPOS="319" VPOS="1245" WIDTH="121" HEIGHT="23" WC="0.96" CONTENT="Utskottet"/><SP WIDTH="24" VPOS="1245" HPOS="440"/>
							<String ID="string_212" HPOS="464" VPOS="1245" WIDTH="64" HEIGHT="23" WC="0.96" CONTENT="delar"/><SP WIDTH="21" VPOS="1245" HPOS="528"/>
							<String ID="string_213" HPOS="549" VPOS="1247" WIDTH="6" HEIGHT="21" WC="0.96" CONTENT="i"/><SP WIDTH="20" VPOS="1247" HPOS="555"/>
							<String ID="string_214" HPOS="575" VPOS="1246" WIDTH="64" HEIGHT="22" WC="0.95" CONTENT="detta"/><SP WIDTH="18" VPOS="1246" HPOS="639"/>
							<String ID="string_215" HPOS="657" VPOS="1246" WIDTH="109" HEIGHT="23" WC="0.96" CONTENT="afseende"/><SP WIDTH="17" VPOS="1246" HPOS="766"/>
							<String ID="string_216" HPOS="783" VPOS="1246" WIDTH="34" HEIGHT="22" WC="0.96" CONTENT="till"/><SP WIDTH="17" VPOS="1246" HPOS="817"/>
							<String ID="string_217" HPOS="834" VPOS="1246" WIDTH="56" HEIGHT="23" WC="0.96" CONTENT="fullo"/><SP WIDTH="17" VPOS="1246" HPOS="890"/>
							<String ID="string_218" HPOS="907" VPOS="1247" WIDTH="93" HEIGHT="22" WC="0.96" CONTENT="senaste"/>
						</TextLine>
						<TextLine ID="line_31" HPOS="247" VPOS="1281" WIDTH="754" HEIGHT="30">
							<String ID="string_219" HPOS="247" VPOS="1281" WIDTH="174" HEIGHT="22" WC="0.92" CONTENT="ständermötes"/><SP WIDTH="24" VPOS="1281" HPOS="421"/>
							<String ID="string_220" HPOS="445" VPOS="1281" WIDTH="158" HEIGHT="30" WC="0.96" CONTENT="uppfattning."/><SP WIDTH="32" VPOS="1281" HPOS="603"/>
							<String ID="string_221" HPOS="635" VPOS="1282" WIDTH="82" HEIGHT="22" WC="0.95" CONTENT="Härtill"/><SP WIDTH="25" VPOS="1282" HPOS="717"/>
							<String ID="string_222" HPOS="742" VPOS="1289" WIDTH="69" HEIGHT="15" WC="0.96" CONTENT="anser"/><SP WIDTH="16" VPOS="1289" HPOS="811"/>
							<String ID="string_223" HPOS="827" VPOS="1283" WIDTH="37" HEIGHT="28" WC="0.96" CONTENT="sig"/><SP WIDTH="18" VPOS="1283" HPOS="864"/>
							<String ID="string_224" HPOS="882" VPOS="1282" WIDTH="119" HEIGHT="23" WC="0.96" CONTENT="Utskottet"/>
						</TextLine>
						<TextLine ID="line_32" HPOS="247" VPOS="1317" WIDTH="754" HEIGHT="30">
							<String ID="string_225" HPOS="247" VPOS="1317" WIDTH="74" HEIGHT="22" WC="0.94" CONTENT="hafva"/><SP WIDTH="16" VPOS="1317" HPOS="321"/>
							<String ID="string_226" HPOS="337" VPOS="1317" WIDTH="27" HEIGHT="22" WC="0.96" CONTENT="så"/><SP WIDTH="16" VPOS="1317" HPOS="364"/>
							<String ID="string_227" HPOS="380" VPOS="1317" WIDTH="96" HEIGHT="28" WC="0.96" CONTENT="mycket"/><SP WIDTH="20" VPOS="1317" HPOS="476"/>
							<String ID="string_228" HPOS="496" VPOS="1318" WIDTH="72" HEIGHT="22" WC="0.96" CONTENT="större"/><SP WIDTH="17" VPOS="1318" HPOS="568"/>
							<String ID="string_229" HPOS="585" VPOS="1318" WIDTH="58" HEIGHT="26" WC="0.96" CONTENT="skäl,"/><SP WIDTH="12" VPOS="1318" HPOS="643"/>
							<String ID="string_230" HPOS="655" VPOS="1325" WIDTH="50" HEIGHT="15" WC="0.96" CONTENT="som"/><SP WIDTH="16" VPOS="1325" HPOS="705"/>
							<String ID="string_231" HPOS="721" VPOS="1318" WIDTH="70" HEIGHT="22" WC="0.96" CONTENT="dessa"/><SP WIDTH="17" VPOS="1318" HPOS="791"/>
							<String ID="string_232" HPOS="808" VPOS="1317" WIDTH="73" HEIGHT="23" WC="0.96" CONTENT="banor"/><SP WIDTH="15" VPOS="1317" HPOS="881"/>
							<String ID="string_233" HPOS="896" VPOS="1319" WIDTH="8" HEIGHT="21" WC="0.96" CONTENT="i"/><SP WIDTH="17" VPOS="1319" HPOS="904"/>
							<String ID="string_234" HPOS="921" VPOS="1318" WIDTH="80" HEIGHT="29" WC="0.96" CONTENT="hvarje"/>
						</TextLine>
						<TextLine ID="line_33" HPOS="248" VPOS="1352" WIDTH="753" HEIGHT="30">
							<String ID="string_235" HPOS="248" VPOS="1352" WIDTH="43" HEIGHT="23" WC="0.95" CONTENT="fall"/><SP WIDTH="17" VPOS="1352" HPOS="291"/>
							<String ID="string_236" HPOS="308" VPOS="1353" WIDTH="83" HEIGHT="22" WC="0.93" CONTENT="endast"/><SP WIDTH="16" VPOS="1353" HPOS="391"/>
							<String ID="string_237" HPOS="407" VPOS="1360" WIDTH="44" HEIGHT="22" WC="0.91" CONTENT="ega"/><SP WIDTH="15" VPOS="1360" HPOS="451"/>
							<String ID="string_238" HPOS="466" VPOS="1353" WIDTH="63" HEIGHT="22" WC="0.96" CONTENT="lokal"/><SP WIDTH="16" VPOS="1353" HPOS="529"/>
							<String ID="string_239" HPOS="545" VPOS="1353" WIDTH="126" HEIGHT="29" WC="0.96" CONTENT="betydelse."/><SP WIDTH="32" VPOS="1353" HPOS="671"/>
							<String ID="string_240" HPOS="703" VPOS="1353" WIDTH="88" HEIGHT="24" WC="0.96" CONTENT="Genom"/><SP WIDTH="14" VPOS="1353" HPOS="791"/>
							<String ID="string_241" HPOS="805" VPOS="1353" WIDTH="45" HEIGHT="23" WC="0.95" CONTENT="den"/><SP WIDTH="16" VPOS="1353" HPOS="850"/>
							<String ID="string_242" HPOS="866" VPOS="1353" WIDTH="135" HEIGHT="29" WC="0.95" CONTENT="utredning,"/>
						</TextLine>
						<TextLine ID="line_34" HPOS="249" VPOS="1388" WIDTH="752" HEIGHT="31">
							<String ID="string_243" HPOS="249" VPOS="1395" WIDTH="51" HEIGHT="16" WC="0.95" CONTENT="som"/><SP WIDTH="25" VPOS="1395" HPOS="300"/>
							<String ID="string_244" HPOS="325" VPOS="1388" WIDTH="24" HEIGHT="23" WC="0.95" CONTENT="af"/><SP WIDTH="25" VPOS="1388" HPOS="349"/>
							<String ID="string_245" HPOS="374" VPOS="1392" WIDTH="54" HEIGHT="19" WC="0.95" CONTENT="1897"/><SP WIDTH="26" VPOS="1392" HPOS="428"/>
							<String ID="string_246" HPOS="454" VPOS="1389" WIDTH="38" HEIGHT="22" WC="0.93" CONTENT="års"/><SP WIDTH="17" VPOS="1389" HPOS="492"/>
							<String ID="string_247" HPOS="509" VPOS="1389" WIDTH="204" HEIGHT="29" WC="0.91" CONTENT="järnvägskomité"/><SP WIDTH="16" VPOS="1389" HPOS="713"/>
							<String ID="string_248" HPOS="729" VPOS="1389" WIDTH="133" HEIGHT="29" WC="0.91" CONTENT="förebragts"/><SP WIDTH="18" VPOS="1389" HPOS="862"/>
							<String ID="string_249" HPOS="880" VPOS="1389" WIDTH="121" HEIGHT="30" WC="0.96" CONTENT="angående"/>
						</TextLine>
						<TextLine ID="line_35" HPOS="249" VPOS="1424" WIDTH="753" HEIGHT="30">
							<String ID="string_250" HPOS="249" VPOS="1424" WIDTH="134" HEIGHT="23" WC="0.96" CONTENT="utsikterna"/><SP WIDTH="24" VPOS="1424" HPOS="383"/>
							<String ID="string_251" HPOS="407" VPOS="1425" WIDTH="36" HEIGHT="22" WC="0.96" CONTENT="för"/><SP WIDTH="23" VPOS="1425" HPOS="443"/>
							<String ID="string_252" HPOS="466" VPOS="1432" WIDTH="30" HEIGHT="16" WC="0.89" CONTENT="en"/><SP WIDTH="22" VPOS="1432" HPOS="496"/>
							<String ID="string_253" HPOS="518" VPOS="1425" WIDTH="171" HEIGHT="23" WC="0.89" CONTENT="transitotrafik"/><SP WIDTH="20" VPOS="1425" HPOS="689"/>
							<String ID="string_254" HPOS="709" VPOS="1425" WIDTH="100" HEIGHT="23" WC="0.96" CONTENT="emellan"/><SP WIDTH="18" VPOS="1425" HPOS="809"/>
							<String ID="string_255" HPOS="827" VPOS="1425" WIDTH="115" HEIGHT="29" WC="0.96" CONTENT="Ryssland"/><SP WIDTH="17" VPOS="1425" HPOS="942"/>
							<String ID="string_256" HPOS="959" VPOS="1425" WIDTH="43" HEIGHT="23" WC="0.96" CONTENT="och"/>
						</TextLine>
						<TextLine ID="line_36" HPOS="249" VPOS="1460" WIDTH="752" HEIGHT="30">
							<String ID="string_257" HPOS="249" VPOS="1460" WIDTH="29" HEIGHT="22" WC="0.96" CONTENT="de"/><SP WIDTH="18" VPOS="1460" HPOS="278"/>
							<String ID="string_258" HPOS="296" VPOS="1460" WIDTH="192" HEIGHT="24" WC="0.96" CONTENT="Skandinaviska"/><SP WIDTH="16" VPOS="1460" HPOS="488"/>
							<String ID="string_259" HPOS="504" VPOS="1461" WIDTH="113" HEIGHT="23" WC="0.96" CONTENT="länderna"/><SP WIDTH="16" VPOS="1461" HPOS="617"/>
							<String ID="string_260" HPOS="633" VPOS="1462" WIDTH="38" HEIGHT="22" WC="0.96" CONTENT="via"/><SP WIDTH="17" VPOS="1462" HPOS="671"/>
							<String ID="string_261" HPOS="688" VPOS="1462" WIDTH="96" HEIGHT="26" WC="0.96" CONTENT="Torneå,"/><SP WIDTH="17" VPOS="1462" HPOS="784"/>
							<String ID="string_262" HPOS="801" VPOS="1461" WIDTH="43" HEIGHT="23" WC="0.93" CONTENT="har"/><SP WIDTH="11" VPOS="1461" HPOS="844"/>
							<String ID="string_263" HPOS="855" VPOS="1461" WIDTH="146" HEIGHT="29" WC="0.91" CONTENT="ådagalagts,"/>
						</TextLine>
					</TextBlock>
				</ComposedBlock>
				<ComposedBlock ID="cblock_2" HPOS="322" VPOS="1509" WIDTH="383" HEIGHT="23">
					<TextBlock ID="block_4" HPOS="322" VPOS="1509" WIDTH="383" HEIGHT="23">
						<TextLine ID="line_37" HPOS="322" VPOS="1509" WIDTH="383" HEIGHT="23">
							<String ID="string_264" HPOS="322" VPOS="1509" WIDTH="187" HEIGHT="23" WC="0.89" CONTENT="Järnvägsutskottets"/><SP WIDTH="12" VPOS="1509" HPOS="509"/>
							<String ID="string_265" HPOS="521" VPOS="1509" WIDTH="109" HEIGHT="18" WC="0.96" CONTENT="betänkande"/><SP WIDTH="12" VPOS="1509" HPOS="630"/>
							<String ID="string_266" HPOS="642" VPOS="1510" WIDTH="34" HEIGHT="17" WC="0.96" CONTENT="N:o"/><SP WIDTH="13" VPOS="1510" HPOS="676"/>
							<String ID="string_267" HPOS="689" VPOS="1511" WIDTH="16" HEIGHT="17" WC="0.96" CONTENT="2."/>
						</TextLine>
					</TextBlock>
				</ComposedBlock>
			</PrintSpace>
		</Page>
	</Layout>
</alto>
