1111 1775
232 134 346 23 Petitionsbetänkande
593 134 53 22 N:o
664 134 26 22 7.
839 134 27 21 41

188 203 33 19 att
241 203 15 19 t.
279 201 14 21 f.
316 201 164 27 kyrkoherden
505 201 70 27 enligt
599 207 90 14 samma
713 200 122 21 memorial
854 200 13 21 å

118 231 190 27 polismästarens
334 231 30 27 på
390 231 162 21 Guvernörens
579 230 126 27 befallning
730 230 137 21 framstälda

117 260 63 28 fråga
195 261 65 27 gifvit
276 261 38 20 det
330 267 59 20 svar,
406 263 32 18 att
454 260 187 21 ofvanomtalade
658 260 107 27 ringning
776 260 19 27 ej
808 260 59 21 varit

117 290 172 28 själaringning,
311 293 56 18 utan
388 290 100 27 betydde
511 290 108 21 »kallelse
634 290 35 20 till
686 290 59 20 bön»
764 290 7 20 i
788 290 79 20 anled-

116 320 39 27 nig
181 320 25 21 af
227 321 45 20 den
297 320 123 27 Kejserliga
444 320 175 27 högtidsdagen,
642 320 119 20 dessutom
783 320 82 20 omoti-

116 350 80 21 veradt
219 350 177 25 framhållande,
420 352 40 24 att,
484 350 48 21 ifall
549 350 65 20 Hans
634 350 105 26 Majestät
756 350 110 26 Kejsaren

117 380 74 21 skulle
215 380 63 26 dödt,
302 380 38 20 det
356 380 74 20 skulle
454 380 72 26 ringts
542 380 34 20 till
593 380 44 20 och
654 380 53 20 med
722 381 33 19 tre
772 380 95 20 timmar

115 410 8 20 i
139 416 29 14 en
185 410 157 27 fortsättning;
360 412 60 18 samt

197 448 32 18 att
241 446 248 26 Generalguvernören,
501 446 43 20 hos
554 445 97 21 hvilken
662 447 84 19 emott.
756 445 15 21 f.
781 445 84 27 kyrko-

116 476 88 20 herden
236 476 117 20 Gräsbeck
386 475 72 27 »gång
483 476 30 27 på
539 476 71 26 gång»
638 475 72 27 gjorts
736 475 129 20 anmälnin-

115 511 40 21 gar
171 512 39 14 om
227 506 59 20 hans
302 506 150 20 värksamhet
467 505 7 21 i
490 506 116 20 anseende
621 505 34 21 till
670 504 44 21 den
726 511 45 21 nya
783 506 82 20 värne-

115 535 145 27 pliktslagen,
284 535 78 21 funnit
384 537 14 19 t.
416 535 14 21 f.
450 535 163 27 kyrkoherden
633 534 128 22 Gräsbecks
785 535 79 20 ofvan-

115 565 103 21 nämnda
239 565 131 21 förfarande
390 565 144 26 kränkande,
550 565 94 21 hvarför
660 565 157 20 Prokuratorn
828 570 36 21 ge-

115 601 56 14 nom
195 595 169 27 Domkapitlets
384 595 127 27 fömedling
535 595 105 21 anhåller
661 601 38 14 om
716 597 14 18 t.
747 595 14 20 f.
780 595 84 26 kyrko-

115 625 88 20 herden
220 625 128 21 Gräsbecks
365 625 126 27 förklaring
507 625 44 21 och
563 625 171 27 Domkapitlets
745 627 49 24 eget
805 625 59 20 utlå-

113 655 70 20 tande
198 655 8 20 i
223 655 78 21 saken.

186 691 19 20 2.
237 691 26 20 T.
286 691 13 20 f.
322 691 164 26 kyrkoherden
511 691 117 21 Gräsbeck
648 690 134 21 framhåller
804 691 7 20 i
827 691 36 20 sin

114 720 45 21 den
177 721 27 20 13
218 720 52 27 juni
288 721 57 20 1904
361 721 85 26 afgifna
463 721 134 26 förklaring,
614 723 32 18 att
662 721 47 20 han
726 720 44 21 den
787 721 13 20 6
817 721 46 27 maj

115 749 56 22 1904
189 750 28 27 på
229 750 94 21 Hennes
335 750 124 27 Kejserliga
474 751 106 26 Majestät
591 750 166 27 Kejsarinnans
768 757 95 14 namns-

114 780 44 27 dag
179 780 22 21 åt
217 780 185 27 polismästaren,
421 787 50 14 som
491 780 73 27 frågat
587 781 100 20 honom:
710 780 60 21 hade
786 780 77 21 denna

114 809 44 27 dag
180 809 83 21 utförts
287 810 165 27 själaringning
474 810 7 21 i
506 811 44 20 den
567 810 102 21 luterska
685 810 98 27 kyrkan,
803 810 60 21 med-

114 839 97 21 delande
223 840 123 27 samtidigt,
358 842 33 18 att
402 840 148 21 Guvernören
560 840 106 21 därötver
677 846 53 15 vore
739 840 68 27 högst
818 840 44 21 för-

113 869 77 27 argad,
206 871 87 19 svarat:
308 869 39 27 jag
357 869 123 28 påminner
489 870 47 27 mig
544 870 19 27 ej
573 872 32 19 att
615 870 75 27 någon
698 870 74 20 skulle
781 870 82 26 aflidit,

113 900 44 20 och
174 899 98 21 emedan
296 900 162 27 svensk-tyska
484 900 165 27 församlingen
670 900 43 20 har
728 906 133 20 gemensam

113 929 74 27 kyrka
203 930 44 20 och
264 935 172 21 gemensamma
451 930 168 26 klockringare,
631 930 44 20 och
686 930 28 20 de
726 930 47 20 åter
786 930 76 20 utföra

113 959 166 27 själaringning
301 961 56 19 utan
384 959 109 21 särskildt
516 960 103 20 tillstånd
643 960 25 20 af
690 960 171 26 kyrkoherden,

111 988 47 21 bad
174 989 47 20 han
237 989 178 27 polismästaren
431 990 69 20 vänta
524 996 29 14 en
574 989 77 26 stund,
668 989 25 21 så
709 991 32 19 att
757 990 47 20 han
821 996 42 20 per

111 1018 84 21 telefon
212 1018 60 28 finge
288 1021 51 18 veta
356 1019 25 20 af
395 1019 255 27 kyrkovaktmästaren,
668 1019 114 21 huruvida
794 1019 67 27 själa-

111 1048 107 27 ringning
234 1048 71 27 sagda
321 1048 44 28 dag
380 1049 60 20 hade
451 1049 83 21 utförts
545 1049 33 21 uti
589 1049 174 27 ifrågavarande
775 1050 86 26 kyrka;

183 1086 32 18 att
230 1084 172 20 vaktmästaren
420 1085 96 20 svarade
536 1085 95 25 honom,
648 1086 33 19 att
696 1084 30 21 då
742 1085 19 27 ej
778 1085 83 20 utförts

111 1113 172 27 själaringning,
300 1116 55 18 utan
380 1114 107 27 ringning
503 1114 7 21 i
532 1114 205 28 kyrkoklockorna
755 1114 30 21 kl.
800 1113 57 23 1/211

111 1143 44 21 och
171 1144 31 20 kl.
221 1144 24 20 11
264 1144 14 20 f.
296 1150 29 14 m.
343 1144 77 20 därför
444 1146 32 18 att
497 1144 132 21 bönestund
652 1144 60 21 hölls
736 1144 7 21 i
767 1144 92 28 kyrkan

110 1173 31 21 kl.
160 1174 25 20 11
203 1173 14 20 f.
236 1180 43 19 m.;

181 1211 32 18 att
229 1209 55 26 han,
300 1211 15 19 t.
332 1209 14 21 f.
367 1209 170 28 kyrkoherden,
554 1210 136 21 meddelade
714 1210 143 27 polismästa-

109 1245 41 14 ren
167 1239 61 20 detta
245 1245 54 14 svar
318 1239 149 27 tilläggande:
496 1247 40 14 »en
554 1240 72 21 sädan
642 1239 107 28 ringning
765 1240 7 20 i
789 1240 70 27 kyrk-

109 1268 128 21 klockorna
254 1270 25 19 är
295 1269 70 27 enligt
380 1269 42 21 vär
437 1269 115 28 kyrkolag
567 1269 88 28 loflig;»

181 1306 32 19 att
235 1305 48 20 han
307 1305 29 27 pä
360 1305 190 27 polismästarens
574 1305 70 28 fräga,
668 1305 95 21 hvilken
778 1305 34 21 tid
828 1305 30 27 pä

109 1333 74 28 dagen
207 1341 56 14 man
286 1335 88 21 brukar
398 1335 74 21 utföra
490 1335 171 28 själaringning,
678 1337 81 19 svarat:
783 1335 75 20 under

108 1363 29 21 de
153 1365 26 19 21
198 1363 31 27 år,
243 1364 39 27 jag
298 1365 54 20 stått
368 1365 6 20 i
391 1365 177 27 församlingens
584 1365 76 27 tjänst,
678 1365 42 20 har
739 1365 82 20 därom
839 1365 20 26 ej

107 1393 77 27 nägon
208 1394 100 21 särskild
332 1394 127 27 befallning
479 1395 84 27 gifvits,
580 1395 44 21 och
640 1395 64 21 torde
718 1395 48 26 just
781 1395 19 26 ej
818 1395 41 20 nä-

107 1423 106 27 gonslags
230 1423 175 22 ständsskilnad
421 1424 69 27 följts,
507 1431 54 15 men
578 1425 30 20 dä
624 1425 109 26 Kejsaren
744 1425 55 20 eller
809 1425 50 20 lan-

107 1453 50 20 dets
173 1453 82 27 högsta
271 1456 130 25 styresman
418 1454 80 27 aflidit,
516 1455 112 27 päbjudes
645 1455 45 26 det,
700 1456 32 19 att
741 1460 80 15 senare
828 1455 31 20 än

178 1494 57 18 Särsk,
249 1495 49 17 Besv.
311 1495 42 17 utsk.
366 1495 30 18 bet,
407 1495 35 18 N:o
455 1500 16 16 4.
