1111 1778
330 141 218 22 Motionsbetänkande
563 142 35 21 N:o
614 141 21 22 2.
822 142 13 21 3

103 213 26 25 på
151 213 28 18 ett
196 211 104 26 kraftigare
315 213 39 18 sätt
369 211 103 20 motverka
486 211 39 20 den
541 211 120 26 afskyvärda
684 211 69 24 lasten,
770 217 33 14 om
827 213 37 18 rätt

103 243 28 18 att
154 240 62 20 väcka
239 240 39 19 åtal
300 240 30 19 för
352 239 40 20 alla
415 239 68 26 dylika
499 240 58 24 brott,
574 239 46 20 med
636 239 102 26 undantag
754 240 21 19 af
788 240 24 19 de
829 240 6 19 i
851 240 12 19 3

104 276 61 13 mom.
177 269 21 20 af
206 269 149 26 ifrågavarande
366 269 11 26 $
388 268 95 24 nämnda,
492 268 65 20 blefve
568 268 74 20 allmän
654 268 90 26 åklagare
752 268 112 20 tillerkänd.

173 297 28 20 På
216 298 63 25 grund
295 298 21 19 af
329 297 52 20 hvad
397 297 59 20 ofvan
472 297 75 20 anförts
563 297 80 20 anhålla
658 297 19 20 vi
692 303 33 14 om
742 297 122 26 högvördiga

105 327 156 20 Presteståndets
278 326 119 20 medverkan
413 325 82 25 derhän,

311 391 28 18 att
354 389 75 19 landets
443 395 26 13 nu
484 386 123 28 församlade
621 388 84 20 Ständer
720 389 8 19 i
743 389 43 19 stöd
797 390 25 24 af
830 389 36 19 den

242 418 42 20 dem
304 418 145 20 tillkommande
468 418 127 20 motionsrätt
608 417 58 20 måtte
680 418 34 24 för
729 418 31 19 sin
775 418 29 19 del
819 418 47 25 god-

244 448 65 18 känna
323 447 88 24 följande

314 481 86 25 Förslag
421 480 30 20 till
468 480 119 26 förordning
603 480 98 25 angående
715 480 85 26 ändring
815 481 22 24 af
853 481 13 19 7

244 510 14 25 $
272 510 28 20 20
322 510 44 24 kap.
382 510 29 19 uti
427 509 121 25 Strafflagen
563 511 34 23 för
612 509 185 25 Storfurstendömet
816 509 50 20 Fin-

244 539 52 24 land,
312 538 65 25 gifven
400 538 36 20 den
452 539 27 19 19
494 538 96 20 december
607 539 60 19 1889.

314 573 89 19 Härmed
418 573 115 25 förordnas,
550 574 29 18 att
593 573 14 19 7
621 573 14 25 $
649 574 29 18 20
693 573 44 25 kap.
754 573 28 19 uti
798 572 68 24 straff-

244 602 56 24 lagen
321 602 34 24 för
377 601 186 25 Storfurstendömet
585 602 95 24 Finland,
696 602 64 24 gifven
783 602 36 19 den
840 602 26 18 19

245 631 103 19 December
376 631 61 24 1889,
464 630 52 20 skall
538 630 75 20 erhålla
635 630 89 25 följande
746 630 121 25 förändrade

246 659 83 25 lydelse
320 655 12 34 :

314 694 66 23 Hvar,
403 700 42 13 som
468 694 38 19 har
528 693 105 25 lägersmål
656 694 46 19 eller
724 691 60 27 öfvar
801 700 66 13 annan

249 722 54 19 otukt
316 722 42 20 med
373 722 65 24 flicka,
454 722 78 20 hvilken
547 723 18 23 ej
580 723 40 24 fylt
634 722 40 25 tolf
685 722 30 25 år,
731 722 80 24 straffes
825 722 43 19 med

246 751 78 19 tukthus
340 751 7 19 i
361 751 61 19 minst
444 752 28 18 tre
495 751 34 20 och
551 751 56 25 högst
625 751 40 20 åtta
681 751 23 19 år
719 751 46 19 eller
780 751 88 24 fängelse

248 780 8 19 i
270 779 61 20 minst
344 781 26 18 ett
383 779 30 20 år.

316 813 48 20 Sker
379 813 31 20 det
424 813 43 20 med
482 814 65 24 flicka,
563 820 42 13 som
619 814 48 25 fyllt
681 814 42 24 tolf,
739 820 41 13 men
791 814 19 24 ej
820 813 48 25 fem-

248 844 32 18 ton
300 842 30 24 år,
346 843 33 19 och
394 843 55 24 förut
464 843 42 19 icke
521 843 67 24 blifvit
603 843 76 25 lägrad,
694 843 64 19 dömes
773 843 30 19 till
819 842 49 19 tukt-

247 871 37 20 hus
298 871 8 19 i
321 871 55 25 högst
390 873 29 18 tre
434 871 23 20 år
473 871 46 20 eller
534 871 86 26 fängelse
634 872 9 19 i
657 872 60 19 minst
731 877 34 14 sex
775 871 94 20 månader

248 900 34 19 och
297 900 56 25 högst
368 901 29 18 tre
411 900 30 19 ar.

317 930 63 29 Öfvar
402 935 63 24 någon
488 935 105 25 lägersmål
615 935 42 19 med
673 935 79 22 kvinna,
768 941 40 13 som
824 934 47 25 fyllt

248 963 78 24 femton,
342 969 42 14 men
406 963 19 24 ej
448 963 74 24 sjutton
538 963 29 25 år,
584 963 34 20 och
635 963 41 20 icke
691 963 55 24 förut
760 963 67 24 blifvit
842 963 27 20 lä-

249 991 57 25 grad,
329 991 64 20 dömes
416 992 30 19 till
469 992 87 25 fängelse
570 992 9 19 i
593 993 58 24 högst
665 999 34 13 sex
715 992 93 19 månader
823 992 46 19 eller

248 1021 52 18 böter
316 1021 18 24 ej
349 1021 55 24 öfver
419 1021 115 20 sexhundra
550 1021 63 19 mark.

318 1055 30 24 Ej
362 1055 33 19 må
408 1055 57 24 brott,
482 1061 41 13 som
534 1055 8 19 i
552 1056 13 18 3
575 1061 58 14 mom.
649 1056 23 24 af
687 1055 62 19 denna
759 1056 13 24 $
783 1057 85 22 nämnes,

248 1082 64 20 åtalas
328 1083 26 24 af
365 1083 75 20 allmän
455 1083 98 26 åklagare,
570 1090 31 14 om
617 1084 18 24 ej
650 1083 134 26 målseganden
795 1084 76 19 anmält

249 1112 31 19 det
294 1112 31 19 till
340 1111 45 20 åtal

181 1157 123 26 Helsingfors
320 1157 38 20 den
376 1158 24 19 17
417 1158 111 20 December
544 1158 61 21 1904.

217 1219 55 28 Eljas
288 1220 93 22 Lönnrot.
565 1221 15 20 J.
596 1221 27 20 W.
638 1221 129 22 Wartiainen.

182 1350 172 23 Ofvanstäende
369 1351 219 22 motionsmemoria]
599 1351 60 22 afser
669 1351 48 22 dels
728 1353 33 20 ett
772 1350 99 29 höjande

112 1384 24 22 af
157 1385 89 22 straffet
268 1385 36 22 för
327 1385 49 22 dei
392 1387 11 21 7
419 1386 14 29 8
448 1387 28 21 20
497 1386 52 29 kap.
565 1385 140 28 Strafflagen
720 1385 152 22 omförmälda

111 1418 281 30 sedlighetsförbrytelser,
404 1420 48 21 dels
463 1422 35 20 ett
512 1420 142 26 utvidgande
665 1419 23 22 af
699 1419 43 22 den
753 1419 120 28 offentliga

111 1453 135 22 ätalsrätten
262 1454 51 22 med
328 1454 91 28 hänsigt
434 1454 37 22 till
487 1454 65 22 dessa
567 1454 154 22 förbrvtelser.
