1109 1773
284 167 28 20 74
458 164 247 23 Petitionsbetänkande
722 164 38 23 N:o
776 164 23 23 4.

252 231 35 17 kan
304 235 17 18 ej
339 230 55 18 heller
411 230 35 18 den
465 230 26 17 tid
510 235 41 12 vara
569 228 50 24 långt
632 229 81 23 aflägsen,
726 229 23 18 dä
760 235 21 12 en
793 230 47 17 ännu
853 228 81 23 nödigare
945 229 65 17 funnen

253 259 115 23 fortsättning
380 259 19 18 af
409 259 58 18 denna
476 258 77 23 banlinje
561 264 63 17 genom
631 258 79 23 sydöstra
717 258 74 18 Karelen
797 257 28 19 till
831 257 86 19 bandelen
921 257 89 24 Viborg—

254 288 26 18 St.
293 288 106 23 Petersburg
411 289 32 17 bör
455 288 70 18 komma
537 287 28 18 till
576 287 96 18 utförande.

322 322 28 19 Då
368 323 62 22 frågan
447 328 28 13 om
494 323 85 18 Karelska
595 323 58 17 banan
672 323 89 22 dryftades
779 322 30 18 vid
823 322 45 18 1888
880 321 29 18 års
920 321 90 22 landtdag,

253 352 84 23 föreslogs
349 353 54 17 bland
417 352 54 18 andra
483 351 205 24 järnvägssträckningar
700 351 49 18 äfven
759 357 21 12 en
792 351 39 18 från
843 350 75 23 Terijoki
924 349 86 24 utgående

252 382 47 17 samt
317 387 62 17 genom
397 381 92 20 Kivinebb,
508 381 74 20 Rautus,
596 380 94 23 Valkjärvi,
702 381 77 17 Sakkola
791 380 32 17 och
835 379 91 24 Pyhäjärvi
938 379 73 18 socknar

252 409 30 18 till
299 409 85 19 Kexholm
402 410 32 18 och
452 409 69 18 Hiitola
538 409 74 18 ledande
629 410 51 21 bana,
699 415 37 12 som
754 408 38 19 från
806 409 98 18 sistnämda
915 410 27 17 ort
954 408 56 18 skulle

252 439 103 22 ytterligare
373 439 71 18 sträcka
461 439 28 22 sig
506 437 63 19 framåt
582 438 6 18 i
601 438 33 18 den
646 438 99 18 nuvarande
757 438 86 18 Karelska
853 438 104 23 järnvägens
969 437 42 18 rikt-

252 467 49 24 ning.
320 469 34 17 Att
366 468 81 23 sydöstra
458 467 84 18 Karelens
554 467 73 18 folkrika
639 468 67 17 trakter
717 467 16 23 ej
746 468 51 22 länge
810 467 57 18 kunde
879 467 77 18 undvara
965 466 45 18 tids-

253 496 58 23 enliga
330 497 173 21 kommunikationer,
522 496 84 23 framgick
624 496 55 18 redan
692 495 23 19 då
727 497 47 17 klart
785 496 32 18 och
831 496 70 23 tydligt,
913 496 54 17 ehuru
980 495 30 18 Vi-

253 526 44 23 borg
316 526 99 18 bestämdes
433 526 56 17 säsom
508 526 66 17 banans
587 525 132 24 utgångspunkt
731 525 29 18 vid
773 525 158 22 Helsingfors--St.
944 525 67 17 Peters-

252 555 56 23 burgs
324 555 81 23 järnväg,
423 555 32 18 och
473 555 85 18 Karelska
575 554 57 18 banan
645 553 73 19 sålunda
730 553 33 19 fick
775 555 28 17 sin
816 554 99 17 nuvarande
927 554 82 22 riktning.

253 584 61 17 Redan
331 583 22 18 då
365 583 51 24 insåg
428 589 46 16 man,
487 585 27 16 att
526 589 21 12 en
560 584 50 21 bana,
623 589 36 12 som
671 582 38 19 från
721 583 85 18 Kexholm
819 583 59 18 leddes
890 583 28 18 till
928 582 82 23 Terijoki,

253 613 38 18 icke
309 613 74 18 allenast
401 613 67 18 komme
486 613 27 18 att
531 612 82 18 förmedla
629 618 51 12 norra
693 613 83 17 Karelens
789 612 102 18 samfärdsel
903 612 57 17 direkt
970 611 40 18 med

253 642 112 22 Petersburg,
384 643 42 16 utan
447 642 84 23 därjämte
549 642 74 17 försätta
640 642 79 22 Ladogas
737 641 74 18 folkrika
823 641 32 18 och
868 641 72 22 bördiga
952 641 58 17 västra

254 671 109 18 kusttrakter
375 671 7 17 i
394 670 104 23 åtnjutande
510 671 19 17 af
540 671 35 17 alla
587 671 21 17 de
620 670 86 18 förmåner
717 676 22 12 en
749 670 75 23 järnväg
835 670 70 17 medför.
990 676 5 3 N

324 700 24 17 Af
363 700 86 23 gammalt
465 699 53 18 hafva
535 699 124 18 kommunerna
681 699 76 18 söderom
774 699 81 18 Vuoksen
867 699 101 18 betraktadt
980 699 30 17 Pe-

254 729 81 22 tersburg
347 734 36 12 som
397 729 32 18 sitt
441 729 88 22 naturliga
542 728 151 18 handelscentrum
705 728 31 18 och
749 728 27 18 sin
790 728 95 17 förnämsta
897 728 113 22 afsättnings-

253 758 29 17 ort
293 758 27 17 för
331 758 121 17 hemtraktens
463 757 214 24 landtmannaprodukter,
689 757 32 18 och
733 758 37 17 mot
782 757 57 18 denna
848 757 40 18 stad
894 757 32 18 har
932 763 21 12 en
959 763 50 12 varu-

254 788 90 22 transport
361 787 28 17 till
407 787 52 17 lands
477 786 98 24 försiggätt.
599 787 102 17 Statistiska
716 787 89 23 uppgifter
821 785 37 19 frän
870 787 140 17 tullstationerna

253 816 30 18 vid
295 816 106 22 finsk-ryska
416 818 74 20 gränsen
502 816 57 18 utvisa
573 816 86 18 storleken
671 816 19 17 af
702 816 57 17 denna
770 815 69 21 rörelse,
854 816 3 17 i
869 815 30 18 det
911 815 99 18 densamma

253 845 7 17 i
271 850 56 16 varor,
346 850 36 13 som
401 844 40 23 afgä
459 845 28 17 till
505 845 87 24 Ryssland
607 845 31 17 och
651 844 50 18 bestä
712 845 6 17 i
730 844 59 24 mjölk,
802 846 51 20 smör,
866 844 28 22 hö,
906 844 52 21 halm,
971 844 38 22 fisk,

254 874 38 20 bär,
305 874 76 21 kreatur,
394 874 161 23 hemslöjdartiklar
566 879 22 12 m.
601 874 22 21 fl.,
637 872 66 25 uppgår
716 874 27 17 till
752 874 130 23 sammanlagdt
888 874 52 17 omkr.
948 873 62 21 20,000

253 903 43 21 lass,
315 904 46 17 samt
378 903 6 17 i
397 909 55 16 varor,
470 909 36 12 som
524 902 38 19 frän
580 903 87 23 Ryssland
680 903 64 18 införas
755 903 6 17 i
774 903 61 18 landet
847 903 31 18 och
890 903 120 22 förnämligast

253 933 73 22 utgöras
338 932 19 17 af
367 932 48 23 mjöl,
427 937 45 18 gryn
484 932 31 17 och
527 932 55 17 andra
594 932 107 20 födoämnen,
713 932 28 18 till
753 932 63 17 inalles
828 932 79 23 omkring
917 932 52 20 9,000
974 932 36 17 lass

254 959 72 24 årligen.

323 990 34 18 Att
373 990 57 17 denna
443 990 140 22 sydostkarelska
594 991 45 16 bana
652 990 38 17 med
704 989 78 21 afseeede
794 989 11 18 å
818 989 72 18 trafiken
903 990 67 17 komme
983 990 28 17 att

254 1018 43 18 bära
309 1019 32 22 sig,
354 1021 19 16 är
385 1019 103 23 uppenbart,
500 1020 20 21 ty
533 1019 30 18 det
574 1019 34 18 kan
619 1019 16 23 ej
649 1018 118 23 ifrågasättas,
780 1020 27 17 att
817 1019 21 22 ju
849 1019 37 18 icke
895 1019 43 18 efter
944 1019 66 17 banans

254 1047 122 18 fullbordande
389 1049 33 16 den
435 1049 47 17 stora
494 1048 159 18 trävaru-utförseln
667 1047 38 19 från
718 1047 133 18 Vuoksendalen
863 1048 5 17 i
880 1048 72 17 främsta
964 1053 45 12 rum-

253 1077 38 18 met
303 1077 67 18 komme
383 1078 27 17 att
422 1077 79 23 begagna
512 1077 27 22 sig
551 1077 17 18 af
581 1077 56 18 denna
650 1077 68 18 kortare
729 1077 62 22 farväg
802 1077 29 17 till
840 1077 109 22 Petersburg,
955 1077 55 18 ehuru

254 1105 101 18 densamma
373 1111 24 13 nu
409 1106 54 17 delvis
475 1105 32 24 går
518 1106 47 17 öfver
576 1106 75 22 Ladoga,
664 1106 54 17 delvis
730 1105 39 19 åter
781 1106 51 23 längs
843 1105 80 18 Vuoksen
936 1111 34 18 upp
982 1106 28 17 till

255 1134 86 19 Karelska
352 1135 59 18 banan
423 1135 32 18 och
466 1134 77 19 härifrån
556 1141 61 16 genom
629 1135 65 22 Viborg
703 1135 28 18 till
740 1135 111 22 Petersburg.
870 1135 63 18 Vidare
943 1135 67 18 komme

254 1163 57 18 denna
334 1164 47 17 bana
399 1165 27 16 att
444 1165 72 22 tangera
533 1165 46 17 orter
598 1163 65 18 sådana
682 1170 37 12 som
736 1164 99 20 Kiviniemi,
853 1164 69 17 hvilken
940 1164 46 17 stäld
1004 1164 6 17 i

254 1193 158 18 trafikförbindelse
425 1193 40 17 med
477 1194 47 17 stora
535 1193 76 21 världen,
623 1193 44 18 skall
679 1193 6 17 i
699 1193 116 18 betraktande
827 1193 20 17 af
857 1193 38 18 dess
905 1193 104 18 vattenkraf-

255 1222 27 17 ter
300 1222 53 17 blifva
371 1227 21 12 en
411 1221 75 18 särdeles
505 1222 72 23 lämplig
589 1223 46 22 plats
646 1222 27 18 för
685 1222 109 23 anläggning
805 1222 20 17 af
835 1222 103 18 industriela
949 1222 62 17 inrätt-

255 1251 68 22 ningar.

324 1278 28 19 Då
365 1280 28 17 vid
406 1280 43 17 1897
465 1279 28 18 års
501 1280 86 23 landtdag
596 1280 107 18 inlämnades
712 1286 20 12 en
742 1280 75 23 petition
827 1285 28 12 om
863 1286 21 12 en
893 1281 73 22 järnväg
972 1279 38 18 från

254 1308 85 18 Karelska
349 1309 58 17 banan
419 1309 28 17 till
459 1309 92 20 Kexholm,
565 1308 86 24 påpekade
664 1309 141 24 petitionärerne,
817 1310 28 17 att
857 1309 56 18 denna
925 1309 85 23 banlinjes

254 1337 89 22 naturliga
365 1337 115 24 fortsättning
496 1337 37 18 från
555 1338 83 18 Kexholm
657 1338 28 18 till
703 1338 179 22 Petersburgsbanan,
901 1338 18 17 af
935 1338 75 21 orsaker,

254 1366 61 17 hvilka
324 1366 33 23 jag
371 1367 51 17 ofvan
435 1367 68 23 antydt,
516 1367 63 17 endast
590 1369 19 15 är
621 1373 20 12 en
654 1366 91 24 tidsfråga.
771 1367 60 17 Ehuru
842 1367 170 23 järnvägsutskottet

255 1393 24 20 då
295 1395 48 22 afgaf
361 1396 26 17 ett
405 1395 110 23 afstyrkande
529 1395 90 19 utlåtande
633 1396 106 18 beträffande
753 1396 34 18 den
799 1395 46 19 förra
857 1396 49 18 delen
918 1396 19 17 af
946 1396 64 22 banan,

254 1424 77 17 erkände
349 1425 87 18 utskottet
454 1425 21 18 de
493 1425 111 18 ekonomiska
621 1425 98 19 fördelarna
731 1425 20 19 af
761 1425 85 18 bandeleu
862 1420 94 33 Kexholm—
965 1420 47 33 Teri-

253 1452 42 24 joki,
307 1458 40 13 men
360 1453 56 23 ansåg
428 1454 43 18 dock
482 1454 37 18 icke
532 1455 27 17 att
571 1460 40 12 man
623 1454 57 18 kunde
693 1454 73 23 vidtaga
778 1454 40 18 med
831 1454 56 18 denna
893 1454 117 23 banbyggnad

254 1482 72 18 framför
337 1482 65 24 många
414 1483 59 23 andra,
485 1488 36 13 mer
534 1484 19 17 af
563 1483 81 18 behofvet
655 1482 92 25 påkallade
757 1483 156 23 järnvägsföretag.

328 1524 187 23 Järnvägsutskottets
528 1525 109 17 betänkande
649 1525 34 17 N:o
695 1526 18 18 2.
