1114 1775
232 146 28 21 30
372 145 85 23 Ständ.
474 146 53 22 Pet.
545 159 26 2 —
588 146 175 22 Petitionsbet.
778 145 42 22 N:o
836 145 20 22 7.

231 217 100 23 skrifter
349 217 35 23 till
404 217 173 30 prokuratorn,
597 217 47 23 den
669 224 46 16 cna
735 218 27 22 af
778 217 216 29 stadsfullmäktige

232 252 7 22 i
258 252 98 28 Viborg,
376 251 48 23 den
442 251 78 23 andra
539 252 26 22 af
579 251 120 23 särskilda
712 251 36 23 till
761 251 177 23 arbetsklassen
952 252 42 22 hö-

232 286 79 22 rande
329 293 117 22 personer
465 287 7 21 i
491 286 102 30 Viborgs
611 286 99 22 socken.

305 320 40 22 Uti
363 320 171 23 förstnämnda
547 321 70 23 skrift
629 320 131 23 framhålla
772 320 222 30 stadsfullmäktige,

233 355 122 23 hurusom
375 355 79 23 under
473 356 80 28 någon
577 355 35 22 tid
634 356 47 22 »uti
699 355 86 23 staden
804 356 117 28 försports
940 356 55 28 ryk-

233 392 42 20 ten
295 391 33 21 att
347 396 124 23 personer,
485 390 82 22 hvilka
580 390 27 22 af
617 389 168 30 hvarjehanda
799 390 100 22 orsaker
911 390 84 22 anhål-

233 424 39 22 lits
300 424 27 22 af
351 424 101 30 polisen,
478 425 31 29 på
535 427 32 20 ett
591 424 91 22 brutalt
706 425 47 22 och
774 424 157 30 upprörande
949 426 45 20 sätt

234 458 176 23 misshandlats
429 460 13 21 å
462 459 242 29 polisvaktkontoren
725 459 59 22 eller
803 459 7 21 i
827 458 167 30 polishäktet»,

233 493 37 23 till
295 492 55 23 stöd
374 494 38 22 för
436 493 83 23 hvilka
538 494 86 29 rykten
643 494 20 28 ej
683 494 98 22 mindre
800 493 96 29 mycket
914 499 81 23 grave-

234 528 79 22 rande
340 528 103 22 indicier
471 528 106 22 kommit
594 529 8 21 i
621 528 78 29 dagen
727 530 32 20 än
788 528 69 22 äfven
877 527 47 23 den
943 535 52 15 om-

234 562 171 29 ständigheten
431 563 104 27 anföres,
554 565 33 20 att
606 562 97 23 stadens
722 563 170 29 polismästare
912 562 34 22 uti
965 569 29 15 en

234 597 123 29 dagorder
375 597 35 22 till
423 598 95 29 polisen
531 598 134 22 framhållit
678 599 33 21 att
724 600 14 20 ä
751 597 243 30 polisvaktkontoren

234 631 147 23 kvarhällna
400 639 119 22 personer
539 633 19 21 »i
577 632 84 29 högsta
680 632 63 29 grad
762 631 77 22 blifvit
857 632 31 29 pä
904 633 32 20 ett
949 632 46 21 rätt

234 668 48 20 sätt
301 667 206 22 misshandlade».
544 667 35 22 De
598 666 109 28 indicier,
726 674 55 15 som
800 666 26 22 af
844 665 150 30 fullmäktige

235 701 129 28 äberopas,
383 703 43 20 äro
445 702 7 21 i
472 701 84 29 själfva
575 701 82 22 verket
676 701 27 22 af
718 701 92 29 ganska
824 700 170 29 öfvertygande

235 737 39 20 art
301 735 47 22 och
377 735 67 23 bestå
470 735 51 23 dels
545 736 26 22 af
593 735 86 29 utdrag
703 742 30 15 ur
751 735 218 22 rädstufvurättens
988 735 7 22 i

234 769 94 29 Viborg
351 770 131 29 protokoll,
508 770 126 23 utvisande
659 771 33 21 att
716 777 118 22 personer
851 769 64 22 inför
934 771 61 20 rätta

237 804 119 29 uppgifvit
374 805 35 28 sig
427 805 72 22 hafva
518 804 77 23 blifvit
616 805 6 22 ä
636 804 209 30 poliskammaren
859 803 136 23 misshand-

237 838 57 23 lade
312 839 48 22 och
378 839 105 22 sälunda
502 841 107 27 tvungna
629 841 33 20 att
680 839 42 22 vid
742 839 56 22 med
816 838 55 23 dem
885 838 110 23 anstälda

237 873 87 23 förhör
345 873 87 29 afgifva
456 874 55 22 frän
535 874 135 29 sanningen
695 873 131 23 afvikande
850 873 145 28 berättelser,

236 908 54 22 dels
308 908 27 22 af
351 908 87 29 utdrag
456 916 30 14 ur
504 908 118 23 särskilda
641 908 96 23 läkares
755 909 9 21 i
779 908 84 22 staden
876 907 120 29 sjukjour-

237 942 75 23 naler.
351 943 88 22 Härtill
464 944 41 21 mä
529 944 135 28 ytterligare
687 943 81 29 läggas
788 944 31 21 ett
837 942 66 29 intyg
921 942 26 22 af
962 942 34 22 di-

237 977 115 22 rektören
378 978 38 22 för
440 978 169 29 länsfängelset
631 978 7 21 i
657 978 91 29 Viborg
773 976 124 30 angäende
916 976 80 30 klago-

237 1012 58 28 mäl,
314 1018 55 16 som
388 1012 26 22 af
430 1019 31 15 en
481 1012 37 22 del
537 1012 84 29 fängar
640 1012 93 22 anförts
747 1012 68 23 öfver
828 1011 47 22 den
889 1011 107 22 behand-

236 1046 52 29 ling
312 1046 30 22 de
367 1046 79 23 under
471 1047 179 29 ransakningen
675 1047 43 22 fätt
737 1049 62 20 röna
818 1046 52 22 frän
890 1045 106 29 polisens

234 1080 62 23 sida.
333 1080 54 24 Alla
412 1081 69 23 dessa
506 1081 206 29 omständigheter
736 1084 44 20 äro
805 1080 149 23 tillsamman
973 1080 26 22 af

236 1114 49 23 den
305 1117 43 26 art,
368 1118 34 20 att
420 1116 30 22 de
469 1116 20 28 ej
509 1116 83 22 lämna
612 1123 55 15 rum
680 1116 39 22 för
731 1115 83 23 tvifvel
826 1122 42 15 om
882 1116 34 20 att
928 1115 68 21 miss-

236 1150 174 23 förhållanden
435 1150 27 22 af
486 1150 187 29 ofvanangifven
698 1150 168 22 beskaffenhet
892 1149 40 22 vid
957 1149 39 22 be-

236 1184 75 23 rörda
330 1184 135 30 inrättning
482 1185 8 22 i
509 1185 96 29 mycket
623 1187 52 20 stor
693 1184 168 29 utsträckning
876 1184 119 29 föreligga.

308 1219 53 22 Den
386 1219 78 23 andra
489 1219 45 23 här
557 1220 73 23 ofvan
649 1219 110 30 antydda
778 1218 172 30 klagoskriften
970 1220 26 20 är

236 1254 84 22 säsom
339 1253 77 23 redan
435 1253 120 24 nämndes
575 1254 187 23 underskrifven
776 1254 26 21 af
812 1252 119 23 särskilda
945 1259 51 23 per-

236 1295 75 16 soner
336 1289 26 22 af
384 1288 184 28 arbetsklassen,
593 1289 84 22 hvilka
699 1288 112 29 samtliga
831 1287 113 30 uppgifva
963 1288 34 28 sig

236 1322 74 23 hafva
329 1323 79 22 blifvit
426 1330 54 15 mer
498 1323 58 22 eller
574 1323 97 22 mindre
689 1323 63 29 groft
772 1321 183 24 misshandlade
974 1322 25 23 af

236 1357 97 29 polisen
352 1358 8 21 i
378 1357 103 30 Viborgs
505 1358 97 22 socken.
640 1357 37 22 En
697 1357 26 22 af
739 1357 71 22 dessa
829 1357 105 28 bilägger
951 1357 46 22 till-

235 1391 51 23 lika
310 1393 32 21 ett
366 1392 143 29 läkarintyg,
535 1391 126 24 utvisande
686 1393 34 21 att
738 1393 51 22 han
808 1393 67 20 ännu
894 1392 36 21 tre
948 1391 47 22 och

235 1433 32 15 en
292 1426 54 23 half
367 1427 92 22 veckor
483 1427 58 22 efter
565 1427 47 22 den
634 1427 95 22 honom
749 1427 110 28 ägängna
878 1425 119 23 misshan-

233 1459 61 24 deln
312 1461 63 22 varit
404 1461 165 23 underkastad
593 1461 242 28 läkarebehandling.
872 1459 46 23 Om
938 1467 58 16 man
