1111 1775
313 145 245 23 Petitionsbetänkande
575 146 38 22 N:o
629 146 21 22 3.
799 148 28 20 69

103 210 148 23 nationalitet
270 210 98 22 framför
388 210 89 22 sådana
496 210 24 22 af
539 210 65 22 finsk
621 210 155 23 nationalitet.
799 210 58 23 Ock-

104 246 27 22 så
150 246 143 29 rättigheten
317 247 35 21 att
376 246 106 22 meddela
508 246 96 29 dispens
621 246 52 22 från
689 246 29 22 de
736 246 121 23 allmänna

103 281 253 30 kompetensvillkoren
381 282 59 22 efter
463 282 111 29 pröfning
596 283 23 21 in
641 289 57 16 casu
714 295 28 3 —
759 282 97 29 dispens

103 317 43 23 har
170 318 141 22 åtminstone
327 317 41 23 vid
384 317 152 23 besättandet
553 317 24 24 af
593 319 33 21 ett
641 317 102 24 lektorat
760 319 8 21 i
783 318 74 29 ryska

105 357 56 20 1904
181 353 72 23 redan
269 353 109 30 beviljats
396 367 28 3 —
440 356 26 20 är
482 353 79 30 egnad
579 355 34 21 att
629 353 77 24 väcka
722 354 133 29 betänklig-

103 389 72 28 heter,
192 390 8 21 i
215 389 129 29 synnerhet
360 396 38 16 om
414 389 195 30 dispenseringen
629 389 55 23 sker
700 390 7 22 i
724 389 132 23 vidsträckt

103 426 56 22 mån
176 425 43 23 och
235 425 52 23 fullt
303 425 150 29 kompetente
473 425 126 22 inhemske
622 425 119 23 sökandes
757 427 48 21 rätt
821 427 35 22 så-

102 461 74 23 lunda
191 461 107 23 kommer
315 461 144 23 allmännare
476 462 35 22 att
527 461 80 23 trädas
625 461 35 22 för
677 464 49 20 när.

175 497 151 23 Beträffande
353 497 151 23 besättandet
528 497 25 22 af
578 497 211 30 läraretjänsterna
816 497 40 23 vid

103 534 91 22 statens
218 533 237 23 elementarläroverk
471 533 44 22 och
531 533 244 23 fruntimmersskolor
791 534 8 22 i
816 533 39 23 all-

103 569 98 23 mänhet
221 569 44 23 har
285 575 85 23 genom
386 569 168 29 förordningen
571 569 124 29 angående
712 569 103 30 ändring
831 569 25 23 af

103 605 116 23 särskilda
243 605 148 29 stadganden
409 605 99 23 rörande
525 606 102 28 tjänster
642 605 40 23 vid
698 606 132 22 civilstaten
847 606 8 22 i

103 641 99 23 Finland
219 641 24 23 af
259 641 45 23 den
321 644 26 20 31
366 643 46 26 (18)
426 642 45 28 juli
489 644 56 20 1902
563 648 29 16 en
608 641 48 23 helt
673 642 43 22 och
733 642 72 22 hållet
823 648 32 22 ny

103 677 43 23 och
161 684 29 16 ur
206 677 57 23 flere
279 677 147 29 synpunkter
443 677 123 29 betänklig
582 677 100 29 ordning
699 677 114 29 stadgats.

175 713 153 23 Besättandet
355 713 23 23 af
404 713 263 29 skolläraretjänsterna
698 713 98 27 tillkom,
828 714 27 22 så

102 749 71 29 länge
196 749 77 29 kyrka
297 749 43 22 och
365 749 67 23 skola
454 756 55 16 voro
533 749 119 27 förenade,
668 749 187 23 konsistorierna

103 785 55 23 eller
184 785 167 30 domkapitlen.
386 785 236 29 Regeringsformens
652 789 26 19 10
704 786 14 29 &
743 785 111 23 lämnade

103 821 79 23 denna
201 821 185 23 konsistorierna
401 821 182 23 tillkommande
599 822 54 27 rätt,
670 821 97 23 hvilken
784 828 70 23 grun-

102 857 60 23 dade
179 858 36 28 sig
230 857 31 29 på
276 858 15 29 8
309 861 10 19 1
336 858 8 21 i
360 857 30 23 då
406 857 110 29 gällande
532 858 129 28 gymnasii-
684 857 44 23 och
752 857 102 22 skolord-

102 894 60 28 ning
185 893 24 23 af
233 893 25 23 år
283 896 63 24 1724,
367 893 111 23 orubbad.
510 893 9 22 I
536 893 246 22 öfverensstämmelse
800 893 54 22 med

102 929 65 23 detta
190 929 263 29 grundlagsstadgande
477 929 61 22 hade
561 929 9 22 i
593 929 214 29 skolordningarna
831 929 24 22 af

103 965 56 22 åren
177 968 56 19 1843
249 965 44 22 och
311 968 56 19 1856
382 965 236 29 utnämningsrätten
632 964 146 23 förbehållits
790 965 63 22 dom-

102 1000 111 30 kapitlen,
238 1001 132 29 hvarjämte
396 1001 144 29 stadgandet
565 1001 83 22 härom
674 1001 180 29 kompletterats

102 1036 54 23 med
181 1036 39 23 det
242 1037 91 29 tillägg,
359 1037 33 22 att
417 1036 85 23 besvär
526 1037 65 22 öfver
614 1036 75 23 skedd
709 1037 145 28 utnämning

101 1072 80 23 kunde
198 1072 93 23 anföras
307 1072 42 23 hos
366 1072 115 23 Senatens
498 1072 301 30 Ekonomiedepartement.

173 1108 36 23 Då
225 1108 113 23 Finlands
354 1108 101 23 Ständer
471 1108 38 23 vid
526 1108 146 29 landtdagen
687 1109 26 22 år
726 1111 55 20 1867
799 1108 54 29 god-

101 1144 79 23 kände
196 1144 47 23 den
259 1151 47 22 nya
316 1144 147 29 kyrkolagen
476 1144 36 23 för
524 1144 45 23 den
583 1144 271 29 evangelisk-lutherska

101 1180 92 29 kyrkan
209 1181 8 21 i
233 1180 107 27 Finland,
361 1180 98 23 hvilken
480 1180 30 23 bl.
529 1187 19 16 a.
566 1180 110 28 innehöll,
701 1181 34 22 att
758 1179 95 23 skolför-

101 1216 139 29 valtningen
271 1216 78 23 skulle
379 1216 172 29 undandragas
578 1216 167 30 domkapitlen,
771 1216 82 29 gjorde

102 1252 132 23 Ständerna
256 1252 53 23 icke
326 1253 72 29 något
420 1252 115 23 förbehåll
556 1252 148 23 beträffande
720 1252 45 22 den
782 1252 71 22 fram-

101 1288 50 22 tida
176 1288 132 29 ordningen
335 1288 36 22 för
396 1288 151 23 besättandet
571 1288 24 22 af
619 1288 234 29 skolläraretjänster.

102 1324 133 23 Ständerna
258 1324 61 23 hade
343 1324 129 23 emellertid
496 1324 46 23 fätt
565 1324 38 23 del
624 1324 24 23 af
668 1328 55 19 1865
741 1325 37 22 ärs
794 1324 59 23 skol-

101 1360 136 23 kommittes
258 1360 158 27 betänkande,
433 1360 91 23 hvilket
541 1360 70 23 äfven
630 1361 24 22 af
670 1360 53 23 dem
739 1361 8 21 i
763 1361 90 28 princip

101 1396 138 29 godkändes
255 1396 44 23 och
315 1397 74 28 enligt
404 1396 91 23 hvilket
511 1396 47 23 den
575 1396 163 29 domkapitlen
754 1396 99 22 tillkom-

101 1432 86 23 mande
212 1433 236 28 utnämningsrätten
474 1432 78 23 skulle
579 1432 148 29 öfverflyttas
752 1432 30 29 pä
808 1431 44 23 den

100 1467 120 24 blifvande
244 1462 187 35 Öfverstyrelsen
455 1467 35 23 för
512 1468 173 23 skolväsendet.
719 1468 30 22 Sä
765 1467 88 23 skedde

172 1516 100 17 Allmänna
284 1515 184 19 Petitionsutskottets
479 1515 113 19 betänkande
604 1515 35 19 N:o
652 1517 16 17 1.
