1078 1775
318 146 260 25 Petitionsbetänkande
593 146 40 24 N:o
647 148 20 22 7.
853 150 13 20 7

115 216 36 20 det
165 218 14 17 t.
194 222 30 13 ex.
246 214 98 23 inträffat,
368 217 30 17 att
421 221 25 13 en
469 214 94 20 länsman
582 217 111 24 uppmanat
707 222 25 13 en
747 215 54 20 inom
817 215 50 20 hans

115 245 81 21 distrikt
211 245 65 20 bosatt
290 251 76 20 person,
382 251 25 14 en
424 244 22 20 af
461 243 133 21 kommunens
609 244 165 26 förtroendemän,
791 248 29 17 att
830 245 38 19 för-

117 274 68 21 falska
207 282 24 12 en
254 274 100 20 fullmakt.
385 274 162 20 Kassabalanser
566 274 35 20 hos
616 273 93 21 länsmän
725 274 62 21 hafva
801 274 67 21 blifvit

119 303 80 27 vanliga
214 303 116 24 företeelser,
346 307 48 16 utan
411 306 29 17 att
456 303 148 21 vederbörande
615 303 100 20 befordrat
735 304 24 21 de
777 303 91 28 skyldige

116 334 31 20 till
162 340 77 14 ansvar.
270 333 120 20 Kontrollen
406 333 57 20 öfver
478 333 137 26 utmätningar
629 333 36 20 har
681 333 108 21 handhafts
805 337 63 23 svagt,

116 363 81 21 hvarför
219 363 71 20 krono-
312 363 38 20 och
369 363 131 20 kommunala
515 366 67 22 rester,
598 363 171 27 tjänstemännens
784 363 84 20 löneför-

117 394 70 20 måner
208 393 36 20 och
267 393 100 20 enskildes
390 392 112 27 fordringar
517 392 30 21 till
564 398 53 15 stora
640 393 72 27 belopp
730 393 63 20 under
808 393 60 26 långa

117 423 50 21 tider
182 422 96 21 förblifvit
293 423 105 23 oindrifna,
414 422 128 27 hvarigenom
558 422 125 27 naturligtvis
693 423 102 20 åsamkats
805 423 63 20 skada

119 453 38 20 och
173 452 115 21 ekonomisk
304 452 76 21 förlust.
411 452 131 27 Möjligheten
559 452 31 20 till
605 452 148 21 uraktlåtenhet
767 453 37 20 och
815 453 53 20 miss-

120 482 52 21 bruk
188 483 36 20 har
238 482 58 21 ökats
317 482 113 27 därigenom
446 485 31 17 att
492 482 207 27 kronofogdetjänster
713 483 97 20 förblifvit
824 483 44 20 obe-

119 516 58 17 satta.
208 513 32 20 En
255 512 93 20 länsman
368 511 49 21 eller
432 512 171 20 häradsskrifvare
618 512 36 20 har
668 513 59 26 jämte
743 519 49 20 egen
808 513 61 26 tjänst

121 542 101 21 handhaft
242 541 75 27 jämväl
340 541 189 27 kronofogdesyssla
551 542 37 20 och
608 542 85 20 sålunda
709 543 50 20 varit
773 543 30 19 sin
819 549 49 20 egen

119 572 128 20 kontrollant.
278 572 143 20 Länsmännen
443 571 63 21 hafva
528 571 48 25 ofta,
593 575 12 17 t.
621 579 17 13 0.
654 579 25 13 m.
702 572 34 20 vid
758 572 111 27 tjänsteför-

119 602 112 26 rättningar
252 601 107 27 ådagalagt
382 602 38 19 den
444 601 51 21 allra
519 604 72 18 största
614 602 49 20 brist
682 602 26 27 pä
724 602 145 26 anständighet,

115 632 99 26 ruppträdt
236 631 95 21 herusade
352 632 38 20 och
413 631 81 25 brutalt,
510 632 113 26 därigenom
644 632 129 20 nedsättande
789 632 80 21 admini-

118 662 120 20 strationens
254 661 107 27 värdighet.
386 661 82 21 Samma
484 661 102 21 brutalitet
600 663 23 19 är
632 662 89 20 rådande
735 662 73 26 jemväl
815 662 53 20 inom

119 691 119 27 poliskären.
259 691 10 20 I
284 691 217 21 läneresidensstadens
517 691 112 27 polishäkte
644 691 36 21 har
691 691 107 29 bevisligen
809 692 61 26 gjorts

119 721 68 21 försök
195 717 10 35 '
211 724 29 17 att
260 722 45 19 med
328 721 104 20 öfverväld
454 721 38 20 och
515 721 123 21 misshandel
661 721 90 27 aftvinga
765 721 105 27 fängslade

119 754 94 24 personer
227 751 114 20 vittnesmål
356 751 37 20 och
411 751 101 27 uppgifter
527 752 6 19 i
549 751 39 20 den
603 751 95 27 riktning,
714 751 75 27 polisen
805 754 66 18 ansett

119 780 113 21 Onskvärdt
246 784 30 16 att
291 781 21 20 få
328 781 105 20 desamma.

191 811 11 19 I
224 811 152 20 kommunernas
400 810 130 27 själfstyrelse
554 810 36 20 har
612 810 181 21 administrationen
813 811 6 19 i
835 810 35 20 Vi-

121 840 59 26 borgs
195 840 34 20 län
244 840 80 27 ingripit
344 844 71 22 ytterst
433 840 99 21 störande.
562 840 121 26 Visserligen
700 840 61 21 hafva
774 840 75 26 jämväl
864 840 6 20 i

118 870 65 26 öfriga
198 870 34 20 län
248 872 150 24 guvernörerna,
414 870 26 26 på
456 872 66 24 grund
537 870 22 19 af
574 870 39 20 den
629 870 43 20 dem
683 870 100 26 medgifna
793 870 77 20 undan-

119 899 252 27 tagsmaktbefogenheten,
395 900 86 26 mången
505 900 54 26 gång
583 899 110 21 förhindrat
718 899 153 20 kommunernas

121 929 60 20 valde
196 929 157 20 förtroendemän
377 929 45 20 från
437 932 30 17 att
483 929 89 21 tillträda
587 930 44 19 sina
645 937 50 19 resp.
711 929 78 27 sysslor,
805 936 45 13 men
865 929 6 20 i

121 959 88 26 Viborgs
231 959 35 20 län
289 959 36 20 har
347 959 66 26 dylikt
436 959 92 20 inträffat
543 959 63 20 oftare
622 960 26 19 än
663 959 135 20 annorstädes.
828 959 44 20 Där

120 989 64 20 hafva
199 989 33 20 val
247 989 22 20 af
284 989 130 24 stadskassör,
429 989 96 20 revisorer
540 989 22 20 af
577 989 131 20 kommunens
723 989 37 20 och
775 988 97 21 utskänk-

121 1018 183 27 ningsaktiebolags
319 1018 141 27 räkenskaper,
482 1022 14 17 t.
511 1025 17 14 o.
545 1025 25 14 m.
586 1019 108 20 ledamöter
709 1019 21 20 af
745 1018 81 21 skolråd
840 1025 32 20 ge-

119 1055 47 13 nom
183 1050 132 24 guvernörens
331 1049 117 26 maktspräk
464 1048 68 21 blifvit
550 1049 110 26 upphäfda.
691 1049 69 20 Säsom
775 1048 55 21 bevis
846 1048 26 27 på

119 1079 40 19 den
175 1078 159 27 hänsynslöshet,
358 1078 94 21 hvarmed
468 1078 40 20 den
525 1079 69 26 högste
610 1081 149 24 styresmannen
775 1078 37 20 och
828 1078 44 20 ord-

119 1108 86 25 ningens
220 1108 81 20 främste
316 1108 130 20 öfvervakare
461 1107 6 21 i
483 1107 56 22 länet
562 1108 101 27 begagnar
685 1108 29 21 sin
738 1107 134 28 ämbetsmyn-

120 1137 75 27 dighet,
210 1137 33 21 må
258 1139 84 19 nämnas
366 1138 34 20 det
415 1137 69 21 kända
500 1138 43 24 fall,
559 1138 27 20 då
600 1138 41 20 han
656 1144 71 20 genom
743 1138 44 20 sina
802 1137 72 27 poliser

120 1167 31 20 lät
166 1167 100 27 uppbryta
281 1168 69 20 dörren
367 1167 30 21 till
413 1167 128 21 stadshuset
533 1163 10 35 i
550 1167 78 27 Viborg
645 1167 36 21 och
697 1169 104 19 tvärtemot
809 1167 64 21 stads-

122 1196 136 28 fullmäktiges
282 1197 70 25 beslut,
368 1198 6 19 i
389 1198 37 20 och
442 1198 32 20 för
489 1205 25 13 en
530 1198 214 26 uppbådsförrättning
758 1201 47 23 taga
819 1198 6 19 i
842 1197 31 21 be-

120 1227 85 26 sittning
218 1227 95 21 festsalen
328 1228 60 26 jämte
403 1231 29 16 ett
447 1227 93 21 sidorum.

193 1256 245 21 Folkskoleinstitutionen
463 1256 37 21 har
522 1258 61 26 gjorts
604 1257 30 20 till
649 1257 82 21 föremål
747 1258 30 27 för
791 1256 82 21 admini-

121 1286 120 20 strationens
255 1286 177 27 uppmärksamhet
446 1286 28 27 på
490 1291 28 16 ett
534 1288 45 24 sätt,
597 1294 41 13 som
654 1287 57 21 hotar
725 1287 46 20 dess
786 1287 88 19 innersta

121 1318 68 18 väsen.
219 1316 11 20 I
246 1316 122 24 kommuner,
391 1316 36 20 där
450 1316 157 27 befolkningens
630 1316 65 21 flertal
711 1316 112 27 visserligen
839 1316 35 20 be-

123 1346 78 20 känner
215 1346 39 20 den
270 1346 182 27 grekisk-katolska
468 1346 114 27 religionen,
599 1354 44 12 men
660 1354 40 13 som
717 1346 6 20 i
739 1346 96 27 språkligt
845 1346 28 20 af-

121 1376 75 20 seende
216 1377 35 19 äro
273 1380 45 16 rent
333 1376 72 24 finska,
422 1376 36 20 har
473 1383 47 13 man
536 1377 6 19 i
558 1376 36 20 och
610 1376 32 20 för
656 1376 73 20 folkets
744 1375 130 21 denationali-

121 1405 84 20 serande
220 1406 78 20 försökt
319 1406 66 20 införa
400 1406 61 26 ryska
480 1406 82 26 språket
577 1406 64 20 såsom
657 1406 217 26 undervisningsämne,

120 1435 22 27 ja
165 1438 14 16 t
202 1442 17 13 o
242 1442 24 14 m.
290 1436 216 26 undervisningsspråk
524 1436 7 20 i
546 1436 144 20 folkskolorna.
721 1436 100 20 Länsmän
837 1434 38 22 och

120 1464 119 27 gendarmer
261 1465 62 20 hafva
346 1466 50 19 varit
418 1466 126 19 närvarande
560 1466 33 19 vid
610 1465 213 24 kommunalstämmor,
839 1465 36 20 där

195 1505 63 18 Särsk.
272 1505 53 19 Besv.
338 1505 48 19 utsk.
400 1506 32 17 bet.
445 1505 36 18 N:o
493 1507 19 17 4.
