1111 1773
324 153 247 24 Petitionsbetänkande
588 153 38 24 N:o
642 154 24 23 4.

332 469 251 28 Järnvägsutskottets
604 469 149 23 betänkande
773 469 42 23 N:o
832 470 13 21 2
862 469 9 22 i

260 505 128 28 anledning
418 505 28 22 af
475 505 119 22 särskilda
620 505 250 28 petitionsmemorial,

260 541 102 22 rörande
378 541 80 22 vidare
472 540 260 29 järnvägsbyggnader.

188 624 53 23 Med
256 624 115 23 särskilda
383 624 215 30 protokollsutdrag
608 624 74 23 hafva
692 625 179 22 Prästeståndet

119 660 43 23 och
186 659 178 24 Bondeståndet
385 660 34 22 till
432 660 235 29 järnvägsutskottet
683 661 132 22 remitterat
830 660 40 23 föl-

115 696 73 30 jande
205 697 239 29 petitionsmemorial,
461 696 99 24 rörande
574 696 262 30 järnvägsbyggnader.

624 759 145 32 (Öfversättnin
771 763 30 27 g.)

477 792 20 18 1.

278 852 51 20 Till
344 852 161 25 Högvördiga
521 852 198 20 Prästeständet.

189 952 79 25 Frägan
288 959 28 13 om
333 952 105 26 byggande
454 953 22 19 af
491 959 22 13 en
527 953 86 25 järnväg
628 953 43 19 frän
687 952 57 19 Kemi
760 952 32 19 till
807 952 65 20 Rova-

119 981 58 19 niemi
197 981 81 26 kyrkby
294 981 36 19 har
345 982 96 19 förevarit
456 981 59 20 redan
532 981 33 20 vid
581 981 47 20 flere
644 981 149 20 ständermöten.
814 976 10 36 =
835 980 38 20 Vid

121 1009 53 20 1897
191 1010 32 19 &rs
238 1010 95 25 landtdag
348 1009 80 20 anhöllo
448 1009 109 21 Ständerna
572 1016 31 13 om
619 1009 124 20 anställande
757 1009 22 20 af
793 1009 80 20 teknisk

119 1038 37 19 och
171 1039 117 19 ekonomisk
303 1039 147 24 undersökning
467 1039 30 19 för
513 1045 22 13 en
551 1039 85 25 järnväg
654 1038 71 19 mellan
742 1038 61 25 sagda
814 1041 59 16 orter.

119 1067 71 19 Denna
206 1067 147 26 undersökning
376 1067 36 20 har
427 1067 60 20 äfven
503 1067 105 26 försiggätt
625 1067 35 19 och
676 1067 40 19 alla
732 1067 142 19 förberedande

119 1096 79 19 arbeten
214 1095 31 20 för
260 1097 71 18 sakens
350 1096 82 25 slutliga
447 1096 122 25 behandling
584 1096 84 19 sälunda
683 1095 115 20 värkstälts.
829 1095 44 20 Den

119 1124 21 19 af
152 1124 126 26 Regeringen
304 1124 53 19 1897
381 1125 90 19 nedsatta
491 1125 184 25 järnvägskomitön
698 1124 37 19 har
749 1125 6 18 i
771 1124 36 19 sitt
822 1124 51 19 utlä-

119 1153 58 19 tande
192 1155 66 18 ansett
273 1153 36 20 den
325 1153 112 25 föreslagna
451 1153 110 26 järnvägen
577 1153 43 19 frän
637 1153 58 20 Kemi
710 1153 32 19 till
757 1152 117 20 Rovaniemi

119 1181 94 26 päkallad
236 1182 22 19 af
279 1182 107 25 trängande
409 1181 62 20 behof
489 1182 35 19 och
541 1182 88 19 förordat
644 1181 115 26 byggandet
773 1181 22 19 af
809 1181 65 19 denna

119 1211 50 18 bana
179 1210 56 20 såväl
246 1211 43 19 med
300 1211 76 25 hänsyn
388 1210 31 19 till
430 1210 91 26 bygdens
532 1211 165 19 kulturintressen
708 1217 41 13 som
757 1210 32 19 till
799 1210 75 19 banans

120 1239 130 20 räntabilitet.
274 1239 68 20 Redan
359 1239 197 20 förhandenvarande
571 1239 121 20 trafikbehof
708 1242 23 16 är
745 1238 131 21 &förenämda

119 1270 54 18 orter
188 1279 22 3 —
230 1268 64 20 såsom
309 1268 33 20 det
358 1268 55 20 heter
428 1269 7 18 i
451 1268 62 26 sagda
525 1268 83 20 komitös
620 1267 101 21 utlåtande
734 1279 26 3 —
771 1267 104 25 ,,starkare

119 1296 36 20 och
179 1303 40 13 mer
242 1297 150 20 koncentreradt
415 1300 25 17 än
464 1298 39 24 det,
523 1304 40 13 som
582 1297 90 19 flertalet
691 1303 39 19 nya
743 1297 131 25 järnvägsan-

119 1325 119 25 läggningar
260 1326 44 19 med
326 1325 124 20 bestämdhet
466 1326 75 20 kunnat
556 1326 26 25 pä
596 1325 85 20 förhand
696 1324 103 27 uppvisa.”
829 1324 45 20 Den

119 1354 127 26 godsmängd,
273 1361 41 13 som
340 1354 75 26 årligen
441 1355 78 19 fraktas
546 1355 42 19 från
612 1354 58 20 Kemi
697 1354 32 19 till
751 1353 124 25 Rovaniemi,

120 1382 36 20 har
181 1384 126 24 uppskattats
334 1383 32 19 till
393 1384 59 18 minst
481 1383 75 25 10,000
583 1385 41 22 ton,
651 1384 31 18 för
708 1382 70 20 hvilka
805 1382 69 19 trafik-

120 1411 131 20 kostnaderna
282 1412 68 25 belöpa
381 1412 32 25 sig
443 1412 31 19 till
505 1412 55 20 cirka
590 1411 92 26 400,000
712 1411 64 20 mark.
807 1410 69 20 Under

120 1440 72 20 sädana
214 1440 138 20 förhällanden
373 1443 57 22 utgör
449 1440 165 26 fraktforslingen
638 1447 23 13 en
678 1440 85 20 lockelse
784 1440 33 18 till
831 1445 45 14 men

119 1468 31 20 för
184 1469 126 25 jordbruket,
343 1470 55 25 höjer
421 1464 7 35 =
435 1469 155 25 arbetslönerna,
624 1469 101 19 försvårar
742 1464 10 35 =
763 1468 112 26 tillgången

191 1515 186 23 Järnvägsutskottets
390 1516 112 18 betänkande
514 1515 34 18 N:o
560 1516 17 17 2.
