1114 1775
317 151 246 23 Petitionsbetänkande
580 152 37 22 N:o
634 152 22 22 3.
792 154 42 20 103

184 218 89 26 Viborgs
289 219 46 19 läns
351 220 105 23 guvernör
471 219 121 20 meddelade
609 220 7 18 i
632 219 46 19 bref
693 220 30 18 till
736 214 128 25 Öfverdirek-

112 250 60 18 tören
188 249 7 19 i
212 249 210 25 Skolöfverstyrelsen
438 248 22 20 af
475 249 40 19 den
534 250 25 18 17
576 250 92 19 februari
685 249 63 23 1904,
768 250 31 19 att
814 249 50 19 folk-

113 279 127 19 skolläraren
256 280 6 18 i
278 279 93 19 Kaukola
389 279 77 19 socken
489 278 54 20 Juho
568 279 47 19 Salo
640 279 46 19 från
710 278 38 20 och
772 280 47 19 med
843 280 23 18 år

115 309 56 19 1899
183 309 78 24 sysslat
271 309 47 18 med
330 308 101 25 agitation
448 309 42 19 mot
506 308 114 25 Rysslands
636 309 108 24 regerings
761 309 103 25 ätgärder,

113 338 93 20 sökande
219 339 79 25 jämväl
312 338 38 19 hos
367 338 46 20 sina
428 338 69 20 elever
513 339 109 24 uppväcka
638 339 37 19 hat
690 339 43 18 mot
749 338 35 20 allt
800 339 64 24 ryskt,

113 368 88 19 hvarvid
217 368 74 19 honom
309 368 99 19 särskildt
423 368 122 20 tillvitades:

186 399 31 18 att
232 398 41 19 han
289 399 23 18 är
330 398 56 19 1899
402 399 35 18 vid
454 399 29 18 ett
498 398 7 19 i
521 398 53 19 hans
586 398 59 19 skola
656 398 144 20 föranstaltadt
812 404 52 13 sam-

113 428 62 19 kväm
199 428 53 19 hade
274 429 122 22 arrangerat
419 434 26 13 en
467 428 63 23 tablå,
551 427 147 20 föreställande
714 428 152 25 kongressen
851 423 18 34 i

113 457 66 25 Haag,
196 458 7 19 i
219 457 83 20 hvilken
318 457 56 20 tablä
389 457 114 25 Rysslands
519 458 145 25 representant
675 463 37 14 var
723 457 54 20 iförd
788 464 26 13 en
826 457 39 20 den

114 488 51 19 allra
186 487 103 26 löjligaste
310 487 59 20 dräkt
386 487 38 20 och
440 487 25 20 de
482 487 67 25 öfriga
565 488 119 19 makternas
699 488 167 25 representanter

114 517 54 20 hade
190 517 79 20 bemött
285 517 75 20 honom
376 519 27 24 pä
419 517 35 20 det
470 518 54 19 mest
540 518 96 19 stötande
652 518 48 22 sätt,
716 517 47 20 med
780 517 87 26 sparkar

114 547 40 20 och
173 547 126 25 knipningar
315 547 113 24 tvingande
444 547 74 20 honom
536 548 30 19 att
582 547 31 20 till
628 547 110 26 publikens
754 548 56 19 stora
826 547 40 20 för-

114 577 79 27 nöjelse
209 578 65 24 krypa
289 577 67 20 under
371 577 93 25 bänken;

187 608 30 19 att
233 608 41 19 han
290 607 46 19 från
353 607 38 20 och
407 608 47 19 med
471 609 23 17 år
511 608 55 19 1901
583 607 117 26 uppträdde
716 608 69 19 såsom
799 607 68 25 häftig

115 636 143 20 motståndare
281 638 31 18 till
335 638 58 19 såväl
416 638 40 19 den
480 643 42 19 nya
544 637 190 25 värnepliktslagen
758 643 44 14 som
829 637 37 19 ock

115 667 66 19 andra
197 667 39 19 den
252 666 69 26 Ryska
337 668 95 19 maktens
448 667 104 25 åtgärder,
568 667 136 25 utspridande
720 667 40 19 den
776 667 91 25 hemliga

115 697 142 20 litteraturens
279 697 69 23 alster,
372 697 147 25 uppmanande
543 697 119 25 ungdomen
683 697 31 19 att
732 697 45 19 icke
794 698 27 24 gä
836 696 31 20 till

115 726 118 26 uppbäden,
257 726 164 21 föranstaltande
443 728 71 18 möten
538 726 38 20 och
600 727 96 20 hällande
717 727 35 23 tal,
772 728 7 18 i
797 726 71 20 hvilka

115 756 42 20 han
173 757 59 19 ordat
248 762 33 14 om
298 762 76 20 uppror
389 758 7 18 i
412 757 87 19 Finland
520 756 38 20 och
583 763 33 13 om
640 756 77 20 väntad
740 756 56 26 hjälp
820 756 46 20 frän

114 786 96 25 England
227 786 38 20 och
282 786 96 25 Sverige;
394 787 38 19 och

187 817 30 19 att
240 818 66 23 nägra
327 816 141 20 Kaukola-bor
487 816 65 20 vändt
570 817 34 25 sig
623 817 30 19 till
670 816 134 20 Guvernören
819 816 48 20 med

114 846 105 23 anhällan,
241 847 30 19 att
292 846 25 20 de
338 846 38 20 och
393 847 61 19 deras
470 846 51 20 barn
538 846 68 20 blefve
622 846 92 20 befriade
730 846 46 20 frän
793 852 26 14 en
835 848 31 17 sä-

115 876 41 19 dan
172 876 73 19 lärare.

187 938 67 23 Hvad
270 938 174 29 angifvelserna
460 939 64 28 gälla
540 939 50 22 stär
605 939 85 22 nästan
707 938 66 23 alltid
790 939 4 22 i
806 944 61 16 sam-

117 973 64 24 band
197 974 53 23 med
267 974 28 23 de
311 975 8 21 i
335 974 70 23 ofvan
418 974 99 23 anförda
527 974 42 23 fall
580 974 98 23 berörda
689 974 111 29 politiska
811 973 56 23 hän-

115 1009 109 23 delserna
240 1010 44 22 och
300 1009 176 24 företeelserna:
493 1009 262 30 värnepliktsstadgans
772 1009 24 23 af
811 1013 55 19 1901

115 1045 193 29 genomförande,
320 1045 45 23 den
377 1046 24 23 af
415 1053 115 15 censuren
541 1045 53 24 icke
605 1046 93 22 tillåtna
708 1045 160 23 litteraturens

115 1080 132 30 spridning,
272 1081 79 29 kriget
374 1081 87 23 mellan
485 1081 118 29 Ryssland
626 1081 44 23 och
689 1081 83 29 Japan,
790 1088 30 15 m.
837 1087 31 16 m.

116 1116 173 29 Hyllningarna
305 1117 35 22 för
357 1117 157 27 ämbetsmän,
527 1123 50 16 som
590 1117 78 29 afgått
678 1117 56 22 eller
746 1116 123 23 afskedats

115 1151 31 30 på
162 1152 77 29 grund
256 1152 25 23 af
297 1153 34 22 att
347 1152 29 23 de
398 1153 53 22 icke
470 1153 64 22 velat
554 1153 130 22 medverka
704 1151 40 24 vid
767 1152 101 29 tillämp-

116 1189 89 28 ningen
227 1188 24 23 af
271 1188 257 30 värnepliktsstadgan,
550 1189 44 23 och
616 1189 253 29 sympatiyttringarna

116 1224 36 22 för
168 1223 29 24 de
213 1224 53 23 från
283 1224 82 23 landet
384 1224 109 23 utvisade
514 1224 172 30 medborgarne
710 1224 64 22 bilda
798 1224 71 22 äfven

116 1260 160 29 tacknämligt
299 1260 56 22 stoff
374 1260 36 23 för
431 1260 149 30 angifvelser.
612 1261 49 22 Mer
676 1260 120 29 tillfälliga
811 1260 58 22 före-

117 1295 91 28 teelser,
225 1296 79 22 såsom
320 1297 16 21 t.
354 1302 33 17 ex.
405 1296 47 22 den
467 1296 8 22 i
492 1296 82 30 början
592 1296 23 23 af
628 1296 26 22 är
666 1299 56 19 1903
735 1295 135 23 anordnade

117 1332 245 28 gratisbespisningen
378 1333 8 21 i
402 1332 29 22 de
455 1332 25 22 af
500 1332 58 28 rysk
582 1332 88 22 militär
685 1331 128 23 innehafda
829 1330 40 23 ka-

115 1373 115 17 sernerna
246 1368 7 21 i
269 1367 146 29 Helsingfors
431 1367 57 23 eller
504 1367 29 23 de
549 1368 73 28 ryska
638 1367 182 23 aftonkurserna
830 1366 40 22 vid

116 1402 72 29 ryska
211 1402 135 24 folkskolan
369 1404 9 21 i
401 1403 135 27 Sordavala,
561 1403 127 23 framkalla
707 1402 71 24 ocksä
795 1402 75 29 angif-

116 1438 83 23 velser.
223 1434 78 27 Äfven
318 1439 195 29 uppställningen
530 1438 24 24 af
570 1440 100 29 porträtt
685 1440 7 21 i
706 1438 110 24 skolorna
827 1438 43 22 och

116 1474 167 29 redigeringen
299 1474 24 23 af
340 1474 174 29 skoltidningar
530 1476 70 27 göras
616 1475 35 22 till
664 1474 97 23 föremäl
772 1474 36 22 för
818 1480 52 22 rap-

187 1522 101 18 Allmänna
300 1522 185 19 Petitionsutskotteis
497 1522 110 19 betänkande
620 1522 34 19 N:o
667 1523 17 18 1.
