1111 1778
299 153 276 24 Petitionsbetänkande
590 153 45 23 N:o
650 154 20 21 1.
832 154 26 21 17

108 222 90 24 emotse,
216 222 32 20 att
263 220 76 21 härför
355 219 143 27 erforderliga
514 218 81 28 nådiga
610 220 163 26 propositioner
789 220 68 20 redan

107 250 32 22 till
157 250 42 22 den
216 257 29 14 nu
262 249 134 22 församlade
411 249 134 27 landtdagen
562 249 86 21 aflåtas.

180 357 40 22 Det
243 356 72 22 finska
340 357 67 21 folket
426 357 41 21 har
483 356 70 27 aldrig
569 356 149 22 eftersträfvat
733 356 68 27 några
818 357 40 21 för-

110 387 61 22 delar
195 386 29 28 på
247 386 123 28 Rysslands
393 386 123 22 bekostnad
539 386 54 21 eller
609 387 47 26 höjt
671 386 68 27 några
755 386 103 27 anspråk,

109 423 47 16 som
173 416 76 27 afsåge
265 418 31 19 ett
310 417 147 26 försvagande
469 417 22 20 af
505 416 37 22 det
553 416 103 27 politiska
667 416 132 22 sambandet
809 417 51 21 med

109 447 174 26 Kejsaredömet.
302 446 41 21 Det
358 446 67 27 begär
441 447 18 26 ej
477 446 70 22 heller
562 447 7 20 i
585 447 140 20 närvarande
741 446 66 22 stund
824 445 36 23 nå-

109 478 37 26 got
169 479 69 19 annat
260 477 29 20 än
305 477 58 20 hvad
379 483 48 14 som
444 476 72 22 blifvit
532 476 124 21 detsamma
671 476 134 27 högtidligen
820 476 40 21 till-

109 506 137 22 försäkradt:
263 508 31 19 att
309 506 105 21 Finlands
430 506 62 27 lagar
508 505 67 22 måtte
591 505 179 22 vidmakthällas.
803 506 57 22 Stor-

109 536 173 22 furstendömets
304 536 101 27 förening
429 537 50 21 med
496 537 170 26 Kejsaredömet
681 536 71 21 hvilar
768 536 29 27 pä
813 537 47 20 säk-

109 569 59 19 raste
192 565 115 28 grundval,
329 568 42 19 när
386 566 107 27 styrelsen
511 567 62 20 öfver
588 566 93 21 Finland
698 567 87 21 utöfvas
802 567 7 20 i
825 573 34 15 en-

108 596 67 27 lighet
199 596 49 21 med
272 596 59 21 detta
352 596 63 21 lands
432 597 7 20 i
455 596 51 21 dess
523 596 133 27 grundlagar
676 596 115 21 utstakade
808 596 52 21 kon-

108 627 107 25 stitution,
232 626 86 26 hägnad
335 626 23 21 af
374 626 51 21 dess
440 626 56 27 höge
512 626 125 21 monarker.

181 655 82 28 Frägor
278 655 139 22 hänförande
433 656 33 27 sig
484 655 33 22 till
529 656 26 21 de
567 655 133 27 ömsesidiga
712 656 148 21 relationerna

109 685 81 22 mellan
209 685 168 28 Kejsaredömet
387 685 42 22 och
440 685 212 22 Storturstendömet
663 685 76 22 kunna
749 685 45 22 helt
806 686 55 21 visst

109 716 7 20 i
132 716 119 20 framtiden
267 715 80 21 liksom
363 716 7 20 i
387 715 42 21 den
445 715 122 27 förgängna
583 715 59 21 tiden
660 715 74 21 städse
749 715 68 21 vinna
832 722 28 14 en

109 745 204 21 tillfredsställande
336 745 93 27 lösning,
453 752 37 14 om
505 745 38 21 vid
558 745 66 21 deras
640 744 134 28 behandling
790 745 70 27 skälig

111 775 86 27 hänsyn
213 777 62 24 tages
292 775 65 20 äfven
373 774 31 22 till
421 775 27 21 de
464 775 109 20 intressen
598 775 41 21 och
655 775 132 26 rättigheter,
812 781 48 14 som

109 806 39 19 äro
165 805 95 26 dyrbara
276 805 34 20 för
326 805 99 21 Finland.
450 804 49 21 Men
516 805 27 20 de
559 805 67 25 idéer,
644 811 47 14 som
708 805 77 20 vunnit
801 804 59 27 infly-

109 835 67 20 tande
191 833 27 28 pä
230 835 43 20 den
284 834 71 22 under
368 837 88 19 senaste
472 835 57 20 tider
545 834 68 27 följda
630 834 106 27 politiken
751 836 46 19 mot
813 834 47 21 Fin-

110 864 51 21 land
178 864 42 21 och
244 864 96 21 därefter
363 864 71 27 tryckt
457 865 34 20 sin
508 864 74 27 prägel
599 863 29 28 pä
646 864 214 27 regeringsmaktens

111 894 161 27 handlingssätt
288 894 6 20 i
312 893 219 26 Storfurstendömet,
553 894 107 21 innebära
680 893 26 22 sä
721 894 139 21 förstörande

109 924 125 25 tendenser,
252 926 30 19 att
306 924 37 21 det
366 924 77 27 finska
459 924 75 25 folket,
551 924 50 21 med
618 923 158 28 upphbjudande
793 924 22 21 af
831 923 29 22 all

111 955 33 20 sin
160 954 120 21 moraliska
304 954 41 21 och
364 954 120 21 nationella
500 953 188 26 motständskraft,
705 953 70 22 mäste
791 955 69 20 värna

111 984 33 21 sin
160 985 44 20 rätt
219 983 42 22 och
278 984 34 20 sin
328 984 97 21 existens
437 986 46 19 mot
499 983 85 22 sådana
599 984 73 21 idéers
688 983 92 28 intrång.

182 1013 41 22 Det
239 1013 57 22 låter
311 1013 49 22 icke
376 1013 68 21 tänka
460 1014 39 27 sig,
509 1015 32 20 att
556 1019 27 16 en
599 1013 139 28 förlängning
751 1013 22 22 af
789 1013 72 22 denna

111 1043 91 21 konflikt
218 1049 53 16 vore
288 1043 111 22 önskvärd
416 1043 35 21 för
466 1043 117 27 Ryssland.
608 1043 43 22 För
666 1043 93 22 Finland
773 1045 26 19 är
809 1043 51 22 kon-

110 1072 87 22 fliktens
220 1073 145 26 utjämnande
389 1072 23 22 af
435 1073 43 21 den
501 1075 57 19 mest
582 1072 138 28 djupgäende
741 1072 119 28 betydelse.

111 1103 60 21 Hans
188 1102 123 27 Kejserliga
322 1102 101 27 Majestät
434 1103 41 21 har
486 1103 7 21 i
504 1096 37 28 siä
549 1102 61 22 makt
621 1104 31 20 att
662 1108 78 21 genom
753 1102 107 27 åtgärder,

111 1138 48 16 som
181 1132 49 22 icke
246 1132 123 22 äsidosätta
385 1132 42 21 den
443 1133 68 27 ryska
526 1133 118 21 nationens
659 1133 114 25 intressen,
790 1132 72 22 befria

110 1162 106 22 Finlands
240 1162 46 22 folk
310 1162 50 22 från
377 1162 26 22 de
420 1162 66 22 bittra
502 1162 129 28 pröfningar
646 1162 37 22 det
698 1162 47 21 haft
761 1164 31 20 att
807 1162 56 22 bära

111 1192 70 21 under
193 1192 27 22 de
237 1194 87 20 senaste
342 1192 53 22 ären
411 1195 57 18 samt
479 1192 152 27 äterupprätta
646 1192 99 27 ordning,
757 1192 52 27 lugn
820 1192 42 21 och

111 1222 63 27 lycka
191 1222 6 20 i
214 1222 80 21 landet.

184 1352 109 22 Utskottet
308 1352 34 22 fär
356 1352 114 22 vördsamt
480 1352 90 27 föreslä,
582 1355 30 19 att
624 1352 124 22 Ständerna
758 1353 52 21 ville
821 1353 41 21 hos

114 1383 25 21 H.
157 1382 24 22 K.
199 1382 37 22 M:t
251 1383 8 21 i
274 1382 176 27 underdänighet
465 1381 91 23 anhälla

284 1440 40 23 det
340 1440 86 24 täcktes
443 1441 70 23 Hans
530 1441 135 29 Kejserliga
680 1441 115 29 Majestät
805 1441 8 22 i
823 1441 39 22 nä-

255 1470 43 23 der
314 1470 96 30 vidtaga
427 1470 28 23 de
471 1470 119 30 ätgärder,
607 1478 51 16 som
668 1470 46 30 för
728 1471 38 23 det
773 1470 89 30 grund-

183 1513 64 18 Särsk.
260 1513 52 18 Besv.
325 1514 46 17 utsk.
384 1513 32 18 bet.
430 1513 35 19 N:o
478 1514 16 17 1.
