1111 1775
272 158 74 22 Ständ.
362 158 44 22 Pet.
422 170 29 3 —
466 157 145 23 Petitionsbet.
628 158 35 22 N:o
679 158 22 22 3.
838 158 30 21 45

109 229 38 28 sig
171 236 35 15 om
232 231 34 19 att
290 228 199 29 undervisningen
513 228 42 22 och
580 228 137 30 uppfostran
741 229 8 22 i
768 228 100 22 berörda

108 263 110 23 läroverk
242 264 30 28 på
290 263 108 29 behörigt
422 266 47 19 sätt
487 263 124 22 bedrifves.
640 263 11 21 I
670 263 96 22 anförda
785 262 38 23 del
841 267 27 18 är

110 298 183 28 instruktionen,
312 305 36 15 om
368 298 69 21 hvars
455 298 102 22 revision
577 297 132 22 Ständerna
728 297 71 23 redan
804 293 12 37 i
812 298 55 22 sin

109 332 163 29 underdåniga
299 332 174 29 framställning
501 332 23 22 af
543 332 44 22 den
607 332 30 21 31
658 332 121 22 december
801 333 65 21 1904

109 366 107 28 anhållit,
244 367 115 28 oförenlig
388 366 53 22 med
467 366 110 29 gällande
600 366 146 29 stadganden
769 367 98 22 rörande

110 397 126 33 uppsikten
254 402 65 21 öfver
332 401 195 22 läroanstalterna
545 402 8 21 i
571 401 103 21 Finland
692 401 43 22 och
753 401 113 22 särskildt

111 435 282 29 folkskoleförordningen
412 436 23 21 af
467 436 44 21 den
541 437 27 21 11
596 436 44 28 maj
673 436 71 28 1866,
763 436 104 22 skolord-

111 471 89 28 ningen
228 470 22 22 af
277 470 45 22 den
341 471 15 21 8
375 471 94 27 augusti
499 470 63 22 1872
593 470 43 22 och
661 470 152 29 reglementet
831 470 37 22 för

112 502 185 31 Öfverstyrelsen
316 505 35 22 för
369 504 164 22 skolväsendet
552 505 22 21 af
588 504 44 22 den
644 505 30 21 18
685 505 96 22 oktober
794 505 71 21 1898.

110 539 13 22 I
142 540 83 21 sakens
249 542 69 19 natur
343 540 76 28 ligger
443 539 34 22 för
496 540 78 28 öfrigt,
594 541 34 19 att
647 538 28 22 de
694 539 42 22 hos
755 539 112 22 General-

111 577 147 26 guvernören
278 574 115 21 anställda
411 574 195 29 tjänstemännen,
626 574 7 21 i
653 573 59 22 brist
737 575 28 28 på
784 574 84 22 förtro-

111 608 89 29 genhet
226 608 52 22 med
304 608 91 22 landets
422 608 123 23 inhemska
568 608 70 29 språk
663 608 43 22 och
724 609 143 22 främmande

112 643 37 22 för
167 642 86 23 folkets
272 643 157 28 åskådningar
447 651 49 14 som
521 643 28 22 de
567 647 46 23 äro,
632 643 52 22 icke
702 643 67 22 skola
787 643 81 22 kunna

111 677 131 22 framställa
267 677 178 22 förhållandena
464 678 7 21 i
491 677 66 22 deras
581 679 63 20 rätta
663 677 79 29 dager.
778 677 35 22 De
832 678 35 21 in-

111 712 136 29 spektioner
270 712 211 29 generalguvernör
505 712 123 22 Bobrikoff
650 712 8 21 i
676 711 114 23 särskilda
809 712 58 22 läro-

112 747 59 21 verk
189 746 113 23 anställde
321 754 84 21 genom
422 747 75 28 några
515 747 52 21 med
582 746 165 23 skolväsendet
759 747 108 22 fullkom-

113 781 45 29 ligt
177 781 115 22 obekanta
319 781 44 22 och
386 781 52 22 med
456 781 277 29 undervisningsspråket
751 781 53 29 föga
822 781 46 22 för-

113 818 85 26 trogna
225 816 141 29 tjänstemän
389 815 40 22 vid
455 815 330 30 Generalguvernörskansliet
812 815 57 22 eller

114 851 142 28 tjänstemän
274 850 36 22 för
328 850 114 22 särskilda
460 850 108 29 uppdrag
586 849 41 22 hos
652 850 216 29 Generalguvernö-

113 892 48 20 ren,
180 884 146 23 förorsakade
345 884 78 23 städse
441 885 155 22 ledsamheter
614 884 45 23 och
671 885 151 22 trakasserier
831 885 37 22 för

113 919 75 22 lärare
216 919 42 22 och
285 920 77 21 elever
387 919 40 22 vid
455 920 28 21 de
501 919 99 23 sålunda
623 919 163 29 inspekterade
809 920 59 21 läro-

113 954 95 21 verken.
246 954 131 22 Ständerna
401 954 61 29 våga
486 954 95 29 hoppas,
607 956 35 20 att
663 954 104 22 hvarken
785 954 81 28 dylika

114 988 53 22 med
185 988 151 29 förbigående
355 989 23 21 af
396 988 97 30 behörig
511 988 139 30 myndighet
672 988 143 22 verkställda
832 989 36 21 in-

114 1022 141 29 spektioner,
282 1023 56 21 eller
365 1023 28 22 de
420 1023 71 29 ryska
517 1023 258 29 språkinspektorernes
803 1025 63 20 utom

114 1056 68 22 deras
208 1057 166 29 befogenheter
400 1057 91 29 gående
515 1058 165 28 inspektioner,
703 1057 79 23 vidare
801 1058 67 21 skola

114 1092 149 21 förekomma.

184 1125 259 30 Generalguvernörens
462 1126 138 30 ingripande
618 1126 9 22 i
642 1126 227 29 skolförvaltningen

115 1160 103 22 sträckte
242 1161 36 29 sig
297 1161 68 22 äfven
388 1160 37 22 till
444 1160 87 23 sådana
551 1161 97 29 detaljer
666 1168 50 15 som
734 1162 7 21 i
760 1160 110 22 skolorna

116 1195 137 29 begagnade
271 1196 136 21 läroböcker
425 1195 43 22 och
487 1196 73 22 andra
578 1195 294 30 undervisningshjälpme-

115 1229 45 22 del.
196 1229 80 22 Under
289 1231 71 21 våren
380 1230 65 22 1903
470 1230 117 28 tillsattes,
607 1231 29 28 på
655 1230 217 30 Generalguvernö-

115 1271 54 15 rens
186 1264 179 29 framställning,
385 1264 22 22 af
427 1265 109 28 Senaten,
555 1265 8 22 i
581 1265 91 22 samråd
690 1265 52 22 med
761 1264 111 23 General-

114 1302 154 25 guvernören,
296 1299 40 22 vid
364 1299 237 29 Skolöfverstyrelsen
629 1307 28 14 en
688 1299 120 22 kommitté
835 1299 37 22 för

116 1333 102 22 revision
245 1333 23 22 af
290 1334 169 22 läroböckerna
476 1335 8 20 i
503 1333 97 23 historia
618 1334 44 21 och
680 1334 103 29 geografi
801 1334 71 29 jämte

117 1375 78 14 annan
207 1367 294 30 undervisningsmateriel.
527 1369 101 22 Senaten
640 1370 70 27 utsåg
722 1369 37 22 till
772 1368 102 22 ledamö-

116 1404 36 19 ter
168 1402 4 22 i
184 1401 77 23 denna
273 1402 120 23 kommitté
407 1403 198 22 öfverdirektören
618 1403 97 22 friherre
728 1403 27 22 Y.
765 1403 30 21 K.
805 1403 68 29 Yrjö-

115 1436 130 29 Koskinen,
265 1437 301 30 öfverdirektörsadjointen
588 1437 37 22 W.
644 1437 28 22 N.
692 1438 182 28 Tawaststjerna

115 1471 45 22 och
188 1471 202 30 öfverinspektorn
416 1472 27 21 A.
463 1472 30 22 H.
513 1472 126 28 Snellman,
658 1473 85 21 medan
763 1471 111 23 General-
