1114 1775
279 150 28 19 20
454 147 248 23 Petitionsbetänkande
718 147 37 23 N:o
771 148 21 22 3.

320 212 10 22 I
346 212 54 23 stöd
416 212 24 23 af
455 212 24 23 L.
492 212 24 23 O.
528 212 14 29 8
553 216 29 19 40
594 212 43 23 har
647 212 122 23 Utskottet
779 212 36 23 för
827 212 176 30 behandlingen

250 248 24 23 af
290 247 66 24 detta
371 248 198 30 petitionsärende
586 248 46 22 den
649 251 27 19 30
688 248 156 23 sistförflutne
853 248 97 30 januari
960 248 43 23 hos

248 284 134 29 Kejserliga
399 284 115 22 Senatens
531 283 145 23 Ordförande
693 284 98 23 anhållit
804 290 38 16 om
856 284 90 23 dennes
964 284 38 23 be-

249 322 83 26 nägna
351 320 145 22 medverkan
512 320 36 22 för
563 320 201 23 utbekommande
784 320 24 23 af
823 321 8 21 i
847 320 104 22 Senaten
968 327 34 16 se-

249 355 46 23 dan
312 356 27 22 år
355 359 57 19 1900
427 356 124 22 tillkomna
561 356 114 29 protokoll
686 356 44 22 och
746 356 142 29 handlingar
903 356 99 23 rörande

248 391 87 29 frågan
360 398 38 16 om
422 391 134 23 införandet
580 392 24 22 af
626 391 63 23 ökad
712 392 172 28 undervisning
905 392 6 22 i
931 392 73 29 ryska

250 427 98 29 språket
363 427 40 23 vid
418 427 93 23 landets
528 427 236 23 elementarläroverk
775 428 43 22 och
830 428 172 22 fruntimmers-

250 463 79 23 skolor
346 463 123 23 äfvensom
486 463 25 23 af
526 458 201 34 Öfverstyrelsens
743 464 35 22 för
788 463 169 23 skolväsendet
967 470 35 16 se-

250 499 48 23 dan
322 506 94 16 samma
440 500 26 22 år
488 499 124 23 utfärdade
636 499 112 28 cirkulär;
765 499 43 23 och
824 499 42 23 har
883 499 120 23 Utskottet

249 535 47 23 den
316 538 26 20 16
360 534 178 30 därpåföljande
554 535 103 23 februari
674 535 52 27 fått,
738 536 76 29 jämte
826 542 29 16 en
866 535 56 29 rysk
934 535 68 23 skrif-

251 571 72 26 velse,
335 570 55 24 från
402 571 336 29 Generalguvernörskansliet
748 572 105 29 mottaga
862 571 29 22 de
901 570 103 31 begärda

250 607 183 30 handlingarna.
457 607 80 24 Under
547 607 144 30 fortgången
703 607 25 22 af
738 607 110 23 ärendets
858 607 146 30 behandling

251 643 44 23 har
310 643 122 23 Utskottet
447 643 136 29 ytterligare
600 643 45 22 den
664 647 25 18 11
707 643 105 23 februari
827 643 42 22 hos
886 643 116 23 Senatens

250 679 146 23 Ordförande
413 679 98 23 anhållit
526 685 38 17 om
582 680 35 22 att
632 679 26 23 få
668 680 57 28 taga
735 679 135 23 kännedom
881 685 37 16 om
930 679 72 23 hand-

249 715 112 29 lingarna
376 715 100 23 rörande
492 721 29 16 en
537 715 149 29 lyceilektors
704 715 144 23 afskedande
859 721 28 16 ur
897 715 106 29 tjänsten

251 752 26 21 år
303 754 57 20 1903
384 751 124 22 äfvensom
524 757 38 16 om
578 751 41 22 det
635 750 158 28 betänkande,
810 757 51 16 som
878 757 29 16 en
924 751 24 22 af
964 751 38 22 Se-

250 787 75 22 naten
341 787 8 22 i
366 786 95 23 samråd
476 786 55 23 med
547 787 249 28 Generalguvernören
813 787 26 22 är
852 790 56 19 1903
920 787 84 22 tillsatt

249 822 127 23 kommitté
395 823 36 22 för
441 823 102 22 revision
558 823 24 22 af
595 822 167 23 läroböckerna
774 823 5 22 i
790 823 97 22 historia
896 822 43 23 och
950 829 52 22 geo-

250 858 62 29 grafi
336 859 102 29 afgifvit.
470 859 36 22 Då
530 865 54 16 svar
603 859 31 29 pä
650 858 78 23 denna
744 858 110 23 anhållan
870 858 53 22 icke
939 859 63 22 inom

250 894 41 22 tvä
307 894 88 23 veckor
419 894 104 27 anländt,
545 894 58 23 fann
624 895 38 28 sig
678 894 121 23 Utskottet
814 894 47 22 den
877 897 13 19 2
907 894 95 22 inneva-

249 929 75 23 rande
348 936 65 17 mars
429 930 126 22 föranlätet
571 931 34 21 att
620 929 123 23 vördsamt
758 936 104 23 upprepa
878 930 37 22 sin
933 930 69 29 begä-

249 972 55 21 ran;
321 966 43 22 och
381 966 43 23 har
439 966 121 23 Utskottet
575 966 46 22 den
639 970 26 18 15
682 966 7 22 i
706 966 77 23 denna
800 965 87 24 mänad
902 966 102 22 omsider

249 1008 88 22 genom
355 1002 117 23 Senatens
483 1002 305 29 Ekonomiedepartements
799 1002 78 22 kansli
887 1001 46 23 fätt
945 1003 57 21 mot-

249 1038 58 28 taga
329 1044 30 16 en
380 1038 38 22 del
439 1037 142 30 handlingar
601 1037 99 23 rörande
716 1038 40 22 det
771 1038 182 29 ifrägavarande
970 1037 32 23 af-

251 1073 140 28 skedandet,
404 1074 77 29 jämte
501 1073 171 23 underrättelse
689 1074 34 22 att
739 1073 263 23 lärobokskommittens

251 1109 153 23 betänkande
431 1109 47 27 ,för
501 1109 148 23 närvarande
673 1109 53 23 icke
750 1110 47 22 kan
818 1109 122 23 Utskottet
958 1110 44 22 till-

250 1145 165 28 handahällas,
440 1148 57 20 enär
516 1145 134 23 detsamma
666 1148 26 20 är
709 1146 74 22 under
798 1145 182 29 handläggning
996 1146 9 21 i

248 1181 136 30 Kejserliga
400 1181 124 24 Senaten".

323 1288 65 23 Efter
404 1295 30 16 en
450 1288 56 29 lång
517 1289 80 29 period
608 1289 24 22 af
642 1289 58 28 lugn
712 1289 43 23 och
766 1289 90 29 lycklig
866 1289 139 28 utveckling

248 1324 45 23 har
309 1324 114 23 Finlands
440 1325 156 22 skolväsende
612 1325 76 22 under
704 1325 28 22 de
744 1326 93 21 senaste
849 1324 57 23 åren
917 1325 88 22 utsatts

249 1360 37 23 för
309 1360 112 23 störande
446 1360 42 23 och
512 1360 110 30 skadliga
645 1361 137 28 inflytelser,
800 1360 93 23 hvilkas
910 1367 94 22 genom-

248 1395 94 30 gående
366 1391 102 28 tendeiis
491 1397 61 22 varit
575 1397 95 29 politisk
690 1396 43 23 och
750 1396 90 23 således
857 1396 35 22 för
908 1396 97 23 skolans

248 1431 114 30 syftemål
378 1432 156 23 främmande.
565 1433 35 22 De
617 1432 83 23 hittills
717 1433 93 28 synliga
826 1432 179 29 verkningarna

248 1467 26 23 af
300 1467 70 23 dessa
393 1468 131 29 inflytelser
548 1471 38 20 äro
612 1469 8 22 i
639 1468 136 23 hufvudsak
802 1467 113 30 följande:
942 1468 8 22 i
976 1467 29 23 de

321 1515 102 18 Allmänna
436 1516 183 19 Petitionsutskottets
631 1516 111 18 betänkande
754 1516 34 19 N:o
802 1517 15 17 1.
