1111 1778
361 161 216 19 Motionsbetänkande
590 161 37 18 N:o
640 161 16 18 1.
861 161 23 18 39

133 223 79 27 nings-
228 221 43 22 oah
287 221 266 28 landtbrukssällskapen
569 221 60 22 samt
646 220 26 29 '/s
692 221 95 28 bolagen
804 219 81 30 sjelfva

133 259 35 20 att
191 257 24 22 af
235 257 50 22 dem
308 257 34 22 till
366 257 175 28 allmännyttiga
563 256 107 23 ändamål
690 256 126 28 änvändas,
833 263 52 15 men

134 293 37 22 vid
197 293 137 27 landtdagen
363 292 109 23 ändrades
506 292 38 23 vid
570 292 263 29 sammanjemnkningen
861 291 24 22 af

133 328 109 23 ståndens
265 329 130 28 skiljaktiga
426 328 75 22 beslut
531 328 75 22 denna
628 328 208 28 fördelningsgrund
855 329 30 28 på

133 366 49 20 sätt
197 364 70 22 ofvan
283 364 93 22 anförts.

204 400 75 22 Under
295 402 53 20 åren
367 399 147 23 1898—1902
530 399 100 30 utgjorde
647 400 43 22 den
706 400 24 22 af
745 399 89 23 landets
845 400 38 21 ut-

135 436 160 27 minuterings-
318 436 42 21 och
382 435 235 28 utskänkningsbolag
640 435 127 22 öfverlåtna
792 435 89 22 vinsten

133 472 79 21 inalles
237 471 57 22 Fmk
322 471 137 29 14,093,989:
484 471 37 28 45,
548 471 82 23 hvaraf
653 471 138 22 statsverket
815 470 69 22 erhöll

134 507 55 22 Fmk
217 507 124 30 5,520,489:
367 507 29 23 72
424 507 40 22 och
488 507 168 23 vederbörande
679 507 132 22 kommuner
826 506 57 22 Fmk

133 543 125 28 8,573,499:
275 543 34 22 73.
341 543 44 22 Sitt
400 543 82 28 högsta
497 543 80 30 belopp
593 543 119 29 uppnådde
728 543 67 22 dessa
811 542 72 23 medel

133 580 25 21 år
176 579 63 28 1899,
256 579 29 22 då
301 579 26 22 de
344 579 100 29 utgjorde
461 579 124 28 3,248,168:
596 579 30 22 08
642 579 56 22 Fmk
709 579 41 22 och
761 579 38 22 det
809 578 75 28 lägsta

136 617 25 20 år
188 615 63 28 1902,
277 615 28 22 då
329 615 28 22 de
379 615 111 29 uppgingo
514 615 33 22 till
563 615 125 28 2,231,716:
704 615 28 22 43
748 615 62 22 Fmk.
842 614 41 22 Om

133 651 67 22 dessa
216 651 65 28 bolag
297 651 88 22 komme
402 652 34 21 att
452 651 118 28 öfvertaga
585 651 159 28 försäljningen
761 651 40 22 och
814 651 68 21 utmi-

133 687 132 27 nuteringen
280 687 49 22 icke
345 687 58 23 blott
419 687 24 22 af
458 687 155 29 spritdrycker,
630 688 56 21 utan
698 687 68 22 äfven
777 687 24 21 af
812 686 71 27 öfriga

133 722 175 28 alkoholhaltiga
324 723 100 29 drycker,
441 723 58 22 skall
510 723 65 22 deras
586 723 62 22 vinst
658 723 143 28 naturligtvis
812 722 70 22 fram-

134 758 60 22 deles
211 759 7 21 i
233 758 44 28 hög
293 759 54 27 grad
363 759 61 22 ökas.
455 759 117 22 Utskottet
587 759 42 21 har
644 758 70 23 likväl
729 759 49 22 icke
793 758 90 22 kunnat

133 794 140 22 härutinnan
288 796 99 28 uppgöra
403 796 74 26 någon
492 794 127 28 tillförlitlig
633 794 130 28 beräkning.
794 794 35 22 Då
845 793 38 22 det

133 830 49 22 icke
202 837 68 22 synes
289 830 119 27 sannolikt,
426 832 36 20 att
476 830 177 28 förbrukningen
669 830 24 22 af
708 830 175 27 alkoholhaltiga

135 866 93 30 drycker
254 866 7 22 i
277 866 106 22 städerna
399 866 33 22 till
447 866 55 30 följd
518 867 25 21 af
557 866 148 22 förevarande
721 874 46 22 nya
783 865 99 29 lagstift-

133 902 53 28 ning
202 902 88 22 komme
311 904 34 20 att
361 904 81 26 genast
458 902 100 28 undergå
578 904 73 26 någon
669 902 110 28 väsentlig
795 901 87 22 minsk-

133 939 60 27 ning,
215 938 63 22 torde
303 938 39 22 det
362 938 129 28 antagande
517 939 50 21 icke
594 945 57 15 vara
670 938 73 22 alltför
759 937 72 29 djerft,
849 938 35 21 att

133 974 173 28 ifrågavarande
327 974 72 22 medel
422 974 30 22 då
472 974 64 22 skola
559 974 59 28 stiga
642 975 135 21 åtminstone
794 973 33 22 till
843 974 40 21 sitt

134 1010 83 22 dubbla
236 1010 132 22 nuvarande
384 1010 86 29 belopp,
487 1010 144 28 hvarigenom
648 1010 27 22 de
691 1010 87 22 komme
794 1010 35 21 att
845 1010 38 21 ut-

133 1047 53 26 göra
202 1045 101 28 omkring
319 1046 118 27 5,000,000
452 1046 57 22 Fmk
526 1046 89 28 årligen.

202 1081 145 22 Beträffande
374 1080 42 23 den
443 1081 193 28 ändamålsenliga
660 1081 174 28 användningen
859 1080 24 22 af

133 1117 67 22 dessa
225 1117 114 29 betydliga
365 1117 79 28 belopp
467 1117 72 22 hafva
561 1118 61 21 inom
637 1117 116 22 Utskottet
769 1116 114 28 åtskilliga

133 1153 83 27 förslag
232 1152 138 23 framställts.
390 1153 126 22 Utskottels
532 1153 41 22 har
589 1153 55 22 dock
656 1154 82 26 ansett,
750 1153 34 22 att
795 1152 28 22 de
833 1153 50 21 icke

133 1189 67 22 borde
221 1188 96 22 fördelas
341 1190 29 28 pä
386 1196 87 15 samma
490 1190 47 21 sätt
553 1196 47 15 som
616 1189 116 22 härintills.
762 1188 64 22 Först
842 1189 41 21 och

133 1225 82 21 främst
229 1224 69 23 borde
313 1224 163 29 landsbygden,
493 1232 49 15 som
557 1225 7 21 i
580 1225 112 28 väsentlig
713 1227 52 20 män
781 1225 101 21 kommer

133 1261 35 21 att
192 1259 94 29 bidraga
308 1260 35 23 till
367 1260 168 29 hopbringande
557 1260 24 23 af
603 1260 127 23 förberörda
753 1259 72 24 medel
841 1261 42 21 och

134 1296 92 22 hvarest
251 1297 84 27 jemväl
360 1296 127 28 derigenom
512 1296 144 23 förorsakade
672 1296 210 23 missförhällanden

133 1331 157 28 obestridligen
312 1332 67 22 borde
403 1332 117 29 afhjelpas,
536 1331 74 23 blifva
625 1332 24 22 af
665 1332 66 23 dessa
747 1332 72 22 medel
835 1332 48 21 del-

133 1368 69 28 aktig.
233 1367 52 22 Men
305 1368 62 22 hvad
390 1368 112 22 storleken
524 1368 25 22 af
572 1367 74 23 denna
663 1368 66 22 andel
744 1368 139 23 vidkommer

132 1403 80 22 liksom
228 1404 41 21 ock
286 1404 80 28 derom,
383 1404 113 22 huruvida
511 1404 49 22 icke
577 1404 232 28 stadskommunerna,
822 1404 61 21 inom

133 1439 90 23 hvilkas
247 1440 89 22 område
360 1440 91 22 vinsten
474 1442 25 20 är
522 1440 110 29 hopbragt
648 1440 41 22 och
705 1440 77 22 hvilka
797 1440 7 21 i
821 1441 62 20 ännu

133 1476 69 21 större
223 1475 55 28 grad
299 1478 29 20 än
344 1475 157 29 landsbygden
517 1476 25 22 fä
557 1475 128 23 vidkännas
701 1476 142 28 olägenheter
859 1475 24 22 af
