1109 1773
295 152 28 20 66
469 149 246 23 Petitionsbetänkande
731 149 38 24 N:o
785 150 24 22 4.

407 216 50 26 från
472 216 80 26 Nyslott
568 216 31 20 till
608 216 30 21 St.
649 216 83 25 Michel,
743 218 52 18 samt
806 218 30 18 att
846 216 33 26 för
890 216 54 20 detta
955 216 63 20 ända-

408 246 41 20 mål
464 245 73 27 nödiga
552 246 63 20 medel
631 246 61 25 blefve
709 247 108 25 anslagna;
843 246 100 25 äfvensom

481 278 30 18 att
526 278 59 18 nästa
601 276 97 25 landtdag
712 276 102 25 förelades
825 276 60 25 nådig
891 276 127 25 proposition

409 312 30 14 om
461 306 65 20 denna
550 307 61 19 banas
634 306 135 24 fortsättande
784 306 49 25 från
849 306 29 20 St.
895 306 75 20 Michel
986 306 32 20 till

408 336 118 25 Jyväskylä.

333 387 126 27 Helsingfors
475 388 37 20 den
530 388 27 20 20
573 388 102 20 december
692 388 60 20 1902.

755 439 66 23 Juuso
839 439 107 29 Hedberg.

773 620 173 31 (Öfversättning).

369 791 60 20 Till
453 791 193 26 Högvördiga
669 791 241 20 Prästeståndet.

331 867 128 21 Hänvisande
475 867 31 20 till
521 867 46 21 flere
582 867 118 26 föregående
716 867 127 26 landtdagars
854 867 113 20 utlåtanden
975 867 37 20 och

261 896 67 20 beslut
351 899 51 17 samt
421 896 31 20 till
473 896 36 20 den
525 896 31 20 för
570 896 98 20 särskilda
681 896 243 26 jernvägssträckningars
940 896 72 19 ekono-

261 924 65 20 miska
341 925 146 25 undersökning
501 925 84 20 tillsatta
600 926 97 19 komiténs
712 925 123 20 betänkande
850 925 20 19 få
881 925 20 20 vi
913 925 99 20 vördsamt

261 953 86 26 anhålla,

478 985 30 18 att
531 990 27 13 nu
575 983 122 25 församlade
717 983 86 20 Ständer
819 984 47 19 ville
881 984 53 24 fatta
950 983 64 19 beslut

405 1020 32 13 om
455 1014 245 24 Nyslott—Elisenvaara
715 1014 100 24 järnvägs
830 1012 134 26 fortsättande
981 1013 32 19 till

405 1044 128 24 Kronoborgs
549 1044 107 24 handelsby
671 1044 9 18 i
695 1044 86 24 enlighet
796 1043 45 19 med
857 1043 25 19 är
898 1044 57 18 1899
970 1043 42 25 för-

407 1074 114 19 anstaltade
552 1074 155 19 instrumentala
731 1073 154 25 undersökning,
909 1074 51 18 samt
984 1074 30 18 att

405 1104 65 19 denna
481 1103 188 25 järnvägsbyggnad
685 1104 62 24 blefve
763 1103 69 25 utförd
847 1104 8 18 i
871 1103 143 25 sammanhang

405 1133 44 20 med
472 1140 26 13 nu
522 1133 63 20 under
608 1134 88 24 byggnad
719 1133 89 20 varande
826 1133 100 24 Nyslott—
936 1129 77 34 Elisen-

404 1170 65 13 vaara
495 1164 58 24 bana,
577 1164 100 24 äfvensom
704 1164 30 18 att
761 1162 114 21 Ständerna
899 1162 33 25 för
958 1162 56 20 detta

405 1192 95 21 ändamä!
515 1193 46 20 ville
578 1193 59 20 anslä
652 1193 133 25 erforderliga
801 1192 69 21 medel.

330 1244 125 27 Helsingfors
471 1245 37 19 den
524 1245 27 19 20
567 1244 101 21 december
686 1244 60 21 1904.

369 1302 61 24 Gust.
447 1304 125 22 Petterson.
747 1304 25 22 A.
789 1303 115 28 Bergroth.

331 1511 187 23 Järnvägsutskottets
531 1511 109 18 betänkande
653 1511 34 19 N:o
699 1512 17 17 2.
