1114 1775
326 136 247 23 Petitionsbetänkande
590 136 38 23 N:o
645 136 24 22 4.
834 138 10 19 7

630 197 176 31 (Öfversättning.)

487 230 24 19 5.

277 261 50 19 Till
347 261 162 19 Hedervärda
527 260 192 28 Bonjdjeständet.

191 308 39 19 Vid
252 308 47 19 flere
322 308 117 24 landtdagar
454 307 37 19 har
506 308 70 24 frägan
588 314 31 12 om
632 314 24 12 en
674 307 202 25 sammanbindnings-

121 338 51 18 bana
195 336 71 20 mellan
290 336 110 26 Uleåborgs
424 336 36 20 och
483 336 186 20 Savolaksbanorna
684 335 124 20 behandlats.
839 336 37 18 Be-

121 365 70 19 hofvet
213 366 22 18 af
256 365 62 19 denna
336 366 85 24 järnväg
441 364 36 20 och
497 365 36 19 den
550 365 125 25 lämpligaste
691 364 139 25 sträckningen
847 364 30 19 för

121 394 112 20 densamma
255 394 37 19 har
311 394 99 19 allaredan
425 394 60 19 också
501 394 21 18 af
536 393 36 19 den
589 394 90 18 nedsatta
692 393 184 25 järnvägskomiten

121 423 125 24 undersökts,
268 422 85 20 hvarvid
368 422 68 24 denna,
457 422 63 20 säsom
536 429 23 12 ur
575 422 44 19 dess
635 422 159 25 offentliggjorda
809 422 67 19 betän-

122 452 64 19 kande
209 452 93 24 framgår,
325 451 64 19 funnit
405 452 60 24 linjen
485 450 209 20 Ylivieska—Tisalmi
709 457 48 13 vara
776 450 37 20 den
832 450 45 19 kor-

122 483 52 17 taste
197 480 35 19 och
249 480 169 25 fördelaktigaste.
450 480 62 19 Detta
527 482 22 16 är
565 480 58 18 äfven
640 479 33 19 det
694 479 101 25 naturliga
815 478 62 20 resul-

123 511 50 17 tatet
190 509 22 19 af
232 515 23 13 en
271 508 153 26 undersökning,
441 508 25 20 dä
483 515 43 12 man
543 508 116 19 observerar
672 508 80 25 jordens
767 507 110 20 beskaffen-

121 537 41 24 het,
178 537 44 19 dess
238 537 130 25 bebyggande
376 544 24 13 m.
411 544 31 17 m.,
451 540 51 16 samt
510 537 96 25 därjämte
615 536 91 20 afseende
725 536 61 20 fästes
800 536 40 23 vid,
849 538 29 17 att

123 566 6 19 i
146 566 58 19 dessa
219 566 76 19 trakter
310 566 22 19 af
346 561 125 24 Österbotten
487 566 17 25 ej
521 566 77 24 engäng
612 566 103 18 förefinnes
727 565 59 25 nägot
798 567 79 17 vatten-

124 595 57 25 drag,
198 601 40 13 som
262 601 47 13 vore
331 595 124 19 användbart
474 595 30 19 för
526 595 66 22 trafik,
608 595 82 19 hvarför
708 601 43 12 man
775 595 6 18 i
797 594 36 19 och
848 594 30 19 för

123 623 37 20 den
184 623 62 26 lifliga
264 623 128 20 samfärdseln
408 623 36 20 har
459 626 29 17 att
504 623 54 20 hälla
573 623 31 25 sig
624 623 124 19 uteslutande
764 623 32 19 till
812 622 65 20 lands-

123 655 71 23 vägen,
217 652 82 19 hvilken
322 653 6 18 i
347 652 106 25 anledning
477 652 58 19 häraf
556 653 118 18 ätminstone
689 651 78 20 ställvis
783 654 22 17 är
820 651 59 19 hardt

124 684 36 16 när
176 681 81 25 omöjlig
272 683 29 17 att
317 681 54 19 hälla
386 681 6 19 i
407 681 65 19 ständ.
496 681 38 19 Vid
550 683 77 16 senaste
643 680 94 25 landtdag
753 683 55 16 rönte
820 679 60 20 ocksä

124 710 63 19 denna
202 710 154 25 bansträokning
372 713 62 16 större
450 709 125 20 erkännande
591 709 44 19 från
651 709 119 19 Ständernas
781 709 49 24 sida,
842 708 36 19 och

124 739 83 24 petition
224 738 55 19 afläts
303 745 29 12 om
356 738 137 19 instrumental
512 738 147 25 undersökning
681 738 22 19 af
724 737 96 20 bandelen
836 737 42 19 Yli-

124 767 93 20 vieska—
225 763 129 34 Haapajärvi.

194 795 63 20 Sädan
278 795 145 26 undersökning
438 795 40 20 har
492 795 75 26 jämväl
583 795 60 20 redan
659 797 33 23 egt
707 801 50 18 rum;
768 795 36 19 och
816 794 62 19 resul-

125 827 50 16 tatet
190 824 22 19 af
226 825 112 18 densamma
357 827 110 16 motsvarar
484 824 93 25 tillfylles
593 824 106 25 uppstälda
714 823 166 25 förutsättningar

125 853 100 25 angäende
249 853 155 25 anläggningens
423 853 94 25 billighet
535 860 25 13 m.
576 859 32 19 m.,
625 853 63 19 säsom
703 853 12 18 &
729 851 151 21 vederbörande

125 882 127 19 ämbetsvärk
265 882 103 20 förvarade
376 881 120 25 handlingar
507 885 90 16 närmare
605 881 174 25 vidhandengifva.
805 880 75 20 Tillika

125 914 47 22 taga
190 911 20 18 vi
233 917 31 13 oss
284 910 85 20 friheten
388 911 68 25 bifoga
475 914 28 16 ett
519 911 58 25 intyg
593 917 30 13 om
639 910 93 19 trafikens
748 910 11 19 &
776 909 104 19 Ylivieska

125 940 73 18 station
222 940 74 18 storlek
320 940 36 19 och
378 940 88 24 tillväxt,
481 940 61 25 jämte
559 939 105 25 utredning
679 939 72 24 därom,
768 941 29 16 att
808 940 72 17 största

128 968 56 19 delen
201 968 22 19 af
236 968 111 20 densamma
359 968 69 20 härrör
444 968 44 20 frän
504 968 23 19 de
543 968 78 19 trakter
636 968 63 19 denna
714 967 70 20 bandel
800 973 79 19 genom-

125 997 63 25 löper,
212 996 61 20 ehuru
297 997 31 19 till
351 997 57 19 dessa
427 997 78 19 trakter
519 996 110 26 godstrafik
645 999 47 22 äger
707 1002 42 13 rum
764 1002 70 18 genom
850 998 30 16 tre

125 1025 60 19 andra
209 1026 101 20 stationer.
340 1026 119 24 Ingifvande
483 1025 94 19 särskildt
593 1025 195 26 petitionsmemoria!
804 1031 30 13 om
850 1024 29 19 in-

126 1054 116 19 strumental
264 1054 147 26 undersökning
430 1054 22 19 af
469 1054 203 25 fortsättningsbanan
693 1056 50 16 samt
757 1052 123 20 hänvisande

125 1082 33 20 till
182 1082 54 20 förut
259 1082 141 26 försiggängna
423 1083 170 25 undersökningar
613 1082 21 20 af
649 1082 35 20 och
699 1082 136 25 redogörelser
850 1081 31 19 för

126 1111 63 19 denna
210 1111 79 25 bandel,
312 1114 46 23 taga
381 1112 20 18 vi
424 1118 31 13 oss
477 1112 85 19 friheten
581 1111 87 24 anhälla,
684 1111 33 19 det
729 1111 59 19 mätte
804 1110 76 20 Heder-

125 1140 62 19 värda
202 1140 146 20 Bondeständet
364 1140 6 19 i
386 1140 90 26 förening
491 1140 43 20 med
550 1140 126 20 medständen
692 1140 31 18 till
733 1140 55 18 Hans
800 1139 80 25 Kejser-

126 1169 41 25 liga
183 1168 93 26 Majestät
291 1169 47 26 ingä
352 1169 44 20 med
412 1169 123 25 underdänig
551 1169 83 25 petition
650 1168 72 26 därom,

342 1218 30 18 att
393 1223 23 13 en
439 1216 150 25 normalspårig
608 1217 89 24 järnväg
715 1216 48 25 från
779 1215 103 21 Ylivieska

271 1247 32 19 till
318 1247 132 24 Haapajärvi
466 1247 62 24 blefve
545 1246 49 25 bygd
609 1247 8 18 i
635 1247 25 24 af
675 1247 115 24 regeringen
808 1245 73 20 under-

270 1277 44 19 sökt
342 1277 123 24 sträckning,
487 1278 52 18 samt
565 1277 30 18 att
619 1276 62 19 medel
707 1276 33 25 för
765 1276 116 25 anläggnin-

270 1313 47 18 gens
332 1307 107 24 utförande
456 1306 109 25 beviljades
581 1306 64 19 under
660 1306 133 19 instundande
806 1305 75 25 finans-

267 1337 79 24 period.

196 1371 127 26 Helsingfors
338 1371 38 20 den
395 1372 23 19 15
436 1371 103 20 december
558 1371 61 20 1904.

162 1411 74 28 Kyösti
254 1412 74 23 Kallio.
395 1412 26 22 M.
438 1412 109 23 Knuutila.
612 1411 86 23 Samuel
716 1411 131 23 Heiskanen.

198 1501 187 23 Järnvägsutskottets
398 1501 111 18 betänkande
522 1501 34 18 N:o
569 1503 16 16 2.
