1111 1778
304 165 275 24 Petitionsbetänkande
595 167 44 22 N:o
656 167 17 22 1.
809 169 26 19 13

114 234 42 20 den
180 234 77 26 nådiga
281 233 159 27 propositionen
464 234 66 19 måtte
553 235 60 24 göras
637 234 50 19 med
708 233 120 21 detsamma
844 235 23 18 så

114 263 231 21 öfverensstämmande
373 269 47 14 som
447 263 90 26 möjligt.
569 263 147 27 Synnerligast
741 270 34 13 om
804 264 63 19 Hans

115 294 120 26 Kejserliga
251 293 100 27 Majestät
365 293 82 20 täcktes
463 293 70 20 tillåta
549 293 119 20 Ständerna
684 295 38 24 att,
734 293 53 20 efter
798 295 31 18 att
840 294 27 25 på

115 324 63 19 våren
204 324 55 20 1905
283 323 65 20 hafva
367 322 111 27 skingrats,
495 323 96 26 följande
606 323 48 20 höst
670 323 99 20 fortsätta
784 323 38 20 sitt
837 329 30 14 ar-

117 353 52 24 bete,
186 353 69 21 skulle
271 353 66 25 enligt
353 353 37 20 vår
406 353 55 20 åsikt
476 353 115 26 tillräcklig
605 353 32 20 tid
651 353 115 20 förefinnas
782 353 33 20 för
826 353 41 20 den

116 382 77 26 nådiga
214 382 169 27 propositionens
398 382 141 20 utarbetande
555 382 39 21 och
612 382 129 26 behandling
757 382 37 21 vid
809 383 58 19 inne-

116 413 92 20 varande
224 413 109 26 landtdag.
361 413 9 19 I
386 413 59 20 detta
460 412 100 21 afseende
576 413 74 20 kunna
665 413 21 20 vi
702 413 47 20 icke
765 413 103 20 återhålla

119 443 41 20 den
183 443 94 26 farhåga,
301 444 31 19 att
348 443 85 26 frågans
449 443 162 26 uppskjutande
626 443 34 20 till
676 445 31 18 ett
723 449 73 14 senare
812 444 55 19 stän-

117 473 95 20 dermöte
240 472 148 21 åstadkomme
420 474 61 19 utom
505 472 26 20 de
555 473 122 20 nuvarande
701 472 167 27 svärigheternas

117 503 40 20 och
173 503 153 20 konflikternas
342 502 142 21 fortsättande
500 509 43 19 nya
558 503 135 25 svårigheter,
710 502 74 21 hvilka
796 502 72 21 kunde

116 533 65 20 hafva
203 533 33 20 till
259 532 55 27 följd
334 534 32 18 att
386 533 36 20 det
438 532 94 21 önskade
548 532 120 21 ordnandet
682 532 101 26 slutligen
799 532 70 21 skulle

116 563 26 26 gå
158 569 35 14 om
210 563 59 20 intet.

188 593 28 20 På
239 592 69 27 grund
331 592 22 20 af
376 593 65 19 ofvan
465 591 90 21 anförda
578 592 181 26 omständigheter
782 592 87 20 anhålla

115 623 28 24 vi,
161 624 31 18 att
208 623 36 20 det
259 622 129 26 högvördiga
409 621 159 21 Prästeståndet
583 621 43 28 (det
643 622 129 20 hedervärda
788 622 80 20 Bonde-

115 652 92 28 ståndet)
225 653 5 19 i
246 652 97 26 förening
367 652 49 20 med
442 652 25 20 de
487 652 68 26 öfriga
571 652 88 20 stånden
676 653 8 19 i
698 652 171 25 underdånighet

118 683 66 19 måtte
200 682 95 20 anhålla:

402 712 34 19 att
458 711 65 20 Hans
538 711 119 27 Kejserliga
673 711 103 27 Majestät
792 711 78 21 täcktes

332 740 37 21 vid
386 747 34 14 nu
437 740 113 28 pågående
565 740 103 28 landtdag
685 740 35 21 till
736 741 134 21 Ständernas

327 770 160 28 godkännande
502 770 72 26 aflåta
587 770 67 28 nådig
664 770 138 28 proposition
822 770 47 21 där-

331 807 41 19 om,
389 800 73 21 hvilka
478 800 78 27 frågor
570 800 53 28 från
640 800 109 21 Finlands
761 800 109 21 särskilda

332 830 141 28 lagstiftning
497 830 63 20 borde
583 830 121 28 öfverföras
721 830 34 21 till
769 830 41 21 den
826 830 41 21 all-

331 862 85 19 männa
431 859 215 29 rikslagstiftningen
662 862 58 19 samt
734 860 9 20 i
757 867 112 14 samman-

332 890 58 28 hang
411 890 91 21 härmed
518 897 26 14 en
559 890 67 28 nädig
639 890 137 28 proposition
792 897 35 14 om
843 897 27 14 en

335 927 38 20 ny,
389 920 134 27 fullständig
539 920 38 21 och
592 921 48 20 med
652 920 218 27 Storfurstendömets

331 950 157 27 statsrältsliga
510 950 107 27 ställning
636 950 235 27 öfverensstämmande

331 981 155 26 styrelsejorm,
503 983 56 18 samt

404 1011 33 20 att
455 1009 66 21 Hans
537 1010 120 27 Kejserliga
672 1010 104 27 Majestät
792 1010 79 21 täcktes

332 1039 10 20 i
357 1039 69 22 näder
442 1039 125 26 bestämma,
583 1041 32 20 att
628 1040 151 27 nyssnämnda
789 1039 83 27 nädiga

330 1069 140 27 proposition
493 1069 38 21 bör
553 1072 110 25 uppgöras
685 1070 10 20 i
716 1068 156 28 hufvudsaklig

333 1098 226 28 6fverensstämmelse
574 1100 49 20 med
638 1100 35 20 det
690 1099 125 27 lagförslag,
825 1106 48 14 som

330 1128 59 27 från
407 1129 135 21 Ständernas
557 1129 49 21 sida
621 1128 59 22 skall
694 1129 36 27 för
744 1128 65 22 Hans
826 1128 46 27 Kej-

334 1158 80 28 serliga
431 1158 103 28 Majestät
549 1158 141 28 framställas.

194 1202 237 20 Petitionsmemorialet
447 1201 39 20 har
501 1201 165 21 undertecknats

386 1238 7 20 i
410 1237 159 20 Präeteständet
585 1238 30 20 af:

194 1278 65 22 Josua
274 1278 126 22 Johansson.
517 1278 52 22 Juho
585 1279 50 22 Rud.
653 1279 100 22 Forsman

193 1308 16 22 J.
227 1308 25 22 M.
268 1308 106 27 Tallgren.
518 1308 23 22 G.
558 1308 23 22 A.
599 1308 85 23 Heman.

194 1338 59 28 Eljas
269 1338 84 22 Lönrot.
518 1338 54 22 Eero
589 1338 125 28 Hyvärinen.

370 1405 10 20 I
396 1405 161 20 Bondeständet
573 1405 31 20 af:

193 1450 45 24 Zef.
255 1450 108 24 Suutarla.
519 1451 79 23 Kaarlo
613 1451 72 22 Wärri.

194 1481 16 22 J.
227 1481 22 23 R.
265 1480 106 29 Vuolijoki.
519 1481 22 23 K.
557 1480 22 23 V.
597 1481 101 22 Hollmén.

194 1522 61 18 Särsk.
269 1522 52 18 Besv.
334 1522 46 19 utsk.
394 1522 32 18 bet.
440 1522 34 18 N:o
487 1522 16 18 1.
