1111 1775
314 161 246 23 Petitionsbetänkande
577 161 37 23 N:o
631 162 24 21 4.
791 164 40 19 145

109 226 107 29 riktning
239 226 53 22 från
316 232 55 16 norr
393 226 36 22 till
446 226 74 22 söder.
553 226 182 29 Otvifvelaktigt
751 228 25 20 är
792 226 70 22 emel-

109 262 76 27 lertid,
202 263 35 21 att
253 262 52 22 icke
324 262 100 22 allenast
449 262 165 29 uppsökandet
641 262 24 22 af
690 262 46 22 den
756 262 106 22 kortaste

109 300 78 27 vägen
209 298 35 22 till
270 298 71 22 hamn
365 298 40 22 vid
429 298 88 22 Finska
533 298 71 22 viken
621 300 26 20 är
665 297 24 23 af
705 298 51 22 vikt
773 298 35 22 för
824 304 38 16 ex-

109 334 43 22 och
168 334 115 28 importen
301 334 51 22 från
369 334 44 22 och
430 334 34 22 till
488 334 40 22 det
544 334 49 22 inre
611 334 24 22 af
651 333 87 27 landet,
754 335 57 21 utan
829 333 33 23 äf-

109 376 46 16 ven
171 371 35 21 att
222 369 132 29 skapandet
377 369 24 23 af
425 376 29 16 en
483 369 65 29 billig
574 369 112 23 trafikled
702 370 35 22 för
758 370 104 22 handeln

109 406 31 29 på
155 405 117 29 Ryssland
288 408 26 20 är
331 405 24 23 af
370 406 87 22 största
473 405 126 29 betydelse.

182 442 40 22 Att
246 448 29 16 en
300 441 93 23 kortare
415 441 258 30 järnvägsförbindelse
698 441 102 23 emellan
823 442 39 28 Jy-

111 477 98 29 väskylä
225 477 54 23 stad
295 477 42 23 och
363 477 46 23 den
432 477 68 23 södra
525 477 141 23 stambanan
688 480 30 20 än
735 477 46 23 den
798 478 65 22 öfver

109 513 148 29 Haapamäki
273 513 43 23 och
328 513 159 23 Tammerfors
504 513 145 29 förefintliga
665 516 26 20 är
707 513 35 23 för
759 514 103 22 välstån-

110 550 51 22 dets
186 549 101 29 höjande
311 550 63 22 inom
391 549 165 23 Keski-Suomi
579 549 24 23 af
626 549 84 27 nöden,
733 549 42 23 har
791 549 71 29 länge

110 586 90 22 insetts.
234 585 33 23 De
291 585 302 30 utvecklingsmöjligheter
619 585 123 23 trakterna
769 592 93 16 norrom

110 621 131 29 Jyväskylä
265 621 105 29 erbjuda,
387 621 113 22 särskildt
519 621 54 22 med
589 621 113 23 afseende
719 621 14 22 ä
749 621 69 23 deras
833 622 29 22 ri-

110 657 86 22 kedom
222 657 30 29 pä
268 657 146 22 vattenkraft
438 657 43 22 och
505 658 98 28 ymniga
627 656 181 30 skogstillgäng,
826 664 36 22 sy-

111 699 43 16 nas
170 693 52 22 icke
239 693 83 22 kunna
337 693 53 22 leda
407 693 34 22 till
458 693 102 29 verkligt
579 693 62 28 goda
656 693 100 22 resultat
772 693 42 22 och
831 693 31 22 lö-

112 728 77 23 nande
206 728 99 29 företag,
322 729 7 22 i
345 728 114 23 händelse
482 729 53 22 icke
559 729 92 22 direkta
667 729 173 28 utförselvägar
855 729 8 22 i

111 764 106 29 riktning
234 766 48 21 mot
298 765 81 28 Hangö
396 764 44 23 och
456 764 143 29 Petersburg
620 765 107 22 erhällas.
760 765 51 22 Den
827 765 36 22 för

112 800 149 23 landsdelens
284 800 235 23 naturförhällanden
540 802 195 27 gynnsammaste
752 801 110 22 industri-

110 843 96 22 grenen,
230 836 142 23 fabrikation
397 836 24 23 af
444 838 117 21 trämassa
585 838 62 21 samt
663 837 8 22 i
686 836 109 30 förening
811 837 51 22 där-

111 872 54 22 med
192 872 112 30 möjligen
330 873 261 29 papperstillverkning,
618 873 39 22 bör
677 872 36 23 för
729 873 35 22 att
781 872 82 24 kunna

111 908 163 29 uppblomstra
290 908 43 22 och
349 909 74 21 vinna
439 908 73 30 nödig
528 909 132 28 afsättning
676 908 35 23 för
728 909 52 22 sina
792 908 71 23 alster

112 944 29 29 pä
158 944 224 22 världsmarknaden
407 944 99 23 beredas
529 951 28 16 en
575 944 65 29 billig
655 947 48 26 väg
719 944 34 23 till
769 944 93 28 kusten,

112 980 103 22 särdeles
232 986 50 16 som
304 980 29 22 de
357 980 195 22 konkurrerande
575 980 114 23 länderna
706 980 96 29 Sverige
818 980 44 23 och

111 1016 77 28 Norge
204 1017 7 21 i
228 1016 111 22 afseende
356 1016 13 22 ä
385 1016 42 22 sitt
443 1016 53 28 läge
512 1017 8 21 i
537 1016 144 22 förhållande
703 1016 34 22 till
763 1016 99 23 hufvud-

111 1051 259 23 konsumtionsorterna
386 1052 7 22 i
410 1052 109 28 England
536 1052 42 22 och
594 1052 130 22 Frankrike
748 1054 39 20 äro
808 1052 55 23 vida

112 1094 184 22 gynnsammare
315 1087 86 23 ställda
417 1090 30 20 än
464 1088 107 22 Finland.
598 1088 46 22 Det
659 1088 44 22 har
721 1087 141 23 framhällits

112 1124 35 21 att
163 1130 27 15 en
215 1123 139 29 minskning
377 1123 24 23 af
417 1123 252 29 transportkostnaden
687 1124 34 22 för
736 1124 126 27 trämassa,

111 1158 140 30 uppgäende
268 1159 34 22 till
327 1159 83 23 endast
431 1166 29 16 en
477 1159 50 23 half
543 1160 71 29 penni
630 1166 41 23 per
687 1159 123 30 kilogram,
827 1166 34 16 re-

111 1195 47 22 dan
175 1195 76 22 skulle
268 1195 106 23 medföra
390 1203 29 15 en
438 1196 110 22 kännbar
563 1195 91 23 förmän
671 1195 36 23 för
717 1195 145 30 afyttringen

113 1231 24 22 af
153 1231 78 22 denna
247 1238 63 15 vara.
342 1226 77 27 Äfven
437 1231 35 23 för
495 1231 146 29 sägrörelsen
658 1231 43 23 och
717 1233 145 28 smörexpor-

111 1267 41 22 ten
168 1266 61 23 ifrän
253 1267 122 22 trakterna
397 1274 55 15 norr
468 1267 43 23 och
528 1269 61 20 öster
605 1274 38 15 om
659 1267 116 29 Päijänne
792 1274 70 22 synes

112 1309 29 15 en
167 1302 77 22 direkt
269 1302 142 23 förbindelse
440 1303 53 22 med
518 1305 75 27 öppen
617 1303 74 22 hamn
707 1303 39 22 vid
770 1303 92 23 landets

112 1338 69 23 södra
196 1338 57 22 kust
269 1345 57 16 vara
342 1338 25 23 af
383 1339 111 22 behofvet
509 1339 117 29 påkallad.
650 1339 45 22 Det
711 1345 92 16 samma
814 1336 48 32 gäl-

112 1374 34 22 ler
162 1373 70 23 också
256 1375 116 28 importen
394 1374 23 23 af
434 1381 68 16 varor
519 1375 53 22 från
588 1375 115 22 utlandet.
735 1375 127 22 Dessutom

113 1412 25 19 är
154 1409 44 23 den
223 1409 69 29 högst
315 1409 133 30 betydande
465 1411 34 22 ut-
516 1410 44 23 och
576 1410 113 23 införseln
706 1410 23 23 af
744 1417 69 16 varor
828 1410 35 23 till

113 1445 43 22 och
172 1445 53 22 från
242 1445 116 29 Ryssland
381 1446 131 28 ingalunda
536 1446 37 22 väl
598 1446 111 29 betjänad
727 1446 23 23 af
766 1446 29 22 de
812 1446 50 23 här-

113 1481 46 22 tills
187 1481 128 22 bestående
340 1481 111 23 banorna.
483 1481 240 29 Järnvägsafståndet
745 1481 62 23 ifrån
823 1482 39 29 Jy-

182 1529 186 22 Järnvägsulskottets
381 1529 110 18 betänkande
506 1529 32 18 N:o
551 1531 16 16 2.
769 1530 22 17 10
