<?xml version="1.0" encoding="UTF-8"?>
<alto xmlns="http://www.loc.gov/standards/alto/ns-v3#" xmlns:xlink="http://www.w3.org/1999/xlink" xmlns:xsi="http://www.w3.org/2001/XMLSchema-instance" xsi:schemaLocation="http://www.loc.gov/standards/alto/ns-v3# http://www.loc.gov/alto/v3/alto-3-0.xsd">
	<Description>
		<MeasurementUnit>pixel</MeasurementUnit>
		<sourceImageInformation>
			<fileName>/tmp/tess_z7rlz93u_input.PNG</fileName>
		</sourceImageInformation>
		<OCRProcessing ID="OCR_0">
			<ocrProcessingStep>
				<processingSoftware>
					<softwareName>tesseract 5.3.4</softwareName>
				</processingSoftware>
			</ocrProcessingStep>
		</OCRProcessing>
	</Description>
	<Layout>
		<Page WIDTH="1111" HEIGHT="1775" PHYSICAL_IMG_NR="0" ID="page_0">
			<PrintSpace HPOS="0" VPOS="0" WIDTH="1111" HEIGHT="1775">
				<ComposedBlock ID="cblock_0" HPOS="253" VPOS="165" WIDTH="556" HEIGHT="23">
					<TextBlock ID="block_0" HPOS="253" VPOS="165" WIDTH="556" HEIGHT="23">
						<TextLine ID="line_0" HPOS="253" VPOS="165" WIDTH="556" HEIGHT="23">
							<String ID="string_0" HPOS="253" VPOS="167" WIDTH="28" HEIGHT="21" WC="0.96" CONTENT="18"/><SP WIDTH="162" VPOS="167" HPOS="281"/>
							<String ID="string_1" HPOS="443" VPOS="165" WIDTH="271" HEIGHT="23" WC="0.90" CONTENT="Petitionsbetänkande"/><SP WIDTH="16" VPOS="165" HPOS="714"/>
							<String ID="string_2" HPOS="730" VPOS="166" WIDTH="43" HEIGHT="22" WC="0.95" CONTENT="N:o"/><SP WIDTH="16" VPOS="166" HPOS="773"/>
							<String ID="string_3" HPOS="789" VPOS="166" WIDTH="20" HEIGHT="22" WC="0.94" CONTENT="7."/>
						</TextLine>
					</TextBlock>
				</ComposedBlock>
				<ComposedBlock ID="cblock_1" HPOS="251" VPOS="231" WIDTH="753" HEIGHT="1277">
					<TextBlock ID="block_1" HPOS="251" VPOS="231" WIDTH="752" HEIGHT="801">
						<TextLine ID="line_1" HPOS="325" VPOS="231" WIDTH="678" HEIGHT="27">
							<String ID="string_4" HPOS="325" VPOS="231" WIDTH="64" HEIGHT="22" WC="0.93" CONTENT="Utom"/><SP WIDTH="26" VPOS="231" HPOS="389"/>
							<String ID="string_5" HPOS="415" VPOS="238" WIDTH="30" HEIGHT="14" WC="0.95" CONTENT="nu"/><SP WIDTH="27" VPOS="238" HPOS="445"/>
							<String ID="string_6" HPOS="472" VPOS="232" WIDTH="93" HEIGHT="21" WC="0.68" CONTENT="anförda"/><SP WIDTH="26" VPOS="232" HPOS="565"/>
							<String ID="string_7" HPOS="591" VPOS="233" WIDTH="74" HEIGHT="25" WC="0.68" CONTENT="öppna"/><SP WIDTH="26" VPOS="233" HPOS="665"/>
							<String ID="string_8" HPOS="691" VPOS="232" WIDTH="93" HEIGHT="26" WC="0.96" CONTENT="ingrepp"/><SP WIDTH="19" VPOS="232" HPOS="784"/>
							<String ID="string_9" HPOS="803" VPOS="232" WIDTH="7" HEIGHT="20" WC="0.96" CONTENT="i"/><SP WIDTH="25" VPOS="232" HPOS="810"/>
							<String ID="string_10" HPOS="835" VPOS="232" WIDTH="43" HEIGHT="21" WC="0.93" CONTENT="den"/><SP WIDTH="25" VPOS="232" HPOS="878"/>
							<String ID="string_11" HPOS="903" VPOS="232" WIDTH="100" HEIGHT="21" WC="0.85" CONTENT=":kommu-"/>
						</TextLine>
						<TextLine ID="line_2" HPOS="251" VPOS="261" WIDTH="751" HEIGHT="28">
							<String ID="string_12" HPOS="251" VPOS="262" WIDTH="53" HEIGHT="21" WC="0.92" CONTENT="nala"/><SP WIDTH="17" VPOS="262" HPOS="304"/>
							<String ID="string_13" HPOS="321" VPOS="262" WIDTH="161" HEIGHT="27" WC="0.92" CONTENT="själfstyrelsen"/><SP WIDTH="17" VPOS="262" HPOS="482"/>
							<String ID="string_14" HPOS="499" VPOS="262" WIDTH="41" HEIGHT="20" WC="0.96" CONTENT="har"/><SP WIDTH="15" VPOS="262" HPOS="540"/>
							<String ID="string_15" HPOS="555" VPOS="268" WIDTH="27" HEIGHT="14" WC="0.96" CONTENT="en"/><SP WIDTH="17" VPOS="268" HPOS="582"/>
							<String ID="string_16" HPOS="599" VPOS="262" WIDTH="18" HEIGHT="25" WC="0.96" CONTENT="ej"/><SP WIDTH="18" VPOS="262" HPOS="617"/>
							<String ID="string_17" HPOS="635" VPOS="262" WIDTH="45" HEIGHT="21" WC="0.96" CONTENT="lika"/><SP WIDTH="16" VPOS="262" HPOS="680"/>
							<String ID="string_18" HPOS="696" VPOS="262" WIDTH="72" HEIGHT="26" WC="0.96" CONTENT="öppen"/><SP WIDTH="12" VPOS="262" HPOS="768"/>
							<String ID="string_19" HPOS="780" VPOS="267" WIDTH="51" HEIGHT="15" WC="0.96" CONTENT="men"/><SP WIDTH="11" VPOS="267" HPOS="831"/>
							<String ID="string_20" HPOS="842" VPOS="261" WIDTH="32" HEIGHT="21" WC="0.96" CONTENT="till"/><SP WIDTH="17" VPOS="261" HPOS="874"/>
							<String ID="string_21" HPOS="891" VPOS="262" WIDTH="49" HEIGHT="20" WC="0.93" CONTENT="sina"/><SP WIDTH="11" VPOS="262" HPOS="940"/>
							<String ID="string_22" HPOS="951" VPOS="262" WIDTH="51" HEIGHT="26" WC="0.92" CONTENT="möj-"/>
						</TextLine>
						<TextLine ID="line_3" HPOS="252" VPOS="291" WIDTH="750" HEIGHT="27">
							<String ID="string_23" HPOS="252" VPOS="291" WIDTH="43" HEIGHT="27" WC="0.95" CONTENT="liga"/><SP WIDTH="16" VPOS="291" HPOS="295"/>
							<String ID="string_24" HPOS="311" VPOS="292" WIDTH="81" HEIGHT="26" WC="0.96" CONTENT="följder"/><SP WIDTH="16" VPOS="292" HPOS="392"/>
							<String ID="string_25" HPOS="408" VPOS="292" WIDTH="18" HEIGHT="25" WC="0.96" CONTENT="ej"/><SP WIDTH="18" VPOS="292" HPOS="426"/>
							<String ID="string_26" HPOS="444" VPOS="291" WIDTH="86" HEIGHT="21" WC="0.93" CONTENT="mindre"/><SP WIDTH="17" VPOS="291" HPOS="530"/>
							<String ID="string_27" HPOS="547" VPOS="292" WIDTH="117" HEIGHT="20" WC="0.91" CONTENT="allvarsam"/><SP WIDTH="18" VPOS="292" HPOS="664"/>
							<String ID="string_28" HPOS="682" VPOS="291" WIDTH="144" HEIGHT="26" WC="0.96" CONTENT="inblandning"/><SP WIDTH="16" VPOS="291" HPOS="826"/>
							<String ID="string_29" HPOS="842" VPOS="292" WIDTH="7" HEIGHT="20" WC="0.96" CONTENT="i"/><SP WIDTH="11" VPOS="292" HPOS="849"/>
							<String ID="string_30" HPOS="860" VPOS="291" WIDTH="142" HEIGHT="21" WC="0.96" CONTENT="kommunala"/>
						</TextLine>
						<TextLine ID="line_4" HPOS="254" VPOS="319" WIDTH="748" HEIGHT="29">
							<String ID="string_31" HPOS="254" VPOS="321" WIDTH="184" HEIGHT="27" WC="0.95" CONTENT="angelägenheter"/><SP WIDTH="31" VPOS="321" HPOS="438"/>
							<String ID="string_32" HPOS="469" VPOS="321" WIDTH="55" HEIGHT="21" WC="0.95" CONTENT="flere"/><SP WIDTH="30" VPOS="321" HPOS="524"/>
							<String ID="string_33" HPOS="554" VPOS="320" WIDTH="81" HEIGHT="27" WC="0.95" CONTENT="gånger"/><SP WIDTH="32" VPOS="320" HPOS="635"/>
							<String ID="string_34" HPOS="667" VPOS="321" WIDTH="119" HEIGHT="26" WC="0.94" CONTENT="bevisligen"/><SP WIDTH="27" VPOS="321" HPOS="786"/>
							<String ID="string_35" HPOS="813" VPOS="320" WIDTH="146" HEIGHT="22" WC="0.94" CONTENT="förekommit."/><SP WIDTH="35" VPOS="320" HPOS="959"/>
							<String ID="string_36" HPOS="994" VPOS="319" WIDTH="8" HEIGHT="22" WC="0.94" CONTENT="I"/>
						</TextLine>
						<TextLine ID="line_5" HPOS="251" VPOS="350" WIDTH="751" HEIGHT="27">
							<String ID="string_37" HPOS="251" VPOS="353" WIDTH="32" HEIGHT="19" WC="0.96" CONTENT="ett"/><SP WIDTH="15" VPOS="353" HPOS="283"/>
							<String ID="string_38" HPOS="298" VPOS="350" WIDTH="49" HEIGHT="21" WC="0.96" CONTENT="bref"/><SP WIDTH="16" VPOS="350" HPOS="347"/>
							<String ID="string_39" HPOS="363" VPOS="350" WIDTH="49" HEIGHT="22" WC="0.93" CONTENT="från"/><SP WIDTH="16" VPOS="350" HPOS="412"/>
							<String ID="string_40" HPOS="428" VPOS="351" WIDTH="183" HEIGHT="20" WC="0.92" CONTENT="landskansliet"/><SP WIDTH="-4" VPOS="351" HPOS="611"/>
							<String ID="string_41" HPOS="607" VPOS="346" WIDTH="14" HEIGHT="36" WC="0.96" CONTENT="i"/><SP WIDTH="13" VPOS="346" HPOS="621"/>
							<String ID="string_42" HPOS="634" VPOS="350" WIDTH="83" HEIGHT="27" WC="0.96" CONTENT="Viborg"/><SP WIDTH="23" VPOS="350" HPOS="717"/>
							<String ID="string_43" HPOS="740" VPOS="350" WIDTH="23" HEIGHT="21" WC="0.96" CONTENT="af"/><SP WIDTH="23" VPOS="350" HPOS="763"/>
							<String ID="string_44" HPOS="786" VPOS="351" WIDTH="42" HEIGHT="20" WC="0.96" CONTENT="den"/><SP WIDTH="25" VPOS="351" HPOS="828"/>
							<String ID="string_45" HPOS="853" VPOS="351" WIDTH="12" HEIGHT="20" WC="0.93" CONTENT="2"/><SP WIDTH="20" VPOS="351" HPOS="865"/>
							<String ID="string_46" HPOS="885" VPOS="350" WIDTH="117" HEIGHT="21" WC="0.91" CONTENT="decenfber"/>
						</TextLine>
						<TextLine ID="line_6" HPOS="253" VPOS="380" WIDTH="749" HEIGHT="27">
							<String ID="string_47" HPOS="253" VPOS="380" WIDTH="58" HEIGHT="21" WC="0.96" CONTENT="1903"/><SP WIDTH="20" VPOS="380" HPOS="311"/>
							<String ID="string_48" HPOS="331" VPOS="381" WIDTH="33" HEIGHT="20" WC="0.96" CONTENT="till"/><SP WIDTH="16" VPOS="381" HPOS="364"/>
							<String ID="string_49" HPOS="380" VPOS="387" WIDTH="28" HEIGHT="14" WC="0.96" CONTENT="en"/><SP WIDTH="16" VPOS="387" HPOS="408"/>
							<String ID="string_50" HPOS="424" VPOS="381" WIDTH="94" HEIGHT="21" WC="0.96" CONTENT="medlem"/><SP WIDTH="13" VPOS="381" HPOS="518"/>
							<String ID="string_51" HPOS="531" VPOS="381" WIDTH="23" HEIGHT="20" WC="0.96" CONTENT="af"/><SP WIDTH="11" VPOS="381" HPOS="554"/>
							<String ID="string_52" HPOS="565" VPOS="381" WIDTH="36" HEIGHT="20" WC="0.93" CONTENT="det"/><SP WIDTH="10" VPOS="381" HPOS="601"/>
							<String ID="string_53" HPOS="611" VPOS="380" WIDTH="198" HEIGHT="27" WC="0.91" CONTENT="grekisk-katolska"/><SP WIDTH="11" VPOS="380" HPOS="809"/>
							<String ID="string_54" HPOS="820" VPOS="380" WIDTH="164" HEIGHT="27" WC="0.96" CONTENT="prästerskapet"/><SP WIDTH="11" VPOS="380" HPOS="984"/>
							<String ID="string_55" HPOS="995" VPOS="380" WIDTH="7" HEIGHT="20" WC="0.96" CONTENT="i"/>
						</TextLine>
						<TextLine ID="line_7" HPOS="253" VPOS="409" WIDTH="749" HEIGHT="28">
							<String ID="string_56" HPOS="253" VPOS="410" WIDTH="110" HEIGHT="21" WC="0.92" CONTENT="Soanlaks"/><SP WIDTH="17" VPOS="410" HPOS="363"/>
							<String ID="string_57" HPOS="380" VPOS="417" WIDTH="124" HEIGHT="20" WC="0.92" CONTENT="uppmanas"/><SP WIDTH="17" VPOS="417" HPOS="504"/>
							<String ID="string_58" HPOS="521" VPOS="410" WIDTH="78" HEIGHT="25" WC="0.96" CONTENT="denne,"/><SP WIDTH="17" VPOS="410" HPOS="599"/>
							<String ID="string_59" HPOS="616" VPOS="411" WIDTH="6" HEIGHT="20" WC="0.93" CONTENT="i"/><SP WIDTH="16" VPOS="411" HPOS="622"/>
							<String ID="string_60" HPOS="638" VPOS="410" WIDTH="119" HEIGHT="27" WC="0.92" CONTENT="anledning"/><SP WIDTH="16" VPOS="410" HPOS="757"/>
							<String ID="string_61" HPOS="773" VPOS="410" WIDTH="64" HEIGHT="21" WC="0.92" CONTENT="däraf"/><SP WIDTH="17" VPOS="410" HPOS="837"/>
							<String ID="string_62" HPOS="854" VPOS="412" WIDTH="31" HEIGHT="19" WC="0.96" CONTENT="att"/><SP WIDTH="16" VPOS="412" HPOS="885"/>
							<String ID="string_63" HPOS="901" VPOS="409" WIDTH="101" HEIGHT="27" WC="0.96" CONTENT="Suojärvi"/>
						</TextLine>
						<TextLine ID="line_8" HPOS="252" VPOS="439" WIDTH="750" HEIGHT="28">
							<String ID="string_64" HPOS="252" VPOS="440" WIDTH="107" HEIGHT="21" WC="0.92" CONTENT="kommun"/><SP WIDTH="23" VPOS="440" HPOS="359"/>
							<String ID="string_65" HPOS="382" VPOS="440" WIDTH="73" HEIGHT="27" WC="0.91" CONTENT="nägon"/><SP WIDTH="24" VPOS="440" HPOS="455"/>
							<String ID="string_66" HPOS="479" VPOS="440" WIDTH="31" HEIGHT="21" WC="0.92" CONTENT="tid"/><SP WIDTH="17" VPOS="440" HPOS="510"/>
							<String ID="string_67" HPOS="527" VPOS="440" WIDTH="143" HEIGHT="21" WC="0.92" CONTENT="därförinnan"/><SP WIDTH="16" VPOS="440" HPOS="670"/>
							<String ID="string_68" HPOS="686" VPOS="439" WIDTH="91" HEIGHT="22" WC="0.91" CONTENT="beslutit"/><SP WIDTH="15" VPOS="439" HPOS="777"/>
							<String ID="string_69" HPOS="792" VPOS="440" WIDTH="7" HEIGHT="21" WC="0.96" CONTENT="i"/><SP WIDTH="16" VPOS="440" HPOS="799"/>
							<String ID="string_70" HPOS="815" VPOS="440" WIDTH="50" HEIGHT="21" WC="0.93" CONTENT="sina"/><SP WIDTH="16" VPOS="440" HPOS="865"/>
							<String ID="string_71" HPOS="881" VPOS="439" WIDTH="121" HEIGHT="22" WC="0.93" CONTENT="folkskolor"/>
						</TextLine>
						<TextLine ID="line_9" HPOS="251" VPOS="469" WIDTH="751" HEIGHT="28">
							<String ID="string_72" HPOS="251" VPOS="470" WIDTH="74" HEIGHT="21" WC="0.93" CONTENT="införa"/><SP WIDTH="16" VPOS="470" HPOS="325"/>
							<String ID="string_73" HPOS="341" VPOS="470" WIDTH="82" HEIGHT="27" WC="0.91" CONTENT="ryskan"/><SP WIDTH="17" VPOS="470" HPOS="423"/>
							<String ID="string_74" HPOS="440" VPOS="470" WIDTH="74" HEIGHT="21" WC="0.91" CONTENT="säsom"/><SP WIDTH="17" VPOS="470" HPOS="514"/>
							<String ID="string_75" HPOS="531" VPOS="469" WIDTH="236" HEIGHT="27" WC="0.91" CONTENT="undervisningsspräk"/><SP WIDTH="17" VPOS="469" HPOS="767"/>
							<String ID="string_76" HPOS="784" VPOS="469" WIDTH="35" HEIGHT="21" WC="0.93" CONTENT="för"/><SP WIDTH="15" VPOS="469" HPOS="819"/>
							<String ID="string_77" HPOS="834" VPOS="470" WIDTH="75" HEIGHT="21" WC="0.92" CONTENT="halfva"/><SP WIDTH="11" VPOS="470" HPOS="909"/>
							<String ID="string_78" HPOS="920" VPOS="469" WIDTH="82" HEIGHT="22" WC="0.96" CONTENT="antalet"/>
						</TextLine>
						<TextLine ID="line_10" HPOS="253" VPOS="499" WIDTH="749" HEIGHT="27">
							<String ID="string_79" HPOS="253" VPOS="499" WIDTH="137" HEIGHT="25" WC="0.92" CONTENT="skolämnen,"/><SP WIDTH="26" VPOS="499" HPOS="390"/>
							<String ID="string_80" HPOS="416" VPOS="501" WIDTH="31" HEIGHT="19" WC="0.96" CONTENT="att"/><SP WIDTH="20" VPOS="501" HPOS="447"/>
							<String ID="string_81" HPOS="467" VPOS="500" WIDTH="102" HEIGHT="20" WC="0.96" CONTENT="använda"/><SP WIDTH="21" VPOS="500" HPOS="569"/>
							<String ID="string_82" HPOS="590" VPOS="500" WIDTH="36" HEIGHT="20" WC="0.93" CONTENT="sitt"/><SP WIDTH="16" VPOS="500" HPOS="626"/>
							<String ID="string_83" HPOS="642" VPOS="499" WIDTH="120" HEIGHT="27" WC="0.92" CONTENT="inflytande"/><SP WIDTH="23" VPOS="499" HPOS="762"/>
							<String ID="string_84" HPOS="785" VPOS="499" WIDTH="41" HEIGHT="21" WC="0.91" CONTENT="hos"/><SP WIDTH="24" VPOS="499" HPOS="826"/>
							<String ID="string_85" HPOS="850" VPOS="499" WIDTH="152" HEIGHT="22" WC="0.91" CONTENT="sockneborne"/>
						</TextLine>
						<TextLine ID="line_11" HPOS="252" VPOS="529" WIDTH="750" HEIGHT="27">
							<String ID="string_86" HPOS="252" VPOS="529" WIDTH="86" HEIGHT="21" WC="0.92" CONTENT="därhän"/><SP WIDTH="25" VPOS="529" HPOS="338"/>
							<String ID="string_87" HPOS="363" VPOS="531" WIDTH="31" HEIGHT="19" WC="0.92" CONTENT="att"/><SP WIDTH="22" VPOS="531" HPOS="394"/>
							<String ID="string_88" HPOS="416" VPOS="529" WIDTH="82" HEIGHT="27" WC="0.92" CONTENT="jämväl"/><SP WIDTH="17" VPOS="529" HPOS="498"/>
							<String ID="string_89" HPOS="515" VPOS="530" WIDTH="59" HEIGHT="20" WC="0.93" CONTENT="inom"/><SP WIDTH="17" VPOS="530" HPOS="574"/>
							<String ID="string_90" HPOS="591" VPOS="529" WIDTH="109" HEIGHT="21" WC="0.91" CONTENT="Soanlaks"/><SP WIDTH="17" VPOS="529" HPOS="700"/>
							<String ID="string_91" HPOS="717" VPOS="529" WIDTH="105" HEIGHT="21" WC="0.96" CONTENT="kommun"/><SP WIDTH="17" VPOS="529" HPOS="822"/>
							<String ID="string_92" HPOS="839" VPOS="531" WIDTH="30" HEIGHT="19" WC="0.93" CONTENT="ett"/><SP WIDTH="16" VPOS="531" HPOS="869"/>
							<String ID="string_93" HPOS="885" VPOS="529" WIDTH="117" HEIGHT="21" WC="0.91" CONTENT="enahanda"/>
						</TextLine>
						<TextLine ID="line_12" HPOS="251" VPOS="558" WIDTH="750" HEIGHT="40">
							<String ID="string_94" HPOS="251" VPOS="558" WIDTH="74" HEIGHT="22" WC="0.96" CONTENT="beslut"/><SP WIDTH="21" VPOS="558" HPOS="325"/>
							<String ID="string_95" HPOS="346" VPOS="559" WIDTH="71" HEIGHT="21" WC="0.96" CONTENT="skulle"/><SP WIDTH="22" VPOS="559" HPOS="417"/>
							<String ID="string_96" HPOS="439" VPOS="559" WIDTH="73" HEIGHT="21" WC="0.95" CONTENT="fattas."/><SP WIDTH="32" VPOS="559" HPOS="512"/>
							<String ID="string_97" HPOS="544" VPOS="559" WIDTH="8" HEIGHT="21" WC="0.92" CONTENT="I"/><SP WIDTH="11" VPOS="559" HPOS="552"/>
							<String ID="string_98" HPOS="563" VPOS="559" WIDTH="84" HEIGHT="36" WC="0.79" CONTENT="själiva"/><SP WIDTH="16" VPOS="559" HPOS="647"/>
							<String ID="string_99" HPOS="663" VPOS="559" WIDTH="131" HEIGHT="21" WC="0.91" CONTENT="skrifvelsen"/><SP WIDTH="17" VPOS="559" HPOS="794"/>
							<String ID="string_100" HPOS="811" VPOS="560" WIDTH="64" HEIGHT="25" WC="0.92" CONTENT="säges"/><SP WIDTH="15" VPOS="560" HPOS="875"/>
							<String ID="string_101" HPOS="890" VPOS="558" WIDTH="36" HEIGHT="40" WC="0.94" CONTENT="väl"/><SP WIDTH="16" VPOS="558" HPOS="926"/>
							<String ID="string_102" HPOS="942" VPOS="559" WIDTH="59" HEIGHT="34" WC="0.96" CONTENT="detta"/>
						</TextLine>
						<TextLine ID="line_13" HPOS="251" VPOS="588" WIDTH="750" HEIGHT="28">
							<String ID="string_103" HPOS="251" VPOS="589" WIDTH="50" HEIGHT="21" WC="0.96" CONTENT="icke"/><SP WIDTH="17" VPOS="589" HPOS="301"/>
							<String ID="string_104" HPOS="318" VPOS="589" WIDTH="146" HEIGHT="27" WC="0.87" CONTENT="uttryckligen"/><SP WIDTH="17" VPOS="589" HPOS="464"/>
							<String ID="string_105" HPOS="481" VPOS="595" WIDTH="51" HEIGHT="15" WC="0.93" CONTENT="men"/><SP WIDTH="16" VPOS="595" HPOS="532"/>
							<String ID="string_106" HPOS="548" VPOS="589" WIDTH="92" HEIGHT="26" WC="0.91" CONTENT="afsigien"/><SP WIDTH="17" VPOS="589" HPOS="640"/>
							<String ID="string_107" HPOS="657" VPOS="589" WIDTH="44" HEIGHT="21" WC="0.73" CONTENT="kaun"/><SP WIDTH="15" VPOS="589" HPOS="701"/>
							<String ID="string_108" HPOS="716" VPOS="588" WIDTH="131" HEIGHT="28" WC="0.96" CONTENT="näppeligen"/><SP WIDTH="12" VPOS="588" HPOS="847"/>
							<String ID="string_109" HPOS="859" VPOS="587" WIDTH="142" HEIGHT="23" WC="0.91" CONTENT="missförstås."/>
						</TextLine>
						<TextLine ID="line_14" HPOS="252" VPOS="618" WIDTH="750" HEIGHT="25">
							<String ID="string_110" HPOS="252" VPOS="618" WIDTH="42" HEIGHT="22" WC="0.96" CONTENT="Vid"/><SP WIDTH="17" VPOS="618" HPOS="294"/>
							<String ID="string_111" HPOS="311" VPOS="625" WIDTH="27" HEIGHT="15" WC="0.95" CONTENT="en"/><SP WIDTH="17" VPOS="625" HPOS="338"/>
							<String ID="string_112" HPOS="355" VPOS="619" WIDTH="97" HEIGHT="21" WC="0.95" CONTENT="därefter"/><SP WIDTH="16" VPOS="619" HPOS="452"/>
							<String ID="string_113" HPOS="468" VPOS="618" WIDTH="25" HEIGHT="22" WC="0.96" CONTENT="år"/><SP WIDTH="17" VPOS="618" HPOS="493"/>
							<String ID="string_114" HPOS="510" VPOS="618" WIDTH="56" HEIGHT="22" WC="0.96" CONTENT="1904"/><SP WIDTH="16" VPOS="618" HPOS="566"/>
							<String ID="string_115" HPOS="582" VPOS="618" WIDTH="72" HEIGHT="22" WC="0.93" CONTENT="hållen"/><SP WIDTH="15" VPOS="618" HPOS="654"/>
							<String ID="string_116" HPOS="669" VPOS="618" WIDTH="232" HEIGHT="25" WC="0.91" CONTENT="kommunalstämma,"/><SP WIDTH="12" VPOS="618" HPOS="901"/>
							<String ID="string_117" HPOS="913" VPOS="618" WIDTH="89" HEIGHT="21" WC="0.95" CONTENT="hvarest"/>
						</TextLine>
						<TextLine ID="line_15" HPOS="252" VPOS="648" WIDTH="749" HEIGHT="28">
							<String ID="string_118" HPOS="252" VPOS="650" WIDTH="31" HEIGHT="20" WC="0.96" CONTENT="ett"/><SP WIDTH="15" VPOS="650" HPOS="283"/>
							<String ID="string_119" HPOS="298" VPOS="648" WIDTH="66" HEIGHT="22" WC="0.96" CONTENT="väckt"/><SP WIDTH="15" VPOS="648" HPOS="364"/>
							<String ID="string_120" HPOS="379" VPOS="648" WIDTH="84" HEIGHT="28" WC="0.96" CONTENT="förslag"/><SP WIDTH="16" VPOS="648" HPOS="463"/>
							<String ID="string_121" HPOS="479" VPOS="655" WIDTH="35" HEIGHT="15" WC="0.96" CONTENT="om"/><SP WIDTH="16" VPOS="655" HPOS="514"/>
							<String ID="string_122" HPOS="530" VPOS="648" WIDTH="116" HEIGHT="22" WC="0.96" CONTENT="införande"/><SP WIDTH="17" VPOS="648" HPOS="646"/>
							<String ID="string_123" HPOS="663" VPOS="648" WIDTH="22" HEIGHT="22" WC="0.96" CONTENT="af"/><SP WIDTH="16" VPOS="648" HPOS="685"/>
							<String ID="string_124" HPOS="701" VPOS="649" WIDTH="67" HEIGHT="26" WC="0.96" CONTENT="ryska"/><SP WIDTH="16" VPOS="649" HPOS="768"/>
							<String ID="string_125" HPOS="784" VPOS="648" WIDTH="91" HEIGHT="27" WC="0.96" CONTENT="språket"/><SP WIDTH="14" VPOS="648" HPOS="875"/>
							<String ID="string_126" HPOS="889" VPOS="648" WIDTH="6" HEIGHT="21" WC="0.91" CONTENT="i"/><SP WIDTH="12" VPOS="648" HPOS="895"/>
							<String ID="string_127" HPOS="907" VPOS="648" WIDTH="94" HEIGHT="21" WC="0.91" CONTENT="folksko-"/>
						</TextLine>
						<TextLine ID="line_16" HPOS="252" VPOS="678" WIDTH="749" HEIGHT="27">
							<String ID="string_128" HPOS="252" VPOS="678" WIDTH="64" HEIGHT="22" WC="0.91" CONTENT="lorna"/><SP WIDTH="18" VPOS="678" HPOS="316"/>
							<String ID="string_129" HPOS="334" VPOS="678" WIDTH="71" HEIGHT="21" WC="0.96" CONTENT="skulle"/><SP WIDTH="17" VPOS="678" HPOS="405"/>
							<String ID="string_130" HPOS="422" VPOS="678" WIDTH="90" HEIGHT="27" WC="0.95" CONTENT="dryftas,"/><SP WIDTH="25" VPOS="678" HPOS="512"/>
							<String ID="string_131" HPOS="537" VPOS="678" WIDTH="76" HEIGHT="22" WC="0.96" CONTENT="infann"/><SP WIDTH="24" VPOS="678" HPOS="613"/>
							<String ID="string_132" HPOS="637" VPOS="679" WIDTH="33" HEIGHT="26" WC="0.96" CONTENT="sig"/><SP WIDTH="16" VPOS="679" HPOS="670"/>
							<String ID="string_133" HPOS="686" VPOS="678" WIDTH="64" HEIGHT="21" WC="0.93" CONTENT="äfven"/><SP WIDTH="17" VPOS="678" HPOS="750"/>
							<String ID="string_134" HPOS="767" VPOS="680" WIDTH="157" HEIGHT="24" WC="0.91" CONTENT="prästmannen"/><SP WIDTH="17" VPOS="680" HPOS="924"/>
							<String ID="string_135" HPOS="941" VPOS="678" WIDTH="60" HEIGHT="21" WC="0.92" CONTENT="Pevt-"/>
						</TextLine>
						<TextLine ID="line_17" HPOS="252" VPOS="708" WIDTH="750" HEIGHT="27">
							<String ID="string_136" HPOS="252" VPOS="714" WIDTH="47" HEIGHT="19" WC="0.95" CONTENT="sov,"/><SP WIDTH="18" VPOS="714" HPOS="299"/>
							<String ID="string_137" HPOS="317" VPOS="714" WIDTH="48" HEIGHT="15" WC="0.96" CONTENT="som"/><SP WIDTH="23" VPOS="714" HPOS="365"/>
							<String ID="string_138" HPOS="388" VPOS="709" WIDTH="68" HEIGHT="26" WC="0.96" CONTENT="jämte"/><SP WIDTH="25" VPOS="709" HPOS="456"/>
							<String ID="string_139" HPOS="481" VPOS="710" WIDTH="74" HEIGHT="19" WC="0.93" CONTENT="ortens"/><SP WIDTH="21" VPOS="710" HPOS="555"/>
							<String ID="string_140" HPOS="576" VPOS="708" WIDTH="204" HEIGHT="26" WC="0.92" CONTENT="tjänstförrättande"/><SP WIDTH="16" VPOS="708" HPOS="780"/>
							<String ID="string_141" HPOS="796" VPOS="708" WIDTH="100" HEIGHT="21" WC="0.96" CONTENT="länsman"/><SP WIDTH="18" VPOS="708" HPOS="896"/>
							<String ID="string_142" HPOS="914" VPOS="708" WIDTH="88" HEIGHT="26" WC="0.96" CONTENT="kraftigt"/>
						</TextLine>
						<TextLine ID="line_18" HPOS="251" VPOS="738" WIDTH="750" HEIGHT="26">
							<String ID="string_143" HPOS="251" VPOS="738" WIDTH="100" HEIGHT="21" WC="0.92" CONTENT="försökte"/><SP WIDTH="23" VPOS="738" HPOS="351"/>
							<String ID="string_144" HPOS="374" VPOS="738" WIDTH="153" HEIGHT="26" WC="0.91" CONTENT="genomdrifva"/><SP WIDTH="23" VPOS="738" HPOS="527"/>
							<String ID="string_145" HPOS="550" VPOS="740" WIDTH="30" HEIGHT="19" WC="0.96" CONTENT="ett"/><SP WIDTH="23" VPOS="740" HPOS="580"/>
							<String ID="string_146" HPOS="603" VPOS="738" WIDTH="72" HEIGHT="21" WC="0.96" CONTENT="beslut"/><SP WIDTH="23" VPOS="738" HPOS="675"/>
							<String ID="string_147" HPOS="698" VPOS="738" WIDTH="7" HEIGHT="20" WC="0.92" CONTENT="i"/><SP WIDTH="24" VPOS="738" HPOS="705"/>
							<String ID="string_148" HPOS="729" VPOS="738" WIDTH="82" HEIGHT="26" WC="0.92" CONTENT="antydd"/><SP WIDTH="21" VPOS="738" HPOS="811"/>
							<String ID="string_149" HPOS="832" VPOS="738" WIDTH="102" HEIGHT="26" WC="0.95" CONTENT="riktning,"/><SP WIDTH="17" VPOS="738" HPOS="934"/>
							<String ID="string_150" HPOS="951" VPOS="744" WIDTH="50" HEIGHT="14" WC="0.96" CONTENT="men"/>
						</TextLine>
						<TextLine ID="line_19" HPOS="252" VPOS="767" WIDTH="750" HEIGHT="27">
							<String ID="string_151" HPOS="252" VPOS="768" WIDTH="80" HEIGHT="20" WC="0.95" CONTENT="möttes"/><SP WIDTH="25" VPOS="768" HPOS="332"/>
							<String ID="string_152" HPOS="357" VPOS="768" WIDTH="22" HEIGHT="20" WC="0.96" CONTENT="af"/><SP WIDTH="24" VPOS="768" HPOS="379"/>
							<String ID="string_153" HPOS="403" VPOS="774" WIDTH="26" HEIGHT="14" WC="0.96" CONTENT="en"/><SP WIDTH="29" VPOS="774" HPOS="429"/>
							<String ID="string_154" HPOS="458" VPOS="768" WIDTH="99" HEIGHT="21" WC="0.93" CONTENT="bestämd"/><SP WIDTH="26" VPOS="768" HPOS="557"/>
							<String ID="string_155" HPOS="583" VPOS="774" WIDTH="96" HEIGHT="20" WC="0.92" CONTENT="gensaga"/><SP WIDTH="26" VPOS="774" HPOS="679"/>
							<String ID="string_156" HPOS="705" VPOS="767" WIDTH="49" HEIGHT="21" WC="0.96" CONTENT="från"/><SP WIDTH="26" VPOS="767" HPOS="754"/>
							<String ID="string_157" HPOS="780" VPOS="767" WIDTH="72" HEIGHT="27" WC="0.96" CONTENT="öfriga"/><SP WIDTH="25" VPOS="767" HPOS="852"/>
							<String ID="string_158" HPOS="877" VPOS="768" WIDTH="36" HEIGHT="20" WC="0.92" CONTENT="vid"/><SP WIDTH="25" VPOS="768" HPOS="913"/>
							<String ID="string_159" HPOS="938" VPOS="768" WIDTH="64" HEIGHT="20" WC="0.91" CONTENT="stäm-"/>
						</TextLine>
						<TextLine ID="line_20" HPOS="253" VPOS="796" WIDTH="749" HEIGHT="27">
							<String ID="string_160" HPOS="253" VPOS="804" WIDTH="52" HEIGHT="14" WC="0.96" CONTENT="man"/><SP WIDTH="17" VPOS="804" HPOS="305"/>
							<String ID="string_161" HPOS="322" VPOS="798" WIDTH="139" HEIGHT="21" WC="0.96" CONTENT="närvarande"/><SP WIDTH="17" VPOS="798" HPOS="461"/>
							<String ID="string_162" HPOS="478" VPOS="797" WIDTH="143" HEIGHT="22" WC="0.96" CONTENT="medlemmar"/><SP WIDTH="16" VPOS="797" HPOS="621"/>
							<String ID="string_163" HPOS="637" VPOS="798" WIDTH="22" HEIGHT="20" WC="0.96" CONTENT="af"/><SP WIDTH="16" VPOS="798" HPOS="659"/>
							<String ID="string_164" HPOS="675" VPOS="798" WIDTH="142" HEIGHT="20" WC="0.92" CONTENT="kommunen."/><SP WIDTH="17" VPOS="798" HPOS="817"/>
							<String ID="string_165" HPOS="834" VPOS="810" WIDTH="29" HEIGHT="2" WC="0.90" CONTENT="—"/><SP WIDTH="16" VPOS="810" HPOS="863"/>
							<String ID="string_166" HPOS="879" VPOS="796" WIDTH="70" HEIGHT="27" WC="0.93" CONTENT="Något"/><SP WIDTH="15" VPOS="796" HPOS="949"/>
							<String ID="string_167" HPOS="964" VPOS="797" WIDTH="38" HEIGHT="20" WC="0.91" CONTENT="lik-"/>
						</TextLine>
						<TextLine ID="line_21" HPOS="252" VPOS="826" WIDTH="750" HEIGHT="28">
							<String ID="string_168" HPOS="252" VPOS="827" WIDTH="75" HEIGHT="21" WC="0.95" CONTENT="nande"/><SP WIDTH="23" VPOS="827" HPOS="327"/>
							<String ID="string_169" HPOS="350" VPOS="827" WIDTH="89" HEIGHT="26" WC="0.94" CONTENT="tilldrog"/><SP WIDTH="24" VPOS="827" HPOS="439"/>
							<String ID="string_170" HPOS="463" VPOS="828" WIDTH="33" HEIGHT="26" WC="0.96" CONTENT="sig"/><SP WIDTH="23" VPOS="828" HPOS="496"/>
							<String ID="string_171" HPOS="519" VPOS="827" WIDTH="81" HEIGHT="21" WC="0.96" CONTENT="nämda"/><SP WIDTH="23" VPOS="827" HPOS="600"/>
							<String ID="string_172" HPOS="623" VPOS="826" WIDTH="25" HEIGHT="22" WC="0.96" CONTENT="år"/><SP WIDTH="23" VPOS="826" HPOS="648"/>
							<String ID="string_173" HPOS="671" VPOS="828" WIDTH="81" HEIGHT="26" WC="0.96" CONTENT="jämväl"/><SP WIDTH="16" VPOS="828" HPOS="752"/>
							<String ID="string_174" HPOS="768" VPOS="827" WIDTH="37" HEIGHT="20" WC="0.96" CONTENT="vid"/><SP WIDTH="17" VPOS="827" HPOS="805"/>
							<String ID="string_175" HPOS="822" VPOS="834" WIDTH="28" HEIGHT="14" WC="0.93" CONTENT="en"/><SP WIDTH="16" VPOS="834" HPOS="850"/>
							<String ID="string_176" HPOS="866" VPOS="826" WIDTH="136" HEIGHT="22" WC="0.92" CONTENT="kommunal-"/>
						</TextLine>
						<TextLine ID="line_22" HPOS="253" VPOS="856" WIDTH="749" HEIGHT="28">
							<String ID="string_177" HPOS="253" VPOS="858" WIDTH="96" HEIGHT="20" WC="0.96" CONTENT="stämma"/><SP WIDTH="16" VPOS="858" HPOS="349"/>
							<String ID="string_178" HPOS="365" VPOS="858" WIDTH="6" HEIGHT="20" WC="0.93" CONTENT="i"/><SP WIDTH="17" VPOS="858" HPOS="371"/>
							<String ID="string_179" HPOS="388" VPOS="856" WIDTH="119" HEIGHT="26" WC="0.90" CONTENT="Suistamo,"/><SP WIDTH="23" VPOS="856" HPOS="507"/>
							<String ID="string_180" HPOS="530" VPOS="857" WIDTH="40" HEIGHT="21" WC="0.96" CONTENT="där"/><SP WIDTH="16" VPOS="857" HPOS="570"/>
							<String ID="string_181" HPOS="586" VPOS="856" WIDTH="154" HEIGHT="28" WC="0.89" CONTENT="kyrkoherden"/><SP WIDTH="16" VPOS="856" HPOS="740"/>
							<String ID="string_182" HPOS="756" VPOS="857" WIDTH="7" HEIGHT="21" WC="0.96" CONTENT="i"/><SP WIDTH="16" VPOS="857" HPOS="763"/>
							<String ID="string_183" HPOS="779" VPOS="857" WIDTH="43" HEIGHT="21" WC="0.92" CONTENT="den"/><SP WIDTH="17" VPOS="857" HPOS="822"/>
							<String ID="string_184" HPOS="839" VPOS="856" WIDTH="163" HEIGHT="27" WC="0.92" CONTENT="grekisk-katol-"/>
						</TextLine>
						<TextLine ID="line_23" HPOS="253" VPOS="886" WIDTH="750" HEIGHT="27">
							<String ID="string_185" HPOS="253" VPOS="886" WIDTH="41" HEIGHT="21" WC="0.96" CONTENT="ska"/><SP WIDTH="20" VPOS="886" HPOS="294"/>
							<String ID="string_186" HPOS="314" VPOS="886" WIDTH="159" HEIGHT="27" WC="0.93" CONTENT="församlingen"/><SP WIDTH="20" VPOS="886" HPOS="473"/>
							<String ID="string_187" HPOS="493" VPOS="887" WIDTH="110" HEIGHT="26" WC="0.92" CONTENT="förgäfves"/><SP WIDTH="16" VPOS="887" HPOS="603"/>
							<String ID="string_188" HPOS="619" VPOS="886" WIDTH="98" HEIGHT="21" WC="0.95" CONTENT="försökte"/><SP WIDTH="17" VPOS="886" HPOS="717"/>
							<String ID="string_189" HPOS="734" VPOS="886" WIDTH="71" HEIGHT="21" WC="0.96" CONTENT="förmå"/><SP WIDTH="17" VPOS="886" HPOS="805"/>
							<String ID="string_190" HPOS="822" VPOS="886" WIDTH="133" HEIGHT="21" WC="0.95" CONTENT="kommunen"/><SP WIDTH="17" VPOS="886" HPOS="955"/>
							<String ID="string_191" HPOS="972" VPOS="888" WIDTH="31" HEIGHT="18" WC="0.95" CONTENT="att"/>
						</TextLine>
						<TextLine ID="line_24" HPOS="253" VPOS="915" WIDTH="748" HEIGHT="28">
							<String ID="string_192" HPOS="253" VPOS="918" WIDTH="80" HEIGHT="25" WC="0.96" CONTENT="antaga"/><SP WIDTH="16" VPOS="918" HPOS="333"/>
							<String ID="string_193" HPOS="349" VPOS="916" WIDTH="67" HEIGHT="27" WC="0.97" CONTENT="ryska"/><SP WIDTH="16" VPOS="916" HPOS="416"/>
							<String ID="string_194" HPOS="432" VPOS="915" WIDTH="89" HEIGHT="28" WC="0.95" CONTENT="språket"/><SP WIDTH="14" VPOS="915" HPOS="521"/>
							<String ID="string_195" HPOS="535" VPOS="917" WIDTH="32" HEIGHT="20" WC="0.93" CONTENT="till"/><SP WIDTH="11" VPOS="917" HPOS="567"/>
							<String ID="string_196" HPOS="578" VPOS="916" WIDTH="236" HEIGHT="26" WC="0.89" CONTENT="undervi$ningsämne"/><SP WIDTH="11" VPOS="916" HPOS="814"/>
							<String ID="string_197" HPOS="825" VPOS="917" WIDTH="7" HEIGHT="20" WC="0.93" CONTENT="i"/><SP WIDTH="11" VPOS="917" HPOS="832"/>
							<String ID="string_198" HPOS="843" VPOS="915" WIDTH="158" HEIGHT="25" WC="0.91" CONTENT="folkskolorna,"/>
						</TextLine>
						<TextLine ID="line_25" HPOS="253" VPOS="945" WIDTH="748" HEIGHT="28">
							<String ID="string_199" HPOS="253" VPOS="948" WIDTH="31" HEIGHT="19" WC="0.96" CONTENT="ett"/><SP WIDTH="15" VPOS="948" HPOS="284"/>
							<String ID="string_200" HPOS="299" VPOS="945" WIDTH="77" HEIGHT="22" WC="0.96" CONTENT="försök"/><SP WIDTH="16" VPOS="945" HPOS="376"/>
							<String ID="string_201" HPOS="392" VPOS="952" WIDTH="48" HEIGHT="15" WC="0.96" CONTENT="som"/><SP WIDTH="16" VPOS="952" HPOS="440"/>
							<String ID="string_202" HPOS="456" VPOS="945" WIDTH="29" HEIGHT="28" WC="0.96" CONTENT="på"/><SP WIDTH="16" VPOS="945" HPOS="485"/>
							<String ID="string_203" HPOS="501" VPOS="946" WIDTH="108" HEIGHT="21" WC="0.96" CONTENT="särskilda"/><SP WIDTH="17" VPOS="946" HPOS="609"/>
							<String ID="string_204" HPOS="626" VPOS="952" WIDTH="78" HEIGHT="15" WC="0.96" CONTENT="senare"/><SP WIDTH="16" VPOS="952" HPOS="704"/>
							<String ID="string_205" HPOS="720" VPOS="945" WIDTH="62" HEIGHT="22" WC="0.92" CONTENT="såväl"/><SP WIDTH="22" VPOS="945" HPOS="782"/>
							<String ID="string_206" HPOS="804" VPOS="945" WIDTH="134" HEIGHT="22" WC="0.92" CONTENT="kommunal-"/><SP WIDTH="16" VPOS="945" HPOS="938"/>
							<String ID="string_207" HPOS="954" VPOS="951" WIDTH="47" HEIGHT="15" WC="0.96" CONTENT="som"/>
						</TextLine>
						<TextLine ID="line_26" HPOS="253" VPOS="974" WIDTH="749" HEIGHT="29">
							<String ID="string_208" HPOS="253" VPOS="975" WIDTH="180" HEIGHT="27" WC="0.92" CONTENT="kyrkostämmor"/><SP WIDTH="16" VPOS="975" HPOS="433"/>
							<String ID="string_209" HPOS="449" VPOS="978" WIDTH="125" HEIGHT="25" WC="0.93" CONTENT="upprepats."/><SP WIDTH="33" VPOS="978" HPOS="574"/>
							<String ID="string_210" HPOS="607" VPOS="975" WIDTH="124" HEIGHT="22" WC="0.90" CONTENT="Anmärkas"/><SP WIDTH="24" VPOS="975" HPOS="731"/>
							<String ID="string_211" HPOS="755" VPOS="975" WIDTH="40" HEIGHT="21" WC="0.96" CONTENT="bör"/><SP WIDTH="24" VPOS="975" HPOS="795"/>
							<String ID="string_212" HPOS="819" VPOS="977" WIDTH="31" HEIGHT="19" WC="0.95" CONTENT="att"/><SP WIDTH="23" VPOS="977" HPOS="850"/>
							<String ID="string_213" HPOS="873" VPOS="976" WIDTH="7" HEIGHT="20" WC="0.96" CONTENT="i"/><SP WIDTH="16" VPOS="976" HPOS="880"/>
							<String ID="string_214" HPOS="896" VPOS="974" WIDTH="58" HEIGHT="22" WC="0.96" CONTENT="båda"/><SP WIDTH="18" VPOS="974" HPOS="954"/>
							<String ID="string_215" HPOS="972" VPOS="981" WIDTH="30" HEIGHT="14" WC="0.96" CONTENT="nu"/>
						</TextLine>
						<TextLine ID="line_27" HPOS="253" VPOS="1004" WIDTH="676" HEIGHT="28">
							<String ID="string_216" HPOS="253" VPOS="1005" WIDTH="82" HEIGHT="21" WC="0.96" CONTENT="nämda"/><SP WIDTH="17" VPOS="1005" HPOS="335"/>
							<String ID="string_217" HPOS="352" VPOS="1006" WIDTH="132" HEIGHT="20" WC="0.96" CONTENT="kommuner"/><SP WIDTH="16" VPOS="1006" HPOS="484"/>
							<String ID="string_218" HPOS="500" VPOS="1005" WIDTH="154" HEIGHT="27" WC="0.96" CONTENT="befolkningen"/><SP WIDTH="18" VPOS="1005" HPOS="654"/>
							<String ID="string_219" HPOS="672" VPOS="1007" WIDTH="24" HEIGHT="19" WC="0.96" CONTENT="är"/><SP WIDTH="16" VPOS="1007" HPOS="696"/>
							<String ID="string_220" HPOS="712" VPOS="1007" WIDTH="48" HEIGHT="19" WC="0.96" CONTENT="rent"/><SP WIDTH="16" VPOS="1007" HPOS="760"/>
							<String ID="string_221" HPOS="776" VPOS="1004" WIDTH="153" HEIGHT="28" WC="0.96" CONTENT="finskspråkig."/>
						</TextLine>
					</TextBlock>
					<TextBlock ID="block_2" HPOS="252" VPOS="1034" WIDTH="752" HEIGHT="356">
						<TextLine ID="line_28" HPOS="325" VPOS="1034" WIDTH="677" HEIGHT="29">
							<String ID="string_222" HPOS="325" VPOS="1035" WIDTH="41" HEIGHT="22" WC="0.96" CONTENT="Det"/><SP WIDTH="22" VPOS="1035" HPOS="366"/>
							<String ID="string_223" HPOS="388" VPOS="1035" WIDTH="129" HEIGHT="27" WC="0.96" CONTENT="förkastliga"/><SP WIDTH="24" VPOS="1035" HPOS="517"/>
							<String ID="string_224" HPOS="541" VPOS="1036" WIDTH="7" HEIGHT="20" WC="0.93" CONTENT="i"/><SP WIDTH="23" VPOS="1036" HPOS="548"/>
							<String ID="string_225" HPOS="571" VPOS="1035" WIDTH="170" HEIGHT="28" WC="0.91" CONTENT="länestyrelsens"/><SP WIDTH="16" VPOS="1035" HPOS="741"/>
							<String ID="string_226" HPOS="757" VPOS="1035" WIDTH="162" HEIGHT="21" WC="0.91" CONTENT="ofvananförda"/><SP WIDTH="15" VPOS="1035" HPOS="919"/>
							<String ID="string_227" HPOS="934" VPOS="1034" WIDTH="68" HEIGHT="21" WC="0.92" CONTENT="tillvä-"/>
						</TextLine>
						<TextLine ID="line_29" HPOS="253" VPOS="1064" WIDTH="750" HEIGHT="28">
							<String ID="string_228" HPOS="253" VPOS="1064" WIDTH="114" HEIGHT="27" WC="0.91" CONTENT="gagående"/><SP WIDTH="25" VPOS="1064" HPOS="367"/>
							<String ID="string_229" HPOS="392" VPOS="1067" WIDTH="24" HEIGHT="19" WC="0.91" CONTENT="är"/><SP WIDTH="24" VPOS="1067" HPOS="416"/>
							<String ID="string_230" HPOS="440" VPOS="1065" WIDTH="66" HEIGHT="21" WC="0.91" CONTENT="altför"/><SP WIDTH="23" VPOS="1065" HPOS="506"/>
							<String ID="string_231" HPOS="529" VPOS="1065" WIDTH="123" HEIGHT="27" WC="0.96" CONTENT="uppenbart"/><SP WIDTH="23" VPOS="1065" HPOS="652"/>
							<String ID="string_232" HPOS="675" VPOS="1065" WIDTH="35" HEIGHT="21" WC="0.96" CONTENT="för"/><SP WIDTH="23" VPOS="1065" HPOS="710"/>
							<String ID="string_233" HPOS="733" VPOS="1067" WIDTH="30" HEIGHT="18" WC="0.92" CONTENT="att"/><SP WIDTH="24" VPOS="1067" HPOS="763"/>
							<String ID="string_234" HPOS="787" VPOS="1064" WIDTH="96" HEIGHT="22" WC="0.91" CONTENT="behöfva"/><SP WIDTH="16" VPOS="1064" HPOS="883"/>
							<String ID="string_235" HPOS="899" VPOS="1064" WIDTH="104" HEIGHT="21" WC="0.96" CONTENT="särskildt"/>
						</TextLine>
						<TextLine ID="line_30" HPOS="252" VPOS="1093" WIDTH="750" HEIGHT="28">
							<String ID="string_236" HPOS="252" VPOS="1094" WIDTH="137" HEIGHT="22" WC="0.94" CONTENT="framhållas."/><SP WIDTH="33" VPOS="1094" HPOS="389"/>
							<String ID="string_237" HPOS="422" VPOS="1094" WIDTH="76" HEIGHT="22" WC="0.92" CONTENT="Redan"/><SP WIDTH="18" VPOS="1094" HPOS="498"/>
							<String ID="string_238" HPOS="516" VPOS="1095" WIDTH="6" HEIGHT="20" WC="0.96" CONTENT="i"/><SP WIDTH="16" VPOS="1095" HPOS="522"/>
							<String ID="string_239" HPOS="538" VPOS="1095" WIDTH="33" HEIGHT="26" WC="0.96" CONTENT="sig"/><SP WIDTH="15" VPOS="1095" HPOS="571"/>
							<String ID="string_240" HPOS="586" VPOS="1094" WIDTH="51" HEIGHT="27" WC="0.96" CONTENT="själf"/><SP WIDTH="15" VPOS="1094" HPOS="637"/>
							<String ID="string_241" HPOS="652" VPOS="1097" WIDTH="30" HEIGHT="19" WC="0.96" CONTENT="ett"/><SP WIDTH="16" VPOS="1097" HPOS="682"/>
							<String ID="string_242" HPOS="698" VPOS="1094" WIDTH="115" HEIGHT="27" WC="0.96" CONTENT="obehörigt"/><SP WIDTH="16" VPOS="1094" HPOS="813"/>
							<String ID="string_243" HPOS="829" VPOS="1093" WIDTH="86" HEIGHT="27" WC="0.96" CONTENT="intrång"/><SP WIDTH="16" VPOS="1093" HPOS="915"/>
							<String ID="string_244" HPOS="931" VPOS="1093" WIDTH="28" HEIGHT="28" WC="0.96" CONTENT="på"/><SP WIDTH="13" VPOS="1093" HPOS="959"/>
							<String ID="string_245" HPOS="972" VPOS="1095" WIDTH="30" HEIGHT="20" WC="0.96" CONTENT="ett"/>
						</TextLine>
						<TextLine ID="line_31" HPOS="252" VPOS="1124" WIDTH="751" HEIGHT="27">
							<String ID="string_246" HPOS="252" VPOS="1124" WIDTH="99" HEIGHT="26" WC="0.96" CONTENT="område,"/><SP WIDTH="23" VPOS="1124" HPOS="351"/>
							<String ID="string_247" HPOS="374" VPOS="1131" WIDTH="48" HEIGHT="14" WC="0.96" CONTENT="som"/><SP WIDTH="17" VPOS="1131" HPOS="422"/>
							<String ID="string_248" HPOS="439" VPOS="1124" WIDTH="67" HEIGHT="27" WC="0.96" CONTENT="ligger"/><SP WIDTH="16" VPOS="1124" HPOS="506"/>
							<String ID="string_249" HPOS="522" VPOS="1124" WIDTH="132" HEIGHT="27" WC="0.96" CONTENT="fullkomligt"/><SP WIDTH="17" VPOS="1124" HPOS="654"/>
							<String ID="string_250" HPOS="671" VPOS="1124" WIDTH="88" HEIGHT="21" WC="0.95" CONTENT="utanför"/><SP WIDTH="16" VPOS="1124" HPOS="759"/>
							<String ID="string_251" HPOS="775" VPOS="1124" WIDTH="60" HEIGHT="21" WC="0.93" CONTENT="detta"/><SP WIDTH="16" VPOS="1124" HPOS="835"/>
							<String ID="string_252" HPOS="851" VPOS="1124" WIDTH="152" HEIGHT="21" WC="0.91" CONTENT="embetsvärks"/>
						</TextLine>
						<TextLine ID="line_32" HPOS="253" VPOS="1152" WIDTH="751" HEIGHT="29">
							<String ID="string_253" HPOS="253" VPOS="1154" WIDTH="221" HEIGHT="27" WC="0.92" CONTENT="värksamhetsgebit,"/><SP WIDTH="28" VPOS="1154" HPOS="474"/>
							<String ID="string_254" HPOS="502" VPOS="1156" WIDTH="24" HEIGHT="19" WC="0.96" CONTENT="är"/><SP WIDTH="26" VPOS="1156" HPOS="526"/>
							<String ID="string_255" HPOS="552" VPOS="1155" WIDTH="122" HEIGHT="20" WC="0.96" CONTENT="detsamma"/><SP WIDTH="24" VPOS="1155" HPOS="674"/>
							<String ID="string_256" HPOS="698" VPOS="1154" WIDTH="104" HEIGHT="21" WC="0.92" CONTENT="särskildt"/><SP WIDTH="23" VPOS="1154" HPOS="802"/>
							<String ID="string_257" HPOS="825" VPOS="1153" WIDTH="127" HEIGHT="27" WC="0.92" CONTENT="fördömligt"/><SP WIDTH="23" VPOS="1153" HPOS="952"/>
							<String ID="string_258" HPOS="975" VPOS="1152" WIDTH="29" HEIGHT="27" WC="0.96" CONTENT="på"/>
						</TextLine>
						<TextLine ID="line_33" HPOS="253" VPOS="1183" WIDTH="751" HEIGHT="28">
							<String ID="string_259" HPOS="253" VPOS="1184" WIDTH="71" HEIGHT="26" WC="0.95" CONTENT="grund"/><SP WIDTH="25" VPOS="1184" HPOS="324"/>
							<String ID="string_260" HPOS="349" VPOS="1184" WIDTH="23" HEIGHT="22" WC="0.96" CONTENT="af"/><SP WIDTH="24" VPOS="1184" HPOS="372"/>
							<String ID="string_261" HPOS="396" VPOS="1184" WIDTH="26" HEIGHT="21" WC="0.95" CONTENT="de"/><SP WIDTH="24" VPOS="1184" HPOS="422"/>
							<String ID="string_262" HPOS="446" VPOS="1184" WIDTH="95" HEIGHT="26" WC="0.95" CONTENT="hemliga"/><SP WIDTH="20" VPOS="1184" HPOS="541"/>
							<String ID="string_263" HPOS="561" VPOS="1186" WIDTH="66" HEIGHT="25" WC="0.96" CONTENT="vägar"/><SP WIDTH="16" VPOS="1186" HPOS="627"/>
							<String ID="string_264" HPOS="643" VPOS="1191" WIDTH="51" HEIGHT="14" WC="0.96" CONTENT="man"/><SP WIDTH="18" VPOS="1191" HPOS="694"/>
							<String ID="string_265" HPOS="712" VPOS="1184" WIDTH="98" HEIGHT="21" WC="0.96" CONTENT="användt"/><SP WIDTH="15" VPOS="1184" HPOS="810"/>
							<String ID="string_266" HPOS="825" VPOS="1184" WIDTH="35" HEIGHT="21" WC="0.96" CONTENT="för"/><SP WIDTH="16" VPOS="1184" HPOS="860"/>
							<String ID="string_267" HPOS="876" VPOS="1186" WIDTH="31" HEIGHT="19" WC="0.96" CONTENT="att"/><SP WIDTH="15" VPOS="1186" HPOS="907"/>
							<String ID="string_268" HPOS="922" VPOS="1183" WIDTH="30" HEIGHT="21" WC="0.96" CONTENT="nå"/><SP WIDTH="16" VPOS="1183" HPOS="952"/>
							<String ID="string_269" HPOS="968" VPOS="1183" WIDTH="36" HEIGHT="21" WC="0.96" CONTENT="det"/>
						</TextLine>
						<TextLine ID="line_34" HPOS="253" VPOS="1214" WIDTH="749" HEIGHT="27">
							<String ID="string_270" HPOS="253" VPOS="1214" WIDTH="93" HEIGHT="21" WC="0.92" CONTENT="afsedda"/><SP WIDTH="25" VPOS="1214" HPOS="346"/>
							<String ID="string_271" HPOS="371" VPOS="1214" WIDTH="73" HEIGHT="21" WC="0.96" CONTENT="målet."/><SP WIDTH="34" VPOS="1214" HPOS="444"/>
							<String ID="string_272" HPOS="478" VPOS="1214" WIDTH="34" HEIGHT="21" WC="0.96" CONTENT="Ett"/><SP WIDTH="23" VPOS="1214" HPOS="512"/>
							<String ID="string_273" HPOS="535" VPOS="1214" WIDTH="70" HEIGHT="27" WC="0.96" CONTENT="dylikt"/><SP WIDTH="22" VPOS="1214" HPOS="605"/>
							<String ID="string_274" HPOS="627" VPOS="1214" WIDTH="128" HEIGHT="21" WC="0.96" CONTENT="förfarande"/><SP WIDTH="24" VPOS="1214" HPOS="755"/>
							<String ID="string_275" HPOS="779" VPOS="1214" WIDTH="44" HEIGHT="20" WC="0.96" CONTENT="kan"/><SP WIDTH="25" VPOS="1214" HPOS="823"/>
							<String ID="string_276" HPOS="848" VPOS="1214" WIDTH="17" HEIGHT="26" WC="0.94" CONTENT="ej"/><SP WIDTH="26" VPOS="1214" HPOS="865"/>
							<String ID="string_277" HPOS="891" VPOS="1216" WIDTH="67" HEIGHT="18" WC="0.96" CONTENT="annat"/><SP WIDTH="17" VPOS="1216" HPOS="958"/>
							<String ID="string_278" HPOS="975" VPOS="1215" WIDTH="27" HEIGHT="19" WC="0.96" CONTENT="än"/>
						</TextLine>
						<TextLine ID="line_35" HPOS="252" VPOS="1243" WIDTH="750" HEIGHT="27">
							<String ID="string_279" HPOS="252" VPOS="1244" WIDTH="72" HEIGHT="20" WC="0.96" CONTENT="väcka"/><SP WIDTH="24" VPOS="1244" HPOS="324"/>
							<String ID="string_280" HPOS="348" VPOS="1244" WIDTH="43" HEIGHT="21" WC="0.96" CONTENT="ond"/><SP WIDTH="25" VPOS="1244" HPOS="391"/>
							<String ID="string_281" HPOS="416" VPOS="1244" WIDTH="53" HEIGHT="21" WC="0.96" CONTENT="blod"/><SP WIDTH="24" VPOS="1244" HPOS="469"/>
							<String ID="string_282" HPOS="493" VPOS="1244" WIDTH="41" HEIGHT="20" WC="0.96" CONTENT="och"/><SP WIDTH="23" VPOS="1244" HPOS="534"/>
							<String ID="string_283" HPOS="557" VPOS="1244" WIDTH="145" HEIGHT="26" WC="0.95" CONTENT="missaktning"/><SP WIDTH="19" VPOS="1244" HPOS="702"/>
							<String ID="string_284" HPOS="721" VPOS="1243" WIDTH="34" HEIGHT="21" WC="0.96" CONTENT="för"/><SP WIDTH="16" VPOS="1243" HPOS="755"/>
							<String ID="string_285" HPOS="771" VPOS="1244" WIDTH="115" HEIGHT="26" WC="0.96" CONTENT="styrelsen,"/><SP WIDTH="17" VPOS="1244" HPOS="886"/>
							<String ID="string_286" HPOS="903" VPOS="1244" WIDTH="42" HEIGHT="20" WC="0.96" CONTENT="och"/><SP WIDTH="16" VPOS="1244" HPOS="945"/>
							<String ID="string_287" HPOS="961" VPOS="1243" WIDTH="41" HEIGHT="20" WC="0.96" CONTENT="den"/>
						</TextLine>
						<TextLine ID="line_36" HPOS="253" VPOS="1273" WIDTH="751" HEIGHT="27">
							<String ID="string_288" HPOS="253" VPOS="1274" WIDTH="108" HEIGHT="26" WC="0.95" CONTENT="skildring"/><SP WIDTH="16" VPOS="1274" HPOS="361"/>
							<String ID="string_289" HPOS="377" VPOS="1274" WIDTH="22" HEIGHT="20" WC="0.95" CONTENT="af"/><SP WIDTH="16" VPOS="1274" HPOS="399"/>
							<String ID="string_290" HPOS="415" VPOS="1273" WIDTH="117" HEIGHT="27" WC="0.96" CONTENT="tillgången"/><SP WIDTH="16" VPOS="1273" HPOS="532"/>
							<String ID="string_291" HPOS="548" VPOS="1274" WIDTH="35" HEIGHT="20" WC="0.95" CONTENT="vid"/><SP WIDTH="18" VPOS="1274" HPOS="583"/>
							<String ID="string_292" HPOS="601" VPOS="1273" WIDTH="168" HEIGHT="27" WC="0.92" CONTENT="ifrågavarande"/><SP WIDTH="11" VPOS="1273" HPOS="769"/>
							<String ID="string_293" HPOS="780" VPOS="1273" WIDTH="224" HEIGHT="21" WC="0.91" CONTENT="kommunalstämma"/>
						</TextLine>
						<TextLine ID="line_37" HPOS="253" VPOS="1302" WIDTH="749" HEIGHT="28">
							<String ID="string_294" HPOS="253" VPOS="1303" WIDTH="6" HEIGHT="20" WC="0.93" CONTENT="i"/><SP WIDTH="18" VPOS="1303" HPOS="259"/>
							<String ID="string_295" HPOS="277" VPOS="1303" WIDTH="117" HEIGHT="23" WC="0.91" CONTENT="Soanlaks,"/><SP WIDTH="24" VPOS="1303" HPOS="394"/>
							<String ID="string_296" HPOS="418" VPOS="1303" WIDTH="85" HEIGHT="27" WC="0.90" CONTENT="hvarpå"/><SP WIDTH="16" VPOS="1303" HPOS="503"/>
							<String ID="string_297" HPOS="519" VPOS="1302" WIDTH="138" HEIGHT="23" WC="0.96" CONTENT="förestående"/><SP WIDTH="17" VPOS="1302" HPOS="657"/>
							<String ID="string_298" HPOS="674" VPOS="1303" WIDTH="162" HEIGHT="27" WC="0.95" CONTENT="framställning"/><SP WIDTH="15" VPOS="1303" HPOS="836"/>
							<String ID="string_299" HPOS="851" VPOS="1303" WIDTH="97" HEIGHT="27" WC="0.96" CONTENT="grundar"/><SP WIDTH="16" VPOS="1303" HPOS="948"/>
							<String ID="string_300" HPOS="964" VPOS="1303" WIDTH="38" HEIGHT="25" WC="0.96" CONTENT="sig,"/>
						</TextLine>
						<TextLine ID="line_38" HPOS="254" VPOS="1332" WIDTH="749" HEIGHT="28">
							<String ID="string_301" HPOS="254" VPOS="1333" WIDTH="60" HEIGHT="21" WC="0.96" CONTENT="visar"/><SP WIDTH="15" VPOS="1333" HPOS="314"/>
							<String ID="string_302" HPOS="329" VPOS="1334" WIDTH="79" HEIGHT="26" WC="0.96" CONTENT="tydligt"/><SP WIDTH="16" VPOS="1334" HPOS="408"/>
							<String ID="string_303" HPOS="424" VPOS="1335" WIDTH="30" HEIGHT="19" WC="0.96" CONTENT="att"/><SP WIDTH="17" VPOS="1335" HPOS="454"/>
							<String ID="string_304" HPOS="471" VPOS="1333" WIDTH="122" HEIGHT="21" WC="0.95" CONTENT="detsamma"/><SP WIDTH="19" VPOS="1333" HPOS="593"/>
							<String ID="string_305" HPOS="612" VPOS="1332" WIDTH="132" HEIGHT="22" WC="0.94" CONTENT="åtminstone"/><SP WIDTH="17" VPOS="1332" HPOS="744"/>
							<String ID="string_306" HPOS="761" VPOS="1333" WIDTH="6" HEIGHT="20" WC="0.96" CONTENT="i"/><SP WIDTH="17" VPOS="1333" HPOS="767"/>
							<String ID="string_307" HPOS="784" VPOS="1333" WIDTH="61" HEIGHT="21" WC="0.96" CONTENT="detta"/><SP WIDTH="15" VPOS="1333" HPOS="845"/>
							<String ID="string_308" HPOS="860" VPOS="1332" WIDTH="38" HEIGHT="21" WC="0.95" CONTENT="fall"/><SP WIDTH="16" VPOS="1332" HPOS="898"/>
							<String ID="string_309" HPOS="914" VPOS="1332" WIDTH="47" HEIGHT="22" WC="0.96" CONTENT="haft"/><SP WIDTH="16" VPOS="1332" HPOS="961"/>
							<String ID="string_310" HPOS="977" VPOS="1338" WIDTH="26" HEIGHT="15" WC="0.96" CONTENT="en"/>
						</TextLine>
						<TextLine ID="line_39" HPOS="253" VPOS="1362" WIDTH="168" HEIGHT="28">
							<String ID="string_311" HPOS="253" VPOS="1362" WIDTH="61" HEIGHT="28" WC="0.91" CONTENT="dylik"/><SP WIDTH="16" VPOS="1362" HPOS="314"/>
							<String ID="string_312" HPOS="330" VPOS="1363" WIDTH="91" HEIGHT="21" WC="0.91" CONTENT="värkan."/>
						</TextLine>
					</TextBlock>
					<TextBlock ID="block_3" HPOS="253" VPOS="1392" WIDTH="751" HEIGHT="116">
						<TextLine ID="line_40" HPOS="324" VPOS="1392" WIDTH="679" HEIGHT="27">
							<String ID="string_313" HPOS="324" VPOS="1392" WIDTH="40" HEIGHT="21" WC="0.96" CONTENT="Det"/><SP WIDTH="15" VPOS="1392" HPOS="364"/>
							<String ID="string_314" HPOS="379" VPOS="1393" WIDTH="41" HEIGHT="20" WC="0.96" CONTENT="har"/><SP WIDTH="16" VPOS="1393" HPOS="420"/>
							<String ID="string_315" HPOS="436" VPOS="1393" WIDTH="92" HEIGHT="26" WC="0.93" CONTENT="tidigare"/><SP WIDTH="18" VPOS="1393" HPOS="528"/>
							<String ID="string_316" HPOS="546" VPOS="1393" WIDTH="86" HEIGHT="26" WC="0.92" CONTENT="antydts"/><SP WIDTH="17" VPOS="1393" HPOS="632"/>
							<String ID="string_317" HPOS="649" VPOS="1393" WIDTH="105" HEIGHT="20" WC="0.92" CONTENT="hurusom"/><SP WIDTH="18" VPOS="1393" HPOS="754"/>
							<String ID="string_318" HPOS="772" VPOS="1392" WIDTH="37" HEIGHT="21" WC="0.96" CONTENT="det"/><SP WIDTH="16" VPOS="1392" HPOS="809"/>
							<String ID="string_319" HPOS="825" VPOS="1392" WIDTH="113" HEIGHT="21" WC="0.93" CONTENT="lutherska"/><SP WIDTH="18" VPOS="1392" HPOS="938"/>
							<String ID="string_320" HPOS="956" VPOS="1393" WIDTH="47" HEIGHT="25" WC="0.92" CONTENT="prä-"/>
						</TextLine>
						<TextLine ID="line_41" HPOS="253" VPOS="1421" WIDTH="750" HEIGHT="27">
							<String ID="string_321" HPOS="253" VPOS="1422" WIDTH="125" HEIGHT="26" WC="0.92" CONTENT="sterskapet"/><SP WIDTH="23" VPOS="1422" HPOS="378"/>
							<String ID="string_322" HPOS="401" VPOS="1422" WIDTH="71" HEIGHT="22" WC="0.96" CONTENT="under"/><SP WIDTH="16" VPOS="1422" HPOS="472"/>
							<String ID="string_323" HPOS="488" VPOS="1422" WIDTH="42" HEIGHT="21" WC="0.96" CONTENT="den"/><SP WIDTH="18" VPOS="1422" HPOS="530"/>
							<String ID="string_324" HPOS="548" VPOS="1422" WIDTH="128" HEIGHT="21" WC="0.95" CONTENT="nuvarande"/><SP WIDTH="16" VPOS="1422" HPOS="676"/>
							<String ID="string_325" HPOS="692" VPOS="1423" WIDTH="150" HEIGHT="25" WC="0.96" CONTENT="guvernörens"/><SP WIDTH="17" VPOS="1423" HPOS="842"/>
							<String ID="string_326" HPOS="859" VPOS="1422" WIDTH="30" HEIGHT="20" WC="0.93" CONTENT="tid"/><SP WIDTH="17" VPOS="1422" HPOS="889"/>
							<String ID="string_327" HPOS="906" VPOS="1422" WIDTH="40" HEIGHT="20" WC="0.92" CONTENT="tidt"/><SP WIDTH="16" VPOS="1422" HPOS="946"/>
							<String ID="string_328" HPOS="962" VPOS="1421" WIDTH="41" HEIGHT="21" WC="0.95" CONTENT="och"/>
						</TextLine>
						<TextLine ID="line_42" HPOS="253" VPOS="1451" WIDTH="751" HEIGHT="27">
							<String ID="string_329" HPOS="253" VPOS="1452" WIDTH="47" HEIGHT="20" WC="0.93" CONTENT="ofta"/><SP WIDTH="17" VPOS="1452" HPOS="300"/>
							<String ID="string_330" HPOS="317" VPOS="1452" WIDTH="115" HEIGHT="20" WC="0.92" CONTENT="besvärats"/><SP WIDTH="17" VPOS="1452" HPOS="432"/>
							<String ID="string_331" HPOS="449" VPOS="1452" WIDTH="49" HEIGHT="21" WC="0.96" CONTENT="med"/><SP WIDTH="18" VPOS="1452" HPOS="498"/>
							<String ID="string_332" HPOS="516" VPOS="1454" WIDTH="31" HEIGHT="19" WC="0.93" CONTENT="att"/><SP WIDTH="15" VPOS="1454" HPOS="547"/>
							<String ID="string_333" HPOS="562" VPOS="1452" WIDTH="81" HEIGHT="26" WC="0.92" CONTENT="afgifva"/><SP WIDTH="11" VPOS="1452" HPOS="643"/>
							<String ID="string_334" HPOS="654" VPOS="1452" WIDTH="148" HEIGHT="26" WC="0.96" CONTENT="förklaringar"/><SP WIDTH="11" VPOS="1452" HPOS="802"/>
							<String ID="string_335" HPOS="813" VPOS="1452" WIDTH="62" HEIGHT="20" WC="0.96" CONTENT="öfver"/><SP WIDTH="11" VPOS="1452" HPOS="875"/>
							<String ID="string_336" HPOS="886" VPOS="1451" WIDTH="118" HEIGHT="21" WC="0.96" CONTENT="allehanda"/>
						</TextLine>
						<TextLine ID="line_43" HPOS="253" VPOS="1480" WIDTH="751" HEIGHT="28">
							<String ID="string_337" HPOS="253" VPOS="1487" WIDTH="79" HEIGHT="20" WC="0.92" CONTENT="genom"/><SP WIDTH="19" VPOS="1487" HPOS="332"/>
							<String ID="string_338" HPOS="351" VPOS="1481" WIDTH="218" HEIGHT="27" WC="0.91" CONTENT="guvernörsembetet"/><SP WIDTH="15" VPOS="1481" HPOS="569"/>
							<String ID="string_339" HPOS="584" VPOS="1481" WIDTH="32" HEIGHT="21" WC="0.95" CONTENT="till"/><SP WIDTH="12" VPOS="1481" HPOS="616"/>
							<String ID="string_340" HPOS="628" VPOS="1481" WIDTH="145" HEIGHT="26" WC="0.95" CONTENT="domkapitlet"/><SP WIDTH="11" VPOS="1481" HPOS="773"/>
							<String ID="string_341" HPOS="784" VPOS="1481" WIDTH="105" HEIGHT="21" WC="0.93" CONTENT="inkomna"/><SP WIDTH="11" VPOS="1481" HPOS="889"/>
							<String ID="string_342" HPOS="900" VPOS="1480" WIDTH="104" HEIGHT="22" WC="0.92" CONTENT="ohemula"/>
						</TextLine>
					</TextBlock>
				</ComposedBlock>
				<ComposedBlock ID="cblock_2" HPOS="325" VPOS="1522" WIDTH="311" HEIGHT="19">
					<TextBlock ID="block_4" HPOS="325" VPOS="1522" WIDTH="311" HEIGHT="19">
						<TextLine ID="line_44" HPOS="325" VPOS="1522" WIDTH="311" HEIGHT="19">
							<String ID="string_343" HPOS="325" VPOS="1522" WIDTH="62" HEIGHT="18" WC="0.91" CONTENT="Särsk."/><SP WIDTH="14" VPOS="1522" HPOS="387"/>
							<String ID="string_344" HPOS="401" VPOS="1522" WIDTH="53" HEIGHT="18" WC="0.89" CONTENT="Besv."/><SP WIDTH="13" VPOS="1522" HPOS="454"/>
							<String ID="string_345" HPOS="467" VPOS="1523" WIDTH="45" HEIGHT="17" WC="0.93" CONTENT="utsk."/><SP WIDTH="14" VPOS="1523" HPOS="512"/>
							<String ID="string_346" HPOS="526" VPOS="1523" WIDTH="31" HEIGHT="18" WC="0.96" CONTENT="bet."/><SP WIDTH="13" VPOS="1523" HPOS="557"/>
							<String ID="string_347" HPOS="570" VPOS="1523" WIDTH="35" HEIGHT="18" WC="0.96" CONTENT="N:o"/><SP WIDTH="14" VPOS="1523" HPOS="605"/>
							<String ID="string_348" HPOS="619" VPOS="1523" WIDTH="17" HEIGHT="17" WC="0.96" CONTENT="4."/>
						</TextLine>
					</TextBlock>
				</ComposedBlock>
			</PrintSpace>
		</Page>
	</Layout>
</alto>
