1114 1775
255 158 27 20 16
422 157 74 23 Ständ.
512 157 44 22 Pet.
571 169 28 4 —
615 156 145 24 Petitionsbet.
776 157 36 23 N:o
827 157 22 22 3.

253 229 126 22 instämma
397 236 32 15 nu
447 228 139 23 församlade
604 228 102 23 Ständer
721 240 32 4 —
765 228 87 30 ,gäller
870 232 63 19 ännu
950 236 65 16 mera

255 268 29 18 än
303 263 41 22 vid
363 262 79 30 andra,
461 265 35 20 att
514 263 28 22 de
560 264 35 21 för
614 266 35 20 att
666 263 72 22 verka
753 263 190 29 välsignelserikt
957 264 57 22 böra

253 297 141 23 verkställas
412 298 53 22 med
482 300 100 26 ytterstä
600 297 133 23 varsamhet
752 297 49 28 och,
820 297 75 23 under
906 298 108 30 ständigt

254 331 250 30 uppmärksammande
522 332 24 22 af
563 332 181 29 befolkningens
761 332 71 22 behof
845 332 43 22 och
900 332 113 23 önsknin-

253 374 50 21 gar,
327 374 64 22 noga
414 366 139 23 skärskädas
577 367 52 22 frän
648 366 46 23 alla
712 366 69 28 sidor,
800 367 71 21 innan
891 366 29 22 de
938 369 75 20 sättas

253 402 10 21 i
280 401 102 22 verket.f
420 400 196 23 Genomförandet
635 402 24 21 af
676 401 196 29 förändringarna
889 400 43 23 har
949 401 64 22 skett

253 436 153 28 hänsynslöst
430 435 43 23 och
492 435 92 30 oroligt,
602 436 74 22 ehuru
694 435 40 22 det
752 440 26 17 är
796 443 28 15 en
844 435 86 23 allmän
948 436 64 28 regel

253 470 37 22 för
313 470 111 22 reformer
447 470 9 22 i
480 470 169 28 skolväsendet,
672 472 36 20 att
725 470 159 28 öfvergängen
902 470 51 22 frän
972 469 41 23 det

254 505 78 29 gamla
350 504 38 22 till
405 504 41 22 det
463 512 47 21 nya
528 504 42 23 bör
588 504 40 22 ske
646 505 127 22 successivt
795 504 44 22 och
856 504 77 29 lugnt.
966 504 46 22 Det

253 539 77 29 ligger
348 539 61 21 intet
426 539 90 22 förnuft
531 539 9 21 i
552 541 35 20 att
598 540 136 28 genomföra
746 538 165 30 förändringar
922 540 30 28 pä
964 541 49 20 sätt

254 580 48 16 som
321 573 87 23 skedde
426 576 17 20 t.
462 581 34 15 ex.
514 573 52 22 med
587 576 62 20 1901
671 574 37 22 års
724 573 190 30 lektionspianer,
928 574 29 22 dä
968 580 44 16 un-

254 608 168 29 dervisningen
440 609 8 21 i
466 608 71 29 ryska
554 608 74 22 måste
646 608 97 29 vidtaga
761 607 123 30 samtidigt
901 609 31 28 pä
949 608 32 22 kl.
999 608 13 22 I

254 642 44 23 och
322 642 31 22 kl.
378 643 24 22 II
426 643 18 28 (i
462 643 114 22 klassiska
593 643 78 28 lyceer
688 643 32 28 pä
737 643 31 22 kl
787 642 84 29 I—V),
890 642 44 23 och
952 643 8 21 i
978 642 32 23 kl.

253 677 12 22 I
284 676 52 23 med
354 677 98 22 dubbelt
470 678 26 21 sä
514 679 58 20 stort
591 677 109 22 timantal
718 684 48 15 som
786 677 8 21 i
812 677 32 22 kl.
856 677 31 28 II,
900 677 52 22 med
965 677 45 22 den

253 711 91 30 påföljd
369 714 35 20 att
427 711 108 23 eleverna
552 712 30 29 pä
600 711 31 22 kl.
655 711 6 22 I
679 711 133 23 medhunno
830 711 82 29 längre
930 711 81 22 kurser

254 750 29 18 än
303 746 108 22 eleverna
428 746 31 29 pä
477 746 31 22 kl.
526 746 30 22 IL

323 778 78 25 Äfven
422 780 106 23 fränsedt
545 780 39 22 det
602 780 139 29 förkastliga
758 782 72 20 sättet
848 780 35 22 för
900 779 111 23 beredan-

253 815 40 22 det
311 815 44 22 och
372 814 193 30 genomförandet
582 815 24 22 af
624 814 28 22 de
665 815 71 22 sedan
752 815 62 21 1901
829 813 114 30 vidtagna
954 815 56 22 änd-

253 849 111 30 ringarna
383 849 23 22 af
424 849 29 22 de
471 849 72 29 högre
560 849 150 22 läroverkens
728 849 190 29 lektionsplaner,
936 849 75 22 mäste

253 883 83 23 domen
354 884 65 22 öfver
437 883 52 23 dem
507 883 83 23 utfalla
608 883 94 29 mycket
720 885 147 27 ogynnsamt.
894 883 46 22 Väl
958 883 52 22 sak-

253 926 42 14 nas
320 922 64 18 ännu
406 918 140 29 fullständig
569 917 133 23 erfarenhet
719 925 37 15 om
775 917 67 23 deras
860 917 150 30 verkningar,

252 960 53 14 men
333 952 85 29 själfva
442 954 65 20 arten
531 952 55 22 eller
609 952 138 29 riktningen
766 952 24 22 af
808 951 157 29 ändringarna
984 956 26 18 är

252 986 81 27 sådan,
358 989 36 20 att
413 989 35 19 ett
465 988 97 28 misstag
579 987 9 21 i
606 986 156 23 bedömandet
780 987 24 21 af
822 986 117 23 desamma
956 986 53 22 icke

253 1025 25 18 är
295 1021 99 29 möjligt.

322 1056 35 22 Ur
379 1055 144 30 pedagogisk
546 1056 122 29 synpunkt
690 1056 38 22 mä
748 1056 60 21 först
825 1055 130 29 anmärkas,
974 1058 36 20 att

253 1090 40 22 det
316 1090 9 22 i
351 1090 64 22 1903
436 1091 36 21 års
490 1090 184 29 lektionsplaner
691 1091 35 21 för
744 1090 265 22 elementarläroverken

251 1125 25 21 ät
300 1124 70 30 ryska
395 1125 95 29 språket
507 1125 107 29 inslagna
632 1125 134 22 timantalet
784 1136 28 4 —
831 1124 33 22 40
882 1124 127 23 veckotim-

251 1167 57 21 mar,
327 1159 57 22 eller
402 1160 8 21 i
428 1159 110 22 medeltal
557 1160 13 21 5
590 1166 42 22 per
649 1159 64 23 klass
740 1172 14 3 —
767 1159 9 21 i
794 1158 44 23 och
855 1159 37 22 för
910 1159 42 29 sig,
965 1159 44 22 och

251 1194 91 22 oafsedt
360 1194 47 22 alla
425 1194 73 23 andra
516 1193 204 30 omständigheter,
739 1198 26 18 är
782 1194 36 23 för
836 1193 64 29 högt.
937 1193 72 23 Detta

251 1228 75 29 gäller
351 1229 69 22 äfven
446 1229 65 22 1904
530 1229 36 21 ärs
583 1228 187 30 lektionsplaner
787 1229 37 22 för
841 1228 169 22 fruntimmers-

251 1263 110 22 skolorna
373 1263 7 22 i
395 1263 128 22 Sordavala
539 1263 43 22 och
596 1263 64 22 Vasa
675 1263 52 22 med
744 1264 32 21 24
789 1261 169 24 veckotimmar
972 1263 37 22 för

251 1297 71 29 ryska
346 1297 97 30 spräket
467 1298 56 21 eller
546 1299 8 20 i
573 1297 40 22 det
636 1300 117 19 närmaste
777 1298 14 21 5
811 1304 40 23 per
869 1297 70 22 klass.
974 1297 36 22 Pä

249 1332 109 23 eleverna
375 1332 85 22 verkar
478 1332 39 22 det
534 1332 61 22 blott
613 1331 119 23 tröttande
744 1332 45 22 och
800 1330 209 24 intressedödande

251 1369 36 20 att
313 1367 25 22 sä
360 1367 59 29 godt
443 1374 48 15 som
514 1366 80 29 hvarje
613 1366 47 30 dag
678 1366 75 23 under
771 1366 54 23 hela
843 1365 117 23 skoltiden
978 1365 31 23 ha

249 1409 30 14 en
305 1401 91 23 lektion
419 1402 8 21 i
451 1408 87 15 samma
561 1401 77 29 spräk.
673 1401 47 22 Det
737 1400 53 23 med
808 1400 201 29 undervisningen

249 1435 97 23 afsedda
373 1435 134 24 ändamälet
533 1436 91 29 uppnäs
648 1435 52 23 med
724 1439 36 18 ett
782 1435 119 29 betydligt
918 1434 91 23 mindre

248 1471 117 28 timanta],
390 1478 37 15 om
448 1471 199 29 undervisningen
665 1473 48 20 rätt
730 1470 125 23 bedrifves.
890 1469 13 22 I
920 1469 89 29 länder,
