1111 1775
275 164 347 23 Petitionsbetänkande
637 163 54 23 N:o
708 165 26 21 7.
839 164 42 22 137

202 392 150 26 Öfversättning.

459 455 96 21 XXIV.

419 522 126 26 Protokoll,
569 521 61 21 fördt
646 521 38 21 vid
705 521 174 27 ungdomsföre-

363 551 85 27 ningen
472 551 118 21 »Kasvi»'s
606 551 116 27 offentliga
738 553 64 19 extra
818 552 62 19 möte

363 582 44 20 den
425 582 25 20 21
467 581 92 28 januari
578 581 62 21 1905.

484 682 50 25 81.

204 730 46 20 För
266 730 133 20 diskussion
416 729 25 20 af
454 729 81 27 frågan
554 737 8 11 »
567 729 78 21 Under
660 729 122 21 hurudana
794 729 84 21 förhäl-

129 761 89 20 landen
241 760 43 20 har
305 759 41 21 vär
362 759 233 27 ungdomsförenings
612 759 146 21 verksamhet
774 761 38 25 ägt
827 766 51 14 rum

134 791 45 20 och
203 790 43 20 har
270 789 135 21 densamma
422 789 30 27 pä
469 789 70 27 något
554 790 45 20 sätt
615 789 104 20 bindrats
736 789 24 21 af
774 789 104 27 myndig-

134 821 108 20 heterna»
261 819 60 20 hölls
338 819 175 21 ofvannämnda
529 819 45 27 dag
590 821 31 18 ett
636 820 68 25 möte,
722 819 43 21 och
782 819 98 21 fattades

131 849 84 22 därvid
232 849 101 27 följande
350 849 84 20 beslut.

206 880 41 20 1:0.
280 879 45 20 Till
349 878 55 28 följd
429 878 21 21 af
475 878 252 28 polismyndigheterna
749 879 68 20 hafva
834 879 44 21 för-

129 909 143 21 hällandena
300 909 36 20 för
364 908 263 27 ungdomsföreningens
650 909 147 20 verksamhet
821 909 59 20 varit

131 940 94 26 mycket
248 939 67 20 svära
339 939 44 20 och
407 938 78 27 dystra
510 939 61 20 ända
591 938 51 20 frän
659 938 145 27 Mariedagen
823 939 56 20 1903

131 970 47 20 tills
195 975 39 14 nu.
266 968 76 21 Sedan
358 968 53 21 dess
427 968 43 20 har
486 968 41 20 vär
543 968 220 27 ungdomsförening
779 968 51 21 icke
846 975 33 14 er-

134 999 66 21 hällit
216 998 103 21 tillständ
336 998 33 20 till
386 998 109 20 hällande
513 998 24 20 af
551 998 69 26 nägot
636 998 60 26 slags
712 998 118 20 allmänna
847 998 31 20 af-

134 1028 172 26 tonsamkväm,
322 1028 51 20 icke
389 1034 41 14 ens
445 1028 114 26 ärsfester,
571 1028 73 20 ehuru
656 1028 40 20 vär
707 1027 172 27 ungdomsföre-

134 1059 56 26 ning
214 1058 98 20 anhällit
334 1064 37 14 om
388 1057 105 21 tillständ
509 1058 34 20 till
560 1058 44 20 och
621 1058 52 20 med
689 1058 25 20 af
727 1059 151 25 guvernören,

131 1094 53 14 men
202 1088 119 26 förgäfves.

204 1118 41 20 2:0.
279 1117 203 27 Poliskonstapeln
507 1118 30 20 M.
559 1117 131 21 Kukkonen
709 1117 43 21 har
767 1117 113 27 uppburit

132 1147 92 26 oskälig
240 1147 104 27 aflöning
359 1149 14 19 t.
391 1153 42 14 ex.:
450 1147 36 20 för
498 1146 249 28 ungdomsföreningen
761 1155 6 10 »
775 1146 104 21 Kasvi»'s

133 1177 85 21 årsfest
241 1177 44 20 den
308 1178 24 19 11
352 1177 89 26 augusti
460 1177 57 20 1902
535 1176 90 28 uppbar
640 1177 100 20 nämnde
757 1177 122 27 konstapel

135 1208 25 20 12
178 1207 65 20 mark
260 1207 28 20 36
305 1208 76 26 penni.

483 1267 13 25 8
513 1267 20 20 2.

205 1314 38 20 Att
258 1314 134 27 föreningen
404 1314 51 21 lidit
466 1314 64 21 såväl
543 1314 111 21 materiell
665 1321 50 14 som
727 1314 67 21 ideell
806 1314 72 20 skada

130 1350 86 21 genom
233 1344 204 27 myndigheternas
453 1344 146 27 godtyckliga
616 1343 110 28 åtgärder.

477 1404 12 26 s
502 1389 25 47 3.

205 1452 71 20 Mötet
292 1452 101 21 uttalade
410 1451 38 21 sitt
465 1452 115 26 ogillande
597 1451 52 20 med
666 1451 124 26 anledning
806 1451 72 26 däraf,

128 1484 35 18 att
174 1481 192 27 myndigheterna
377 1481 132 21 förhindrat
520 1481 115 21 hållandet
648 1481 24 20 af
683 1481 195 26 aftonsamkväm,

203 1523 59 17 Särsk,
274 1523 50 17 Besv,
337 1523 42 18 utsk,
393 1523 28 16 bet.
435 1522 34 18 N:o
482 1527 16 16 4.
