1111 1778
291 154 276 23 Petitionsbetänkande
583 154 45 23 N:o
643 154 19 21 1.
830 155 25 20 11

177 220 7 20 I
209 220 36 22 det
266 219 133 28 föregäende
416 220 38 20 äro
471 220 47 21 icke
535 219 44 22 alla
595 219 27 21 de
639 218 218 28 lagstiftningsätgär-

107 250 39 21 der
162 250 87 25 nämda,
267 256 48 14 som
331 250 69 21 sedan
422 248 25 22 är
468 249 57 21 1899
541 249 126 22 tillkommit
682 249 51 21 med
749 249 108 21 afvikelse

107 278 49 22 frän
180 280 42 21 den
246 280 7 20 i
277 279 108 27 grundlag
408 279 106 27 stadgade
533 279 128 27 ordningen.
694 279 164 27 Författningar

107 310 22 21 af
145 309 60 21 detta
220 310 47 26 slag
283 308 71 22 finnas
366 308 142 22 förtecknade
520 309 7 21 i
538 308 88 28 bilagda
638 308 110 28 öfversigt,
761 308 46 26 där,
820 315 37 15 un-

107 339 39 21 der
162 339 39 21 litt.
218 339 32 26 A.,
271 339 26 20 de
316 338 156 27 författningar
487 339 116 26 upptagits,
616 338 86 21 hvilkas
714 338 143 21 omedelbara

107 368 156 27 upphäfvande
279 369 49 20 icke
344 368 72 21 skulle
426 368 101 22 medföra
538 368 73 27 någon
622 368 119 22 osäkerhet
750 375 37 14 om
798 368 59 21 hvad

107 399 6 20 i
131 398 64 21 deras
211 399 64 21 ställe
296 399 57 20 skall
369 404 54 15 vara
438 398 102 27 gällande
557 398 42 27 lag,
616 400 57 19 samt
688 398 71 21 under
775 398 40 21 litt.
832 398 24 21 B.

107 428 43 21 och
171 427 22 22 C.
215 429 27 21 de
259 428 70 27 öfriga
345 428 161 27 författningar,
522 428 87 21 hvilkas
625 427 158 28 upphäfvande
799 428 7 21 i
823 428 34 21 sin

107 458 74 22 helhet
196 458 53 21 eller
265 458 31 21 till
313 459 59 20 vissa
388 457 62 22 delar
466 457 72 22 skulle
557 457 89 28 påkalla
662 458 111 27 samtidigt
789 458 68 21 vidta-

107 487 71 28 gande
194 488 23 21 af
232 488 150 27 provisoriska
399 487 146 28 förfoganden
561 488 54 21 eller
631 487 41 22 ock
689 487 110 22 särskilda
814 488 43 26 lag-

107 517 220 28 stiftningsåtgärder.

179 548 23 27 Ej
219 548 69 21 heller
304 548 41 21 har
361 547 105 22 utskottet
482 548 40 21 här
538 547 67 22 ofvan
617 547 73 21 berört
701 547 44 22 alla
756 547 27 22 de
795 548 62 20 miss-

108 577 153 22 förhållanden
278 578 7 21 i
301 577 212 26 administrationen,
530 577 75 21 hvilka
621 577 103 26 framgått
739 584 27 14 ur
781 577 28 22 de
825 583 32 15 se-

107 610 63 19 naste
194 607 64 22 årens
275 607 83 27 politik.
376 607 74 21 Ehuru
462 607 73 22 denna
546 607 168 27 framställning,
726 607 7 21 i
743 607 58 21 hvad
814 607 43 21 den

108 638 65 21 berör
187 638 66 21 dessa
269 637 215 26 missförhållanden,
501 637 203 27 vidhandengifver,
721 640 31 18 att
768 643 27 15 en
811 639 46 19 stor

107 667 36 22 del
159 667 24 22 af
198 667 174 27 förvaltningens
393 667 191 27 samhällsnyttiga
603 667 111 27 uppgifter
729 667 71 21 under
814 667 43 21 den

107 699 87 19 senaste
205 698 59 20 tiden
276 697 132 27 ombesörjts
419 696 29 27 på
459 699 30 19 ett
497 697 86 21 mindre
595 697 150 26 omsorgsfullt
758 697 42 21 och
809 696 48 21 sak-

106 726 92 27 kunnigt
209 728 42 20 sätt
267 728 28 20 än
313 726 117 26 tillförene,
446 727 48 21 visa
510 726 68 22 likväl
594 726 174 28 utgiftsstaterna
779 726 35 21 för
830 726 27 21 de

107 759 76 18 senast
192 756 105 21 förflutna
307 756 53 21 åren
372 757 7 20 i
391 756 140 27 fortlöpande
542 757 95 26 stegring
648 756 140 27 synnerligen
798 756 60 27 bety-

107 786 72 21 dande
201 786 152 27 förhöjningar
378 786 34 21 för
433 786 110 21 särskilda
564 786 230 27 förvaltningsgrenar.
820 785 38 22 Sä-

107 815 68 22 lunda
190 816 66 27 stiger
272 816 181 27 sammanlaggda
469 816 103 27 beloppet
584 816 23 21 af
617 816 41 21 här
673 816 93 21 afsedda
777 815 80 27 förhöj-

107 846 78 26 ningar
201 845 13 22 ä
228 845 57 22 1904
298 845 36 22 ärs
348 846 126 27 utgiftsstat,
485 845 95 28 jämförd
591 846 78 21 endast
681 845 50 22 med
742 847 72 20 staten
823 845 35 21 för

107 875 25 22 är
141 871 56 35 1903,
207 876 36 25 till
250 877 83 20 inemot
340 876 38 21 tvä
388 875 102 27 miljoner
500 875 69 22 mark.
586 875 71 22 Bland
666 875 65 21 dessa
737 875 120 27 förhöjnin-

107 911 40 21 gar
155 905 80 28 belöpa
247 905 38 27 sig,
298 906 5 20 i
311 906 76 26 jämna
396 906 96 21 tusental
503 906 63 21 mark
581 905 95 28 angifna,
690 905 96 26 277,000
794 905 63 21 mark

108 935 13 22 ä
143 935 308 27 Ekonomiedepartementets
470 936 7 20 i
496 935 96 22 Senaten
612 937 49 24 stat,
675 935 80 26 21,000
768 935 63 21 mark
845 934 13 22 ä

108 965 207 26 Statsekretariatet,
327 965 94 26 144,000
431 966 63 20 markä
521 967 71 20 staten
599 965 34 22 för
638 965 219 26 generalguvernörs-

107 994 95 22 kansliet
210 995 67 26 jämte
283 995 134 26 tjänstemän
424 995 34 21 för
464 995 109 22 särskilda
579 995 101 27 uppdrag
685 995 40 21 hos
731 995 126 27 generalgu-

108 1025 113 26 vernören,
229 1025 81 25 92,000
317 1024 80 23 markä
406 1025 193 28 länestyrelserna,
605 1025 96 25 329,000
706 1025 62 21 mark
768 1019 14 38 ä
777 1023 81 23 stats-

107 1054 88 21 värkets
211 1055 66 21 andel
293 1055 7 20 i
314 1055 124 21 kostnaden
452 1055 36 21 för
503 1054 148 28 polisvärden,
668 1055 81 25 21,000
765 1055 63 20 mark
844 1054 14 21 å

107 1090 116 20 censuren,
247 1084 82 26 25,000
352 1084 62 22 mark
439 1084 13 21 å
479 1085 80 21 »krets-
583 1085 41 21 och
646 1084 211 25 länenämnderna»,

109 1113 95 27 100,000
225 1114 62 21 mark
308 1114 13 21 ä
343 1114 124 26 tullverket,
489 1114 96 26 214,000
605 1114 63 22 mark
686 1114 34 21 för
736 1114 122 26 aflöningar

107 1143 36 21 vid
153 1144 213 27 statsjernvägarnas
371 1144 225 27 centralförvaltning,
604 1144 151 22 hvarförutom
761 1143 97 26 687,000

106 1173 63 21 mark
186 1174 104 27 anslagits
306 1174 35 21 för
356 1174 168 27 gendarmeriet.

176 1202 29 22 Af
225 1204 39 21 allt
285 1204 38 21 det
343 1204 93 21 anförda
455 1204 63 21 torde
539 1203 91 27 framgä,
648 1205 31 19 att
694 1210 27 14 en
738 1204 120 26 genomgri-

107 1233 72 27 pande
203 1234 213 27 systemförändring
438 1235 26 20 är
480 1234 23 21 af
518 1236 91 25 ytterstä
625 1234 67 20 behof
708 1232 103 28 päkallad
827 1233 31 21 äf-

107 1269 42 15 ven
165 1262 29 27 pä
217 1264 219 21 administrationens
452 1263 91 22 omräde
559 1264 43 21 och
618 1266 31 19 att
664 1263 35 21 för
715 1264 59 21 detta
791 1263 66 21 ända-

107 1292 44 22 mål
168 1292 125 28 betydande
309 1293 155 27 förändringar
480 1294 7 20 i
504 1293 180 22 embetsvärkens
705 1294 153 20 sammansätt-

107 1323 54 26 ning
175 1322 82 27 jämväl
269 1324 39 20 äro
325 1324 22 20 af
363 1324 79 21 nöden.

178 1423 8 21 I
207 1426 30 18 ett
256 1423 52 21 land
329 1424 47 25 där,
398 1423 74 21 såsom
492 1424 8 20 i
516 1423 100 27 Finland,
633 1423 69 27 slägte
718 1424 55 21 efter
789 1423 68 27 slägte

106 1453 108 27 uppvuxit
237 1453 42 21 och
303 1453 66 21 lefvat
394 1453 49 21 med
468 1454 37 21 det
521 1453 161 26 medvetandet,
704 1456 31 18 att
753 1453 63 27 lagen
833 1454 25 20 är

106 1484 133 20 rättesnöret
262 1483 35 21 för
319 1482 62 23 säväl
400 1484 158 20 statsmaktens
577 1490 48 14 som
642 1483 27 21 de
686 1483 100 21 enskilda
802 1489 55 15 sam-

178 1524 61 18 Särsk.
253 1524 53 18 Besv.
319 1524 46 27 utsk.
378 1525 32 18 bet.
424 1524 34 18 N:o
471 1525 15 17 1.
