1114 1775
218 142 42 21 108
369 141 348 23 Petitiohsbetänkande
732 141 51 23 N:o
800 142 26 22 7.

538 458 123 22 XXVIII.

292 524 121 21 Anmodad
438 524 61 27 gifva
523 525 168 27 upplysningar
715 526 119 27 angäende
850 526 122 21 landstats-

218 554 128 27 tjensterna
362 554 8 20 i
386 550 107 31 Äyräpää
511 555 79 25 härad,
607 555 43 20 har
666 557 56 19 äran
739 556 106 21 meddela
862 556 110 27 följande:

496 625 93 22 Raivola
606 627 94 21 distrikt:

296 681 236 21 Kronolänsmannen
560 682 25 20 K.
612 682 36 21 W.
677 682 104 21 Pesonen
806 681 116 22 afskedats
946 682 28 21 26

220 710 98 21 Januari
345 711 63 20 1903.
441 711 26 20 T.
492 711 14 20 f.
531 711 98 27 löjtnant
645 713 33 19 W.
696 712 112 21 Suhonen
824 712 35 20 till
876 711 27 21 16
919 711 55 21 Juni

223 740 65 25 1903,
316 740 130 21 sedermera
474 741 139 21 utnämndes
638 742 138 21 ordinariter
801 742 25 20 K.
851 741 124 27 Törngvist

223 769 53 21 frän
291 771 209 26 telegrafstyrelsen
517 771 7 20 i
541 771 149 27 Helsingfors.
724 771 79 21 Under
814 771 87 21 dennes
913 771 61 27 sjuk-

221 799 56 21 dom
302 807 42 20 par
367 800 113 21 mänader
503 801 42 20 har
561 801 97 27 tjensten
675 801 126 21 handhafts
818 801 25 21 af
856 801 118 21 landtbru-

223 829 42 21 kar
282 830 100 21 Kannin.

506 896 83 20 Rautus
605 896 96 20 distrikt:

298 949 237 21 Kronolänsmannen
559 950 99 21 Richard
686 950 114 21 Relander
826 950 117 21 afskedats
969 949 7 21 i

224 979 63 20 Mars
313 980 64 20 1904.
410 979 221 27 Tjenstförrättande
655 980 58 20 först
733 980 154 20 reservfänrik
905 980 71 20 Kärk-

224 1008 87 22 käinen
328 1008 104 29 (tidigare
449 1009 112 21 afskedad
585 1010 50 20 från
660 1009 294 28 poliskommissarietjenst
970 1009 6 20 i

225 1038 93 28 Kuopio
343 1040 42 20 och
412 1039 50 21 från
483 1039 180 28 gendarmeriet).
698 1040 59 20 Från
776 1039 127 21 December
921 1039 56 21 1904

225 1070 13 19 t.
257 1068 14 21 f.
289 1069 224 27 pressombudsman
531 1069 115 21 Löfström
663 1069 51 21 från
731 1070 93 26 Viborg.

492 1170 106 21 Kivinebb
614 1170 93 21 distrikt:

300 1224 63 21 Efter
380 1224 234 21 Kronolänsmannen
632 1225 25 20 E.
675 1225 132 26 Lundgren,
825 1230 50 15 som
892 1224 84 21 Guver-

226 1254 74 20 nören
318 1254 126 27 flerfaldiga
462 1254 85 27 gånger
568 1254 52 21 ville
636 1255 102 25 afskeda,
756 1254 140 21 utnämndes
913 1254 33 20 till
963 1255 14 19 t.

224 1283 14 21 f.
266 1283 158 28 senatskopist
448 1283 67 27 Hugo
540 1284 121 27 Lojander,
684 1284 96 21 hvilken
797 1283 130 28 antagligen
943 1284 35 20 så-

226 1319 51 14 som
308 1313 128 28 »opålitlig»
463 1314 148 20 efterträddes
635 1314 7 20 i
667 1314 128 21 December
821 1313 55 21 1903
900 1313 25 21 af
939 1315 39 19 än-

225 1343 105 21 nämnde
347 1343 184 21 landtbrukaren
549 1344 141 20 Aleksander
707 1343 101 26 Kannin,
820 1343 46 21 tills
878 1343 34 20 till
923 1343 55 27 tjen-

226 1375 51 18 sten
294 1373 139 20 ordinariter
449 1373 140 21 utnämndes
606 1373 281 28 telegraftjenstemannen
910 1373 68 20 Fred-

227 1402 35 21 rik
288 1403 92 25 Tavast,
405 1409 27 14 en
456 1410 54 13 man
536 1409 49 14 som
611 1403 99 27 ständigt
727 1410 41 14 var
784 1403 107 20 berusad.
924 1403 55 20 Om-

226 1433 102 20 nämnas
344 1433 55 26 kan,
416 1435 32 18 att
465 1433 46 20 han
535 1433 71 20 bland
630 1435 71 19 annat
725 1433 119 21 anträffats
860 1433 8 20 i
884 1433 96 20 drucket

226 1461 106 22 tillstånd
349 1463 7 20 i
373 1463 108 26 Terijoki,
506 1463 29 20 då
559 1463 46 20 han
629 1463 68 20 bordt
721 1463 71 20 hafva
816 1463 119 26 utdelning
957 1462 25 21 af

301 1503 57 17 Särsk,
372 1504 48 16 Besv.
434 1504 43 17 utsk,
490 1504 29 17 bet.
532 1503 35 17 N:o
579 1508 16 16 4.
