1114 1778
235 171 30 22 26
326 171 85 24 Ständ.
426 171 52 24 Pet:
493 185 33 4 —
538 171 279 25 Petttionsbettnkande:
827 172 50 23 N:o
887 172 19 23 1.

236 238 121 27 fattningar
380 238 52 21 icke
453 237 72 22 skulle
544 237 93 22 komma
650 238 32 21 till
698 237 70 22 stånd.
780 238 59 21 inom:
856 237 43 22 den
915 238 23 21 af.
953 244 36 21 gu-

235 269 109 20 vernören
365 269 83 20 utsatta
466 267 61 22 tiden
543 267 55 22 eller
613 267 41 22 ock
670 267 33 22 till
719 267 70 22 sådan
806 267 122 28 befattning
943 268 46 21 väl-

235 297 35 27 jas
294 297 100 27 opålitlig
418 304 88 20 person,
529 298 111 26 guvernör
655 303 51 22 eger
722 300 32 19 att
769 297 32 21 till
817 297 172 22 handhafvande

235 327 125 21 tillsvidare
384 327 23 21 af
430 327 152 27 befattningen
598 327 106 22 förordna
720 327 24 22 af
759 327 82 21 honom
858 327 60 22 känd
930 327 58 22 kom-

236 358 76 26 petent
328 362 88 21 person.

306 386 22 29 d)
344 386 127 27 Reskriptet
494 387 23 21 af
540 386 42 22 den
607 386 14 22 3
640 386 87 27 januari
746 386 58 22 1904
818 387 35 27 (21
872 386 118 22 december

237 416 66 29 1903)
315 422 37 15 om
362 419 31 19 att
401 422 113 21 personer,
528 422 47 16 som
587 416 118 27 förbjudits
716 418 31 20 att
758 417 83 21 vistasi
851 416 80 26 landet,
941 416 48 22 icke

236 445 37 22 mä
297 446 86 27 ätnjuta
404 446 27 21 de
448 446 113 22 allmänna
576 446 105 26 politiska
697 446 41 21 och
754 446 144 21 kommunala
914 446 74 27 rättig-

235 476 69 26 heter,
318 476 76 21 hvilka
409 476 125 21 tillkomma
549 476 126 26 oförvitliga
690 476 71 22 finska
777 476 151 26 medborgare.

306 506 20 28 e)
343 505 167 27 Förordningen
534 506 22 21 af
580 506 42 21 den
646 506 28 21 10
697 506 121 21 november
837 506 35 28 (28
889 505 99 28 oktober)

237 535 58 22 1903
311 536 116 26 angäende
443 535 155 23 fastställande
614 536 23 21 af
652 536 134 21 instruktion
800 535 36 22 för
846 536 83 21 afdelta
939 542 49 20 gen-

235 564 134 22 darmkären
386 566 7 20 i
409 565 101 22 Finland.

306 595 15 28 f)
338 595 170 21 Förordnandot
528 595 22 21 af
568 601 89 16 samma
675 595 42 27 dag
737 594 115 28 angående
878 595 110 21 särskilda

235 624 168 28 bestämningar
426 632 37 14 om
487 625 27 21 de
534 625 36 21 vid
586 625 84 21 afdelta
685 624 176 28 gendarmkären
877 624 110 22 anställda

235 661 119 20 personers
376 656 58 20 samt
452 656 144 26 tjenstemäns
613 655 41 21 och
671 655 108 27 betjentes
795 654 37 22 vid
848 654 118 22 tullverket
981 655 7 21 i

238 684 93 22 Finland
347 685 228 27 tjensteverksamhet.

307 713 20 29 g)
343 714 170 21 Förordnandet
536 714 22 21 af
582 720 86 15 samma
688 714 43 27 dag
752 713 115 28 angäende
883 713 105 22 inbördes

236 744 192 26 kommunicering
447 744 83 21 mellan
548 743 33 22 till
598 744 82 21 afdelta
696 743 176 28 gendarmkären
888 744 99 21 hörande

235 780 108 21 personer
359 773 42 22 och
417 774 66 21 civila
498 773 159 28 myndigheter.

305 803 23 29 h)
344 803 167 28 Förordningen
535 803 23 22 af
581 804 43 21 den
646 803 26 22 11
692 804 47 26 juni
756 803 36 28 (29
808 803 52 28 maj)
878 803 58 22 1903
951 809 35 15 an-

235 832 86 27 gäende
342 833 132 28 försäljning
492 833 42 22 och
550 833 112 27 förvaring
678 833 23 22 af
716 833 132 27 skjutvapen
864 834 42 21 och
922 833 65 26 skjut-

236 863 174 22 förnödenheter
426 863 116 22 äfvensom
558 865 162 25 sprängämnen
737 865 59 20 samt
810 870 36 15 om
862 863 126 22 inrättande

235 893 23 20 af
274 892 249 27 mälskjutningsbanor.

309 923 33 21 16.
360 923 168 21 Förordnandet
552 923 22 21 af
590 923 43 21 den
650 923 13 21 9
686 923 40 26 juli
749 922 37 29 (26
809 922 55 28 juni)
884 922 58 22 1903
957 924 31 19 att

236 952 163 27 kyrkomötena
414 952 24 22 fä
453 954 167 20 sammanträda
636 953 78 21 endast
730 953 51 21 med
796 951 105 23 tillständ
912 952 23 21 af
948 951 39 22 Ge-

235 983 209 26 neralguvernören.

309 1012 33 21 17.
375 1012 166 27 Förordningen
562 1012 22 21 af
605 1012 42 21 den
664 1013 13 20 2
693 1013 47 26 juni
756 1012 38 28 (20
809 1012 52 28 maj)
879 1011 57 22 1904
951 1018 36 15 an-

235 1041 86 27 gäende
338 1042 158 21 utsträckande
512 1042 31 21 till
560 1042 94 21 Finland
670 1042 23 21 af
711 1042 83 21 verkan
811 1041 47 22 utaf
874 1041 27 22 de
916 1043 8 20 i
940 1041 48 27 Kej-

234 1071 128 22 saredömet
378 1072 117 21 utfärdade
506 1072 184 26 författningarna
701 1071 115 28 angäende
826 1071 162 27 förvaltningen

235 1100 23 22 af
281 1102 115 27 trupperi
417 1101 47 27 fält,
484 1102 161 27 förvaltningen
670 1102 22 21 af
715 1101 123 27 fästningar
858 1103 58 20 samt
932 1102 55 21 stad-

235 1132 104 26 gandena
354 1132 96 21 rörande
467 1134 65 24 orter,
549 1138 48 15 som
613 1131 109 22 förklaras.
738 1133 7 20 i
762 1131 164 27 krigstillständ.

307 1161 34 21 18.
358 1161 167 27 Förordningen
542 1161 23 22 af
580 1162 43 21 den
632 1161 13 22 9
654 1162 47 26 juni
712 1161 36 28 (27
759 1161 53 28 maj)
824 1161 58 21 1904
892 1160 96 27 angåen-

235 1191 28 21 de
279 1191 103 27 åtgärder
398 1191 35 22 för
448 1191 199 22 åstadkommande
664 1192 22 21 af
702 1191 65 22 enhet
783 1191 94 22 emellan
889 1191 99 27 Kejsare-

235 1221 87 22 dömets
338 1221 42 22 och
397 1221 214 22 Storfurstendömet
627 1221 105 22 Finlands
749 1222 151 27 myntsystem.

388 1495 107 18 Helsingfors,
505 1495 113 19 Aktiebolaget
628 1495 164 18 Handelstryckeriet,
803 1495 40 15 1905.
