1109 1775
243 151 23 18 66
471 150 219 20 Motionsbetänkande
704 151 37 18 N:o
754 151 16 18 1.

242 210 69 22 häraf
330 210 121 29 betingadt
473 211 84 29 tillägg
572 211 35 21 till
631 211 65 22 detta
710 210 96 29 lagrum,
822 210 119 22 Utskottet
955 210 43 22 har

242 246 73 22 likväl
330 248 52 20 med
397 246 109 22 afseende
522 248 60 25 derå,
599 248 34 20 att
643 245 296 30 rusdryckslagstiftningen
950 245 49 23 ofta

242 282 61 22 varit
323 283 44 21 och
381 283 86 28 jemväl
483 282 123 23 framdeles
621 283 67 22 torde
704 281 72 23 blifva
792 281 96 23 föremål
903 283 36 21 för
954 283 43 21 för-

243 318 132 28 ändringar,
399 319 50 21 icke
475 318 77 23 funnit
577 318 49 22 skäl
653 320 34 20 att
711 317 83 23 föreslå
817 325 29 15 en
869 317 97 29 ändring
989 318 8 21 i

242 353 101 23 nämnda
358 355 139 28 förordning.

315 496 13 21 I
345 497 123 28 anledning
491 499 23 20 af
537 499 38 20 det
597 505 32 14 nu
651 497 130 29 granskade
795 496 149 29 lagförslaget
958 497 41 21 ber

242 531 120 22 Utskottet
378 535 34 19 att
427 532 24 23 få
466 535 62 25 yttra
543 536 62 19 ännu
622 535 72 27 några
710 533 47 22 ord.
782 533 13 21 I
809 531 91 23 formelt
911 532 87 22 afseen-

243 567 28 22 de
295 571 25 16 är
343 568 75 22 denna
440 568 142 30 förordning,
599 569 73 22 ehuru
688 569 133 28 visserligen
838 568 68 22 äfven
922 568 76 29 detalj-

242 602 173 30 bestämningar
435 604 142 23 beträffande
597 604 46 29 fall,
663 605 40 21 der
726 605 84 22 sädana
833 605 79 21 kunna
931 612 66 14 anses

242 646 56 14 vara
309 640 24 20 af
342 639 107 23 behofvet
460 641 126 29 påkallade,
600 641 48 21 deri
655 641 62 28 ingå,
725 640 72 22 likväl
806 640 50 22 med
864 640 90 28 hänsyn
962 639 35 22 till

242 675 175 29 paragrafernas
437 677 62 22 antal
518 677 43 21 och
583 676 94 29 omfång
692 676 67 22 enkel
774 676 41 22 och
831 675 143 29 öfversigtlig
990 675 8 21 i

242 711 130 26 jemförelse
387 712 53 22 med
455 713 44 21 den
516 712 97 29 tidigare
624 711 174 30 lagstiftningen
808 712 8 21 i
827 713 84 21 ämnet.
927 712 71 21 Detta

243 747 66 22 beror
335 747 48 23 dels
410 748 77 29 derpå,
511 750 33 20 att
568 748 159 28 stadgandena
742 748 7 21 i
765 748 75 21 denna
855 746 141 30 förordning,

242 785 56 20 utan
321 785 34 20 att
375 783 76 23 derför
466 783 72 23 blifva
553 783 148 30 bristfälliga,
717 783 80 30 gifvits
813 790 28 15 en
857 783 139 22 allmännare

241 818 151 30 formulering
418 823 29 19 än
473 820 7 21 i
504 820 44 21 den
565 827 32 15 nu
612 820 114 28 gällande,
742 819 49 22 dels
806 821 49 20 åter
870 819 77 28 derpå,
964 821 34 19 att

242 861 29 15 en
294 855 36 21 del
349 855 220 30 detaljstadganden,
585 855 79 22 hvilka
680 855 49 22 icke
744 855 69 22 hafva
829 855 36 22 sin
881 855 116 28 egentliga

241 890 62 28 plats
326 890 7 21 i
352 899 29 14 en
397 891 84 22 allmän
497 892 139 27 ständerlag,
653 894 56 19 utan
725 898 90 15 snarare
831 891 69 22 hafva
916 891 80 22 karak-

241 927 66 21 tären
323 925 26 22 af
362 927 190 30 ordningsregler,
569 935 26 14 ur
613 927 163 28 förordningen
785 927 121 22 uteslutits.
922 927 74 23 Dessa

242 963 142 22 sistnämnda
414 963 56 22 böra
495 963 60 22 helst
580 964 52 20 från
655 963 174 28 ifrågavarande
851 963 146 28 lagstiftning

241 998 102 29 afskiljas
374 999 43 22 och
446 999 9 22 i
483 999 110 22 särskilda
625 999 182 22 administrativa
838 999 160 28 förordningar

241 1034 109 22 utfärdas.
383 1035 144 28 Stadganden
546 1035 23 22 af
584 1035 77 22 denna
677 1037 35 19 art
727 1037 39 20 äro
785 1037 16 19 t.
818 1041 35 15 ex.
870 1034 28 22 de
914 1035 8 20 i
938 1034 14 29 $
968 1037 29 20 34

241 1069 114 30 ingående
378 1070 201 29 bestämningarna
603 1070 121 29 angåenda
739 1070 197 29 ursprungsbevis,
952 1077 46 15 cer-

241 1105 76 22 tifikat
342 1106 43 22 och
410 1106 190 23 kontrollböcker.
632 1105 119 23 Utskottet
775 1105 74 22 finner
874 1105 39 22 det
934 1105 64 29 förty

241 1141 140 30 lämpligast,
398 1144 34 19 att
447 1142 106 26 Senaten,
569 1142 96 22 hvilken
681 1142 72 29 enligt
768 1145 28 20 49
813 1141 14 30 S
840 1149 54 21 eger
903 1141 95 28 vidtaga

242 1178 27 21 de
285 1177 79 23 vidare
386 1178 158 29 förfoganden,
561 1185 50 15 som
627 1178 225 29 omständigheterna
867 1177 77 23 kunna
959 1179 38 27 på-

241 1212 68 27 kalla,
325 1213 9 21 i
353 1213 164 23 administrativ
533 1217 47 25 väg
595 1213 104 23 utfärdar
714 1212 172 30 nödigbefunna
901 1212 97 23 bestäm-

241 1249 84 29 ningar
339 1250 36 21 till
391 1249 178 30 komplettering
585 1250 25 21 af
623 1249 174 29 ifrågavarande
812 1249 140 29 förordning.

314 1398 97 30 Följden
427 1399 24 22 af
465 1399 28 22 de
508 1399 200 29 inskränkningar,
724 1399 85 25 hvilka,
825 1398 62 23 hvad
898 1398 100 22 handeln

241 1434 54 23 med
311 1434 179 29 alkoholhaltiga
506 1434 97 29 drycker
625 1434 116 28 beträffar,
757 1435 8 22 i
779 1433 158 30 föreliggande
952 1433 46 23 för-

242 1469 99 29 ordning
356 1470 118 29 vidtagits,
494 1470 76 23 blefve
585 1470 111 29 gifvetvis
713 1471 50 27 den,
774 1472 34 20 att
817 1469 182 29 förbrukningen
