1109 1775
302 166 246 22 Petitionsbetänkande
566 166 38 22 N:o
620 166 22 22 3.
791 168 26 20 13

95 232 54 16 sattes
163 230 22 24 pä
202 231 57 22 grund
272 231 18 17 af
301 231 77 17 ansökan
390 231 30 17 och
433 231 137 22 tjänsteförslag,
583 230 39 18 sker
634 230 51 18 dessa
696 230 84 23 tjänsters
791 231 57 17 besät-

94 260 52 17 tande
158 265 24 12 nu
194 260 55 23 enligt
262 260 61 18 artikel
335 260 31 21 III,
379 265 50 13 mom.
442 260 11 17 2
465 260 19 17 af
496 260 76 17 nämnda
584 260 100 22 förordning
696 260 72 17 »medels
778 258 70 23 Nädiga

93 289 131 20 förordnanden,
241 288 22 24 pä
276 289 128 22 framställning
416 289 18 17 af
445 289 195 22 Generalguvernören».
664 289 47 17 Utan
723 290 28 16 att
762 289 32 17 här
806 294 42 17 upp-

94 319 41 21 taga
153 318 28 17 till
199 318 111 22 bedömande,
328 318 6 17 i
351 318 70 17 hvilken
433 317 40 18 män
486 318 56 17 denna
554 318 102 22 förändring
668 317 29 18 vid
708 317 112 18 besättandet
831 317 19 18 af

94 347 74 22 tjänster
186 347 18 17 af
219 347 25 17 VI
262 347 113 22 rangklassen
393 347 47 17 öfver
452 347 66 17 hufvud
530 349 20 15 är
562 347 74 22 förenlig
648 347 38 17 med
698 347 92 22 grundlag,
802 345 18 19 fä
831 347 17 16 vi

94 376 62 17 endast
168 375 72 24 påpeka,
252 377 26 16 att
291 376 30 17 det
332 381 23 12 nu
368 375 84 22 stadgade
464 375 175 22 utnämningssättet,
651 375 46 18 hvad
709 375 83 18 särskildt
803 375 45 23 tjän-

95 405 59 17 sterna
165 405 29 17 vid
206 401 136 26 Öfverstyrelsen
355 405 26 17 för
393 404 119 18 skolväsendet
524 404 111 21 vidkommer,
647 404 80 23 erbjuder
739 404 109 22 synnerligen

94 433 37 18 små
148 434 89 22 garantier
254 434 26 17 för
297 434 27 17 ett
341 433 160 18 tillfredsställande
519 433 103 18 besättande
635 434 19 17 af
664 433 101 22 tjänsterna.
790 429 58 22 Öfver-

94 463 196 23 inspektorstjänsterna
302 463 28 17 vid
343 459 134 26 Öfverstyrelsen
490 462 26 17 för
528 462 121 17 skolväsendet
661 464 29 15 äro
702 462 18 17 af
730 462 33 17 den
775 463 33 20 art,
821 462 27 17 att

94 491 21 18 de
128 492 19 17 af
157 492 38 17 sina
208 491 109 18 innehafvare
329 491 58 18 fordra
398 491 133 23 vetenskapliga
543 491 32 18 och
590 491 116 23 pedagogiska
718 491 71 18 studier.
813 491 36 17 Det

94 521 56 22 ligger
161 521 107 22 fullkomligt
281 521 5 17 i
298 521 62 17 sakens
372 521 57 21 natur,
441 521 28 16 att
481 526 21 11 en
510 525 91 17 noggrann
608 520 80 23 pröfning
696 520 18 17 af
718 519 130 24 vetenskapliga

96 549 31 18 och
142 549 116 23 pedagogiska
270 549 69 18 meriter
351 549 37 18 icke
399 549 35 17 kan
446 549 30 18 ske
488 549 108 18 annorlunda
608 551 22 15 än
642 554 61 17 genom
715 549 76 22 verkliga
803 549 45 17 fack-

95 580 45 16 män.
171 578 36 18 Och
230 584 27 12 om
277 578 73 18 faktiskt
371 578 21 18 de
413 578 5 18 i
439 578 129 23 vetenskapligt
588 578 30 18 och
638 578 114 23 pedagogiskt
768 577 80 18 afseende

94 608 44 17 mest
157 608 101 17 meriterade
276 608 31 17 och
326 608 80 22 dugande
424 608 48 17 skola
489 608 59 16 kunna
567 607 52 17 blifva
637 607 27 17 till
680 612 44 17 resp.
736 607 74 23 tjänster
821 608 28 16 ut-

97 637 81 19 nämnda,
196 638 20 16 är
234 637 29 17 det
278 636 112 23 nödvändigt,
402 637 27 17 att
441 636 75 23 tjänster
528 637 19 16 af
558 636 49 18 detta
619 636 38 22 slag
668 636 78 18 besättas
757 635 23 24 pä
791 635 57 23 grund

95 666 19 17 af
128 666 112 17 ansökan
252 666 32 18 och
296 666 43 17 efter
351 667 133 21 samvetsgrann
495 665 99 23 jämförelse
606 665 63 17 mellan
681 665 107 17 sökandenas
799 664 50 18 meri-

95 696 31 16 ter.
151 694 29 18 Nu
193 695 48 17 torde
254 695 50 17 dessa
316 694 82 24 tjänsters
412 694 102 18 besättande
526 694 30 18 ske
569 693 73 18 sälunda
654 695 31 21 att,
698 694 53 17 sedan
763 699 21 12 en
792 694 57 22 tjänst

95 724 57 17 blifvit
170 724 52 22 ledig,
239 723 57 23 någon
316 729 59 17 person
388 724 76 17 enskildt
475 728 97 18 uppmanas
584 724 28 16 att
623 723 37 17 lära
672 723 26 22 sig
710 723 51 22 ryska
773 722 75 24 språket,

95 753 72 23 hvarpä,
186 753 54 17 sedan
258 753 54 17 denne
330 753 38 17 däri
385 752 87 18 inhämtat
489 752 57 23 någon
558 752 85 23 kunskap,
655 751 20 18 så
686 752 76 21 förfares,
774 752 28 16 att
813 752 36 16 han

96 782 34 17 blir
150 782 27 17 till
190 781 100 18 erhällande
302 782 17 17 af
331 781 77 23 tjänsten
419 782 101 22 föreslagen.
544 781 36 18 Det
591 783 19 15 är
622 782 43 16 utan
677 780 57 18 vidare
746 781 102 23 uppenbart,

100 811 27 18 till
146 811 66 18 hvilket
229 811 84 22 godtycke
325 811 26 17 ett
363 809 63 19 sädant
438 812 64 21 system
515 811 47 17 leder
574 810 31 17 och
618 811 28 16 att
658 810 94 17 detsamma
764 809 16 23 ej
792 809 57 23 erbju-

95 841 30 16 der
138 840 20 17 de
171 841 65 16 minsta
248 840 88 22 garantier
348 839 62 22 därför,
422 841 27 16 att
461 839 87 23 verkligen
562 839 20 18 de
592 839 98 22 dugligaste
699 839 30 17 och
738 839 110 22 skickligaste

95 871 73 16 männen
186 869 68 18 komma
272 870 28 16 att
316 868 91 18 innehafva
418 869 93 22 ledningen
524 868 18 17 af
552 868 22 17 de
587 868 73 22 mycken
672 868 117 23 fackkunskap
802 867 47 18 kräf-

94 899 54 17 vande
160 898 128 18 skolärendena.

163 933 111 17 Beträffande
292 933 181 22 sammansättningen
494 932 19 17 af
530 928 136 26 Öfverstyrelsen
684 931 25 18 för
729 931 121 18 skolväsendet

96 963 51 22 bedja
159 962 15 17 vi
187 962 101 22 ytterligare
300 962 28 17 att
339 961 5 18 i
357 961 49 18 detta
417 961 127 22 sammanhang
555 959 18 19 fä
580 959 66 25 päpeka
652 966 20 12 en
680 966 56 11 annan
743 960 106 22 omständig-

94 991 36 21 het,
147 991 70 17 hvilken
235 991 31 17 hör
278 990 28 18 till
318 990 114 18 skollärarnes
444 990 58 23 gamla
511 988 136 24 önskningsmäl.
672 989 63 18 Medan
743 988 30 19 vär
785 989 63 22 kyrkas

94 1020 111 23 prästerskap
217 1025 61 17 genom
290 1020 27 17 att
329 1019 45 22 välja
386 1025 94 12 assessorer
492 1019 6 17 i
510 1019 118 22 domkapitlen
640 1018 49 23 själft
696 1017 22 24 pä
724 1019 26 16 ett
756 1018 93 22 afgörande

94 1050 36 16 sätt
145 1048 26 18 fär
183 1049 70 17 inverka
264 1047 23 24 pä
298 1048 179 22 sammansättningen
490 1048 18 17 af
518 1048 28 17 sin
559 1049 87 16 närmaste
658 1047 145 21 administration,
816 1047 33 17 har

96 1076 108 19 lärarekären
216 1077 6 17 i
234 1076 38 19 vårt
283 1077 41 18 land
336 1077 37 18 icke
385 1083 21 11 en
418 1077 44 17 enda
475 1077 39 17 vald
526 1077 120 22 representant
658 1076 6 17 i
676 1072 135 26 Öfverstyrelsen
824 1075 25 18 för

95 1106 125 18 skolväsendet.
244 1106 41 17 Man
302 1106 49 17 torde
369 1106 43 17 dock
430 1106 14 23 ej
458 1106 59 17 kunna
528 1106 45 22 hysa
586 1111 36 12 mer
634 1107 22 16 än
667 1111 21 12 en
700 1105 70 22 mening
782 1105 66 19 därom,

96 1136 26 17 att
137 1141 20 12 en
170 1135 112 18 växelverkan
297 1135 62 18 mellan
372 1131 136 26 Öfverstyrelsen
520 1135 26 17 för
559 1134 120 18 skolväsendet
691 1134 30 17 och
734 1132 114 20 lärarekären,

94 1170 28 13 om
134 1166 21 16 än
168 1164 28 18 till
208 1170 20 11 en
241 1164 60 23 början
312 1164 46 17 blott
369 1169 61 18 genom
443 1169 21 12 en
476 1164 45 17 enda
533 1164 120 23 representant
658 1163 26 17 för
692 1163 33 17 den
734 1162 114 21 sistnämnda,

94 1200 39 12 vore
150 1194 53 22 högst
220 1194 68 22 önsklig
305 1194 31 17 och
355 1193 127 23 otvifvelaktigt
500 1192 39 18 vårt
557 1192 111 18 skolväsende
689 1192 27 17 till
731 1191 60 18 fördel.
814 1191 35 17 Vid

95 1219 136 26 Öfverstyrelsen
242 1222 26 18 för
282 1222 120 18 skolväsendet
416 1222 50 17 fanns
479 1222 74 22 tidigare
566 1227 21 12 en
600 1227 13 12 s.
626 1222 16 17 k.
655 1220 105 18 konsultativ
767 1220 81 21 ledamot,

94 1252 69 18 hvilken
177 1252 55 22 tjänst
244 1252 43 17 dock
299 1252 43 16 efter
354 1251 33 17 den
400 1252 68 17 senaste
480 1251 132 17 innehafvarens
624 1249 64 23 afgäng
699 1250 37 17 icke
742 1249 57 17 blifvit
805 1248 44 23 ånyo

94 1281 62 17 besatt.
176 1280 42 18 Just
229 1280 56 18 denna
297 1280 56 22 tjänst
364 1285 40 12 vore
415 1280 110 22 synnerligen
537 1279 57 23 egnad
606 1280 28 16 att
640 1278 122 24 äterupplifvas
769 1277 79 22 sålunda,

95 1310 27 17 att
139 1310 67 17 lärarne
225 1309 6 17 i
246 1308 68 18 landets
328 1309 121 17 statsläroverk
462 1308 22 23 pä
496 1308 57 22 grund
566 1309 18 16 af
595 1308 73 17 allmänt
680 1308 27 16 val
719 1308 13 16 t.
744 1312 26 12 ex.
782 1307 27 17 för
821 1308 27 16 tre

94 1338 20 19 år
131 1339 4 17 i
154 1338 63 18 sänder
235 1339 55 17 skulle
308 1338 26 17 till
352 1338 57 17 denna
421 1338 99 22 befattning
532 1337 54 18 bland
599 1337 27 22 sig
638 1338 38 16 utse
688 1342 20 12 en
721 1336 127 23 representant,

94 1368 70 17 hvilken
176 1367 86 18 bibehölle
274 1368 27 17 sin
312 1368 61 21 tjänst,
386 1372 38 12 men
436 1367 26 17 för
474 1367 33 17 den
519 1366 27 17 tid
558 1367 44 16 hans
615 1365 71 18 mandat
698 1365 5 18 i
710 1361 137 26 Öfverstyrelsen

94 1397 26 17 för
132 1396 120 18 skolväsendet
265 1396 82 17 omfattar
358 1395 64 18 erhölle
435 1395 135 22 tjänstledighet
582 1394 37 18 frän
632 1395 103 17 densamma.

162 1424 25 18 På
204 1425 57 22 grund
279 1425 18 17 af
313 1425 45 17 hvad
370 1425 17 16 vi
398 1424 51 18 ofvan
461 1424 61 21 anfört,
535 1424 53 22 bedja
599 1424 17 17 vi
628 1425 27 16 att
667 1423 87 18 vördsamt
765 1421 18 19 få
794 1423 51 16 hem-

94 1455 56 19 ställa,
169 1454 30 18 det
217 1454 111 22 Högvördiga
343 1452 131 19 Prästeständet
484 1453 55 23 jämte
552 1453 21 17 de
585 1453 55 22 öfriga
652 1451 76 18 Ständen
739 1452 40 17 ville
792 1450 56 18 afläta

95 1489 21 12 en
129 1483 108 23 underdänig
248 1483 72 23 petition
332 1483 64 21 därom,

166 1525 101 18 Allmänna
279 1523 183 19 Petitionsutskottets
475 1523 111 18 betänkande
598 1523 35 17 N:o
648 1523 14 17 1.
