1111 1778
282 159 412 38 Sammanjämkningsbetänkande.
841 164 25 21 11

118 229 89 27 spräket
222 230 37 20 vid
278 230 209 21 statssekretariatet
504 230 42 21 och
561 229 309 28 generalguvernörskansliet

117 259 114 21 användes
247 259 7 21 i
270 260 42 20 den
329 259 152 27 utsträckning
497 260 42 21 och
555 260 50 20 med
617 260 42 20 den
672 260 135 27 skicklighet,
820 266 49 15 som

118 291 123 19 motsvarar
264 289 66 21 dessa
354 289 152 22 ämbetsverks
531 289 109 22 särskilda
656 290 116 27 uppgifter.
805 289 64 22 Detta

118 319 41 21 har
175 319 64 21 äfven
255 319 57 21 varit
335 319 84 27 möjligt
443 321 53 19 utan
513 322 37 23 att,
572 318 74 22 säsom
662 326 30 14 nu
709 320 62 25 skett,
789 326 80 20 genom

118 349 125 20 manifestet
267 349 22 20 af
312 349 43 21 den
379 348 38 23 7/20
440 349 48 26 juni
514 349 57 21 1900
592 348 48 22 från
657 349 81 21 nämda
753 349 54 22 verk
823 349 46 21 helt

117 378 43 21 och
179 377 68 22 hållet
263 379 95 21 utesluta
374 378 87 21 landets
477 385 57 20 egna
550 377 73 29 språk.

193 407 31 22 De
248 408 99 27 skadliga
363 408 110 27 följderna
494 409 23 21 af
533 409 27 21 de
577 407 108 28 åtgärder,
702 415 47 15 som
766 409 103 26 vidtagits

118 438 35 21 för
179 437 66 28 ryska
269 437 100 28 språkets
392 438 118 22 införande
526 439 7 20 i
550 438 167 27 förvaltningen,
737 440 38 19 äro
800 439 69 20 redan

119 467 129 28 uppenbara
272 468 34 21 för
326 468 50 22 hela
403 467 81 22 landet.
517 468 33 21 Då
575 470 31 19 ett
632 468 87 28 mycket
744 468 126 27 betydande

118 498 60 21 antal
199 497 23 21 af
240 497 67 28 högre
324 498 42 21 och
382 497 60 28 lägre
466 498 139 22 ämbetsmän
621 498 93 27 nödgats
730 499 75 20 lämna
821 498 50 21 sina

119 528 88 27 platser,
223 527 66 22 hafva
306 528 27 21 de
350 528 66 21 oftast
432 530 80 19 ersatts
528 528 51 21 med
596 534 112 21 personer,
719 528 88 21 hvilkas
817 528 53 21 nöd-

119 557 90 28 torftiga
219 557 126 22 kännedom
356 558 22 21 af
389 557 67 28 ryska
467 557 90 28 språket
565 557 41 22 fått
616 558 126 27 öfverskyla
749 558 66 21 deras
824 558 7 21 i
840 557 30 22 öf-

119 587 42 27 rigt
177 587 112 22 bristande
313 588 137 27 kompetens.
482 587 49 22 Men
548 588 48 21 icke
615 594 43 21 nog
674 588 97 21 härmed.
803 587 68 22 Sträf-

119 624 43 15 van
179 619 32 20 att
226 617 115 28 påskynda
357 617 174 27 förvaltningens
548 617 140 28 förryskning
706 618 40 21 har
762 617 45 22 ledt
823 617 47 22 där-

120 647 51 26 hän,
188 649 31 19 att
235 646 110 29 åtskilliga
368 647 83 28 platser
467 647 83 22 besatts
572 647 51 22 med
639 648 65 26 ryske
721 649 58 24 män,
795 647 75 21 hvilka

118 677 81 21 saknat
215 677 26 21 de
257 677 140 27 nödvändiga
414 677 212 28 förutsättningarna
642 677 34 22 för
692 679 31 20 att
739 678 75 21 kunna
825 678 45 26 nöj-

118 707 69 26 aktigt
202 707 77 21 utöfva
295 707 227 21 ämbetsverksamhet
538 708 7 20 i
561 707 101 21 Finland.
686 707 41 21 Det
742 707 128 27 lagstridiga

118 737 7 20 i
141 736 85 22 sådana
248 737 154 27 utnämningar
426 737 151 27 undanröjdes
597 737 18 27 ej
643 737 134 27 därigenom,
795 739 31 19 att
834 742 35 21 en

118 766 95 21 särskild
230 766 129 27 förordning
374 766 43 21 den
434 766 27 21 31
478 767 41 26 juli
537 766 57 22 1902
611 766 45 22 blef
672 766 110 26 utfärdad,
800 767 7 20 i
817 766 53 21 hvil-

119 796 42 21 ken
179 795 95 27 stadgas,
284 798 31 19 att
327 796 28 22 de
366 795 120 22 bestående
498 796 215 27 inskränkningarna
724 797 7 20 i
741 795 129 23 icke-finska

120 825 156 27 medborgares
297 827 44 20 rätt
359 828 31 19 att
406 826 95 21 bekläda
517 827 92 26 tjänster
625 826 6 21 i
648 826 92 21 Finland
757 826 19 27 ej
793 826 77 21 vidare

119 855 63 22 skola
201 855 58 27 gälla
275 856 67 27 ryska
357 856 131 27 infödingar.
521 856 32 27 Ty
569 855 147 28 grundlagens
732 855 138 27 stadganden

119 885 84 26 därom,
225 887 32 19 att
272 885 56 22 finsk
344 885 190 27 medborgarerätt
550 888 25 19 är
591 888 30 19 ett
636 886 80 21 villkor
732 887 34 20 för
781 885 89 22 anställ-

119 915 53 27 ning
187 916 7 20 i
210 915 57 21 finsk
283 917 123 26 statstjänst
422 916 76 21 kunna
514 916 47 21 icke
578 915 82 22 ändras
670 918 53 19 utan
733 915 137 22 Ständernas

119 945 118 28 samtycke,
262 945 42 22 och
325 945 42 22 den
382 945 89 26 nämda,
488 946 8 21 i
512 945 161 22 administrativ
688 947 42 26 väg
745 945 125 27 utfärdade,

120 975 157 26 förordningen
301 975 82 22 saknar
404 974 87 23 således
512 975 66 28 laglig
593 975 104 27 giltighet.
729 975 8 21 I
753 976 58 21 huru
827 975 44 27 hög

119 1005 54 26 grad
189 1003 62 22 såväl
268 1005 112 22 allmänna
396 1011 47 15 som
460 1005 103 22 enskilda
579 1005 109 22 intressen
700 1005 70 22 måste
781 1005 45 21 lida
837 1011 34 20 ge-

120 1041 51 14 nom
190 1034 167 28 tillämpningen
381 1035 23 21 af
425 1035 96 21 berörda
537 1035 135 27 förordning,
688 1034 97 28 framgår
801 1035 68 21 redan

119 1064 70 26 däraf,
206 1066 32 18 att
253 1065 131 21 densamma
392 1065 48 21 icke
449 1071 40 15 ens
500 1065 94 25 fordrar,
606 1067 31 19 att
648 1065 65 27 ryske
724 1067 57 23 män,
794 1065 35 21 för
840 1066 30 19 att

120 1094 74 21 kunna
210 1094 107 22 anställas
333 1095 6 20 i
356 1094 56 22 finsk
428 1095 74 26 tjänst,
520 1094 144 22 därförinnan
680 1094 55 22 böra
750 1094 67 22 hafva
829 1094 42 21 lärt

120 1124 33 26 sig
175 1123 87 22 landets
284 1124 67 27 språk
371 1124 41 22 och
429 1125 7 20 i
452 1124 66 27 öfrigt
534 1124 98 27 fullgjort
648 1124 117 22 enahanda
781 1124 89 26 kompe-

121 1154 105 26 tensprof,
243 1160 48 15 som
308 1154 23 22 af
346 1154 72 21 finska
431 1156 52 19 män
495 1154 94 22 fordras.
614 1154 157 22 Erfarenheten
785 1153 50 22 från
844 1154 27 21 de

121 1186 88 18 senaste
233 1182 54 23 åren
308 1184 113 21 bekräftar
436 1184 33 20 till
486 1184 55 21 fullo
557 1184 131 27 riktigheten
705 1184 22 21 af
743 1184 36 21 det
795 1184 75 26 sagda.

194 1212 8 22 I
219 1213 44 21 alla
280 1214 61 21 delar
357 1214 23 22 af
392 1214 76 21 landet
478 1214 122 27 förspörjes
611 1216 31 19 ett
652 1214 101 21 växande
765 1214 106 26 missnöje

120 1243 50 21 med
194 1243 37 21 det
254 1246 89 25 system,
368 1249 47 16 som
436 1243 69 22 sedan
524 1243 57 22 1899
597 1243 99 27 inslagits
712 1244 36 20 vid
765 1243 106 21 Finlands

120 1272 133 28 förvaltning
277 1274 42 20 och
342 1280 47 15 som
413 1274 70 21 redan
508 1274 45 21 ledt
567 1273 33 22 till
616 1273 125 27 betydande
757 1272 112 28 dröjsmål,

120 1302 153 28 försumlighet
296 1304 42 21 och
362 1303 68 22 oreda
448 1304 8 20 i
472 1304 99 21 skötseln
587 1303 22 21 af
625 1303 179 22 ämbetsverkens
821 1302 51 28 ålig-

120 1332 93 27 ganden.
246 1332 126 22 Orsakerna
392 1333 32 21 till
440 1332 97 22 berörda
560 1332 139 22 förhållande
716 1335 38 19 äro
771 1333 18 26 ej
807 1332 65 22 svåra

120 1364 31 20 att
167 1362 66 21 finna.
267 1362 78 22 Härtill
361 1363 133 21 medverkar
506 1364 43 20 den
561 1363 196 27 omständigheten,
769 1364 32 20 att
811 1364 61 20 ären-

119 1392 59 21 dena
190 1392 40 21 hos
242 1392 53 22 flera
311 1392 145 26 embetsverk,
468 1393 129 27 isynnerhet
608 1392 263 28 generalguvernörskan-

119 1422 56 25 sliet,
197 1422 186 27 länestyrelserna
406 1423 42 20 och
474 1422 27 22 de
522 1423 60 26 lägre
601 1422 271 27 förvaltningsmyndighe-

119 1454 63 18 terna
198 1451 64 21 ökats
278 1452 7 20 i
301 1452 79 27 otrolig
395 1452 53 26 grad
466 1452 70 21 sedan
553 1452 147 27 uppdagande
716 1452 22 21 af
754 1451 118 27 oppositio-

120 1480 46 22 nelt
181 1481 116 23 tänkesätt,
313 1482 135 21 hämmande
464 1482 24 21 af
504 1482 44 21 alla
562 1482 66 21 friare
640 1482 147 26 strömningar
798 1482 7 20 i
816 1487 56 15 sam-

192 1521 61 19 Särsk.
267 1522 53 19 Besv.
333 1523 45 19 utsk.
392 1522 32 18 bet.
437 1522 35 19 N:o
485 1524 16 18 1.
