1111 1778
234 147 30 19 18
424 145 280 24 Petitionsbetänkande
721 145 45 23 N:o
785 145 20 22 1.

234 215 60 23 tungt
309 212 45 20 värt
369 211 43 20 folk
429 214 51 18 samt
496 211 75 27 sprider
585 219 34 13 oro
634 211 37 21 och
688 212 91 27 missnöje
795 212 53 20 inom
865 211 44 21 dess
925 215 61 17 samt-

232 241 41 27 liga
288 241 60 27 lager.

308 272 42 20 Det
371 271 69 21 finska
456 271 64 20 folket
536 272 36 20 har
587 272 66 20 städse
669 272 5 20 i
691 275 62 23 tunga
769 272 49 20 tider
833 271 64 21 vändt
912 272 29 26 sig
957 271 30 20 till

233 301 44 20 sina
300 301 74 26 nådiga
397 301 109 20 Monarker
528 303 59 26 öppet
603 301 140 21 frambärande
759 302 23 19 de
793 302 134 26 hjärtesorger,
944 308 42 14 som

233 331 31 20 för
288 331 89 20 tillfället
393 331 66 27 tryckt
475 331 45 20 dess
536 331 62 21 sihne.
630 332 27 20 Vi
673 332 52 26 väga
740 331 66 20 därför
822 331 73 20 föreslä
910 335 28 16 att
954 332 32 20 he-

234 361 99 20 dervärda
349 360 147 22 bondeständet
511 361 46 21 ville
573 362 69 20 förena
657 362 30 26 sig
702 361 45 21 med
762 361 24 20 de
801 361 64 27 öfriga
880 361 85 20 ständen
980 361 7 19 i

233 398 25 13 en
275 390 126 28 underdänig
416 392 83 26 petition
515 392 68 20 därom

523 494 32 20 att
569 493 277 28 undantagsstadgandena
862 492 28 28 af
901 493 42 20 den
955 493 32 21 20

452 529 59 14 mars
530 523 25 28 (2
569 522 65 29 april)
654 523 61 21 1903
730 523 113 27 äfvensom
858 523 35 20 det
907 522 10 21 i
931 529 56 14 sam-

452 553 58 21 band
525 553 48 21 med
588 553 61 21 dessa
664 553 89 21 stäende
767 553 129 28 stadgandet
910 552 29 28 af
945 553 41 21 den

454 582 30 21 21
495 583 108 21 december
618 583 62 21 1903
698 584 25 27 (3
735 583 94 28 januari
844 582 66 23 1904)
929 582 10 21 i
948 583 39 20 nå-

450 613 39 21 der
504 613 66 21 mätte
585 613 127 28 upphäfvas
727 614 58 20 samt
799 613 26 21 de
837 612 32 29 pä
878 613 75 27 grund
962 613 29 27 af

451 643 49 21 dem
516 643 104 28 vidtagna
634 643 131 28 ätgärderna
780 642 124 22 äterkallas.

312 743 130 27 Helsingfors
458 745 39 19 den
515 745 27 20 14
557 744 103 21 december
677 745 63 21 1904.

307 844 45 23 Zef.
369 844 108 23 Suutarla.
748 845 79 22 Kaarlo
842 844 73 22 Wärri.

307 875 23 22 K.
346 874 28 22 W.
391 874 103 23 Hollmen.
743 875 51 21 Juho
809 874 92 28 Torppa.

308 905 23 21 H.
348 904 22 22 G.
387 904 102 23 Brander.
745 904 75 23 Oskari
838 904 70 22 Laine.

308 935 22 21 K.
346 934 16 22 J.
380 934 80 28 Inberg.
742 935 15 21 J.
775 934 121 28 Mynttinen.

307 965 15 21 J.
339 964 102 22 Koivisto.
743 964 56 22 Antti
815 963 142 23 Tuomikoski.

308 994 22 22 K.
348 994 22 22 H.
386 994 108 23 Tiihonen.
741 994 59 22 Matti
818 994 83 22 Ikonen.

307 1024 73 22 Taneli
398 1024 107 28 Nykänen.
740 1024 76 23 Oskari
833 1024 134 27 Lagerstedt.

309 1054 22 22 E.
347 1054 51 27 Aug.
416 1054 85 22 Ekman.
738 1055 22 21 K.
779 1055 21 21 R.
818 1054 114 22 Häkkinen.

307 1084 16 22 J.
341 1083 22 23 H.
380 1084 122 22 Hakulinen.
739 1084 51 22 Juho
808 1083 86 23 Horelli.

309 1113 78 23 Kaarle
404 1114 67 22 Prusi.
740 1114 51 22 Juho
808 1113 100 29 Sjöblom.

309 1144 22 22 K.
349 1143 22 22 H.
387 1143 111 24 Teittinen.
743 1144 48 29 Yrjö
809 1144 99 23 Halonen.

309 1510 61 18 Särsk.
384 1510 53 18 Besv.
450 1510 46 19 utsk.
509 1510 32 18 bet.
554 1510 36 18 N:o
604 1511 15 17 1.
