1111 1775
269 150 28 20 88
444 148 247 22 Petitionsbetänkande
707 148 37 22 N:o
761 148 22 22 3.

310 212 47 24 Det
376 212 44 23 har
440 212 71 23 äfven
527 213 62 22 visat
605 214 43 27 sig,
666 214 34 22 att
716 212 65 23 detta
797 212 117 23 beroende
931 213 61 22 varit

239 248 34 23 till
289 248 77 23 skada
382 248 36 23 för
433 248 169 24 skolväsendet
619 248 42 24 och
678 248 116 23 föranledt
813 248 178 29 inspektorerne

239 285 35 21 att
297 284 149 23 öfverskrida
468 284 29 22 de
518 284 174 29 befogenheter,
710 290 50 16 som
777 284 29 22 de
822 284 75 28 enligt
911 282 81 24 denna

237 319 114 23 officiella
371 320 145 23 instruktion
540 319 76 23 hafva.
649 320 36 22 Då
705 319 43 23 och
765 319 30 23 då
810 320 43 22 har
869 319 122 29 nämligen

238 355 115 27 inträffat,
375 356 35 22 att
431 356 137 28 någondera
585 356 24 22 af
624 355 29 23 de
668 362 74 22 yngre
758 355 178 30 inspektorerne
957 355 35 23 för

238 391 72 29 ryska
334 391 275 29 språkundervisningen
634 391 107 23 infunnit
765 392 37 28 sig
821 392 8 21 i
848 398 29 16 en
900 390 92 24 skola
979 386 18 38 i

238 426 63 29 syfte
317 428 36 22 att
369 427 101 23 anställa
486 427 135 29 inspektion
639 426 23 23 af
678 427 133 29 uppenbart
832 427 96 29 politisk
951 427 40 22 ka-

238 462 88 24 raktär.
359 463 45 23 Till
423 463 59 23 hans
498 463 94 30 uppgift
609 464 41 22 har
666 463 30 23 då
712 464 53 22 hört
781 464 34 22 att
830 464 57 28 taga
904 463 86 23 känne-

238 498 55 23 dom
315 506 38 16 om
377 499 203 29 undervisningen
603 500 7 22 i
631 499 98 23 historia
752 499 42 23 och
818 499 114 29 geografi,
957 500 35 21 att

239 534 105 30 granska
366 535 96 23 skolans
482 535 120 27 bibliotek,
624 536 35 22 att
679 535 62 22 rikta
757 536 37 22 sin
810 534 180 30 uppmärksam-

239 570 40 23 het
295 570 31 30 på
341 570 147 30 förefintliga
504 570 69 24 taflor
589 571 43 23 och
650 570 79 28 bilder,
746 577 31 16 m.
794 578 29 16 m.
857 570 45 24 För
923 570 69 23 dessa

237 607 163 29 inspektioner
416 607 30 23 ha
462 607 152 29 synbarligen
635 607 117 22 särskilda
772 607 67 23 order
859 606 131 23 meddelats

238 643 180 28 inspektorerne
434 643 24 23 af
474 643 256 29 Generalguvernören.

310 679 154 28 Riktigheten
486 679 24 22 af
530 678 39 23 det
590 678 74 30 sagda
680 679 106 28 framgär
802 678 69 23 äfven
889 679 25 22 af
930 678 61 23 hvad

239 721 51 16 som
307 717 26 20 är
349 714 122 23 Utskottet
487 715 89 22 bekant
591 714 99 23 rörande
702 715 131 22 resultaten
845 714 23 23 af
880 714 29 23 de
920 714 71 29 ryska

239 750 264 29 spräkinspektorernes
514 750 157 23 verksamhet.
688 751 79 22 Jämte
778 749 125 24 skrifvelse
914 749 24 23 af
946 749 44 23 den

239 789 28 19 23
285 785 106 24 februari
408 789 57 20 1904
481 786 138 23 öfversände
635 785 248 30 Generalguvernören
902 786 34 23 till
953 786 37 23 Se-

240 822 72 22 naten
329 823 35 22 ett
379 822 168 29 sammandrag
563 821 25 23 af
603 822 28 23 de
648 821 142 28 berättelser,
807 828 50 17 som
874 821 29 24 de
919 821 73 30 ryska

239 857 251 29 spräkinspektorerne
507 857 94 29 afgifvit
611 859 8 21 i
630 857 131 30 anledning
772 857 24 24 af
810 857 181 30 inspektioner
979 853 16 38 i

239 893 75 29 nägra
327 893 24 23 af
362 893 92 23 landets
466 895 68 21 stats-
545 893 43 23 och
600 893 193 30 privatläroverk.
813 893 32 23 Af
856 893 29 23 de
897 894 8 22 i
916 893 74 23 berät-

239 929 105 23 telserna
354 930 84 29 gjorda
447 930 217 29 anmärkningarna
673 930 60 22 hade
741 929 249 30 Generalguvernören

239 966 47 21 fäst
309 965 103 23 särskild
432 965 212 29 uppmärksamhet
659 966 39 22 vid
715 966 114 28 följande:
847 967 36 27 ,,1)
909 967 34 21 att
959 966 31 22 lä-

238 1007 70 17 rarne
324 1002 9 22 i
348 1001 72 29 ryska
436 1001 96 29 språket
547 1002 8 21 i
570 1001 102 23 flertalet
687 1001 42 23 fall
744 1002 54 22 icke
815 1002 119 22 motsvara
952 1001 40 23 det

238 1036 109 30 verkliga
369 1036 114 28 behofvet,
504 1036 95 24 hvarför
615 1037 78 23 denna
708 1037 43 23 kär
767 1036 114 24 behöfver
897 1037 94 29 förnyas

239 1072 44 23 och
303 1073 139 28 förbättras;
468 1074 22 27 2)
506 1074 35 22 att
556 1072 170 24 läroböckerna
742 1074 7 21 i
766 1073 97 23 historia
879 1073 43 23 och
938 1080 52 22 geo-

239 1108 62 30 grafi
325 1108 120 24 innehälla
469 1110 134 28 sanningen
627 1109 164 23 vanställande
812 1109 120 29 uppgifter
953 1115 37 16 om

238 1143 160 24 förhällandet
422 1144 85 23 mellan
532 1144 40 22 det
595 1144 119 30 egentliga
736 1144 118 30 Ryssland
870 1144 43 23 och
929 1144 61 22 Stor-

238 1180 173 23 furstendömet
426 1180 109 28 Finland;
558 1182 22 26 3)
605 1181 34 22 att
662 1180 40 23 det
725 1180 88 23 saknas
837 1180 155 30 geografiska

239 1216 82 23 kartor
336 1216 66 23 öfver
418 1216 176 29 Kejsaredömet
616 1216 126 29 Ryssland;
759 1218 22 26 4)
799 1217 34 22 att
849 1223 56 16 man
921 1216 71 29 gifvit

238 1251 127 30 spridning
376 1253 25 22 ät
412 1252 22 23 Z.
447 1252 114 29 Topelius'
575 1252 94 27 ,Boken
679 1259 38 16 om
734 1253 52 22 värt
801 1251 79 28 land*,
897 1258 51 17 som
966 1254 26 20 är

237 1287 110 30 uppfylld
358 1287 23 23 af
392 1287 151 24 tendensiösa
557 1287 127 30 uppgifter,
702 1287 81 24 hvilka
798 1287 49 24 låta
863 1287 41 24 det
919 1287 73 29 ryska

238 1323 87 23 folkets
334 1323 41 24 och
381 1323 113 23 Finlands
501 1323 149 30 befolknings
656 1324 107 29 verkliga
769 1324 114 29 ställning
890 1323 101 23 framstä

238 1360 7 21 i
257 1359 89 30 oriktig
356 1359 84 29 dager;
452 1361 22 26 5)
485 1360 35 22 att
530 1360 8 22 i
548 1359 75 29 nägra
632 1359 167 23 skolbibliotek
808 1359 79 23 finnas
898 1359 93 26 böcker,

237 1395 96 23 hvilkas
349 1395 104 23 innehåll
469 1397 26 20 är
511 1395 24 23 af
550 1395 110 23 stötande
677 1395 187 23 beskaffenhet."
889 1395 102 28 Angelä-

238 1437 48 22 gen
310 1437 39 16 om
372 1432 35 21 att
429 1431 25 22 få
477 1431 61 22 slika
561 1430 178 24 försummelser
762 1430 146 30 aflägsnade,
932 1430 59 23 fann

239 1465 247 30 Generalguvernören
506 1466 82 29 nödigt
607 1468 34 21 att
659 1467 49 22 låta
724 1466 103 23 Senaten
844 1466 147 23 underkasta

313 1515 99 18 Allmänna
425 1515 184 18 Petitionsutskottets
621 1515 110 18 betänkande
743 1514 34 19 N:o
791 1516 15 17 1.
