1114 1775
272 145 42 19 116
450 142 247 24 Petitionsbetänkande
715 142 38 23 N:o
769 142 23 23 3.

240 207 24 22 af
276 207 110 23 skolman
397 208 52 22 stod
461 207 34 23 till
505 202 188 34 Öfverstyrelsen
705 208 36 22 för
752 207 173 23 skolväsendet.
943 208 52 22 Den

242 246 26 20 15
286 244 47 28 maj
352 250 17 15 s.
388 244 20 21 å.
425 243 74 23 sände
515 238 207 28 Öfverdirektören
745 243 35 23 till
800 243 114 29 magister
936 243 59 23 Roos

240 285 29 16 en
296 278 124 23 skrifvelse
445 279 53 23 från
522 280 15 21 t.
562 279 15 23 f.
602 280 246 28 generalguvernören
874 278 120 27 Deutrich,

241 314 54 22 med
320 314 120 23 anmodan
465 317 34 21 att
522 316 64 22 inom
611 314 46 23 den
680 317 7 20 i
709 314 142 24 skrifvelsen
872 314 123 23 bestämda

241 350 64 22 tiden
330 350 122 23 inkomma
477 351 52 22 med
554 350 111 23 anmälan
682 350 89 27 därom,
793 352 34 21 att
848 350 44 23 den
913 352 7 21 i
940 350 55 23 den-

241 392 93 16 samma
350 386 67 28 gifna
434 386 158 30 befallningen
610 386 78 23 blifvit
704 386 88 29 ätlydd.
824 386 83 23 Denna
927 386 68 22 skrii-

240 422 74 27 velse,
339 421 98 23 daterad
463 422 43 22 den
532 426 27 19 18
583 422 48 29 maj
649 422 43 23 och
710 422 71 22 ställd
798 422 34 22 till
849 416 146 28 Öfverdirek-

240 458 75 27 tören,
332 457 70 30 lydde
418 459 9 21 i
443 458 94 22 officiell
554 458 174 29 öfversättning
745 464 51 16 som
812 458 76 30 följer:

313 538 70 24 Enligt
404 539 131 25 tillgängliga
553 538 106 26 uppgifter
676 539 37 19 har
729 539 83 19 rektorn
829 539 32 19 för
876 539 118 19 samskolan

241 568 6 19 i
264 568 75 25 Hangö
355 568 73 20 Viktor
444 568 70 20 Alfred
530 568 53 20 Roos
600 569 39 19 den
657 566 49 29 19/3,
719 569 85 26 januari
820 569 140 19 innevarande
972 569 24 19 är

240 599 7 18 i
264 599 86 19 stadens
366 599 67 19 teater
448 599 59 19 hållit
523 599 29 19 ett
567 599 35 23 tal,
619 599 59 19 hvari
694 599 42 20 han
751 600 116 23 uppmanat
882 598 64 20 folket
964 599 30 19 att

241 629 45 18 icke
310 629 49 24 lyda
383 628 106 25 Styrelsen
513 629 54 19 samt
590 629 99 19 motsätta
713 629 33 24 sig
767 629 41 19 alla
826 629 48 19 dess
891 629 103 24 åtgärder,

241 657 86 20 hvarför
349 658 52 20 Herr
425 653 179 25 Öfverdirektören
628 658 61 20 äfven
713 659 110 19 anmodats
844 658 92 20 infordra
955 658 40 19 för-

240 688 83 25 klaring
345 689 88 18 rörande
456 689 159 24 ifrågavarande
639 688 155 26 angelägenhet
818 688 21 20 af
863 688 47 19 herr
934 688 60 19 Roos.

241 717 45 20 Den
306 723 74 14 senare
400 717 38 20 har
459 718 114 20 emellertid
593 719 74 24 vägrat
688 718 80 25 afgifva
788 719 65 19 äskad
874 717 119 26 förklaring.

315 748 109 19 Anseende
448 749 26 18 de
497 747 22 20 af
542 748 47 19 herr
611 747 54 20 Roos
689 749 31 18 till
743 748 166 25 rättfärdigande
926 747 20 20 af
963 748 32 19 sin

243 778 80 24 vägran
335 777 87 20 anförda
438 778 70 19 skälen
525 778 45 19 icke
586 778 89 25 förtjäna
692 779 64 24 något
772 777 99 20 afseende
888 777 38 20 och
943 777 52 20 hans

241 807 156 20 ofvannämnda
412 807 102 24 handling
535 808 45 19 icke
607 807 89 26 förenlig
719 807 47 20 med
791 807 52 20 hans
867 807 129 26 tjänsteplikt

242 837 39 19 och
306 837 54 20 hans
384 837 185 25 ämbetsställning,
589 837 100 20 anmodar
702 838 38 26 jag
756 838 48 19 med
819 837 85 25 ledning
920 837 22 20 af
957 840 37 17 art.

243 867 19 22 1,
280 867 12 19 6
310 867 38 19 och
366 867 11 19 7
394 867 6 19 i
417 867 81 24 Nådiga
520 867 148 25 förordningen
691 868 109 24 angående
825 867 115 25 ordningen
964 867 32 20 för

241 897 139 25 tjänstemäns
404 897 128 20 afskedande
556 898 45 19 från
625 898 92 25 tjänsten
741 897 22 19 af
782 898 40 19 den
843 896 51 23 1/14
911 897 84 25 augusti

244 927 56 19 1902
321 926 37 20 och
379 928 66 24 punkt
462 928 20 21 b)
499 928 37 18 art.
555 928 11 18 5
583 927 22 20 af
620 927 80 25 Nådiga
722 928 147 24 förordningen
886 927 110 24 angående

241 957 100 24 åtgärder
365 956 31 20 för
417 957 127 19 bevarandet
560 958 6 18 i
582 957 87 20 Finland
685 957 22 20 af
723 958 40 19 den
780 958 84 24 statliga
880 957 115 24 ordningen

244 986 39 20 och
301 987 35 19 det
352 986 104 20 allmänna
472 987 72 25 lugnet
560 987 21 19 af
591 988 40 19 den
643 987 28 20 20
683 993 55 14 mars
750 988 21 21 (2
782 988 59 24 april)
855 987 55 19 1903
919 986 18 22 *)
948 987 48 19 herr

242 1015 54 21 Roos
313 1017 31 19 att
359 1016 56 20 inom
432 1018 31 18 tre
480 1017 64 25 dagar
559 1017 92 19 inlämna
667 1018 92 18 ansökan
776 1023 33 13 om
826 1017 79 19 afsked.

314 1046 136 20 Meddelande
470 1047 107 25 angående
597 1047 36 19 det
649 1046 151 20 ofvananförda
816 1047 31 19 för
863 1046 86 25 behörig
966 1048 28 18 ät-

241 1076 53 24 gärd
318 1076 46 20 frän
387 1076 55 20 Eder
465 1076 51 24 sida,
541 1077 92 19 anhäller
653 1077 38 25 jag
715 1077 35 19 det
769 1076 25 20 Ni
811 1077 47 19 ville
875 1076 121 20 underrätta

241 1106 50 25 mig,
309 1106 54 20 hvad
380 1106 6 19 i
402 1107 65 19 saken
484 1107 89 24 ätgöres.

314 1181 112 29 Magister
453 1182 60 23 Roos
537 1182 77 23 anhöll
637 1182 8 22 i
669 1182 57 29 följd
750 1181 70 23 häraf
840 1181 46 23 den
904 1184 26 19 18
947 1181 47 29 maj

241 1223 19 16 s.
277 1217 20 22 &
318 1217 42 23 hos
384 1217 97 23 skolans
505 1217 116 24 direktion
645 1224 38 16 om
707 1217 166 30 entledigande
889 1217 53 22 frän
958 1217 37 22 sin

240 1252 242 30 föreständaretjänst
497 1253 50 28 och,
563 1260 38 16 om
617 1254 8 21 i
639 1253 142 23 skrifvelsen
794 1252 119 30 äsyftades
924 1252 72 23 äfven

314 1325 18 22 *)
345 1325 67 18 Denna
425 1325 62 23 punkt
499 1325 61 22 lyder:
575 1325 147 23 ,Borgmästare
734 1325 37 18 och
780 1325 82 18 rädmän
870 1325 8 18 i
886 1325 110 22 magistrat,

241 1349 117 18 ordförande
374 1349 37 18 och
426 1349 159 18 viceordförande
602 1349 7 18 i
624 1349 178 22 stadsfullmäktige
820 1349 101 18 äfvensom
935 1349 61 17 andra

240 1377 99 18 personer,
359 1377 41 14 som
420 1373 34 18 äro
473 1373 98 18 anställda
583 1374 6 17 i
602 1373 61 23 tjänst
675 1373 33 18 vid
723 1373 195 22 kommunalstyrelse
932 1373 7 17 i
952 1372 44 18 stad

242 1397 46 18 eller
300 1397 26 23 pä
338 1397 72 21 landet,
420 1397 67 18 kunna
499 1397 62 18 under
573 1397 127 22 iakttagande
713 1397 20 18 af
745 1397 175 22 bestämningarna
932 1397 7 17 i
952 1396 44 18 näd.

241 1420 140 24 förordningen
398 1421 20 18 af
434 1421 37 18 den
488 1420 41 23 1/14
547 1421 78 22 augusti
639 1421 45 17 1902
697 1422 6 17 i
717 1421 145 18 administrativ
875 1420 39 23 väg
927 1420 70 23 skiljas

240 1444 45 18 från
304 1445 86 23 tjänsten
408 1445 21 17 af
446 1445 258 22 Ekonomiedepartementet
716 1446 7 17 i
736 1445 86 18 Senaten
835 1444 49 19 efter
898 1444 99 18 öfverens-

240 1467 106 20 kommelse
360 1468 43 18 med
416 1469 222 22 Generalguvernören.*

314 1510 100 17 Allmänna
427 1510 183 19 Pelitionsutskottets
623 1510 110 19 betänkande
746 1510 36 18 N:o
795 1511 16 17 1.
