1111 1756
259 163 84 22 Ständ.
361 164 52 21 Pet.
430 176 28 2 —
474 163 172 22 Petitionsbet.
666 163 40 22 N:o
721 163 21 22 7.
853 165 26 20 27

121 235 51 22 han
190 237 27 20 är
235 235 26 22 af
277 235 75 29 öfriga
372 234 239 30 tjänsteäligganden,
629 235 96 22 kunnat
743 234 136 23 medhinna

122 269 64 22 detta
205 270 46 22 och
270 269 246 29 guvernörsembetet,
529 270 82 21 säsom
630 269 107 28 framgär
749 269 26 22 af
785 276 30 16 en
829 269 53 23 utaf

122 303 112 24 bemälde
258 303 152 30 kronofogde
434 303 36 23 till
492 303 265 30 prokuratorsembetet
776 304 103 29 afgifven

121 338 140 30 förklaring,
280 339 151 22 konsekvent
443 339 83 28 vägrat
539 338 67 23 bifall
619 337 36 24 till
669 337 142 31 upprepade
822 339 58 28 gän-

122 379 41 22 ger
181 373 85 29 gjorda
284 373 208 29 framställningar
515 379 42 16 om
575 372 168 23 förordnande
761 373 26 22 af
803 373 77 30 lämp-

122 407 46 29 liga
193 406 268 31 utmätningsbiträden,
486 407 49 23 kan
562 407 93 29 följden
680 407 74 23 blifva
779 407 48 22 den
846 409 34 21 att

123 441 164 30 indrifningen
306 442 26 22 af
348 441 82 30 dylika
456 441 241 30 tillgodohafvanden
716 442 8 21 i
743 442 76 22 åratal
838 441 42 30 lig-

122 482 41 23 ger
182 483 63 16 nere.
283 476 63 23 Från
365 472 112 34 Äyräpää
500 476 84 29 härad,
603 477 97 22 hvarest
717 476 163 29 kronofogde-

122 511 103 28 tjänsten
253 511 81 22 såsom
362 511 100 28 tidigare
490 511 92 23 anförts
607 511 62 22 varit
693 511 93 23 obesatt
804 511 75 22 sedan

123 545 71 23 slutet
212 546 26 22 af
253 545 108 23 februari
379 545 62 28 1904,
460 545 50 23 kan
529 546 51 22 åter
598 547 112 26 nämnas,
723 547 34 21 att
769 546 109 22 saköres-

123 580 185 29 redovisningen
328 581 38 22 för
384 587 86 15 senare
489 580 91 23 hälften
599 581 26 22 af
641 581 28 21 år
687 580 61 29 1903,
767 587 54 15 som
838 587 41 15 en-

122 615 41 28 ligt
187 615 175 29 förordningen
387 615 26 22 af
434 615 48 22 den
507 615 28 22 24
559 615 94 29 augusti
673 615 55 22 1898
746 615 55 22 bort
819 621 60 16 vara

124 649 35 22 till
178 649 185 23 landskontoret
380 649 129 23 inlämnad
534 651 81 20 senast
633 649 47 22 den
700 649 11 22 1
732 656 65 16 mars
817 649 61 27 1904,

123 685 67 21 ännu
209 683 40 23 vid
269 685 118 28 utgången
406 684 26 22 af
448 684 137 29 september
604 683 91 23 månad
714 683 72 30 sagda
806 684 27 22 år
857 684 20 29 ej

123 717 35 23 dit
175 718 138 28 inkommit,
332 720 63 21 samt
414 720 33 20 att
471 719 41 22 vid
534 718 47 23 den
600 717 279 31 kronouppbördsredo-

122 753 101 29 visning,
242 760 54 16 som
315 753 55 23 bort
387 753 102 29 försiggå
509 753 47 23 den
575 753 12 22 1
603 753 46 29 juli
669 753 62 29 1904,
749 755 36 21 tre
801 753 26 23 af
837 753 42 23 hä-

123 786 80 24 radets
221 795 42 15 sex
281 787 222 23 länsmansdistrikt
521 795 60 15 voro
602 789 31 28 på
652 790 54 20 rest.

193 822 39 22 Ett
251 824 74 20 annat
344 822 95 29 uttryck
457 822 39 23 för
514 822 47 23 den
583 822 126 30 pågående
727 822 151 30 depravatio-

123 863 48 15 nen
190 857 67 22 inom
277 857 258 29 tjänstemannakåren
554 859 33 26 är,
606 858 81 22 såsom
701 856 75 23 redan
790 856 89 23 under-

123 890 94 30 dånigst
244 891 124 29 antyddes,
396 891 47 23 den
471 891 140 29 tilltagande
639 891 153 23 brutaliteten
817 891 7 22 i
849 890 30 24 de

123 925 64 29 lägre
214 926 214 29 tjänstemännens,
456 926 114 22 särskildt
597 926 107 30 polisens
725 925 154 23 förhållande

123 960 35 22 till
177 960 170 23 allmänheten.
386 960 37 22 En
442 961 90 29 yttring
550 960 76 29 häraf,
645 960 39 23 för
701 960 98 22 hvilken
815 960 64 22 dock

122 994 132 29 ingalunda
280 995 92 29 polisen
397 1002 93 21 ensam,
515 997 58 21 utan
599 995 119 29 därjämte
736 994 54 23 dess
815 994 64 23 chef-

123 1028 60 30 skap
201 1029 41 22 vid
261 1029 179 30 länestyrelsen,
459 1030 45 22 bär
523 1032 118 26 ansvaret,
661 1032 43 20 äro
723 1029 29 23 de
765 1028 114 24 särskildt

122 1063 80 23 under
226 1064 58 22 åren
311 1064 55 22 1903
389 1064 46 22 och
456 1064 56 23 1904
530 1065 26 21 så
575 1064 82 23 talrikt
675 1063 204 23 förekommande

122 1097 41 23 fall
183 1098 24 22 af
223 1098 69 29 olaga
318 1099 123 28 häktning,
466 1098 67 24 såväl
552 1098 31 23 då
603 1098 81 23 denna
703 1098 133 23 föranledts
855 1098 27 22 af

122 1132 148 23 misstankar
287 1133 38 22 för
343 1133 114 29 politiska
476 1133 167 29 stämplingar,
661 1134 9 21 i
682 1133 81 22 hvilka
777 1132 102 22 händel-

121 1173 39 15 ser
178 1166 184 24 vederbörande
386 1167 78 23 blifvit
487 1167 83 24 hållna
589 1168 65 22 ända
673 1168 35 22 till
726 1168 48 22 fem
794 1167 85 22 måna-

121 1200 44 23 der
183 1201 7 21 i
208 1201 105 29 fängelse
339 1202 76 22 innan
444 1202 30 22 de
499 1202 66 23 stälts
589 1202 65 23 inför
676 1204 68 26 rätta,
768 1208 55 16 som
849 1201 30 23 de

121 1235 49 28 fall,
190 1235 31 23 då
239 1242 117 24 personer
379 1238 125 22 inmanats
522 1237 8 21 i
549 1236 136 30 polishäkte
703 1236 61 23 blott
782 1236 39 22 för
839 1235 40 23 det

121 1277 30 15 en
171 1270 148 23 anförvandt
337 1271 141 23 misstänkts
498 1272 38 22 för
557 1271 83 30 dylika
659 1271 165 29 stämplingar,
843 1271 36 21 så-

121 1311 54 15 som
194 1304 31 23 då
250 1312 29 16 en
305 1305 140 23 handlande
463 1306 8 22 i
490 1306 91 29 Viborg
608 1304 63 24 hölls
690 1304 109 30 fängslad
818 1306 60 21 nära

121 1346 29 15 en
170 1339 75 23 vecka
264 1340 31 28 på
314 1340 47 22 den
380 1340 86 29 grund,
486 1342 34 21 att
538 1340 62 23 hans
619 1340 90 23 broder
724 1338 155 24 misstänktes

119 1374 38 22 för
176 1374 114 28 agitation
309 1374 75 23 bland
403 1374 48 23 den
470 1375 175 29 värnepliktige
659 1374 148 30 ungdomen,
820 1373 59 23 eller

120 1407 31 24 då
170 1408 149 29 häktningen
337 1409 79 23 berott
435 1409 63 23 blott
516 1410 46 22 och
581 1410 55 22 bart
648 1410 32 29 på
695 1408 184 31 personförvex-

119 1443 56 28 ling,
203 1444 81 22 såsom
308 1443 66 24 fallet
392 1451 44 15 var
454 1444 59 23 med
532 1451 30 16 en
581 1451 97 23 person,
696 1451 53 15 som
769 1443 26 22 af
811 1442 68 31 dylik

119 1476 132 31 anledning
269 1477 48 23 fick
335 1478 122 29 tillbringa
476 1480 41 21 två
539 1478 63 31 dygn
622 1479 7 22 i
648 1478 153 29 polishäktet,
820 1477 59 23 eller
