1111 1775
283 162 72 23 Ständ.
372 162 44 22 Pet.
432 174 28 4 —
476 162 144 22 Petitionsbet.
637 162 35 22 N:o
688 162 21 22 3.
848 163 26 21 41

119 234 51 22 från
189 234 134 22 densamma
341 233 140 29 aflägsnade.
518 234 55 21 Men
588 233 132 23 Ständerna
732 234 69 22 hafva
815 234 60 22 dock

119 270 59 20 trott
201 268 36 29 sig
260 268 57 22 böra
334 269 9 21 i
361 267 76 23 denna
455 268 108 28 petition,
586 268 42 22 där
646 268 74 22 under
738 268 27 22 de
784 271 91 20 senaste

119 303 56 21 åren
192 303 134 29 uppkomna
343 302 219 22 missförhållanden
581 303 30 29 på
635 302 176 24 skolväsendets
828 311 47 15 om-

119 337 56 22 råde
192 338 9 21 i
219 340 34 19 ett
277 337 168 29 sammanhang
468 337 101 29 beröras,
589 337 112 22 särskildt
720 337 99 29 anhålla,
839 340 36 20 att

119 371 45 23 den
190 372 77 29 gamla
293 370 130 31 ordningen
451 372 37 22 för
515 372 110 28 tjänsters
650 372 137 22 besättande
812 372 62 22 inom

119 406 134 22 skolverket
271 407 177 28 återupprättas.

188 441 34 22 På
249 440 76 30 grund
353 440 22 22 af
398 441 63 22 hvad
486 441 71 21 ofvan
582 441 89 22 anförts
695 441 24 21 få
743 440 132 23 Ständerna

119 476 9 21 i
145 474 187 30 underdånighet
350 475 94 22 anhålla

393 570 32 19 alt
442 568 24 21 de
484 568 47 28 före
548 568 141 28 utfärdandet
706 568 29 27 af
746 568 127 27 förordnin-

327 609 41 21 gen
386 603 28 28 af
429 603 41 21 den
490 603 26 21 31
529 603 48 28 juli
594 603 61 21 1902
674 603 122 27 tillämpade
813 603 60 22 stad-

325 637 85 28 ganden
428 637 110 28 angående
557 637 130 22 besättandet
704 637 28 28 af
746 637 127 28 läraretjän-

325 673 73 20 sterna
424 672 37 21 vid
492 672 82 21 landets
601 672 208 21 elementarläroverk
838 671 37 22 och

326 706 222 27 fruntimmersskolor
565 707 46 21 åter
628 707 66 20 måtte
712 706 66 28 blifva
788 707 86 28 gällan-

326 741 35 25 de;
379 743 57 19 samt

394 777 32 20 att
442 776 42 21 den
501 775 10 21 i
522 775 144 28 förenämnda
676 775 130 28 författning
814 775 59 21 stad-

325 809 53 28 gade
396 810 120 27 ordningen
534 810 35 27 för
581 810 120 21 besättande
710 809 28 28 af
745 809 128 28 öfverdirek-

329 845 148 27 lörsadjoints-
485 844 39 21 och
533 844 296 28 öfverinspektorstjänsterna
838 844 37 21 vid

331 874 167 33 Öfverstyrelsen
516 879 36 28 för
568 879 144 21 skolväsendet
720 879 65 21 måtte
793 879 82 21 ändras

327 914 89 26 därhän,
434 916 32 18 att
484 914 190 28 utnämningarna
692 913 33 21 till
742 914 59 21 dessa
815 914 58 27 tjän-

325 950 43 19 ster
394 948 114 28 framdeles
525 948 35 21 ske
575 948 32 28 på
622 948 75 28 grund
713 948 28 27 af
753 948 122 28 ansökning

325 982 37 21 och
379 982 88 30 förslag.

478 1160 40 21 IV.

190 1228 87 22 Genom
296 1227 86 30 nådiga
400 1229 155 28 kungörelsen
575 1229 23 22 af
617 1229 44 22 den
674 1229 15 21 8
703 1229 92 28 augusti
809 1229 62 22 1901

119 1262 72 22 hafva
215 1265 34 19 tre
268 1263 115 21 ordinarie
402 1263 234 29 inspektorstjänster
654 1263 36 22 för
707 1263 69 29 ryska
793 1263 82 30 språk-

119 1296 198 29 undervisningen
335 1297 110 22 inrättats
463 1297 41 23 vid
524 1297 235 29 Skolöfverstyrelsen
777 1298 98 22 istället

118 1331 36 22 för
173 1330 44 23 den
245 1331 100 29 tidigare
363 1332 321 29 examinatorsbefattningen
704 1333 12 21 &
734 1335 65 20 extra
818 1335 54 19 stat.

120 1365 165 28 Nyssnämnda
311 1366 141 29 författning
479 1367 97 28 stadgar
594 1366 145 23 beträffande
755 1367 66 22 dessa
839 1367 35 21 in-

119 1399 126 30 spektorer,
266 1400 23 22 af
316 1400 81 23 hvilka
416 1409 28 14 en
463 1401 126 22 benämnes
612 1401 64 22 äldre
694 1401 119 29 inspektor
831 1401 44 22 och

121 1435 8 21 i
149 1434 76 23 denna
252 1435 35 22 sin
307 1436 118 29 egenskap
448 1439 24 18 är
490 1435 103 23 ledamot
611 1436 8 21 i
638 1435 237 30 Skolöfverstyrelsen

123 1471 60 19 samt
201 1469 27 22 de
247 1470 40 21 två
306 1469 72 23 andra
396 1470 128 22 benämnas
542 1477 75 22 yngre
634 1470 151 30 inspektorer,
803 1469 72 23 bland
