1114 1775
296 174 253 24 Petitionsbetänkande
564 174 39 24 N:o
620 176 19 22 7.
830 176 30 21 35

109 241 58 21 bruk
180 241 22 21 af
217 242 140 25 tjänstemän,
374 240 75 22 hvilka
465 241 93 21 faktiskt
573 242 101 20 befunnit
685 242 32 26 sig
729 244 61 19 utom
797 242 62 20 räck-

109 270 45 22 håll
171 270 35 21 för
228 271 75 26 lagens
328 277 53 19 arm,
405 270 70 22 måste
491 270 139 27 småningom
646 271 41 21 hos
703 271 157 26 befolkningen

109 300 69 21 alstra
194 307 26 14 en
238 300 108 26 bitterhet,
363 307 54 17 som,
435 301 74 21 därest
521 301 18 26 ej
554 301 121 21 orsakerna
685 301 32 20 till
730 301 131 21 densamma

108 330 111 26 grundligt
245 329 41 22 och
313 330 129 27 skyndsamt
469 331 157 26 undanrödjas,
651 331 43 20 kan
711 331 59 26 gifva
787 330 73 21 anled-

109 360 53 26 ning
177 360 32 20 till
225 359 65 22 svåra
312 359 168 28 förvecklingar,
503 360 45 21 lika
567 361 36 20 väl
620 367 48 15 som
684 361 98 26 antydda
799 361 61 20 miss-

109 389 154 22 förhållanden
280 390 7 20 i
303 390 41 21 och
360 390 35 20 för
411 390 32 26 sig
459 391 80 26 själfva
556 391 77 26 utgöra
645 396 26 15 en
684 390 117 21 allvarsam
812 390 48 21 fara

109 419 34 21 för
160 422 43 18 stat
218 419 42 22 och
276 419 114 22 samhälle.

184 599 40 21 Det
240 600 201 26 regeringssystem,
458 600 66 21 hvars
542 600 131 26 verkningar
690 600 6 20 i
712 599 94 26 Viborgs
822 599 37 21 län

109 628 110 22 Utskottet
235 629 64 21 ofvan
318 630 97 26 skildrat,
431 630 42 20 har
489 630 65 20 äfven
574 630 57 20 varit
647 629 80 26 egnadt
743 631 32 19 att
791 629 7 20 i
814 629 45 21 lan-

109 659 48 20 dets
174 659 70 26 öfriga
260 659 61 21 delar
337 659 116 21 framkalla
469 659 66 21 svåra
551 658 197 22 embetsmissbruk
760 658 49 22 från
820 666 38 19 gu-

109 690 152 24 vernörernes,
289 689 197 27 länestyrelsernas
513 690 41 20 och
571 689 50 21 dem
638 688 166 28 underlydande
821 688 38 21 ad-

109 718 147 22 ministrativa
272 719 144 26 tjänstemäns
432 720 42 20 och
490 719 108 26 betjäntes
615 718 54 22 sida.
688 718 31 21 Då
736 718 27 22 de
780 718 32 21 till
824 718 34 22 Ut-

110 748 80 21 skottet
207 748 134 27 hänskjutna
356 749 251 27 petitionsmemorialen
621 748 79 22 endast
715 748 95 21 hänföra
826 749 33 27 sig

109 778 32 20 till
158 778 27 20 de
202 778 174 22 administrativa
393 778 227 22 embetsmissbruken
637 779 6 20 i
659 778 93 26 Viborgs
764 778 43 25 län,
820 778 40 21 har

110 808 108 21 Utskottet
241 808 48 21 icke
311 809 47 20 haft
374 809 119 26 anledning
509 811 32 19 att
556 809 7 20 i
579 809 60 20 detta
655 808 140 21 betänkande
812 809 46 19 när-

109 844 61 14 mare
187 837 79 22 beröra
283 838 154 22 motsvarande
452 838 209 21 missförhållanden
673 838 6 20 i
691 838 85 20 landets
789 837 70 27 öfriga

108 867 43 20 län.
170 867 108 21 Utskottet
295 874 65 15 anser
384 868 32 26 sig
432 868 67 21 likväl
516 868 48 21 icke
580 868 75 20 kunna
671 867 117 22 underlåta
804 870 31 18 att
851 868 6 19 i

109 897 60 20 detta
186 897 159 27 sammanhang
362 898 74 25 uttala,
447 900 37 23 att,
502 897 28 28 på
546 898 70 26 grund
633 897 23 22 af
672 897 42 21 den
731 897 126 21 kännedom

109 933 35 14 om
162 926 168 22 förhållandena
353 928 135 21 härutinnan
513 934 47 14 som
580 927 79 21 talrika
675 927 145 20 medlemmar
836 927 23 20 af

108 956 87 21 landets
212 956 94 22 Ständer
322 957 77 21 vunnit
414 957 36 20 vid
469 957 128 26 utöfningen
614 957 23 21 af
653 957 33 20 sin
702 956 157 21 verksamhet
846 952 17 36 i

108 986 35 21 det
176 986 112 21 allmänna
319 987 61 21 lifvet
402 989 57 18 samt
485 988 8 20 i
519 990 83 18 statens
625 986 42 22 och
686 986 173 21 kommunernas

107 1016 74 26 tjänst,
199 1015 66 28 något
281 1016 74 21 tvifvel
371 1017 19 26 ej
408 1016 65 22 råder
490 1017 84 25 därom,
589 1019 30 18 att
630 1015 65 22 svåra
711 1016 147 21 embetsmiss-

107 1045 56 21 bruk
180 1046 22 21 af
218 1047 134 26 väsentligen
370 1047 118 20 enahanda
505 1047 152 20 beskaffenhet
673 1052 48 15 som
737 1046 33 25 de,
784 1046 74 21 hvilka

106 1077 80 25 yppats
202 1076 7 20 i
227 1076 91 27 Viborgs
335 1076 42 26 län,
395 1077 71 20 under
483 1077 26 20 de
527 1079 87 18 senaste
631 1075 52 22 åren
704 1076 4 20 i
722 1077 70 19 större
804 1075 53 21 eller

106 1105 86 21 mindre
208 1106 152 27 utsträckning
371 1106 141 21 förekommit
522 1106 82 26 jämväl
616 1107 5 20 i
634 1105 85 22 landets
731 1105 69 26 öfriga
812 1105 43 25 län,

105 1135 42 21 och
164 1137 32 18 att
210 1135 140 22 verksamma
367 1135 102 27 åtgärder
486 1136 65 21 äfven
567 1136 34 21 för
610 1136 65 21 dessa
684 1134 174 22 missförhållan-

105 1165 56 21 dens
178 1165 158 27 skyndsamma
352 1165 143 27 aflägsnande
511 1172 52 15 vore
583 1165 114 27 högeligen
714 1165 23 21 af
753 1165 104 21 behofvet

105 1194 124 27 påkallade.
240 1195 60 21 Dock
309 1196 62 21 torde
380 1196 43 20 den
432 1196 121 26 lagvidriga
562 1196 41 20 och
610 1195 247 21 samhällsförstörande

104 1224 99 26 regimen
227 1225 60 21 inom
312 1225 92 27 Viborgs
424 1225 35 21 län
478 1226 6 20 i
501 1226 120 21 allmänhet
637 1224 67 22 hafva
721 1224 136 27 genomförts

104 1254 29 27 på
155 1257 30 18 ett
201 1261 61 15 mera
287 1255 134 21 utmanande
445 1257 45 19 sätt
510 1257 29 19 än
553 1254 154 22 annorstädes.
726 1254 131 27 Förklarligt

105 1285 24 19 är
145 1283 95 22 sålunda
256 1286 32 19 att
298 1285 60 21 detta
371 1285 48 21 läns
431 1285 134 27 förvaltning
581 1286 66 26 gjorts
665 1284 31 21 till
713 1283 93 23 föremål
824 1284 33 20 för

104 1314 111 20 särskilda
231 1314 192 27 petitionsförslag.

175 1344 72 21 Jämte
271 1344 37 21 det
323 1344 43 22 den
383 1344 149 27 förhoppning
552 1351 65 20 synes
635 1344 127 26 berättigad,
780 1346 32 18 att
829 1344 27 20 de

103 1373 177 21 administrativa
309 1374 225 22 missförhållandena
565 1374 7 20 i
593 1374 43 21 alla
661 1374 61 20 delar
743 1374 23 20 af
782 1373 76 21 landet

103 1402 64 22 skola
183 1404 67 20 vinna
268 1404 94 25 rättelse,
380 1404 28 27 pä
424 1406 42 19 sätt
485 1404 123 22 Ständerna
625 1404 6 21 i
648 1404 34 20 sin
703 1402 154 27 underdäniga

103 1432 117 22 skrifvelse
236 1433 23 21 af
275 1433 42 21 den
334 1434 26 20 31
379 1434 118 21 december
515 1434 57 20 1904
587 1433 108 25 hemstält,
713 1433 62 21 torde
792 1432 66 22 Stän-

103 1462 69 21 derna
189 1462 29 26 pä
233 1463 70 26 grund
321 1463 22 21 af
360 1464 40 20 här
416 1464 139 21 framställda
572 1463 117 26 utredning
705 1463 61 20 finna
782 1462 75 21 anled-

102 1492 53 25 ning
170 1492 41 21 hos
228 1493 60 20 Hans
305 1493 120 26 Kejserliga
442 1493 103 27 Majestät
561 1493 6 20 i
579 1491 176 28 underdänighet
766 1491 90 22 anhälla

174 1533 63 18 Särsk.
250 1533 53 18 Besv.
315 1534 45 18 utsk.
374 1535 32 17 bet.
419 1534 35 18 N:o
468 1535 19 17 4.
