1111 1778
229 169 23 17 82
458 167 218 19 Motionsbetänkande
689 167 37 18 N:o
739 167 16 18 1.

302 227 20 22 3.
353 227 80 29 Bryter
451 227 46 22 han
517 227 131 22 annorledes
665 228 60 20 emot
740 226 120 28 föreskrift,
877 234 48 15 som
941 233 42 16 an-

230 263 87 28 gäende
341 263 129 22 tillverkare
486 263 7 21 i
510 262 75 22 denna
600 262 128 28 förordning
743 262 131 29 meddelats,
891 262 91 23 straffes

230 299 52 22 med
306 299 63 22 böter
391 299 50 21 från
466 299 41 22 och
531 298 50 22 med
605 298 123 23 etthundra
748 299 34 22 till
802 298 40 22 och
858 298 51 22 med
924 298 59 22 fem-

229 334 91 23 hundra
336 335 69 22 mark.

576 399 28 22 31
622 400 19 30 8.

306 460 18 21 1.
355 460 130 22 Uraktläter
501 460 50 28 den,
572 467 48 15 som
635 459 103 23 handhar
754 460 162 27 utminutering
931 459 53 21 eller

231 495 163 28 utskänkning,
407 496 34 21 att
452 495 103 28 iakttaga
566 495 38 23 vid
614 496 187 27 utminuterings-
809 494 53 22 eller
870 495 113 22 utskänk-

231 532 217 28 ningsrättighetens
472 531 126 29 beviljande
622 531 131 22 meddelade
773 530 138 23 föreskrifter
931 530 53 22 eller

232 566 139 24 öfverträder
387 568 45 21 han
451 567 131 23 annorledes
598 567 76 22 denna
688 567 140 27 förordnings
842 566 141 28 stadganden

232 602 119 29 angående
367 603 162 28 utminutering
545 602 52 23 eller
612 603 163 27 utskänkning,
791 602 69 30 plikte
876 602 50 22 från
943 602 41 22 och

233 638 51 23 med
305 639 120 22 tvåhunda
444 639 34 22 till
497 639 41 22 och
553 638 51 22 med
619 638 136 23 femhundra
771 638 69 28 mark,
858 638 41 22 och
915 637 68 23 varde

232 674 40 23 vid
288 674 89 23 återfall
397 675 106 29 derjemte
523 675 113 22 förklarad
657 675 105 29 olämplig
783 675 34 21 att
837 674 7 21 i
863 674 120 22 framtiden

233 710 63 29 dylik
312 711 145 22 verksamhet
473 711 84 22 utöfva.

305 747 20 21 2.
356 746 56 23 Sker
427 746 177 23 öfverträdelsen
620 746 50 23 med
686 747 97 28 vetskap
799 746 53 22 eller
867 745 117 30 samtycke

233 781 24 23 af
272 782 189 28 utminuterings-
477 783 52 21 eller
544 782 271 28 utskänkningsbolagets
829 781 155 22 föreståndare

234 818 53 21 eller
310 819 39 26 gör
372 818 72 22 denne
461 818 50 29 sjelf
527 819 33 27 sig
576 818 88 29 skyldig
680 818 34 22 till
730 818 71 22 sådan
818 817 165 28 öfverträdelse,

234 853 92 22 straffes
343 861 47 15 som
406 861 55 22 nyss
477 856 25 20 är
517 854 66 28 sagdt
598 854 42 22 och
655 861 54 15 vare
725 856 80 27 genast
821 853 57 23 skild
889 853 49 22 från
951 853 34 22 sin

232 889 131 29 befattning
386 889 38 23 vid
440 889 105 30 äfventyr
561 891 35 20 att
610 890 91 28 bolaget
716 891 8 20 i
740 891 71 21 annat
826 889 40 22 fall
882 890 46 21 kan
938 889 46 22 för-

234 925 76 23 klaras
326 925 34 22 sin
377 926 182 28 utminuterings-
576 925 51 23 eller
643 926 213 27 utskänkningsrätt
866 925 119 28 förlustigt.

306 961 21 21 3.
359 961 147 22 Förekomma
525 961 39 22 vid
582 962 166 28 utminutering
763 961 54 23 eller
832 961 153 28 utskänkning

235 997 30 27 af
283 997 173 29 alkoholhaltiga
479 998 94 29 drycker
594 997 90 23 sådana
707 997 143 28 oordningar,
873 999 34 20 att
921 998 64 22 inne-

234 1033 112 28 hafvaren
370 1034 29 26 af
415 1033 134 29 rättigheten
563 1034 47 22 icke
626 1041 62 15 mera
703 1034 44 23 kan
763 1041 65 15 anses
844 1033 93 28 lämplig
953 1035 33 20 att

234 1069 136 27 handhafva
381 1069 130 22 densamma
521 1070 9 21 i
539 1070 49 21 dess
598 1070 65 27 förra
671 1069 145 28 omfattning,
824 1068 37 23 mä
868 1069 119 28 magistrat

234 1106 9 21 i
258 1105 52 22 stad
331 1106 39 21 och
392 1105 165 23 vederbörande
584 1106 148 28 länetyrelser
752 1105 140 28 beträffande
910 1105 76 28 dylika

234 1141 83 23 ställen
328 1141 35 28 pä
379 1142 81 25 landet,
472 1142 55 27 efter
543 1143 91 21 anstäld
651 1142 174 28 undersökning,
832 1141 154 28 förenämnda

235 1177 109 28 rättighet
366 1178 127 22 inskränka
509 1178 52 21 eller
575 1178 107 29 indraga,
698 1178 52 23 eller
765 1178 38 22 ock
818 1177 168 28 innehafvaren

235 1213 101 28 derifrän
352 1214 72 28 skilja.

581 1279 28 22 32
626 1279 18 30 &.

309 1344 63 23 Huru
395 1345 154 22 föreständare
564 1345 34 22 för
614 1345 233 28 utskänkningsställe
863 1345 40 22 bör
919 1344 68 23 straf-

235 1380 43 28 fas,
304 1387 47 15 som
375 1381 86 22 lemnar
484 1381 97 22 drucken
605 1389 79 22 person
705 1382 56 21 utan
780 1381 68 28 nödig
863 1381 56 22 vård
935 1381 53 21 eller

236 1416 183 22 tillhandahåller
435 1417 153 27 alkoholhaltig
604 1417 68 29 dryck
690 1418 24 20 ät
730 1417 98 21 drucken
840 1417 52 21 eller
902 1418 25 20 ät
937 1416 49 28 den,

236 1458 48 15 som
301 1452 18 28 ej
336 1451 53 30 fyllt
403 1452 87 22 femton
506 1454 30 26 är,
553 1452 75 22 derom
644 1452 93 28 stadgas
753 1454 6 20 i
776 1452 140 29 strafflagen.
