1111 1775
235 145 14 20 8
422 143 283 22 Petitionsbetänkande
723 144 43 20 N:o
782 144 24 22 6.

284 208 59 18 Inom
363 207 159 20 ifrågavarande
543 207 83 19 område
647 208 67 18 finnes
736 210 29 16 ett
784 208 61 18 smalt
863 209 43 21 näs,
926 208 62 19 hvars

235 232 142 23 kanalisering
395 232 69 18 skulle
477 232 86 18 försätta
576 234 29 16 ett
617 234 57 20 stort,
688 232 73 19 hittills
773 232 100 18 isoleradt
885 231 83 19 område
981 238 7 12 i

235 255 127 20 förbindelse
381 256 47 19 med
447 255 102 20 trafikled.
575 256 141 24 Oraintaipale
736 262 36 17 250
790 256 64 18 meter
868 255 64 20 breda
945 256 41 22 näs,

234 279 34 18 för
287 280 35 18 det
340 281 66 17 mesta
424 280 99 24 sandjord
540 280 70 24 skiljer
628 285 25 12 en
672 286 46 13 som
731 280 64 18 farled
809 280 115 19 undersökt
935 280 53 23 fjärd

235 303 20 18 af
276 304 84 18 Saimen
379 303 44 19 från
446 304 36 18 det
500 310 24 17 90
544 304 118 18 centimeter
681 304 66 24 högre
766 304 88 23 belägna
868 304 120 19 Kuolimon-

231 327 62 24 järvi.
319 329 74 17 Denna
412 328 30 23 sjö
460 328 47 18 med
521 328 47 18 dess
581 327 75 24 många
669 328 110 18 trafikabla
791 329 60 17 vikar
865 328 123 23 genomskär

235 351 129 24 Savitaipale
384 352 38 18 och
441 352 156 18 Suomenniemi
616 352 92 22 socknar,
728 351 123 19 sträckande
870 353 33 22 sig
922 351 66 19 delvis

235 377 45 16 mot
292 376 135 23 Mäntyharju
442 376 38 18 och
493 376 93 18 Kristina
599 376 109 18 utmarker.
728 377 65 17 Dessa
805 376 79 18 trakter
893 377 35 17 äro
936 376 50 18 tills-

234 399 73 18 vidare
320 399 85 19 alldeles
418 399 114 19 åsidosatta
547 399 38 19 och
599 401 39 22 äga
651 400 46 18 icke
709 399 66 24 några
785 399 63 19 andra
859 400 87 18 utsikter
956 400 30 17 till

233 423 129 18 förbättrade
380 423 204 19 kommunikationer
602 425 25 16 än
646 424 135 23 möjligheten
798 424 20 18 af
830 423 157 24 ifrågavarande

235 447 167 24 Kuolimonjärvi
428 447 42 24 sjös
496 447 96 24 förening
613 447 47 18 med
686 448 89 19 Saimen.
807 449 73 17 Denna
902 447 84 24 obetyd-

234 471 43 23 liga
295 471 142 24 kanalisering
454 471 67 19 blefve
536 472 33 17 väl
583 473 63 17 ersatt
658 477 76 18 genom
747 472 40 18 den
800 471 188 19 trafikförbindelse

234 495 41 18 den
288 495 83 18 komme
384 497 30 17 att
426 495 81 19 skänka
523 495 125 19 vidsträckta
661 495 104 22 områden,
778 501 45 13 som
835 495 75 19 hittills
923 496 64 18 sakna

233 523 26 14 en
279 518 71 19 sådan.
376 520 40 18 Det
436 520 37 18 bör
492 520 82 21 erinras,
593 521 29 17 att
641 520 175 23 Kuolimonjärvis
831 519 97 24 förening
939 519 47 18 med

233 542 85 19 Saimen
338 549 50 12 vore
407 544 20 17 af
445 543 109 24 synnerlig
572 543 49 24 vigt,
641 543 99 19 särskildt
757 543 7 18 i
777 543 136 19 betraktande
926 543 19 18 af
958 545 30 16 att

233 566 64 24 kring
309 566 159 24 ifrågavarande
481 567 124 24 vattendrag
617 567 68 19 finnas
698 567 127 19 vidsträckta
837 567 81 24 skogar,
932 567 52 18 hvil-

233 591 38 18 kas
290 591 116 23 produkter
424 598 74 18 genom
516 591 68 19 denna
596 591 61 19 kanal
670 592 64 18 funne
750 592 41 23 väg
803 591 31 19 till
848 591 137 19 världsmark-

233 614 75 19 naden.

283 638 29 18 Pä
372 639 28 18 nd
420 640 20 18 af
458 639 56 19 hvad
533 640 62 17 ofvan
614 640 84 18 uttalats
720 639 65 24 vågar
801 640 38 23 jag
856 638 80 22 föreslå,
958 641 29 17 att

233 662 159 19 Bondeståndet
410 664 6 17 i
433 664 97 23 förening
545 663 46 18 med
605 664 67 22 öfriga
684 663 61 19 stånd
759 663 49 19 ville
821 663 127 19 understöda
961 669 24 13 en

232 686 89 24 petition
335 686 76 23 därom,

522 750 28 14 att
570 749 122 17 Oraintaipale
712 750 31 15 näs
762 749 65 16 mellan
840 748 148 22 Kuolimonjärvi

450 773 30 15 och
494 773 70 16 Saimen
578 774 8 14 i
597 775 89 13 närmaste
693 774 84 21 framtid
788 773 56 21 blefve
853 771 28 23 på
887 774 65 15 statens
959 774 26 14 be-

450 797 74 16 kostnad
535 797 125 16 kanaliseradt.

281 855 133 22 Helsingfors
428 855 39 18 den
482 861 23 12 20
518 855 107 19 december
639 861 50 18 1904.

317 915 5 4 N
795 917 24 20 T.
838 915 102 22 Riihelä.

277 1065 53 21 Den
347 1064 121 29 betydelse
485 1065 52 22 värt
552 1065 68 22 lands
637 1065 170 22 vattensträtar
820 1065 46 28 äga
877 1065 35 22 för
923 1072 59 15 sam-

232 1100 104 22 färdseln
353 1101 45 21 och
421 1101 101 22 trafiken
539 1101 43 22 har
601 1101 63 22 visat
680 1101 38 29 sig
735 1101 74 21 under
826 1101 29 21 de
870 1101 114 22 förflutna

230 1136 165 28 decennierna,
407 1137 30 22 dä
448 1137 329 28 insjökommunikationerna
788 1137 77 28 spelat
873 1145 29 14 en
911 1137 72 28 högst

229 1172 122 29 väsentlig
374 1173 44 21 roll
434 1173 7 22 i
458 1173 92 22 landets
575 1173 237 22 trafikförhällanden
832 1173 45 22 och
893 1173 90 29 därige-

229 1214 57 15 nom
302 1208 8 21 i
327 1209 36 21 sin
380 1209 55 22 män
452 1209 122 23 värksamt
589 1209 105 28 bidragit
706 1209 35 22 till
753 1209 54 22 dess
818 1209 63 22 förut
892 1210 90 21 oanade

229 1244 124 29 uppsving
369 1244 29 29 pä
418 1245 268 29 skogshandteringens,
708 1245 131 22 industrins
852 1245 43 22 och
907 1246 75 21 landt-

228 1280 100 22 brukets
345 1280 117 22 omräden.

275 1315 134 24 Efterhand
426 1324 50 15 som
492 1316 129 29 järnvägar
637 1317 109 29 uppstått
763 1316 72 23 hafva
852 1317 129 23 emellertid

228 1351 94 23 landets
347 1352 156 23 ekonomiska
527 1353 163 22 förhållanden
714 1353 125 22 utvecklat
862 1353 38 29 sig
923 1353 7 22 i
952 1361 28 14 en

227 1387 117 30 riktning,
360 1395 51 15 som
428 1389 78 21 ställer
523 1389 42 22 allt
581 1389 74 28 högre
668 1389 53 22 kraf
734 1389 31 28 på
778 1389 127 29 tidsenliga
915 1389 65 22 kom-

227 1423 250 24 munikationsmedel.
509 1424 37 22 Då
564 1424 111 29 sjöfarten
692 1425 7 21 i
716 1425 29 22 de
767 1425 51 22 inre
840 1425 96 22 delarna
958 1427 24 21 af

227 1459 83 22 landet
325 1459 7 22 i
350 1459 57 29 följd
429 1460 24 22 af
468 1460 191 27 klimatologiska
680 1461 164 22 förhållanden
864 1461 52 22 icke
932 1462 47 21 kan

295 1502 185 21 Järnvägsutskottets
493 1503 105 16 betänkande
610 1504 33 15 N:o
655 1508 16 15 3.
