1111 1773
340 140 247 23 Petitionsbetänkande
603 139 37 23 N:o
657 140 24 22 4.
826 142 26 19 71

132 206 70 20 endast
226 206 114 20 observeras
363 205 167 20 transitotrafiken
553 208 46 17 utan
617 206 59 19 äfven
691 205 33 20 det
739 205 99 25 syftemål,
855 207 30 18 att

131 235 63 25 linjen
209 235 75 19 komme
300 236 30 18 att
344 236 84 24 tangera
443 234 132 20 affärscentra.

201 263 43 20 Här
258 263 62 25 några
339 262 111 20 statistiska
466 263 101 25 uppgifter
581 270 30 13 om
627 262 167 20 transitotrafiken
810 263 12 19 &
837 263 47 19 ban-

132 292 56 20 delen
211 287 136 35 Träskända—
358 291 68 21 Koria.
456 291 68 20 Under
547 291 33 20 det
602 291 220 26 passageraretrafiken,
838 291 45 20 obe-

132 321 84 19 räknadt
237 320 133 20 rundresande
392 320 36 20 och
453 320 80 25 militär,
556 320 22 20 år
603 320 52 20 1897
679 320 87 25 uppgick
781 320 32 19 till
829 319 56 21 cirka

132 349 78 25 55,000
233 355 99 20 personer,
356 351 45 23 steg
424 349 110 19 densamma
554 349 23 19 år
599 348 56 22 1902
674 348 32 20 till
721 348 62 20 omkr.
800 348 84 25 80,000,

131 378 77 20 säledes
223 385 23 13 en
262 378 108 25 tillökning
385 378 22 19 af
421 378 27 19 45
464 376 24 24 0/,
503 378 25 25 pä
543 384 35 13 sex
593 377 28 20 är.
648 376 36 21 Om
700 377 132 20 rundresande
847 376 37 20 och

131 407 75 20 militär
227 406 123 25 medräknas,
376 406 82 26 belöper
480 406 31 26 sig
533 406 190 26 passageratrafiken
745 406 23 19 är
786 405 54 21 1902
852 405 32 20 till

135 435 89 24 135,000
248 441 93 20 personer
363 435 49 19 eller
435 435 6 19 i
459 435 92 19 medeltal
567 435 41 19 370
624 441 23 19 pr
662 434 45 25 dag.
738 434 146 25 Godstrafiken,

132 471 42 13 som
196 464 22 19 år
243 463 54 21 1898
316 463 87 26 uppgick
423 463 32 20 till
471 463 77 26 36,000
564 466 40 23 ton,
620 463 37 20 har
671 463 22 20 år
710 462 54 21 1902
779 463 56 26 stigit
850 462 34 20 till

133 492 77 25 53,000
232 495 34 17 ton
288 492 50 19 eller
360 491 43 20 med
427 491 25 20 47
466 491 30 24 %/.
527 491 94 21 Siffrorna
644 492 42 19 afse
705 491 109 26 fraktgods.
845 491 39 20 För

131 521 139 20 befordrandet
284 521 22 20 af
320 521 37 19 allt
372 521 55 19 detta
442 521 66 20 skulle
523 521 37 19 den
575 521 51 20 bana
638 521 36 25 jag
689 521 103 24 föreslagit
807 520 77 20 minska

131 550 124 25 väglängden
278 550 44 19 med
345 550 56 19 öfver
424 549 26 20 50
474 549 110 20 kilometer.
615 549 43 20 Och
676 549 25 20 dä
715 549 169 20 transitotrafiken

131 582 63 16 växer
215 579 5 18 i
243 579 37 19 den
303 578 50 26 grad
368 578 143 20 ofvananförda
526 578 69 20 siffror
613 578 65 20 utvisa
693 577 36 20 och
744 577 60 20 redan
821 585 25 12 nu
861 581 23 16 är

131 607 23 20 sä
168 607 96 26 betydlig,
280 607 55 20 torde
351 607 54 19 detta
416 607 111 26 kraftigare
542 610 24 17 än
582 607 60 26 nägot
657 611 59 16 annat
731 609 103 23 argument
849 607 35 24 pä-

132 636 44 19 visa
190 636 74 19 banans
280 635 127 26 behöflighet.

200 665 59 19 Hvad
282 665 62 19 denna
367 664 129 20 bansträckas
519 665 102 25 betydelse
641 665 31 19 för
686 665 146 20 hufvudstaden
846 663 37 21 och

131 693 149 20 lokalbehofvet
295 693 100 23 beträffar,
410 694 36 19 ber
460 694 36 25 jag
511 693 36 20 här
561 693 70 20 endast
645 693 20 20 fä
681 694 85 25 &beropa
782 693 52 20 hvad
848 693 36 25 jag

132 723 6 18 i
153 723 39 18 min
211 723 83 24 petition
312 722 35 19 vid
366 725 78 16 senaste
458 722 96 25 landtdag
568 723 7 18 i
591 722 54 20 detta
660 722 91 20 afseende
767 721 116 21 framhällit.

130 750 107 21 Likaledes
260 757 99 19 upprepar
375 751 43 25 jag,
434 753 30 17 att
478 751 92 20 markens
584 751 136 20 beskaffenhet
734 751 34 20 vid
783 751 37 20 den
836 751 48 25 linje

129 779 36 26 jag
180 779 103 26 föreslagit
298 783 22 16 är
335 779 87 20 särdeles
437 786 97 19 gynnsam
551 780 30 19 för
596 780 105 25 byggande
717 780 22 19 af
749 780 91 26 järnväg.

201 808 39 19 Vid
262 808 24 19 de
308 811 64 16 möten
389 808 37 25 jag
440 808 42 20 före
497 808 119 26 landtdagen
631 809 142 19 föranstaltade
788 809 6 18 i
811 809 36 19 den
864 808 21 19 af

131 837 40 25 mig
186 837 160 25 representerade
366 837 114 26 domsagan,
496 837 97 20 uttalades
609 837 87 26 allmänt,
712 840 30 17 att
756 837 56 20 såväl
828 837 54 19 kom-

131 872 93 13 munerna
239 872 41 13 som
295 865 91 20 enskilda
401 868 35 17 äro
452 865 85 20 beredda
552 868 29 17 att
597 866 68 20 ikläda
680 866 31 26 sig
725 866 100 26 betydliga
834 872 48 19 upp-

132 894 94 26 offringar
240 894 32 20 till
288 894 75 20 förmån
378 894 31 20 för
424 894 63 20 denna
502 896 56 19 bana.

200 923 45 20 Med
268 923 43 19 stöd
327 923 21 20 af
362 923 33 19 det
410 923 83 20 anförda
508 926 55 22 tager
577 924 36 25 jag
628 924 41 25 mig
683 924 84 19 friheten
783 923 100 21 vördsamt

132 951 78 25 föreslå,
230 954 29 17 att
274 952 129 20 Hedervärda
414 952 146 20 Bondeständet
575 952 7 20 i
597 952 77 20 samråd
689 952 44 20 med
747 952 64 25 öfriga
826 952 57 20 stånd

131 979 49 20 ville
197 980 2 19 i
216 979 155 26 underdänighet
386 981 124 24 petitionera,

346 1023 29 18 att
399 1022 143 19 instrumental
557 1023 35 19 och
609 1022 112 20 ekonomisk
737 1022 147 25 undersökning

274 1051 44 20 med
335 1052 24 24 af
372 1051 116 21 Ständerna
504 1053 96 24 anslagna
616 1053 63 19 medel
694 1053 43 24 före
748 1053 59 19 nästa
818 1052 65 20 landt-

274 1081 38 25 dag
338 1082 160 23 föranstaltades
523 1083 34 24 för
584 1089 23 13 en
626 1083 90 24 järnväg
739 1083 43 19 med
806 1083 78 19 normal

273 1111 98 24 spårvidd
395 1112 35 19 och
453 1113 67 18 större
542 1112 135 25 farhastighet
699 1112 49 25 från
764 1112 120 20 Träskända

273 1142 75 19 station
364 1147 68 19 genom
447 1142 106 19 Mäntsälä
568 1143 36 19 och
619 1142 88 20 Pukkila
723 1143 57 24 längs
796 1143 87 19 Orimat-

276 1172 38 19 tila
329 1172 35 19 och
375 1171 104 20 Mörskom
494 1172 95 20 socknars
600 1172 144 25 gränsmarker
753 1173 53 19 samt
815 1178 68 19 genom

275 1201 95 24 Artjärvi
386 1201 36 20 och
438 1202 70 19 Elimä
524 1202 32 19 till
571 1202 66 20 Koria
653 1203 84 24 station;
752 1203 101 24 äfvensom

346 1232 30 18 att
400 1231 32 20 till
452 1233 60 18 nästa
528 1231 95 26 landtdag
639 1232 60 25 nådig
711 1232 125 25 proposition
852 1233 31 18 ut-

272 1261 98 24 färdades
391 1267 31 14 om
446 1261 108 26 byggandet
577 1262 25 24 af
622 1262 64 19 denna
709 1262 51 19 bana
776 1263 35 18 och
828 1262 55 19 anvi-

273 1291 71 19 sandet
360 1291 25 24 af
397 1291 72 25 nödiga
486 1291 62 20 medel
562 1292 34 24 för
611 1291 120 20 ändamälet.

198 1337 127 26 Helsingfors
340 1338 36 19 den
392 1337 27 20 20
437 1338 103 21 december
556 1339 61 20 1904.

643 1385 78 24 Oskari
737 1385 73 23 Laine.

198 1425 50 20 Häri
264 1426 79 20 förenar
358 1427 30 24 sig

650 1456 17 22 J.
684 1456 126 28 Mynttinen.

199 1500 186 24 Järnvägsutskotteis
397 1502 112 18 betänkande
524 1502 34 19 N:o
570 1504 17 16 2.
