1114 1778
362 154 219 18 Motionsbetänkande
593 154 38 18 N:o
643 154 17 19 1.
866 156 24 17 79

444 226 26 22 IH
497 226 86 28 Kap.

184 284 40 24 Om
240 284 93 30 forsling
350 285 40 23 och
407 285 81 29 upplag
504 285 23 23 af
543 285 174 30 alkoholhaltiga
733 286 99 29 drycker.

478 340 30 21 24
523 339 20 29 8.

206 392 16 22 1.
254 392 93 22 Införsel
374 392 23 22 af
421 393 95 22 bränvin
540 393 35 21 till
597 393 97 22 Finland
717 395 26 20 är
762 393 124 30 förbjuden.

131 427 180 23 Vidkommande
336 428 92 22 införsel
454 428 64 23 deraf
540 428 35 22 för
590 429 71 29 ryska
677 429 124 22 militärens
817 429 69 22 behof

131 463 58 28 gälle
206 463 62 28 dock,
285 463 62 23 hvad
364 464 74 22 derom
454 465 108 21 särskildt
577 466 26 20 är
619 465 112 28 stadgadt.

203 499 19 22 2.
254 499 77 22 Andra
346 500 163 29 alkoholhaltiga
525 500 94 29 drycker
634 500 25 22 få
669 501 34 21 till
712 501 78 22 landet
800 501 88 22 införas

131 535 82 22 endast
228 535 25 22 af
268 536 183 28 utminuterings-
468 536 41 22 och
525 536 241 29 utskänkningsbolag.
798 537 89 22 Sådant

129 571 68 28 bolag
212 573 26 20 är
253 571 99 30 skyldigt
368 573 35 21 att
419 573 46 21 mot
481 572 77 28 vanlig
573 572 158 23 handelsvinst
740 573 51 22 från
803 580 83 15 namn-

131 607 77 28 gifven
231 607 128 22 tillverkare
383 607 108 23 anskaffa
512 608 65 22 såväl
593 608 108 22 utländsk
717 616 48 15 som
781 609 105 22 inhemsk

131 650 62 21 vara,
210 650 48 15 som
274 643 24 22 af
313 643 83 29 köpare
412 644 116 22 åstundas.

201 679 19 22 3.
250 679 89 23 Absolut
362 680 80 22 alkohd
459 679 41 28 får
522 681 65 21 likväl
609 681 32 22 till
664 681 71 22 landet
757 680 85 28 införas
861 681 25 25 af

130 714 156 29 vetenskapliga
308 716 156 28 inrättningar,
482 716 76 28 apotek
578 716 37 22 och
635 716 249 29 undersökningslabora-

130 751 70 22 torier.
223 751 124 23 Detsamma
362 752 67 27 gäller
444 751 64 28 äfven
523 752 83 22 sådana
621 752 97 22 tekniska
727 752 159 28 inrättningar,

130 793 45 15 som
189 786 37 22 vid
239 787 38 22 sitt
292 787 68 22 arbete
374 787 65 27 hafva
454 787 63 28 behof
529 787 28 28 af
564 787 61 29 dylik
634 795 53 15 vara
698 788 35 22 och
744 788 73 27 hvarje
826 788 61 28 gång

131 821 28 28 af
170 822 118 29 Kejserliga
308 823 92 22 Senaten
415 823 84 23 erhållit
513 824 100 21 särskildt
632 824 94 22 tillstånd
741 823 33 23 till
788 825 47 21 dess
850 824 36 21 in-

129 857 97 27 förande.

478 895 28 22 25
523 895 19 29 8.

204 948 18 21 1
253 947 44 22 Vid
319 949 162 28 utminutering
501 955 54 15 vare
571 948 113 29 förbjudet
699 950 35 21 att
750 949 34 22 till
800 949 85 28 köpare

130 983 7 21 i
154 990 76 15 annan
246 983 109 23 kommun
365 984 108 22 försända
482 985 151 28 spritdrycker,
645 984 96 23 såframt
751 985 73 22 denne
834 984 52 22 icke

130 1020 26 20 är
171 1019 167 29 återförsäljare
355 1021 85 27 (utesl.).

200 1055 19 21 2.
250 1055 31 28 Ej
302 1057 36 21 mä
360 1057 73 27 någon
455 1057 150 28 yrkesmässigt
628 1057 49 21 eller
700 1059 42 19 mot
764 1057 121 27 ersättning

129 1090 135 29 tillhandagä
288 1092 140 22 allmänheten
450 1092 48 22 med
520 1092 143 28 anskaffjande
680 1091 28 28 af
719 1092 165 29 alkoholhaltiga

129 1126 95 28 drycker.

476 1163 29 22 26
521 1163 20 29 8.

202 1215 42 23 Till
267 1216 96 22 Finland
386 1216 97 28 lagligen
499 1216 88 23 införda
603 1217 53 22 eller
671 1217 7 22 i
694 1216 77 23 landet
787 1216 97 28 lagligen

129 1251 134 23 tillverkade
287 1252 149 30 spritdrycker
459 1252 24 22 fä
508 1252 25 23 af
548 1253 93 28 enhvar,
665 1252 30 23 dä
710 1253 103 29 beloppet
834 1252 52 22 icke

129 1287 131 28 öfverstiger
282 1288 65 28 tjugu
370 1288 56 28 liter,
448 1288 49 22 fritt
512 1288 82 22 forslas
609 1288 59 23 ifrån
684 1289 41 22 och
740 1288 34 22 till
790 1288 94 23 hvilken

129 1324 35 21 ort
187 1330 48 15 som
257 1323 59 23 helst
340 1324 60 22 inom
423 1324 91 22 landets
537 1326 98 26 gränser.
665 1324 90 23 Forslas
775 1332 63 14 mera
853 1326 31 20 än

128 1359 66 29 tjugu
216 1359 57 28 liter,
296 1359 59 23 skall
378 1360 52 22 hela
446 1360 39 22 det
500 1360 97 23 forslade
613 1360 105 30 beloppet
733 1360 91 29 åtföljas
840 1368 45 14 an-

128 1395 79 28 tingen
224 1395 24 22 af
263 1396 196 28 ursprungsbevis,
476 1396 113 22 certifikat
605 1396 53 22 eller
672 1396 150 29 förpassning,
835 1403 49 15 som

128 1430 41 22 bör
191 1432 101 28 upptaga
316 1432 65 22 såväl
404 1431 157 29 afsändarens,
586 1433 166 26 emottagarens
776 1432 40 21 och
840 1431 44 21 den

127 1465 126 23 forslandes
264 1474 69 14 namn
342 1467 41 22 och
391 1467 105 28 hemvist,
506 1467 193 29 spritdryckernas
707 1468 36 22 art
750 1467 42 23 och
800 1466 83 29 mängd
