1114 1773
229 159 44 21 138
379 158 347 23 Petitionsbetänkande
742 158 52 25 N:o
812 159 26 21 7.

228 225 76 20 ehuru
328 225 29 20 de
381 226 19 26 ej
425 232 29 14 en
478 225 60 20 enda
560 225 60 27 gång
636 225 91 20 kunnat
743 225 99 27 uppvisa
858 225 120 26 grundade

228 255 51 20 skäl
296 255 35 20 för
347 254 176 27 ifrågavarande
539 255 91 20 förbud.

546 315 27 20 In
589 314 80 21 fidem:

303 355 52 21 Uno
372 355 21 21 S.
410 356 132 20 Pekkanen.
699 356 61 20 Emil
776 356 25 20 A.
819 355 89 21 Laihia.

347 387 153 35 Ordförande.
728 391 150 22 Sekreterare.

577 422 23 20 L.
618 421 21 21 S.

302 481 133 21 Grauskadt
458 481 125 26 godkändt,
604 481 102 21 Karhula
726 481 7 20 i
750 481 31 21 S:t
797 481 119 20 Johannes
933 481 46 20 den

229 512 26 19 21
272 511 94 26 januari
385 511 63 20 1905.

303 565 25 20 T.
346 564 118 21 Sairanen.
748 564 84 21 Daavit
849 564 58 20 Koli.

303 624 121 27 Utdragets
440 624 109 26 riktighet
565 624 118 27 bestyrka:

303 672 29 20 M.
351 672 24 20 F.
394 672 107 27 Bräkylä.
641 671 73 21 Toivo
730 672 26 21 V.
775 672 132 20 Pekkanen.

325 696 155 38 (skomakare)
696 701 168 28 (jordbrukare)

230 776 152 25 Öfversättning.

520 827 85 27 Utdrag
621 834 28 14 ur
660 827 146 27 protokollet,
820 827 62 20 fördt
893 826 37 21 vid
942 827 38 20 be-

463 857 123 27 styrelsens
610 857 34 21 för
668 857 114 20 Vaahtola
802 856 179 27 Ungdomsföre-

462 886 56 27 ning
534 889 60 18 möte
611 887 45 20 den
674 887 26 20 19
714 886 92 27 januari
826 887 62 20 1905.

584 953 49 25 82

303 995 145 26 Bestyrelsen
485 994 75 21 beslöt
588 996 31 19 att
645 1000 83 21 genom
755 994 225 27 landtdagsmannen

230 1024 70 21 Vilho
325 1024 98 20 Penttilä
447 1024 44 20 hos
516 1023 110 22 Finlands
651 1023 98 22 Ständer
765 1024 81 20 anföra
863 1024 116 25 klagomål

230 1054 65 20 öfver
319 1053 28 20 de
364 1055 122 19 oförrätter
502 1053 112 21 Vaahtola
631 1053 227 27 Ungdomsförening
874 1053 42 20 fätt
932 1053 46 21 lida

230 1083 51 21 frän
300 1083 266 27 polismyndigheternas
583 1083 55 21 sida.

305 1114 42 19 1:0.
379 1113 113 20 Vaahtola
517 1113 225 27 Ungdomsförening
765 1113 50 26 har,
836 1113 74 20 ehuru
926 1113 55 20 den-

231 1149 91 15 samma
347 1143 30 28 pä
400 1143 58 20 intet
482 1144 44 19 sätt
549 1143 125 21 öfverträdt
689 1143 37 26 lag
742 1143 55 21 eller
812 1143 169 26 författningar,

231 1173 75 20 under
329 1173 97 26 ungefär
447 1175 31 18 ett
494 1173 36 20 ärs
546 1173 33 20 tid
595 1173 51 20 icke
662 1173 41 20 fätt
720 1173 136 20 föranstalta
872 1174 32 19 ett
921 1173 59 20 enda

230 1202 120 27 offentligt,
376 1203 70 26 enligt
469 1203 52 20 dess
545 1203 127 20 fastställda
696 1203 93 26 stadgar
808 1202 81 21 tillätet
906 1203 73 20 afton-

231 1233 124 20 samkväm
380 1233 55 20 eller
458 1232 50 25 fest,
532 1232 83 21 hvaraf
633 1232 85 27 följden
736 1232 76 21 blifvit
828 1239 28 14 en
873 1232 109 20 kännbar

231 1262 113 20 materiell
361 1262 83 21 förlust
460 1262 36 20 för
511 1262 134 27 föreningen
661 1262 45 20 och
722 1264 32 19 ett
770 1262 88 27 andligt
874 1261 107 21 tillbaka-

231 1292 89 26 gäende
336 1292 73 20 bland
426 1294 76 18 ortens
519 1292 108 27 ungdom.

305 1322 42 20 2:0.
366 1322 118 20 Socknens
501 1322 59 26 polis
573 1322 64 20 Matti
649 1322 132 20 Kukkonen
794 1322 42 20 har
848 1321 52 21 med
912 1328 68 20 egen-

231 1352 124 20 handsrätt
371 1352 104 26 tillegnat
490 1351 34 27 sig
540 1352 132 26 föreningen
689 1352 103 26 tillhörig
808 1351 111 27 egendom
938 1351 43 21 och

231 1381 68 20 hällit
315 1381 45 21 den
377 1382 43 20 hos
437 1381 40 27 sig,
494 1381 73 21 ehuru
584 1382 136 20 densamma
737 1381 159 24 äterfordrats;
908 1380 73 21 likasä

230 1411 45 20 har
299 1411 107 21 bemälde
430 1411 60 27 polis
514 1410 35 22 för
569 1417 55 21 egen
641 1411 72 20 fördel
730 1411 26 21 af
770 1411 135 26 föreningen
923 1417 57 21 upp-

231 1440 64 21 burit
311 1441 97 27 olagliga
425 1441 95 27 afgifter,
538 1441 78 20 hvilka
632 1441 47 20 han
696 1440 50 21 icke
758 1442 54 25 äger
822 1442 45 19 rätt
878 1442 33 18 att
923 1447 57 20 upp-

231 1470 65 25 bära;
321 1470 113 21 desslikes
455 1471 43 20 har
514 1471 88 26 polisen
620 1471 64 20 hotat
700 1470 44 21 och
762 1471 89 20 skrämt
870 1470 111 20 medlem-

305 1512 59 17 Särsk.
377 1512 49 17 Besv,
439 1512 43 16 utsk.
496 1512 28 17 bet,
537 1511 33 18 N:o
582 1517 16 15 4.
