1109 1773
254 141 28 18 88
433 136 247 23 Petitionsbetänkande
696 136 39 22 N:o
751 136 24 22 4.

224 203 77 17 österom
320 201 102 24 Pielisjärvi
439 201 44 18 eller
495 206 64 18 genom
571 201 60 18 Juuka
644 201 88 17 västerom
747 199 56 24 sagda
815 200 28 23 sjö
856 200 28 17 till
898 199 82 21 Nurmes;

224 231 33 18 och
269 230 119 24 tidningarna
400 231 23 17 ha
433 231 69 23 jämväl
515 232 50 16 vetat
577 229 83 22 förmäla,
672 231 28 16 att
710 229 111 23 Regeringen
831 229 76 17 beslutit
914 228 67 23 afgifva

224 260 113 23 proposition
357 260 5 17 i
381 259 69 23 frågan.
475 259 42 18 Men
536 259 23 18 då
577 259 58 22 någon
655 258 56 18 sådan
729 259 48 17 ännu
793 258 38 17 icke
844 257 96 18 inkommit
952 257 29 17 till

225 289 108 21 Ständerna,
351 294 42 13 anse
413 289 18 17 vi
449 288 32 17 det
499 288 89 22 behöfligt
600 288 28 17 att
639 287 65 23 bringa
717 287 55 18 saken
785 287 56 18 under
854 286 109 22 behandling
975 286 6 17 i

224 317 46 18 form
283 317 20 18 af
313 317 152 24 ständerpetition
479 317 33 18 och
525 316 74 19 anhålla
611 317 96 20 vördsamt,
720 315 111 18 hänvisande
844 315 28 18 till
881 315 100 18 motiverin-

225 352 33 17 gen
277 347 7 17 i
300 345 177 24 järnvägskomitöns
502 346 33 17 och
552 345 186 24 järnvägsutskottets
755 344 32 18 vid
805 345 71 17 senaste
894 343 88 23 landtdag

224 375 133 22 betänkanden,
378 375 31 18 det
427 375 42 18 ville
489 374 114 19 Hedervärda
621 373 137 19 Bondeständet
773 373 58 23 jämte
850 373 59 22 öfriga
928 372 53 18 stånd

225 404 116 23 petitionera,

443 443 31 18 att
497 447 24 14 en
540 441 89 24 järnväg
651 440 50 25 från
723 440 90 20 Joensuu
831 446 67 19 genom
915 439 67 20 Uima-

371 471 62 24 harju
456 472 85 19 österom
564 470 119 25 Pielisjärvi
707 471 31 19 till
760 470 86 20 Nurmes
862 469 121 20 omedelbart

371 501 76 20 komme
463 501 64 19 under
543 500 94 25 byggnad,
646 502 53 18 samt
715 501 30 19 att
761 500 72 25 nödiga
846 499 64 20 medel
920 499 62 24 blefve

371 531 34 25 för
421 530 116 21 ändamälet
555 531 102 24 anslagna.

298 581 113 24 Helsingfors
424 581 33 16 den
472 582 22 16 22
506 581 93 18 december
612 581 49 18 1904.

301 635 17 22 J.
335 635 104 22 Koivisto.
681 634 15 22 J.
714 633 23 23 H.
755 633 127 23 Hakulinen.

301 677 24 22 A.
342 676 16 23 J.
375 676 169 23 Horttanainen.
683 675 73 23 Pekka
773 675 125 23 Pennanen.

741 844 175 31 (Ofversättning).

588 889 41 19 52.

343 992 59 19 Till
427 992 194 19 Hedervärda
643 991 232 21 Bondeständet.

303 1062 32 20 Då
350 1062 33 20 det
405 1063 39 19 kan
459 1069 57 13 anses
531 1063 74 23 säkert,
621 1065 29 16 att
665 1061 241 26 Suolahti
777 1057 10 35 -
788 1061 118 26 Suonenjoki
922 1062 63 19 banan

231 1094 44 16 sent
291 1091 85 20 omsider
392 1091 39 20 blir
446 1091 88 20 besluten
550 1091 31 20 till
597 1091 102 20 utförande
715 1091 35 20 och
767 1091 68 26 början
851 1091 31 19 till
899 1097 22 13 en
935 1097 49 13 sam-

232 1120 161 25 manbindnings-
409 1120 50 19 eller
473 1120 97 19 tvärbana
586 1120 5 19 i
607 1122 40 17 rätt
662 1119 88 26 riktning
758 1119 82 20 sälunda
851 1119 135 26 ävägabragd,

231 1151 23 17 är
270 1149 34 19 det
319 1149 108 25 själffallet,
443 1151 30 17 att
488 1149 57 24 fråga
563 1148 88 26 uppstår,
663 1148 42 20 från
717 1149 82 18 hvilken
811 1148 63 25 punkt
884 1148 12 20 &
912 1148 73 25 ifräga-

232 1177 88 20 varande
342 1177 52 20 bana
417 1177 152 26 fortsättningen
590 1177 118 26 naturligast
724 1177 38 19 kan
779 1178 52 23 utgå.
864 1177 122 24 Visserligen

232 1205 106 20 förefinnas
353 1209 14 16 t.
384 1213 17 13 o.
418 1213 25 14 m.
463 1206 34 19 två
513 1206 178 26 tvärbaneförslag,
708 1205 98 26 nämligen
822 1206 164 25 sträckningarna

232 1234 240 25 Nyslott
330 1230 12 34 —
352 1234 120 25 Pieksämäki
489 1234 35 20 och
540 1234 217 20 Joensuu—Kasurila.
785 1234 43 20 Men
845 1234 106 25 ingendera
967 1234 21 19 af

232 1263 58 20 dessa
305 1266 60 23 utgör
381 1270 22 13 en
419 1263 97 20 tvärbana
531 1263 6 20 i
552 1263 88 25 egentlig
655 1263 109 25 betydelse,
781 1263 36 19 och
833 1263 33 19 det
881 1267 22 15 är
912 1263 40 25 just
964 1269 22 12 en

233 1292 104 25 tvärbana,
353 1298 40 13 som
410 1292 25 25 pä
446 1298 73 13 samma
533 1292 54 25 gäng
597 1298 46 13 vore
654 1291 251 26 sammanbindningsbana,
917 1291 71 20 hvaraf

234 1320 67 20 landet
317 1323 22 17 är
355 1321 5 18 i
376 1323 51 17 stort
442 1320 64 20 behof.
537 1320 40 20 Det
592 1323 23 17 är
629 1320 59 20 ocksä
703 1327 24 13 en
741 1320 125 26 egendomlig
883 1320 104 19 företeelse

234 1348 36 20 hos
294 1355 39 18 oss,
355 1351 30 18 att
404 1355 43 13 man
462 1349 81 25 mycket
557 1350 115 19 intresserat
686 1349 31 25 sig
733 1349 30 19 för
779 1349 61 19 banor
854 1350 6 17 i
877 1348 110 26 längdrikt-

235 1377 71 26 ningen
330 1377 23 20 af
372 1377 73 26 landet,
461 1384 43 13 men
519 1377 88 20 däremot
621 1378 43 19 med
679 1377 57 26 kylig
751 1377 149 20 indifferentism
915 1378 74 19 bemött

234 1405 45 20 idén
303 1413 30 12 om
349 1407 114 19 tvärbanor.
495 1406 39 20 Vid
549 1407 36 18 den
601 1406 95 26 ytligaste
712 1406 52 20 blick
782 1406 25 25 pä
819 1407 169 24 järnvägskartan

234 1434 55 20 skall
305 1441 44 13 man
364 1435 59 24 finna,
437 1435 51 20 huru
504 1435 148 26 etyfmoderligt
667 1435 56 20 dessa
738 1435 69 19 blifvit
821 1435 130 21 behandlade,
966 1438 22 22 ty

237 1464 107 25 rätteligen
367 1464 62 19 finnas
452 1464 23 19 de
498 1464 38 20 alls
558 1464 43 20 icke
624 1464 37 20 till.
691 1464 44 20 Men
758 1470 55 13 reser
827 1470 44 13 man
887 1464 49 20 eller
952 1463 35 19 vill

306 1510 187 23 Järnvägsutskottets
505 1510 110 18 betänkande
627 1510 34 18 N:o
673 1510 17 17 2.
