1111 1775
245 160 30 22 34
380 160 84 23 Ständ.
482 161 53 22 Pet.
553 174 26 2 —
595 160 172 23 Petitionsbet.
783 160 43 23 N:o
843 161 21 22 7.

245 472 145 28 Öfversättning.

605 528 37 21 IV.

315 602 34 21 Då
364 603 83 20 arbetet
462 603 41 21 den
520 603 26 20 12
560 601 94 22 februari
671 602 56 21 1904
744 603 54 20 hade
813 602 119 27 påbegynts
948 603 12 21 å
976 603 27 21 de

246 631 6 21 i
264 631 84 26 Viborg
360 631 153 21 utkommande
528 631 136 27 tidningarna
680 630 131 28 »Karjala»s
827 631 39 21 och
883 640 9 10 »
897 631 104 27 Wiipurin

247 660 115 21 Sanomain
386 659 121 28 Supistus'»
532 659 110 22 redaktion
663 660 39 21 och
724 660 13 21 &
751 665 82 16 samma
848 659 61 22 blads
924 660 78 21 kontor

245 689 57 20 samt
317 688 27 21 dä
359 688 81 21 arbetet
450 689 28 26 pä
488 688 103 27 Karjala's
607 688 288 27 Boktryckeri-Aktiebolags
905 688 96 28 tryckeri,

246 716 83 21 hvilket
349 717 65 26 bolag
428 719 24 18 är
476 719 63 24 ägare
561 717 30 21 till
615 717 140 21 ofvanämnda
771 717 113 26 tidningar,
900 717 100 21 likaledes

244 751 39 15 var
298 745 7 21 i
319 745 40 21 full
374 745 62 27 gäng,
452 745 90 22 infunno
557 746 34 26 sig
605 745 150 22 innehafvaren
772 745 23 21 af
811 746 191 26 guvernörsämbe-

244 776 32 19 tet
291 773 7 21 i
313 774 58 21 länet
386 773 140 28 Mjäsojedoff,
542 773 241 28 gendarmofficerarena
798 774 148 21 Kramarenko
962 774 39 21 och

245 809 26 14 en
295 809 70 14 annan
381 802 24 21 sä
419 803 46 20 vidt
479 803 21 20 vi
515 804 53 25 veta,
585 802 35 21 vid
633 809 64 14 namn
714 802 78 22 Gieber
807 809 42 14 von
866 802 136 26 Greifenfels,

244 831 165 26 polismästaren
432 831 7 21 i
463 831 90 27 Wiborg
581 831 94 25 Sirelius,
702 831 298 27 poliskammarsekreteraren

245 859 266 28 Reudolph-Pusirewsky,
530 859 243 28 poliskommissarierna
795 859 145 28 Kaitokangas
962 860 39 21 och

245 888 100 22 Tabanos
369 890 55 20 samt
446 894 27 16 en
496 888 42 28 hop
554 888 79 27 poliser
648 888 38 22 och
703 889 130 27 gendarmer,
849 888 22 22 af
885 888 71 22 hvilka
968 895 33 15 se-

244 922 53 16 nare
320 923 26 15 en
370 917 33 21 del
424 917 98 21 kvarblef
543 917 35 21 vid
600 919 56 25 yttre
671 917 82 22 dörren,
772 917 26 21 de
817 917 65 27 högre
899 918 103 20 herrarna

244 946 7 20 i
267 945 167 27 paraduniform,
456 946 68 21 under
547 946 157 21 Kramarenkos
727 946 88 26 ledning
836 946 96 27 plötsligt
946 946 7 21 i
969 952 32 15 re-

245 974 191 25 daktionslokalen,
460 974 87 22 hvarest
566 975 13 21 ä
594 976 145 25 guvernörens
755 976 80 25 vägnar
851 975 26 21 de
893 974 66 22 andra
974 974 29 27 pä

244 1002 65 28 ryska
331 1003 39 21 och
391 1003 62 26 tyska
476 1005 55 19 samt
550 1003 136 27 Pusirewsky
701 1004 27 26 pä
742 1002 69 22 finska
826 1002 119 22 förklarade
961 1004 39 20 tid-

244 1032 81 26 ningen
347 1031 86 27 Karjala
454 1032 67 26 enligt
543 1032 70 26 utslag
631 1031 22 22 af
668 1034 132 24 guvernören
817 1032 36 27 för
867 1032 65 20 alltid
947 1038 54 15 vara

243 1060 108 27 indragen
367 1062 55 19 samt
437 1060 49 21 hela
502 1060 111 28 tidnings-
630 1060 38 21 och
684 1060 190 27 tryckerirörelsen
884 1061 80 26 stängd
974 1060 29 27 pä

245 1089 71 26 grund
331 1088 23 22 af
367 1091 31 19 att
421 1089 27 21 H.
463 1089 29 21 M.
507 1088 115 28 Kejsarens
645 1088 177 28 krigsförklaring
837 1091 45 19 mot
897 1090 69 26 Japan
982 1089 17 27 ej

244 1117 55 21 hade
315 1117 81 27 tryckts
412 1118 12 20 å
439 1117 68 21 första
523 1118 59 21 sidan
596 1118 7 20 i
618 1118 109 26 tidningen
750 1118 93 26 Karjala,
858 1119 51 19 utan
925 1117 55 22 först
994 1118 7 20 i

243 1146 76 26 början
336 1146 23 21 af
372 1145 199 28 notisafdeluingen.
602 1146 42 21 Det
658 1147 93 26 uppstod
763 1152 26 15 en
801 1146 120 27 betydande
932 1146 69 21 viller-

243 1174 62 22 valla.
335 1174 75 22 Under
421 1175 37 21 det
468 1177 31 19 att
509 1174 151 22 redaktörerna
670 1174 32 22 för
714 1175 25 22 de
750 1175 67 27 högre
827 1174 102 22 herrarne
940 1175 61 21 sökte

243 1203 106 27 klargöra,
365 1206 31 18 att
411 1210 55 19 man,
482 1203 136 27 iakttagande
634 1203 70 27 vanlig
720 1204 97 27 ordning,
833 1203 54 22 först
902 1204 76 27 intagit
989 1203 13 21 å

242 1231 70 22 första
333 1232 61 21 sidan
409 1239 108 14 annonser
533 1232 39 21 och
587 1232 89 21 ledande
691 1233 90 20 artikeln
794 1235 56 18 samt
865 1233 65 20 sedan
946 1232 54 21 noti-

243 1266 72 19 serna,
337 1260 73 21 utdref
431 1261 145 26 Kaitokangas
598 1261 128 26 personalen
741 1261 47 21 från
805 1261 113 26 tryckeriet
932 1261 69 20 tillhö-

244 1289 66 21 tande
333 1289 49 21 med
404 1289 130 27 sabelbaljan
558 1289 53 26 dem,
635 1296 45 15 som
699 1289 95 22 försökte
809 1290 68 21 ordna
892 1290 26 21 de
933 1290 69 20 under

243 1317 59 22 hand
318 1318 93 21 varande
426 1318 107 26 arbetena,
548 1321 56 18 samt
619 1319 70 26 någon
700 1325 69 14 annan
783 1318 217 27 kontorspersonalen

243 1345 48 22 från
307 1346 107 26 kontoret,
435 1347 76 21 medan
533 1347 133 25 kassörskan,
682 1347 84 21 hvilken
783 1353 46 15 som
845 1347 48 21 bäst
908 1346 93 22 räknade

242 1374 87 26 kassan,
353 1375 68 21 måste
444 1375 71 21 lämna
537 1375 69 21 denna
628 1375 94 22 oräknad
744 1375 39 22 och
806 1375 55 22 oläst
876 1376 6 20 i
897 1378 103 23 rummet;

244 1403 117 27 nycklarna
375 1403 31 21 till
422 1404 69 27 bägge
506 1403 109 22 lokalerna
629 1404 154 27 omhändertog
794 1404 152 27 Kaitokangas.
968 1404 33 21 Då

243 1432 58 21 detta
320 1438 37 15 var
380 1432 77 27 gjordt,
479 1432 122 27 aflägsnade
622 1433 34 26 sig
670 1434 141 25 guvernören.
841 1433 42 21 För
898 1433 27 20 de
939 1432 62 21 kvar-

241 1459 68 22 blifne
325 1461 118 26 uppvisade
459 1461 156 26 redaktörerna,
631 1463 31 19 att
678 1461 60 21 äfven
756 1461 164 22 »Suomalainen
931 1461 69 21 Viral-
