1111 1773
277 143 42 19 104
453 139 246 24 Petitionsbetänkande
717 139 37 24 N:o
770 139 23 23 4.

243 204 53 24 fritt
312 204 144 30 upplåtande
480 205 24 22 af
523 204 74 23 mark.
629 205 46 22 Vid
691 204 180 29 granskningen
888 204 24 23 af
927 203 70 24 dessa

246 240 142 29 handlingar
411 240 44 23 har
478 241 40 22 det
534 240 129 23 emellertid
683 241 130 26 befunnits,
830 241 35 22 att
880 239 117 29 ifrågava-

246 276 74 23 rande
331 276 84 29 bidrag
426 276 133 23 merendels
572 279 40 20 äro
627 277 98 22 bundna
735 276 39 23 vid
785 276 91 27 villkor,
886 275 111 24 afseende

246 314 31 20 än
293 312 92 23 banans
409 312 183 30 detaljriktning
616 315 31 20 än
667 312 50 23 åter
733 312 143 29 tidpunkten
892 312 35 23 för
943 311 54 22 dess

245 347 132 28 utförande,
402 348 83 23 hvilka
508 348 203 29 omständigheter
731 347 128 30 lätteligen,
880 348 79 23 därest
975 347 20 29 ej

245 383 118 23 särskilda
386 383 115 24 förbehåll
524 385 76 28 göras,
621 384 111 29 slutligen
749 383 83 24 kunna
848 386 56 27 göra
920 383 75 28 erbju-

244 419 112 23 dandena
370 419 142 24 illusoriska.
535 419 36 23 Då
587 420 137 27 emellertid,
744 420 4 22 i
764 419 46 23 den
827 420 56 22 mån
894 419 29 23 de
933 420 64 21 stora

246 455 169 23 stambanorna
432 455 79 24 blifvit
528 455 95 30 byggda
639 456 43 22 och
695 455 232 30 järnvägsarbetena
937 455 7 22 i
955 454 42 23 allt

245 491 173 23 vidsträcktare
444 491 59 30 grad
529 491 97 23 komma
652 493 35 21 att
712 491 50 23 afse
788 491 79 23 lokala
891 491 104 26 bibanor,

246 526 82 24 hvilka
345 527 53 22 med
414 527 135 23 hvarandra
565 527 58 22 täfla
639 534 38 16 om
693 527 201 29 ordningsföljden
910 526 35 23 för
956 527 41 21 sitt

245 562 132 27 utförande,
394 569 72 22 synes
482 563 40 23 det
537 564 102 27 rättvist,
657 565 34 21 att
707 563 29 23 de
752 563 95 27 trakter,
864 569 50 17 som
925 561 71 24 hafva

245 597 79 24 direkt
339 599 68 28 nytta
424 599 24 22 af
464 599 45 22 den
533 605 45 16 ena
601 599 56 22 eller
675 599 75 23 andra
767 599 84 27 banan,
868 599 80 23 lämna
963 597 32 23 bi-

246 633 60 30 drag
321 634 35 23 till
373 634 146 23 kostnadens
536 635 122 22 täckande.
685 634 53 24 Med
753 635 98 22 hänsikt
867 634 78 23 härtill
956 633 41 23 bör

246 669 44 23 ock
308 670 111 23 afseende
436 670 76 23 fästas
527 670 40 23 vid
586 671 42 22 här
645 670 103 29 antydda
764 670 160 27 förbindelser,
942 676 54 16 men

246 705 119 24 erfordras
389 705 84 24 härvid
496 708 36 21 att
555 706 29 23 de
608 706 99 29 frigöras
731 706 53 23 från
805 706 41 23 allt
861 706 35 23 för
913 705 83 29 trånga

245 741 123 27 förbehåll,
384 742 44 22 och
451 744 35 21 att
505 742 29 23 de
554 744 115 27 upptagas
685 742 35 23 till
737 742 81 29 slutlig
834 742 115 29 pröfning,
967 741 29 22 då

245 784 61 22 resp.
332 777 74 23 banor
430 778 101 23 omsider
556 777 82 24 kunna
662 778 113 30 beläggas
791 777 55 24 med
862 778 87 26 arbete,
966 776 30 24 då

246 820 49 22 nya
318 813 156 23 förbindelser
496 815 8 21 i
528 814 107 22 definitiv
651 814 58 22 form
727 814 129 29 lämpligen
872 815 123 28 uppgöras.

246 849 44 22 För
306 849 146 23 Ständernas
468 850 78 23 beslut
562 850 8 22 i
586 850 113 23 sakernas
719 850 136 23 nuvarande
872 849 72 23 skede
961 856 34 22 sy-

247 891 42 16 nes
306 885 40 23 det
362 885 138 30 tillräckligt
516 887 35 22 att
567 885 113 30 bidragen
696 887 8 22 i
721 886 129 23 allmänhet
865 885 84 24 kunna
964 884 32 24 öf-

246 921 140 27 verblickas,
403 921 133 30 hvarjämte
552 921 69 23 deras
636 921 120 30 utgående
772 921 42 23 bör
830 922 78 22 såsom
922 921 74 22 förbe-

246 956 48 23 håll
310 957 88 22 ställas.

318 993 10 22 I
344 992 28 23 de
395 993 43 22 fall
460 993 43 23 där
526 993 70 23 dessa
618 993 73 23 löften
713 993 88 29 gifvits,
816 993 44 23 har
876 993 121 24 Utskottet

246 1027 80 24 därför
341 1028 53 23 icke
419 1030 79 21 ansett
520 1029 83 29 nödigt
627 1030 34 22 att
684 1030 82 28 intaga
782 1029 155 29 fullständiga
952 1029 44 22 för-

247 1063 142 30 teckningar
412 1065 66 22 öfver
502 1065 69 23 dessa
593 1066 161 28 prestationer,
770 1065 59 22 utan
846 1065 54 22 med
916 1064 79 23 hänvi-

247 1099 74 24 sande
338 1100 33 23 till
389 1101 163 22 memorialens
571 1101 105 22 innehåll
695 1102 7 21 i
718 1100 66 23 detta
800 1101 118 27 afseende,
935 1100 62 23 velat

246 1135 57 29 foga
327 1136 84 23 endast
436 1138 34 21 ett
488 1137 84 28 tillägg
588 1137 35 22 till
639 1137 29 22 de
685 1137 67 29 gifna
768 1136 89 23 löftena
874 1138 6 21 i
896 1137 60 22 form
973 1136 24 23 af

245 1171 116 24 förbehåll
377 1173 35 21 att
428 1172 28 23 de
469 1173 91 29 jämväl
577 1172 31 29 gå
624 1173 7 22 i
647 1172 140 23 fullbordan.

320 1314 115 29 Slutligen
460 1315 36 23 får
512 1315 119 24 Utskottet
647 1315 131 27 framhålla,
796 1316 35 22 att
847 1315 39 23 det
902 1315 38 23 vid
959 1315 36 22 be-

246 1349 146 30 handlingen
417 1350 25 23 af
464 1351 28 22 de
509 1351 163 29 mångfaldiga
688 1351 39 23 väl
743 1351 144 23 motiverade
903 1351 43 23 och
962 1351 34 22 till

247 1387 49 21 stor
312 1385 38 24 del
366 1386 74 23 redan
456 1386 105 23 erkända
574 1386 194 30 järnvägsbehof,
780 1393 51 16 som
842 1388 7 21 i
861 1387 28 23 de
905 1386 92 29 förelig-

246 1421 79 29 gande
336 1422 266 29 petitionsmemorialen
614 1423 100 27 beröras,
725 1422 101 24 kommit
838 1423 34 23 till
884 1423 45 23 den
940 1428 56 23 upp-

246 1456 113 30 fattning,
383 1459 41 27 att,
448 1458 75 24 sedan
546 1458 168 24 stambanorna
732 1458 99 29 utbygts
848 1459 35 23 till
899 1459 46 23 den
961 1460 35 20 ut-

318 1506 186 23 Järnvägsutskottets
516 1506 109 19 betänkande
638 1506 35 19 N:o
685 1508 18 17 2.
