1114 1775
244 155 12 14 2
432 147 284 22 Petitionsbetänkande
734 148 42 21 N:o
794 148 24 20 6.

243 220 19 10 o.
276 218 17 12 a.
307 212 60 18 afdrag
395 212 62 24 höga.
477 212 113 18 Mustonen
600 212 70 18 anhöll
680 212 129 18 fördenskull
820 212 38 18 hos
868 212 132 24 Regeringen

243 237 32 17 att
286 235 21 19 få
317 236 119 18 kanalisera
445 236 64 18 näsen
519 236 36 18 vid
566 235 79 19 Puhois
655 236 39 18 och
704 236 126 19 Ristlahti
822 231 14 33 —
844 236 155 23 Lahdenpohja.

244 261 50 17 Men
308 260 58 18 detta
379 260 69 18 skulle
462 260 92 18 aflänkat
567 260 99 18 Karelens
680 260 62 18 trafik
754 259 46 19 från
810 260 70 18 Saima
889 259 62 19 kanal
961 259 39 19 och

243 284 87 17 därmed
344 284 8 17 i
370 284 95 17 kännbar
482 289 49 12 mon
547 283 92 19 minskat
651 283 142 19 inkomsterna
807 283 44 18 från
864 284 74 17 denna.
960 284 41 18 Det

243 307 105 22 förmäles,
367 309 29 16 att
414 308 131 23 Regeringen
559 307 20 18 af
592 307 68 18 denna
673 307 114 24 anledning
800 307 74 24 vägrat
886 307 70 18 bifalla
968 307 32 18 till

244 332 124 18 Mustonens
381 331 235 24 kanaliseringsföretag
628 331 50 18 eller
687 331 121 18 alternativt
815 331 184 24 järnvägsanlägg-

243 355 54 23 ning
313 354 45 19 från
375 355 99 18 Ristlahti
490 355 36 18 vid
544 355 62 18 södra
623 355 69 18 ändan
705 355 20 18 af
739 355 111 24 Pyhäjärvi
862 355 32 18 till
907 355 94 20 Lahden-

244 379 65 24 pohja
321 379 8 18 i
340 379 116 22 Jaakkima.
470 389 22 4 —
506 380 45 17 Den
564 379 64 19 första
639 379 64 24 linjen
716 379 33 18 för
758 379 100 18 Karelska
868 379 68 18 banan
946 384 53 18 upp-

244 403 60 23 gicks
317 402 29 22 sä,
360 404 30 17 att
403 403 40 18 den
456 402 113 25 tangerade
582 403 103 22 Ristlahti,
698 409 47 12 men
755 403 68 18 denna
831 403 49 23 linje
890 403 109 22 öfvergais.

243 438 25 3 —
285 428 41 17 Det
342 428 61 22 säges
419 428 30 17 att
462 427 131 23 Regeringen
607 427 117 18 sedermera
736 427 47 24 själf
795 427 45 18 haft
851 427 33 18 för
896 427 62 23 afsigt
971 428 29 17 att

245 449 43 20 läta
301 450 98 19 realisera
412 451 124 18 Mustonens
548 451 240 24 kanaliseringsprojekt,
802 456 47 13 men
859 453 30 16 att
898 450 26 18 dä
934 451 65 24 Rege-

245 474 81 23 ringen,
341 475 51 18 efter
405 474 35 19 det
453 475 111 18 Mustonen
578 476 49 17 utan
641 476 31 17 att
684 475 86 18 invänta
783 474 93 19 tillständ
888 474 69 24 börjat
968 475 31 17 ut-

245 498 48 18 föra
305 499 202 23 genomgräfningen
517 499 20 18 af
546 499 60 18 näset
614 499 36 18 vid
661 499 83 22 Puhois,
755 498 89 24 erbjudit
852 499 33 23 sig
895 500 30 17 att
933 498 67 18 inlösa

245 522 38 18 det
301 522 85 18 utförda
405 522 83 22 arbetet,
509 523 112 18 Mustonen
641 522 133 24 pretenderat
792 521 24 19 sä
834 522 52 24 högt
919 522 32 21 pris,
970 523 30 17 att

245 542 134 37 Regeringen
395 546 46 19 icke
458 546 80 24 antagit
556 546 124 22 detsamma;
694 546 39 19 och
746 546 88 19 sålunda
846 546 69 18 förföll
927 545 72 24 frågan

245 575 63 12 ånyo.

293 593 92 19 Tiderna
403 594 28 18 ha
448 594 65 19 likväl
530 594 123 19 förändrats.
680 594 73 20 Ehuru
768 600 62 12 norra
845 594 101 18 Savolaks
962 594 38 18 och

245 618 90 18 Karelen
352 617 34 19 stå
403 619 6 17 i
424 618 228 24 järnvägsförbindelse
669 618 48 18 med
730 619 61 21 östra,
804 618 63 18 södra
880 618 38 18 och
931 618 69 18 västra

245 642 92 18 Finland
357 644 55 16 samt
430 642 110 23 Ryssland,
559 642 39 18 har
614 642 145 24 skeppsfarten
773 642 7 18 i
793 642 39 18 den
846 642 51 23 grad
909 641 89 24 tilltagit,

245 667 31 17 att
295 666 71 18 Saima
378 666 63 18 kanal
453 665 70 19 såsom
536 666 53 18 enda
601 666 122 18 transitoled
738 666 16 24 ej
768 671 86 13 numera
867 666 80 22 mäktar
959 666 39 18 till-

245 690 81 23 godose
346 690 47 18 dess
412 690 65 21 behof,
497 696 33 12 om
547 690 46 18 icke
606 690 118 23 betydande
736 690 146 24 uppoffringar
894 690 62 23 göras
968 690 33 18 för

245 713 154 19 förbättrandet
419 714 20 18 af
458 713 124 19 densamma.
602 725 24 3 —
644 715 36 17 Nu
697 714 23 18 är
732 696 89 36 sålunda
833 713 57 19 tiden
904 714 48 18 inne
965 715 34 20 att,

245 738 34 17 för
292 738 147 23 skeppsfarten
448 736 46 20 från
504 743 62 13 norra
574 738 89 18 Karelen
672 738 91 22 (hvartill
772 737 138 24 förmodligen
918 738 82 18 komme

247 762 31 17 att
292 762 84 18 ansluta
388 762 34 22 sig
435 762 59 17 äfven
508 761 40 19 den
562 760 44 19 från
619 767 63 13 norra
690 762 109 22 Savolaks)
808 761 31 19 till
848 761 104 23 Ryssland
961 761 38 18 och

246 785 133 23 Petersburg,
400 784 55 24 ånyo
474 786 66 18 väcka
558 784 58 24 fråga
635 791 34 13 om
689 785 114 24 öppnande
816 785 20 18 af
849 790 25 13 en
886 785 114 23 vattenväg

245 814 79 18 genom
333 809 144 23 kanalisering
485 810 20 17 af
513 810 64 18 näsen
585 809 36 18 vid
633 809 78 19 Puhois
721 810 39 18 och
768 808 97 20 Ristlahti
875 820 23 2 —
905 808 94 21 Lahden-

245 833 71 23 pohja.
342 833 70 18 Sedan
426 833 69 18 denna
506 833 69 18 blifvit
586 833 73 24 färdig,
673 833 71 19 kunde
757 833 71 19 Saima
839 833 62 18 kanal
914 838 44 13 som
967 832 31 19 sä-

246 856 43 19 dan
307 856 105 24 nöjaktigt
428 857 150 19 tillfredsställa
594 857 98 19 behofvet
707 856 123 23 inomlands,
845 862 47 13 men
906 857 39 18 den
959 862 42 18 nya

246 880 136 19 vattenleden
396 881 68 18 skulle
477 881 46 18 leda
536 880 68 19 direkt
616 881 31 18 till
660 881 111 23 Ryssland,
784 882 51 17 utan
848 882 30 17 att
886 880 113 19 ovillkorli-

245 910 44 17 gen
304 904 128 24 Petersburg
444 904 90 19 behöfde
546 905 74 18 anlitas
633 905 32 18 för
678 904 174 24 tillgodoseendet
865 905 20 18 af
898 904 34 18 det
948 906 52 16 mest

245 927 123 24 trängande,
382 928 19 19 d.
415 935 19 11 v.
447 934 16 13 s.
476 928 152 24 mjölbehofvet.

295 951 50 18 Med
358 952 48 18 stöd
420 953 20 17 af
453 952 37 19 allt
502 952 56 18 hvad
571 952 61 19 ofvan
646 953 84 20 anförts,
744 955 59 20 tager
813 952 37 24 jag
860 952 44 23 mig
912 952 88 18 friheten

245 975 156 19 vördsammast
413 975 87 22 anhålla,
508 977 30 17 att
547 976 140 23 Högvördiga
696 975 155 20 Prästeståndet
860 976 50 18 ville
918 975 83 19 förorda

245 1005 27 13 en
286 999 87 24 petition
388 1000 77 21 därom,

535 1063 27 13 att
574 1061 51 16 Hans
638 1061 100 22 Kejserliga
750 1061 86 21 Majestät
847 1061 63 16 täcktes
923 1059 37 17 låta
968 1066 32 11 un-

464 1085 70 16 dersöka
553 1086 54 15 näsen
626 1085 66 16 mellan
712 1085 83 16 Orihvesi
812 1085 29 15 och
860 1085 101 21 Pyhäjärvi
971 1085 31 15 vid

465 1109 65 15 Puhois
542 1110 47 14 samt
600 1109 104 21 Pyhäjärvi
714 1110 30 15 och
753 1109 125 20 Lahdenpohja
888 1110 8 14 i
901 1109 99 21 Jaakkima,

465 1133 29 15 för
507 1133 108 16 utrönandet
627 1133 26 21 af
664 1133 20 15 de
694 1133 98 20 kostnader,
801 1138 36 10 som
844 1133 158 20 genombrytandet

464 1157 24 21 af
497 1157 47 15 dessa
557 1157 31 15 näs
595 1157 36 21 för
642 1157 132 21 skeppsfartens
787 1157 53 21 behof
849 1157 56 15 skulle
917 1157 83 21 medföra.

297 1214 134 24 Helsingfors
445 1214 40 18 den
498 1220 22 17 23
534 1214 108 19 december
655 1220 51 18 1904.

788 1259 24 21 A.
831 1258 25 22 G.
874 1259 82 21 Walle.

315 1508 188 22 Järnvägsutskottets
516 1509 106 16 vetänkande
633 1510 36 17 N:o
682 1514 16 14 3.
