1114 1773
241 164 28 21 70
380 161 84 25 Ständ.
480 164 53 23 Pet.
550 179 27 2 —
593 165 173 23 Petitionsbet.
784 163 41 22 N:o
841 163 21 22 7.

241 233 88 18 Afskrift.

519 286 128 22 Transsumt
661 293 24 14 ur
696 285 131 28 protokollet
836 285 58 21 fördt
904 285 31 21 uti
946 285 55 21 Råd-

451 314 156 22 stufvurättens
630 315 7 20 i
659 314 138 27 Helsingfors
818 314 47 21 stad
888 313 69 28 tredje
972 313 30 21 af-

450 343 87 27 delning
553 344 41 21 den
610 343 28 21 24
653 343 54 28 april
723 343 62 22 1902.

592 401 12 26 $
620 401 33 21 27.

313 445 153 22 Stadsfiskalen
488 445 66 22 Adolf
574 446 120 21 Mesterton
712 445 38 22 har
766 445 32 22 till
814 445 72 22 denna
901 443 101 23 Rådstuf-

242 473 195 28 vurättsafdelning
452 474 68 22 aflåtit
535 480 26 16 en
577 474 115 27 sålydande
708 473 122 22 skrifvelse:

312 543 78 22 Första
405 543 153 22 Stadsfiskalen
673 543 39 21 Till
727 541 205 23 Rådstufvurättens

355 573 6 20 i
378 571 137 26 Helsingfors
688 572 7 21 i
711 570 136 28 Helsingfors
864 570 48 22 stad

313 600 41 21 den
371 601 27 21 15
413 601 55 26 april
485 601 60 21 1902.
707 600 56 27 3:dje
780 599 114 27 afdelning.

382 629 40 21 N:o
438 629 34 22 19.

314 698 70 22 Sedan
406 698 175 28 Jurisutriusque
603 698 129 22 kandidaten
755 699 69 21 Jonas
848 697 91 23 Castrén
962 696 40 22 och

241 726 222 22 Justitierådmannen
486 727 53 21 Axel
560 727 121 22 Waldemar
703 727 113 27 Lindberg,
837 726 71 22 hvilka
922 726 28 27 på
964 732 38 15 an-

244 755 90 27 gifvelse
356 755 23 21 af
400 755 220 27 poliskommissarien
637 756 72 26 Georg
724 755 119 22 Androsoff
855 755 55 21 varit
925 754 77 22 ställda

243 784 70 21 under
335 784 63 21 tilltal
419 783 34 22 för
472 784 164 27 förolämpning,
651 784 49 22 våld
715 784 41 22 och
770 784 120 21 hindrande
904 782 23 22 af
940 782 61 28 polis,

244 813 64 21 stadd
322 812 8 22 i
345 812 184 28 tjensteutöfning,
551 813 36 21 vid
609 813 75 21 målets
700 812 88 28 slutliga
803 812 129 26 behandling
946 811 56 22 inför

244 840 194 22 Rådstufvurätten
454 842 41 21 den
513 841 26 21 10
553 842 8 21 i
576 842 69 21 denne
660 841 77 22 månad
751 841 63 28 yrkat
828 847 77 15 ansvar
920 840 13 22 å
943 842 60 20 extra

244 870 223 27 poliskommissarien
488 870 58 22 Juho
574 870 146 27 Kaitokangas
750 870 40 22 och
819 868 184 29 poliskonstapeln

243 898 124 22 Alexander
382 898 98 28 Nyholm,
495 899 71 22 hvilka
581 898 82 23 afhörts
679 899 71 22 såsom
767 899 82 21 vittnen
864 899 8 20 i
886 897 72 27 saken,
970 897 34 22 för

243 926 67 23 falskt
332 927 124 22 vittnesmål
479 927 40 22 oeh
541 927 61 22 äfven
625 927 127 28 uppfordrat
768 927 44 27 mig
826 929 32 20 att
872 927 7 21 i
895 926 107 27 egenskap

244 955 23 22 af
280 955 79 22 allmän
375 955 100 27 åklagare
490 956 13 21 å
517 956 104 27 tjenstens
636 958 81 25 vägnar
732 955 72 23 utföra
818 955 43 22 åtal
874 957 46 20 mot
930 955 73 21 Kaito-

242 984 84 27 kangas
352 984 39 22 och
414 984 99 27 Nyholm,
535 985 25 21 så
581 985 40 21 och
636 985 27 22 då
681 985 40 21 den
737 984 120 27 bevisning,
872 990 46 15 som
933 983 71 22 Juris-

244 1013 114 26 utriusque
374 1013 136 22 Kandidaten
527 1013 90 22 Castrén
628 1014 39 21 och
677 1013 141 22 Rådmannen
830 1013 108 27 Lindberg
948 1011 55 22 före-

243 1041 70 28 bragt,
329 1041 57 22 klart
400 1041 40 22 och
456 1042 77 27 tydligt
547 1042 84 27 styrker
646 1042 156 27 befogenheten
817 1041 23 22 af
848 1042 36 21 det
896 1043 46 20 mot
952 1041 51 21 Kai-

243 1070 107 27 tokangas
373 1070 40 22 och
435 1070 93 28 Nyholm
550 1070 132 22 framställda
703 1070 201 27 ansvarsyrkandet,
919 1069 33 22 får
966 1069 38 27 jag

242 1099 34 21 till
291 1098 206 23 Rådstufvurättens
512 1099 129 27 behandling
656 1099 83 22 anmäla
755 1099 59 22 detta
829 1099 47 26 mål,
890 1098 66 28 jemte
967 1098 37 21 det

240 1127 39 28 jag
301 1127 129 22 förbehåller
453 1128 44 27 mig
512 1130 32 19 att
563 1127 53 22 efter
632 1127 90 22 slutförd
738 1128 163 26 undersökning
915 1127 21 22 få
952 1129 52 26 göra

243 1155 27 22 de
286 1158 99 19 närmare
400 1156 137 27 påståenden,
553 1156 84 22 hvartill
653 1156 45 22 skäl
713 1157 42 21 kan
770 1155 139 22 förekomma.

728 1195 68 23 Adolf
809 1196 125 21 Mesterton.

242 1286 196 23 Rådstufvurätten
454 1287 107 22 öfverlade
576 1288 39 21 och
631 1288 122 22 omröstade
770 1287 31 21 till
816 1286 93 29 följande
933 1272 27 3 -

579 1344 88 28 Utslag:

241 1428 39 22 har
296 1429 195 23 Rådstufvurätten
507 1430 53 27 tagit
575 1430 64 22 målet
653 1431 8 21 i
676 1430 83 28 slutligt
775 1430 156 28 öfvervägande
947 1433 57 19 samt

240 1456 72 23 finner
338 1458 75 22 dervid
438 1458 37 22 det
497 1464 51 16 vara
569 1459 92 27 lagligen
687 1459 68 27 styrkt
784 1461 32 19 att
840 1459 163 23 kommissarien
