1111 1775
309 152 245 24 Petitionsbetänkande
571 152 37 24 N:o
624 153 22 22 3.
792 154 27 20 45

101 217 102 29 språket,
220 219 57 21 utan
293 217 44 23 ock
353 218 7 22 i
370 217 128 23 framtiden
510 218 153 28 omöjliggöra
673 217 82 29 hvarje
765 216 84 23 under-

101 253 96 29 visning
219 254 8 21 i
251 252 64 24 detta
331 252 71 30 språk
418 260 87 21 genom
523 253 146 23 afsaknaden
686 254 8 21 i
710 252 100 24 Finland
826 253 25 23 af

101 289 75 23 andra
191 289 114 27 läroverk,
320 289 80 22 hvilka
412 289 60 22 hade
484 289 123 23 blifvande
618 289 86 23 lärares
716 289 135 29 utbildning

101 327 37 27 sig
163 325 74 29 ålagd.
270 325 59 22 Lika
352 325 106 29 omöjligt
477 326 7 21 i
502 325 118 23 anseende
637 325 34 22 till
688 326 34 21 ett
737 327 47 21 rätt
800 325 49 22 ord-

101 361 78 22 nande
203 361 24 22 af
250 361 71 28 ryska
344 361 108 29 språkets
475 361 106 23 studium
602 367 54 17 vore
672 361 74 29 sagda
761 361 89 28 lyceers

103 397 149 22 ombildande
277 397 34 22 till
327 397 151 22 uteslutande
495 397 120 22 klassiska
631 397 53 22 med
700 397 151 30 obligatorisk

101 433 171 28 undervisning
295 433 7 22 i
323 433 112 29 grekiska
451 433 103 29 språket,
571 433 149 22 alldenstund
736 433 91 22 lärarne
843 433 8 22 i

102 468 74 30 ryska
192 469 96 29 språket
303 469 8 22 i
328 469 25 22 så
369 468 42 23 fall
427 469 77 23 blefve
520 469 8 22 i
544 469 117 22 afsaknad
672 469 25 22 af
708 469 97 29 behörig
816 470 34 21 ut-

101 504 130 30 bildning."
249 518 29 3 —
294 505 132 22 Utskottets
449 505 89 28 förslag
554 504 138 30 godkändes
709 505 24 22 af
749 505 102 23 Senaten

102 540 73 23 redan
199 541 45 22 den
261 544 12 19 5
290 541 126 22 november
441 544 63 24 1903,
522 541 42 22 och
581 542 8 21 i
605 540 246 23 öfverensstämmelse

103 577 98 23 härmed
217 576 136 24 utfärdades
369 576 149 30 författning,
534 577 133 29 hvarjämte
679 577 34 22 till
724 577 84 29 högsta
816 577 36 22 ort

103 613 80 28 afgick
200 613 174 29 framställning
390 619 38 16 om
445 613 260 29 parallelafdelningars
716 612 135 24 inrättande

103 650 30 28 pä
150 648 31 23 kl.
198 648 111 23 VI—VIII
325 648 39 23 vid
380 649 207 29 normallyceerna.

175 684 167 24 Betecknande
361 684 36 23 för
412 684 29 23 de
458 688 94 20 senaste
569 685 69 23 ärens
654 686 47 21 sätt
717 687 34 21 att
767 684 86 23 bereda

106 720 43 23 och
173 720 136 30 genomföra
334 720 114 30 ätgärder,
472 720 82 24 hvilka
571 721 24 22 af
610 721 146 29 Regeringen
783 727 69 16 anses

104 756 114 23 innebära
239 763 28 16 en
284 756 86 23 reform
386 756 43 23 och
446 757 92 23 säledes
555 764 44 22 ega
615 764 29 16 en
661 764 49 15 mer
726 759 30 20 än
773 757 80 29 vanlig

103 792 129 29 betydelse,
249 795 25 20 är
291 794 34 21 att
335 792 190 30 lektionsplanen
536 792 35 23 för
582 792 119 24 klassiska
711 793 77 29 lyceer
799 792 54 23 med

103 828 155 29 obligatorisk
278 829 173 28 undervisning
467 829 7 22 i
491 829 120 29 grekiska,
631 830 73 21 innan
726 829 45 22 den
788 831 65 20 ännu

106 865 86 22 hunnit
202 865 125 28 tillämpas,
338 864 80 23 visade
430 865 38 28 sig
479 865 49 23 helt
539 865 43 22 och
593 865 71 22 hället
675 865 177 22 oändamälsen-

104 901 41 28 lig.
177 900 88 23 Genom
289 901 83 28 nädigt
395 900 158 23 förordnande
577 901 24 22 af
624 901 45 22 den
687 905 26 18 10
730 900 124 23 december

108 939 57 20 1903
185 936 134 29 stadgades,
335 937 7 22 i
359 936 105 29 enlighet
480 937 54 22 med
551 937 115 23 Senatens
682 943 56 22 nyss
755 936 99 23 anförda

105 972 186 28 framställning,
317 974 34 21 att
374 972 37 23 vid
437 972 29 23 de
490 974 36 21 tre
545 972 85 29 högsta
646 972 122 23 klasserna
785 973 24 22 af
825 972 28 23 de

106 1007 61 24 båda
190 1008 200 29 normallyceerna
410 1008 247 30 parallelafdelningar
677 1008 36 23 för
731 1008 122 23 undervis-

105 1045 58 27 ning
179 1045 8 20 i
203 1044 113 29 grekiska
332 1044 75 23 skulle
423 1045 101 22 inrättas
540 1045 42 22 och
594 1045 13 22 &
619 1045 69 22 dessa
700 1044 153 29 afdelningar,

110 1079 101 23 förutom
232 1079 136 30 grekiskan,
389 1080 72 29 ryska
477 1080 63 23 läsas
556 1081 8 21 i
580 1080 40 23 det
635 1080 97 29 omfäng
748 1087 49 16 som
816 1080 37 23 be-

106 1116 87 21 stämts
213 1115 35 23 för
264 1115 118 23 klassiska
398 1115 79 30 lyceer
493 1116 55 23 med
563 1116 154 29 obligatorisk
733 1116 121 23 undervis-

110 1152 58 28 ning
184 1153 6 20 i
207 1151 118 29 grekiska.
357 1152 84 23 Rätten
465 1153 35 22 att
524 1152 63 29 välja
610 1152 85 23 mellan
719 1153 71 28 ryska
811 1152 43 22 och

106 1187 121 29 grekiska,
252 1188 95 22 hvilken
370 1190 158 21 utmönstrats
551 1195 28 15 ur
600 1188 215 29 lektionsplanerna
831 1188 24 22 af

109 1223 43 23 den
178 1226 28 20 26
219 1224 45 29 juli
283 1227 62 24 1903,
363 1224 153 22 tillerkändes
534 1224 98 23 sälunda
648 1224 151 27 fortfarande,
816 1230 38 16 om

105 1259 45 23 ock
167 1260 19 28 ej
205 1259 156 29 fullständigt,
378 1260 110 22 eleverna
503 1260 31 29 pä
550 1260 28 22 de
590 1262 34 21 tre
635 1260 85 28 högsta
731 1260 124 23 klasserna

107 1295 25 23 af
148 1296 209 28 normallyceerna;
374 1295 39 23 vid
429 1296 77 29 öfriga
522 1296 118 23 klassiska
656 1296 76 28 lyceer
743 1295 112 23 kvarstod

106 1330 130 30 grekiskan
253 1333 7 21 i
277 1331 217 30 lektionsplanerna
510 1332 85 23 endast
611 1332 77 23 säsom
704 1333 34 22 ett
748 1332 108 29 frivilligt

104 1370 77 19 ämne.

180 1403 107 23 Päbudet
311 1403 24 22 af
357 1403 45 23 den
420 1407 27 18 26
462 1404 46 29 juli
526 1407 56 20 1903
600 1404 94 23 berörde
711 1404 51 23 icke
779 1403 78 23 direkt

107 1439 194 28 privatskolorna.
333 1439 51 23 Men
406 1446 29 15 en
456 1440 82 29 gifven
559 1440 57 29 följd
633 1440 23 23 af
672 1439 115 23 Senatens
804 1439 51 23 tidi-

106 1481 59 22 gare
183 1475 109 28 tolkning
308 1475 24 22 af
348 1475 62 30 Kejs.
428 1475 93 23 brefvet
537 1475 44 23 den
599 1479 27 19 25
635 1476 45 29 juli
692 1479 54 20 1901
760 1481 49 21 var,
821 1477 36 21 att

177 1523 100 18 Allmänna
289 1523 183 18 Petitionsutskottets
485 1523 110 19 betänkande
607 1524 35 18 N:o
655 1525 15 16 1.
