1114 1778
308 151 279 24 Petitionsbetänkande
602 152 45 22 N:o
662 152 19 21 1.
844 152 27 21 15

115 219 77 26 jestäts
216 217 82 27 nådiga
320 218 163 26 öfvervägande
507 217 114 22 frambära
645 218 36 21 det
697 217 72 22 finska
790 217 80 22 folkets

116 249 62 20 stora
198 246 101 28 lifsfråga
314 260 29 2 —
359 246 77 28 frågan
456 254 36 15 om
510 248 43 21 den
568 248 82 26 lagliga
666 248 134 27 ordningens
816 247 54 21 åter-

116 277 110 22 ställande
243 278 7 20 i
266 277 218 22 Storfurstendömet.

187 307 31 21 De
235 307 108 27 åtgärder,
360 314 48 15 som
426 307 34 21 för
475 307 112 21 vinnande
604 308 23 20 af
643 307 60 21 detta
719 306 105 22 ändamål
840 313 30 15 er-

116 337 88 21 fordras
220 338 43 21 och
278 337 88 21 hvilkas
389 337 166 27 nödvändighet
573 337 73 21 blifvit
661 337 8 21 i
685 337 37 21 det
738 336 132 27 föregående

116 367 131 26 motiverad,
264 368 38 20 äro
319 367 7 20 i
342 367 50 21 kort
407 366 198 28 sammanfattning
623 366 109 27 följande:

191 397 41 21 1:o.
264 395 80 28 Nådigt
359 397 151 21 förordnande
527 397 83 26 derom,
626 398 31 19 att
668 396 169 28 tillämpningen
848 396 23 21 af

117 426 292 27 värnepligtsförfattningen
434 426 22 21 af
480 427 43 21 den
544 426 26 21 12
586 427 41 26 juli
645 426 54 21 1901
718 425 57 22 skall
791 432 80 21 genom

117 456 139 22 omedelbart
279 456 133 21 inställande
435 456 24 21 af
482 455 120 28 uppbäden
626 456 102 27 upphöra
752 456 43 21 och
817 456 27 21 de
864 456 7 21 i

117 486 121 27 anledning
259 486 23 21 af
298 486 130 21 densamma
444 486 35 21 för
495 486 152 21 uteblifvande
663 485 48 22 från
729 485 90 28 uppbåd
836 485 36 28 på-

118 516 85 27 bjudna
227 515 109 28 påföljder
359 516 98 26 förfalla;
479 516 124 26 hvarjämte
619 516 42 21 och
677 515 29 22 då
721 515 152 28 provisoriska

117 546 151 27 anordningar
284 546 76 21 kunna
375 545 101 22 befinnas
500 546 145 27 erforderliga
667 546 70 21 under
760 546 61 21 tiden
839 545 33 22 till

118 577 52 20 dess
181 583 29 20 ny
226 576 36 27 lag
278 582 36 15 om
330 576 122 27 värnepligt
468 576 72 21 blifvit
551 576 50 21 med
613 576 136 21 Ständernas
759 575 115 28 samtycke

118 606 111 25 utfärdad,
254 605 84 22 sådana
362 606 151 27 anordningar
536 606 63 21 torde
620 607 7 20 i
646 605 65 27 laglig
727 606 94 27 ordning
836 605 36 28 på-

118 636 88 27 bjudas.
238 636 83 21 Härvid
344 635 63 22 torde
431 635 126 22 Ständerna
580 635 61 22 finna
664 635 80 27 skäligt
767 635 105 26 förklara,

119 667 31 20 att
166 666 28 21 de
211 671 53 16 anse
281 666 128 27 regeringen
425 665 76 22 kunna
518 667 53 20 utan
587 666 78 21 vidare
676 665 136 22 medverkan
822 665 50 21 från

119 695 146 27 landtdagens
286 695 48 21 sida
350 695 65 22 träffa
431 696 83 20 anstalt
530 702 37 14 om
582 695 222 27 gardesbataljonens
820 697 52 19 tem-

119 727 81 25 porära
216 725 170 27 komplettering
402 724 28 28 på
446 725 168 27 frivillighetens
630 726 48 26 väg.

191 755 43 21 2:0.
266 754 162 27 Upphäivande
444 755 22 21 af
482 757 128 24 temporära
626 755 157 26 förordningen
800 754 43 21 den
858 754 14 21 2

120 784 56 27 april
199 784 63 26 1903,
280 784 114 27 angäende
410 783 103 28 ätgärder
529 785 35 21 för
580 783 194 28 upprätthällande
790 784 23 21 af
829 784 43 21 den

120 814 88 27 statliga
231 814 123 27 ordningen
370 814 42 22 och
428 815 37 20 det
481 815 113 21 allmänna
610 815 83 26 lugnet,
709 815 67 26 jemte
792 814 80 21 förkla-

120 844 74 27 ringar
218 845 42 20 och
283 844 75 27 tillägg
381 844 78 26 dertill,
485 845 115 20 äfvensom
624 844 23 22 af
671 844 26 21 de
720 844 152 27 förfoganden,

120 880 49 15 som
186 873 28 28 pä
230 874 71 27 grund
317 875 23 20 af
356 875 66 21 dessa
437 874 76 27 påbud
529 875 104 26 vidtagits
644 876 60 19 emot
713 873 103 22 enskilda
827 880 46 20 per-

121 910 67 15 soner
211 905 42 20 och
275 904 143 25 kommuner;
435 904 159 27 upphäfvande
610 905 23 20 af
650 904 28 21 10
694 904 98 27 punkten
808 904 7 20 i
832 903 41 22 för-

121 934 122 27 ordningen
260 934 44 21 den
320 934 28 21 26
364 940 59 15 mars
441 934 57 22 1903
515 933 115 28 angäende
646 940 29 21 ny
691 933 133 22 instruktion
840 933 35 21 för

120 963 239 28 generalguvernören;
384 966 56 19 samt
456 963 153 22 äterkallande
625 963 23 22 af
665 964 26 21 de
707 963 166 22 förordnanden

120 993 23 22 af
167 993 43 22 den
235 993 28 22 10
286 993 121 22 november
424 993 64 27 1903,
505 1000 79 21 genom
601 993 75 22 hvilka
692 1000 27 15 en
736 993 69 22 afdelt
820 993 52 28 rysk

121 1023 147 28 gendarmkär
284 1023 104 22 tilldelats
404 1023 215 27 tjenstebefogenhet
634 1025 7 20 i
653 1023 219 22 Storfurstendömet.

191 1053 42 21 3:0.
266 1053 161 27 Upphäfvande
443 1054 24 21 af
482 1056 40 18 art.
540 1053 8 21 I
565 1053 42 21 och
622 1053 18 21 II
656 1053 7 21 i
679 1053 158 26 förordningen
852 1053 23 20 af

121 1082 43 22 den
188 1082 27 22 31
238 1082 41 27 juli
297 1082 56 22 1902
370 1082 114 28 angäende
501 1083 94 27 ändring
611 1083 22 21 af
649 1083 109 21 särskilda
774 1082 101 27 stadgan-

121 1112 43 22 den
187 1112 96 22 rörande
306 1113 122 26 tjensterna
442 1113 38 21 vid
497 1112 124 22 civilstaten
637 1113 8 21 i
660 1112 100 26 Finland,
778 1115 56 18 samt
851 1112 23 21 af

121 1142 186 27 förordningarna
330 1143 43 21 den
391 1142 27 21 14
434 1143 89 27 augusti
540 1142 64 26 1902,
621 1142 114 28 angäende
751 1142 122 26 ordningen

121 1173 35 21 för
179 1172 145 27 tjenstemäns
347 1173 37 21 vid
406 1172 28 22 de
450 1173 179 21 administrativa
644 1172 171 22 embetsverken
832 1172 42 20 och

121 1202 145 26 tjenstemäns
290 1202 36 21 vid
350 1202 157 27 justitiestaten
531 1202 110 27 skiljande
661 1202 49 21 frän
726 1203 101 26 tjensten,
844 1201 30 21 äf-

121 1238 93 15 vensom
238 1232 22 22 af
283 1232 158 27 förordningen
466 1232 43 22 den
530 1232 28 21 14
574 1232 87 27 augusti
679 1232 63 26 1902,
759 1230 115 28 angäende

122 1262 122 27 ordningen
268 1262 34 20 för
326 1262 116 21 väckande
466 1262 22 21 af
510 1262 95 27 rättsligt
621 1262 44 22 åtal
681 1264 46 19 mot
742 1262 133 26 tjenstemän

122 1292 35 21 för
172 1291 231 28 tjensteförbrytelser.

194 1322 35 20 4:0
260 1320 81 28 Nädigt
365 1322 157 25 förordnande,
548 1324 31 18 att
598 1322 27 21 de
642 1322 50 20 med
710 1321 125 21 manifestet
851 1320 23 22 af

122 1352 43 21 den
188 1350 38 24 3/:s
247 1350 99 22 februari
371 1351 57 22 1899
452 1352 118 21 utfärdade
586 1351 224 28 grundstadgandena
826 1350 49 21 icke

122 1381 64 22 skola
202 1381 86 22 erhålla
302 1382 140 27 tillämpning
459 1382 69 21 innan
544 1381 47 22 deri
607 1382 96 21 berörda
718 1380 74 28 frågor
802 1380 73 22 blifvit

123 1411 99 22 ordnade
242 1417 80 21 genom
342 1418 27 14 en
386 1411 50 21 med
453 1411 138 22 Ständernas
608 1411 113 27 samtycke
737 1410 138 21 tillkommen

123 1440 192 28 lagstiftningsakt.

194 1470 43 21 5:0.
269 1466 100 31 Ändring
392 1470 24 22 af
437 1471 127 21 manifestet
585 1470 42 22 den
649 1470 30 22 20
696 1470 47 26 juni
761 1469 57 22 1900
834 1469 42 21 och

195 1511 61 19 Särsk.
270 1511 53 18 Besv.
335 1512 47 18 utsk.
395 1511 33 19 bet.
440 1511 37 19 N:o
491 1513 15 17 1.
