1114 1764
258 153 84 22 Ständ.
359 153 53 22 Pet.
428 165 29 3 —
473 153 175 22 Petitionsbet.
664 153 43 22 N:o
723 153 21 22 7.
856 153 25 22 11

123 225 108 28 ningens,
257 225 113 22 särskildt
395 224 142 29 allmogens,
557 224 100 29 aktning
676 224 46 23 och
741 224 141 23 förtroende

122 259 39 22 för
179 259 205 29 styrelsemakten,
404 266 54 15 som
478 259 144 29 ätgärderna
635 259 8 22 i
659 259 35 28 sig
706 259 85 28 själfva
805 259 77 22 mäste

122 294 75 22 verka
221 293 115 23 störande
360 293 46 23 och
426 293 154 23 förvirrande
605 293 2 22 i
625 293 197 23 kommunernas
840 301 42 15 an-

122 328 167 29 gelägenheter
313 328 47 22 och
385 327 40 23 det
442 327 164 23 kommunala
625 327 67 23 lifvet
711 328 170 22 öfverhufvud.

124 362 46 23 Det
196 362 79 23 finnes
302 363 77 29 knapt
406 363 81 28 nägon
515 362 148 23 kommunal
681 362 141 29 befattning,
840 362 42 22 vid

123 397 73 22 hvars
221 397 141 22 besättande
385 399 155 27 guvernören
565 397 20 28 ej
611 397 78 22 skulle
708 404 59 15 anse
785 397 35 29 sig
838 399 43 27 äga

123 431 47 23 den
190 431 131 29 afgörande
346 433 88 21 rösten.
471 431 47 23 Till
540 431 187 29 taxeringsmän,
747 431 136 23 ledamöter

122 467 7 21 i
149 465 106 29 skolråd,
280 465 271 24 folkskoledirektioner
573 466 45 22 och
638 466 35 22 till
693 466 46 22 och
759 465 57 23 med
834 466 48 22 för-

123 500 165 29 valtningsråd
313 501 38 22 för
375 500 204 30 stipendiifonder
603 503 63 20 samt
684 501 26 22 af
726 501 155 22 kommunen

123 535 96 22 tillsatta
240 535 96 28 utskott,
355 535 120 22 revisorer
494 535 26 22 af
529 535 167 23 kommunens
709 535 172 30 räkenskaper,

122 569 158 23 kommunal-
298 570 46 22 och
364 569 185 29 stadskassörer,
568 569 50 23 lika
636 569 39 22 väl
694 577 54 15 som
762 569 35 23 till
813 576 68 15 mera

123 604 212 29 maktpåliggande
354 604 169 29 befattningar,
545 605 81 21 såsom
645 603 236 30 stadsfullmäktiges,

123 638 264 23 kommunalstämmo-
400 638 59 22 eller
468 638 412 28 kommunalnämndsordförande,

123 672 202 24 viceordförande
351 673 46 23 och
422 672 143 30 ledamöter,
584 673 107 22 sträcker
709 674 35 28 sig
762 672 64 23 detta
845 673 36 22 in-

123 707 124 30 gripande,
266 715 53 15 som
339 707 63 23 dock
421 709 66 27 tager
506 708 35 29 sig
559 707 95 29 uttryck
673 707 61 23 blott
752 708 7 22 i
779 714 30 16 en
828 707 54 22 icke

123 744 113 20 närmare
256 742 136 22 motiverad
411 744 91 27 vägran
522 744 34 20 att
573 741 132 29 godkänna
724 742 47 22 den
785 749 96 22 person,

123 776 154 23 kommunen
296 777 8 21 i
323 776 83 30 hvarje
419 776 115 23 särskildt
547 776 40 23 fall
601 778 78 21 ansett
691 777 54 21 bäst
757 778 124 20 motsvara

123 810 55 23 dess
202 811 147 28 förtroende,
377 810 47 24 och
452 818 31 15 en
511 811 133 29 befallning
662 813 33 20 att
714 811 64 29 välja
798 817 83 16 annan

122 852 90 22 person
240 846 7 21 i
275 846 83 22 stället.
396 845 54 23 Den
479 846 128 28 stockning
633 846 8 21 i
661 845 30 23 de
718 845 162 23 kommunala

122 879 136 23 ärendenas
273 880 86 29 jämna
378 880 68 29 gång,
465 888 55 14 som
545 880 47 23 blir
611 887 30 15 en
659 880 144 28 oundviklig
821 880 60 28 följd

122 914 26 22 af
164 916 32 20 ett
214 914 76 29 dylikt
309 914 197 30 tillvägagående,
520 915 81 29 tyckes
618 914 112 23 däremot
742 914 53 23 icke
808 914 74 22 fram-

122 948 65 23 kalla
207 949 74 29 några
299 948 198 30 betänkligheter.

193 982 49 23 För
260 985 34 21 att
319 986 115 20 närmare
459 984 83 29 belysa
561 990 34 16 nu
615 984 97 28 angifna
732 983 151 23 missförhål-

122 1017 73 23 lande
214 1018 95 22 lämnas
327 1018 8 22 i
353 1025 31 15 en
402 1018 36 22 till
457 1018 82 22 denna
567 1018 166 29 underdäniga
752 1017 130 23 framställ-

123 1052 59 29 ning
200 1052 71 29 fogad
285 1052 79 29 bilaga
377 1059 30 16 en
426 1052 154 30 förteckning
592 1052 68 23 öfver
673 1052 29 23 de
715 1052 49 29 fall,
777 1052 8 22 i
798 1052 83 22 hvilka

123 1087 241 28 guvernörsembetet
382 1087 7 22 i
408 1086 92 30 Viborg
518 1087 79 22 under
615 1086 165 30 tidsperioden
797 1086 85 23 1903—

123 1121 56 22 1904
197 1121 103 29 påyrkat
318 1123 52 28 nytt
388 1121 39 22 val
446 1122 28 22 af
495 1122 147 22 kommunal
660 1122 143 22 funktionär
822 1122 58 21 utan

123 1157 33 20 att
174 1155 53 23 skäl
246 1156 35 22 till
300 1156 40 22 det
358 1156 66 22 förra
442 1156 77 22 valets
532 1156 123 29 ogiltighet
666 1156 98 22 anförts.
794 1155 87 22 Denna

122 1189 159 30 förteckning,
300 1198 53 15 som
373 1190 61 22 blott
452 1191 9 21 i
474 1191 97 22 korthet
584 1192 118 28 upptager
715 1192 68 20 arten
796 1190 27 22 af
833 1189 47 23 den

122 1224 162 23 kommunala
309 1225 139 29 befattning,
475 1225 38 23 för
534 1225 73 23 hvars
625 1224 141 23 besättande
785 1224 40 22 val
843 1226 38 27 ägt

122 1266 63 21 rum,
210 1261 64 21 samt
297 1259 168 23 kommunens
490 1266 83 22 namn,
598 1259 45 23 där
666 1259 64 23 valet
751 1259 129 27 förrättats,

121 1295 50 27 gör,
200 1294 82 22 såsom
310 1294 76 22 redan
414 1296 108 26 nämnts,
549 1294 53 22 icke
621 1294 107 29 anspråk
749 1294 32 29 på
800 1294 80 28 någon

121 1327 189 30 fullständighet,
330 1330 58 21 utan
408 1328 63 22 afser
489 1328 62 23 blott
569 1330 34 21 att
621 1328 83 23 lämna
720 1335 30 16 en
763 1326 118 31 tydligare

121 1361 53 22 bild
192 1362 27 21 af
235 1362 30 22 de
283 1362 180 29 förhållanden,
481 1370 55 15 som
549 1364 7 21 i
569 1362 41 23 det
621 1362 145 29 föregående
779 1362 101 22 berörts.

193 1395 73 24 Utom
285 1404 34 15 nu
338 1396 103 23 anförda
461 1399 83 28 öppna
562 1398 101 28 ingrepp
681 1397 8 22 i
705 1397 47 22 den
766 1396 115 22 kommu-

121 1430 57 23 nala
204 1431 170 30 själfstyrelsen
399 1431 45 22 har
469 1438 30 16 en
525 1432 19 26 ej
569 1431 49 23 lika
646 1434 89 27 öppen,
763 1437 57 16 men
844 1430 36 23 till

121 1465 53 22 sina
193 1465 99 30 möjliga
310 1465 88 30 följder
416 1466 20 29 ej
458 1466 97 23 mindre
573 1466 131 22 allvarsam
718 1464 163 30 inblandning
