1114 1778
275 151 72 24 Ständ.
365 151 45 23 Pet.
427 164 28 1 —
472 151 147 22 Petitionsbet.
637 150 36 23 N:o
689 151 21 21 2.
859 149 14 20 3

120 219 96 25 tvungen
233 219 32 19 att
280 217 88 26 vidtaga
382 216 107 27 åtgärder,
502 223 48 14 som
562 216 49 21 icke
622 215 50 21 fullt
683 215 189 22 öfverensstämde

121 247 49 21 med
188 247 27 21 de
231 247 7 20 i
255 246 212 22 Storfurstendömet
486 246 102 27 gällande
605 245 160 27 författningar,
783 245 90 21 hvarför

122 277 60 21 Hans
199 277 122 26 Kejserliga
337 276 101 27 Majestät
454 276 126 21 anbefallde
597 275 228 27 generalguvernören
842 277 31 18 att

121 307 125 25 framdeles,
272 306 28 21 då
322 307 36 20 vid
382 306 182 21 förekommande
590 305 38 22 fall
652 306 22 20 af
691 305 182 26 ofullständighet

121 337 53 21 eller
190 337 101 21 oklarhet
307 337 6 20 i
330 337 75 25 lagens
422 336 136 27 stadganden
575 335 133 22 tvifvelsmål
725 335 74 22 kunde
821 342 53 20 upp-

121 366 34 22 stå
171 373 36 15 om
225 367 50 21 dess
292 368 57 20 rätta
365 366 94 26 mening,
477 366 100 21 infordra
593 365 160 27 prokuratorns
770 366 6 20 i
789 365 84 26 Kejser-

121 397 43 26 liga
181 396 96 22 Senaten
294 395 119 23 utlåtande.

193 426 41 21 Det
250 432 39 15 var
300 426 53 21 först
366 426 68 21 sedan
445 426 220 26 generaladjutanten
677 425 115 21 Bobrikoff
803 425 70 21 ställts

122 457 6 20 i
145 459 88 24 spetsen
258 456 34 21 för
308 456 86 21 landets
419 455 139 26 förvaltning,
583 461 47 15 som
647 455 173 27 gendarmernas
837 461 36 15 an-

122 487 111 26 vändning
250 487 6 20 i
273 486 70 21 finska
365 486 183 27 angelägenheter
572 486 79 25 vidtog.
685 485 6 20 I
709 492 27 15 en
754 485 30 21 till
805 485 68 21 Eders

122 516 121 27 Kejserliga
268 516 101 26 Majestät
392 515 80 22 aflåten
497 515 138 27 underdånig
651 516 90 26 petition
759 515 114 27 angående

122 547 177 26 missriktningar
315 546 6 21 i
338 546 86 21 landets
441 546 133 26 förvaltning
590 545 97 22 uttalade
703 546 33 26 sig
749 545 125 22 Ständerna

122 577 25 21 år
164 576 57 21 1900
237 577 77 20 härom
331 575 28 28 på
376 576 97 27 följande
490 577 51 20 sätt:

197 605 100 22 »Vården
314 612 36 15 om
367 606 112 21 allmänna
500 606 86 27 lugnets
603 606 42 21 och
661 605 143 22 säkerhetens
821 612 52 20 upp-

122 636 147 22 rätthållande
294 636 39 21 har
358 636 73 21 städse
456 636 5 21 i
479 637 59 20 detta
563 636 51 21 land
632 636 79 26 utgjort
733 641 26 16 en
776 636 39 20 lätt
832 635 42 21 och

123 667 63 21 enkel
210 666 92 27 uppgift,
327 666 93 21 emedan
445 666 163 27 befolkningen,
633 672 47 15 som
706 665 69 22 under
795 665 78 21 århun-

123 697 83 21 draden
228 697 90 25 deltagit
334 697 6 19 i
357 696 170 26 lagstiftningen,
546 696 50 26 sjelf
613 697 24 19 är
653 695 120 27 angelägen
790 701 36 15 om
843 697 32 19 att

123 727 90 26 lagarna
238 726 62 21 skola
324 725 71 22 hållas
411 726 6 20 i
434 726 64 26 helgd
524 728 57 18 samt
602 725 69 27 villigt
686 727 69 19 rättar
771 726 32 26 sig
819 725 55 21 efter

123 756 26 22 de
166 756 143 24 föreskrifter,
327 762 48 14 som
391 756 22 20 af
424 756 183 27 myndigheterna
618 755 28 27 på
658 756 64 26 laglig
733 755 71 27 grund
816 755 58 21 med-

123 786 66 22 delas.
222 786 52 27 Inga
298 786 183 26 konspirationer,
507 786 51 26 inga
582 786 103 26 politiska
709 785 94 21 rörelser
824 785 50 21 med

123 816 135 27 rättsvidrigt
274 816 56 27 syfte
346 816 67 21 hafva
429 816 40 21 här
485 816 63 26 gifvit
565 815 118 27 anledning
699 817 31 19 att
743 815 132 21 föranstalta

123 849 30 19 ett
169 846 90 26 hemligt
275 846 162 21 öfvervakande
455 846 22 21 af
494 846 186 26 medborgarenas
697 845 39 21 ord
751 845 42 21 och
807 845 67 21 hand-

123 876 76 27 lingar.
229 875 32 21 Då
273 876 36 21 det
320 876 71 20 finska
403 876 169 20 samhällslifvet
583 876 67 26 ligger
662 876 65 26 öppet
739 875 34 21 för
784 875 89 25 enhvar,

123 913 47 14 som
196 906 75 21 derom
296 906 36 20 vill
357 908 49 24 taga
431 906 133 25 kännedom,
589 906 75 20 kunna
688 905 85 21 landets
795 904 80 27 lagliga

124 936 151 28 myndigheter
292 936 41 20 och
350 936 133 26 tjänstemän
500 936 74 20 lemna
586 935 111 27 Styrelsen
713 935 44 21 alla
767 934 107 22 erforder-

123 966 43 27 liga
190 966 159 27 upplysningar
371 972 36 14 om
429 966 57 20 hvad
505 965 28 27 på
550 966 27 20 de
594 965 72 21 skilda
689 967 88 19 orterna
793 964 82 22 tilldra-

123 1002 38 20 ger
177 1002 38 20 sig.

195 1026 49 21 Men
261 1026 91 21 oaktadt
375 1025 38 21 allt
437 1026 60 20 detta
521 1026 40 20 har
585 1025 40 21 här
645 1031 92 15 numera
754 1024 121 22 anordnats

123 1058 31 19 ett
177 1055 105 21 särskildt
305 1055 166 22 öfvervakande
495 1062 79 20 genom
599 1061 106 23 personer
728 1054 75 21 hvilka
827 1054 48 21 icke

123 1085 90 21 tillhöra
229 1085 86 21 landets
331 1091 56 20 egna
404 1084 217 28 polismyndigheter.
655 1084 70 21 Äfven
742 1084 27 21 de
786 1083 31 22 till
832 1083 42 22 den

123 1115 66 27 ryska
214 1115 109 21 militären
347 1115 100 21 hörande
471 1115 162 26 gendarmerna
649 1115 72 24 hafva,
739 1113 28 28 på
784 1115 43 20 sätt
843 1113 32 21 till

123 1145 42 21 och
192 1145 49 21 med
269 1151 78 20 genom
364 1145 104 21 officiella
497 1145 214 21 embetsskrifvelser
740 1143 135 27 ådagalagts,

124 1175 71 21 blifvit
211 1175 103 21 använda
329 1175 32 20 till
379 1175 106 26 uppdrag,
498 1181 48 15 som
562 1174 138 21 uteslutande
712 1174 119 21 ankomma
847 1173 29 27 på

124 1205 71 21 finska
219 1205 126 27 myndighet
365 1205 41 20 och
427 1205 160 20 funktionärer.
620 1204 37 21 Att
673 1204 58 21 detta
749 1203 126 22 förfarande

124 1235 79 21 strider
227 1237 60 19 emot
313 1235 42 21 den
371 1241 79 20 genom
475 1235 106 21 Finlands
609 1234 127 26 författning
760 1233 116 22 faststälda

124 1265 129 27 ordningen,
278 1271 47 15 som
342 1264 79 27 bjuder
438 1267 31 19 att
485 1265 86 20 landets
588 1264 133 27 förvaltning
736 1263 57 22 skall
809 1263 67 21 hand-

124 1295 79 21 hafvas
219 1301 79 20 genom
315 1295 50 21 dess
382 1301 56 20 egna
453 1295 160 27 myndigheter,
625 1295 25 20 är
661 1293 130 28 uppenbart.
823 1293 53 21 Här-

124 1325 32 21 till
181 1325 99 21 kommer
303 1327 30 18 att
357 1325 143 26 rapportörer
524 1325 42 20 och
590 1324 118 25 angifvare,
733 1323 75 21 hvilka
828 1323 48 21 icke

125 1355 73 21 känna
215 1355 85 21 landets
322 1354 66 27 spräk
413 1355 41 20 och
479 1355 70 20 sakna
565 1355 101 26 kunskap
683 1360 35 15 om
735 1353 58 21 hvad
810 1353 67 26 enligt

125 1385 56 21 finsk
197 1385 35 26 lag
248 1386 25 19 är
296 1384 79 21 tillätet
391 1384 53 21 eller
460 1384 119 27 förbjudet,
601 1385 19 26 ej
638 1384 75 21 kunna
729 1384 53 25 göra
798 1383 79 26 riktiga

125 1415 146 26 iakttagelser.
305 1414 7 21 I
329 1415 28 20 de
373 1414 45 25 fall,
435 1413 29 21 dä
481 1421 26 14 en
525 1414 92 26 behörig
633 1414 40 20 och
690 1413 99 27 opartisk
799 1412 77 21 under-

125 1444 94 27 sökning
243 1445 6 20 i
273 1444 119 26 anledning
416 1444 22 20 af
455 1444 75 27 dylika
554 1443 132 27 angifvelser
705 1443 84 21 kunnat
805 1442 72 21 föran-

125 1474 83 26 staltas,
225 1474 41 21 har
290 1474 36 21 det
342 1474 72 20 blifvit
435 1474 139 26 ädagalagdt,
592 1476 30 18 alt
639 1474 112 20 desamma
775 1472 101 26 vanligen
