1111 1773
277 155 28 19 84
454 152 246 24 Petitionsbetänkande
716 153 38 24 N:o
770 153 23 22 4.

317 217 37 18 Vid
373 217 141 18 bestämmande
533 217 20 18 af
564 217 109 23 riktningen
686 217 29 18 för
728 217 143 24 ifrågavarande
883 217 48 19 bana
943 217 58 19 borde

247 245 89 19 afseende
354 246 59 18 fästas
431 246 32 18 vid
480 246 22 18 de
515 247 67 22 många
594 247 113 18 industriela
720 247 132 23 inrättningar,
864 252 39 13 som
915 247 7 18 i
935 247 66 18 Sorda-

247 275 47 21 vala,
312 275 102 21 Ruskeala,
433 275 95 18 Suistamo
546 276 35 17 och
595 275 92 23 Impilaks
699 276 91 18 socknars
802 276 128 22 gränstrakter
942 275 57 18 redan

246 305 34 16 äro
293 304 6 17 i
320 304 124 21 värksamhet,
462 304 102 23 hvarjemte
583 305 169 22 bansträckningen
771 305 22 18 så
808 305 39 18 vidt
859 305 73 23 möjligt
943 304 57 19 borde

246 333 60 18 riktas
318 335 39 16 mot
367 333 36 18 den
415 333 109 18 nuvarande
535 333 134 19 samfärdselns
675 334 158 23 centralpunkter.
851 332 82 19 Sålunda
939 333 61 18 skulle

247 362 61 17 banan
322 363 45 21 utgå
380 362 42 17 från
436 363 62 22 någon
511 362 77 23 lämplig
601 363 60 22 punkt
673 363 31 18 vid
717 363 91 18 Karelska
820 363 61 18 banan
893 363 6 17 i
906 362 95 19 Ruskeala

246 391 71 17 socken
330 393 49 15 samt
391 391 88 18 fortsätta
491 391 11 18 &
514 397 36 12 ena
562 391 54 18 sidan
629 391 51 18 öfver
690 391 105 23 nejderna
790 387 10 32 i
806 391 91 18 närheten
906 391 19 18 af
929 391 70 23 Leppä-

246 419 56 18 koski
316 419 35 18 och
365 419 81 19 Läskelä
461 420 117 23 träsliperier
591 422 47 16 samt
650 420 95 19 Välimäki
758 420 136 23 malmgrufvor,
907 420 93 23 dragande

248 449 28 22 sig
296 449 58 18 sedan
374 454 67 17 genom
460 449 35 18 den
515 450 24 22 pä
552 449 103 18 värdefulla
666 451 94 16 stenarter
772 449 42 18 rika
827 449 102 23 Impilaks—
936 445 65 31 Kitelä

246 477 90 18 kommun
349 478 35 18 och
408 478 100 22 Koirinoja
519 478 56 18 hamn
594 479 29 17 till
640 478 111 18 Pitkäranta
768 478 54 22 bruk,
834 483 38 13 som
884 479 6 17 i
904 478 96 23 petitions-

248 506 92 23 förslaget
353 507 32 18 vid
400 510 74 15 senaste
487 507 88 22 landtdag
587 507 76 18 nämdes
677 513 37 13 som
727 507 70 19 banans
810 508 101 23 slutpunkt.

317 536 44 18 Men
381 536 29 18 för
429 539 27 15 att
474 536 62 18 denna
554 536 46 18 bana
614 537 63 17 kunde
691 538 92 17 motsvara
796 536 33 18 sitt
840 536 85 18 ändamä]
939 536 60 18 säsom

247 567 52 16 östra
311 565 96 18 Karelens
417 565 86 23 järnväg,
517 565 62 18 kunde
594 565 107 18 densamma
713 565 95 18 fortsättas
823 565 7 18 i
842 565 102 22 nordostlig
955 565 46 18 rikt-

247 594 46 23 ning
310 593 51 19 ända
381 594 30 18 till
430 595 90 22 Suojärvi,
539 594 39 21 där,
594 594 80 18 förutom
687 594 75 22 talrika,
774 594 29 18 för
816 594 185 23 fabriksanläggning

247 623 89 23 lämpliga
348 623 66 21 forsar,
428 625 51 16 ännu
491 622 59 19 finnas
563 623 71 22 ganska
646 623 114 18 vidsträckta
773 623 88 18 områden
874 623 67 22 sparad
953 623 47 22 skog

247 653 55 20 (enär
321 652 87 23 Suojärvi
428 653 88 17 kommun
534 655 71 16 ensamt
623 652 29 18 för
670 653 29 22 sig
718 652 86 18 omfattar
820 658 23 12 en
856 652 50 18 areal
919 651 20 18 af
949 651 50 22 3,567

248 681 194 22 kvadratkilometer),
461 681 55 18 hvars
536 681 108 23 produkter,
662 681 84 18 särdeles
764 682 6 17 i
787 681 85 18 förädlad
884 681 51 21 form,
947 681 53 22 längs

244 710 105 23 järnvägen
368 710 146 23 fördelaktigast
532 709 62 19 kunde
613 709 79 19 tillföras
708 709 184 19 världsmarknaden.
916 710 40 17 Och
969 710 31 18 det

246 739 60 18 redan
326 744 25 13 nu
364 740 7 17 i
386 739 86 22 Suojärvi
485 739 113 23 förefintliga
611 739 25 18 St.
648 740 53 17 Anne
711 739 99 23 järnbruk,
822 744 38 13 som
874 739 53 18 äfven
940 739 60 22 dispo-

247 773 56 13 nerar
319 768 53 18 öfrer
385 770 52 16 stora
450 769 136 22 skogsmarker,
599 768 63 19 kunde
673 769 67 23 jämväl
754 769 6 17 i
773 769 84 17 kännbar
869 769 41 17 mån
924 767 76 24 bidraga

247 797 29 18 till
287 798 113 22 järnvägens
413 798 61 18 trafik.

318 827 44 17 Med
375 826 43 18 stöd
431 827 22 17 af
465 826 33 18 det
511 826 112 24 ofvansagda
635 828 53 22 tager
700 827 38 23 mig
750 826 77 18 härmed
839 826 80 18 friheten
925 826 75 18 anhålla

247 861 30 12 om
291 856 123 18 Hedervärda
427 856 150 18 Bondeståndets
590 856 112 18 medvärkan
716 856 78 21 derhän,

456 912 26 15 att
504 909 99 18 ekonomisk
623 909 32 18 och
673 909 125 18 instrumental
812 909 134 22 undersökning
959 909 41 17 med

386 941 24 21 af
430 941 104 18 Ständerna
554 941 89 18 anvisade
662 941 61 20 medel,
744 942 22 17 så
783 941 41 22 fort
840 941 30 17 ske
888 941 41 20 kan,
943 940 56 23 blefve

388 973 96 17 värkstäld
503 973 67 22 iochför
591 979 22 12 en
629 973 206 23 järnvägsanläggning
844 973 48 22 från
907 971 92 18 Karelska

386 1005 62 17 banan
462 1005 7 17 i
489 1003 94 19 Ruskeala
596 1005 63 17 socken
673 1005 27 17 till
713 1005 108 18 Pitkäranta
836 1004 36 20 och,
886 1010 27 12 om
927 1004 72 22 möjligt,

387 1036 52 18 ända
453 1037 26 16 till
493 1036 92 24 Suojärvi;

456 1071 25 14 att
496 1069 58 22 nådig
564 1069 117 22 proposition
693 1074 28 12 om
736 1069 104 22 utförandet
849 1068 24 23 af
881 1068 60 17 denna
951 1067 48 18 bana

386 1101 7 16 i
407 1101 57 17 sinom
478 1099 26 18 tid
513 1100 95 23 förelades
622 1100 109 18 Ständerna.

318 1154 120 23 Helsingfors
452 1154 37 17 den
502 1155 21 17 12
536 1154 99 18 december
648 1154 48 18 1904.

695 1201 23 22 K.
737 1201 23 22 H.
776 1200 116 27 Teittinen,

613 1244 131 20 representant
757 1241 29 19 för
798 1241 67 18 Salmis
878 1242 91 22 domsaga.

319 1521 187 23 Järnvägsutskottets
518 1521 109 18 betänkande
640 1522 33 18 N:o
685 1523 17 16 2.
