1109 1775
244 144 24 18 14
472 144 218 18 Motionsbetänkande
703 144 37 18 N:o
753 144 17 18 1.

244 206 45 18 icke
312 205 62 20 heller
398 205 12 19 å
434 211 68 13 annan
526 206 92 24 hvardag
640 206 43 19 före
699 206 88 19 klockan
802 206 28 20 tio
847 206 27 25 på
889 211 108 19 morgonen

245 235 48 19 eller
309 236 51 18 efter
375 235 89 19 klockan
478 235 47 25 fyra
540 235 27 25 på
582 235 90 20 aftonen.

318 266 19 18 2.
369 265 188 24 Stadsfullmäktige
581 271 38 19 ega
638 266 37 22 att,
692 266 51 19 efter
758 266 90 19 hörande
864 266 22 19 af
901 266 97 19 vederbö-

244 295 64 19 rande
331 294 193 26 polismyndigheter
539 295 105 24 angående
662 295 56 20 tiden
734 295 27 18 då
776 295 138 25 utskänkning
930 295 6 19 i
952 296 45 18 stad

245 324 34 19 må
303 325 39 24 ega
364 331 50 16 rum,
438 325 92 19 meddela
553 325 24 19 de
593 326 93 19 närmare
701 325 125 20 föreskrifter
841 325 39 20 och
894 325 104 20 fastställa

248 355 24 18 de
289 354 176 25 inskränkningar,
482 361 44 13 som
542 355 70 18 kunna
628 355 94 20 befinnas
738 355 45 19 med
799 355 96 20 afseende
906 355 13 19 å
930 356 68 18 ortens

248 384 142 19 förhållanden
404 385 101 24 lämpliga.

319 415 18 18 3.
368 414 32 19 Då
423 415 101 19 särskilda
546 415 174 24 omständigheter
742 421 61 13 anses
820 415 74 19 sådant
909 414 88 26 påkalla,

246 445 35 18 äro
306 444 186 25 stadsfullmäktige
515 445 38 20 och
568 444 27 25 på
610 445 70 19 landet
695 444 206 21 kommunalstämma
916 445 83 18 berätti-

245 474 53 24 gade
322 475 31 18 att
376 474 31 19 för
429 475 43 19 viss
495 475 36 20 tid,
556 475 97 24 antingen
677 475 64 19 delvis
758 475 46 19 eller
819 475 42 19 helt
876 475 38 19 och
930 474 68 22 hållet,

246 504 96 25 förbjuda
366 504 146 25 utminutering
535 505 53 18 samt
612 505 27 18 all
662 511 69 13 annan
755 505 139 24 utskänkning
910 505 26 19 än
953 505 44 22 den,

246 540 45 13 som
308 534 46 19 sker
370 533 12 19 å
398 533 67 26 fartyg
481 535 46 19 eller
542 535 181 24 järnvägsstation.

318 564 20 18 4.
369 563 133 24 Rusdrycker,
520 570 44 14 som
579 564 52 20 sålts
654 565 45 18 från
714 564 68 19 fabrik
798 564 47 19 eller
861 564 137 25 distillerings-

246 594 55 22 verk,
326 594 22 19 få
367 593 22 19 åt
405 594 75 25 köpare
498 595 109 25 uppmätas
624 594 47 20 eller
686 594 90 25 utgiivas
792 595 70 25 hvarjo
878 594 70 26 helgfri
960 594 39 24 dag

246 623 45 19 från
323 624 88 19 klockan
442 624 33 20 nio
506 624 27 25 på
564 630 109 19 morgonen
705 624 30 20 till
760 624 88 20 klockan
864 631 36 13 sex
923 624 26 25 på
970 624 29 18 af-

246 655 69 17 tonen.

595 726 25 20 17
637 725 19 27 8.

322 792 16 18 1.
370 791 147 25 Utminutering
541 792 38 18 och
602 792 139 24 utskänkning
763 791 33 19 må
816 792 43 19 icke
875 792 125 20 bedrifvas
989 787 14 34 i

248 825 80 15 samma
342 820 61 20 lokal,

321 851 19 19 2.
371 851 38 19 Vid
433 851 143 25 utminutering
592 852 38 18 och
646 851 139 25 utskänkning
801 852 21 18 af
838 852 118 25 rusdrycker
967 851 33 19 må

248 881 17 24 ej
290 881 108 19 användas
423 887 99 18 personer,
548 887 44 13 som
615 882 44 18 icke
675 882 45 24 fyllt
736 882 84 18 aderton
836 881 27 19 år.
895 881 105 23 Servering

247 910 34 19 vid
305 910 140 25 utskänkning
463 911 33 19 må
512 912 16 24 ej
545 911 130 19 handhafvas
692 911 22 19 af
729 911 81 19 kvinna.
842 911 158 19 Utminuterares

248 939 47 20 eller
319 940 136 20 utskänkares
474 940 147 20 löneförmåner
636 941 22 18 få
674 941 44 19 icke
733 942 61 23 göras
809 941 99 19 beroende
925 940 21 19 af
962 941 37 18 den

248 970 151 19 utminuterade
415 971 47 18 eller
477 971 113 19 utskänkta
606 977 76 13 varans
698 971 80 24 mängd.

321 1000 19 19 3.
372 1000 8 19 I
402 1000 62 23 lokal,
489 1001 34 19 der
545 1001 94 22 variete-,
660 1001 77 19 cirkus-
753 1000 47 19 eller
816 1006 68 13 annan
899 1000 102 19 föreställ-

248 1029 48 24 ning
320 1030 21 19 af
364 1036 79 13 samma
466 1031 44 24 slag
532 1030 72 25 gifves,
629 1037 49 13 vare
701 1030 139 25 utskänkning
860 1030 22 19 af
896 1030 105 25 rusrycker

248 1059 108 25 förbjuden
382 1061 64 18 under
472 1067 23 12 en
519 1061 68 18 timme
610 1061 91 19 nästföre
724 1060 178 24 föreställningens
921 1060 78 25 början,

248 1089 72 20 medan
352 1089 118 21 densamma
500 1090 68 25 pågår,
596 1091 38 19 och
665 1091 63 19 under
754 1096 24 13 en
805 1090 67 19 timme
903 1090 98 19 nästefter

248 1119 48 20 dess
314 1119 48 20 slut.

594 1192 26 20 18
637 1192 19 27 &.

323 1252 17 19 1.
372 1252 39 18 Vid
427 1252 143 24 utminutering
594 1252 33 19 må
651 1253 17 24 ej
692 1252 98 25 rusdryck
814 1252 87 26 afyttras
918 1251 22 19 åt
956 1252 44 22 den,

249 1287 45 13 som
310 1282 44 18 icke
370 1282 47 24 fyllt
433 1282 84 19 aderton
533 1282 27 19 år.

322 1312 18 18 2.
372 1311 22 25 Ej
419 1312 33 18 mä
474 1312 98 26 rusdryck
590 1312 34 19 vid
640 1312 145 24 utminutering
801 1312 46 19 eller
863 1312 139 24 utskänkning

248 1340 105 25 utborgas,
370 1347 73 19 genom
458 1342 134 25 byteshandel
604 1342 46 19 eller
666 1343 55 18 emot
736 1342 50 24 pant
801 1341 98 26 föryttras
911 1341 46 19 eller
968 1341 34 19 vid

248 1370 147 26 utminutering
418 1378 44 12 som
485 1372 62 24 gäfva
570 1372 76 19 aflätas
664 1372 32 19 för
712 1372 31 19 att
758 1371 14 19 &
787 1371 69 19 stället
871 1372 95 21 förtäras,
984 1372 17 23 ej

248 1400 63 20 heller
334 1400 34 20 mä
391 1401 218 25 utminuteringsbolag
632 1402 135 19 annorstädes
789 1402 26 18 än
834 1401 13 19 &
862 1401 141 24 försäljnings-

249 1430 70 20 stället
334 1431 23 19 ät
372 1431 76 25 köpare
464 1432 79 24 utgifva
561 1432 125 25 rusdrycker.
