1114 1775
249 153 347 23 Petitionsbetänkande
611 152 53 24 N:o
681 154 26 22 7.
822 154 28 21 45

101 442 151 26 Öfversättning.

138 475 89 18 Afskrift.

447 535 59 21 VII.

390 595 86 27 Utdrag
503 603 27 14 ur
554 595 170 28 Domkapitlets
740 596 7 21 i
764 595 92 28 Nyslott

319 625 47 21 stift
382 625 119 28 protokoll
517 625 45 21 den
579 626 13 20 5
608 625 64 28 April
690 626 62 21 1904.

447 701 15 29 8
479 702 35 21 40.

177 763 10 20 1
212 762 210 21 ämbetsskrifvelse
446 762 44 21 N:o
515 763 42 20 105
574 762 26 21 af
613 763 45 20 den
676 763 24 20 11
719 763 62 20 Mars
800 763 56 20 1904

105 793 106 20 anhäller
235 792 158 21 Prokuratorn
417 791 7 21 i
449 792 125 27 Kejserliga
598 792 98 21 Senaten
716 792 52 21 med
784 792 71 27 biläg-

105 822 76 27 gande
197 821 25 21 af
243 821 162 22 Guvernörens
421 821 7 21 i
445 821 98 28 Viborgs
560 823 38 20 län
615 822 33 21 till
665 823 87 20 honom
769 822 87 21 aflätna

105 851 212 22 ämbetsskrifvelse
333 852 26 20 af
372 852 45 20 den
434 851 28 21 29
480 851 111 22 Februari
609 852 63 26 1904,
685 852 64 21 hvari
762 852 94 21 klocka-

105 888 41 14 ren
163 882 7 20 i
186 881 113 21 Joutseno
316 882 86 20 socken
418 881 64 21 Juho
503 881 122 21 Sunninen
640 882 111 26 anklagas
767 881 36 21 för
819 882 38 20 det

105 912 55 25 han,
177 911 74 21 ehuru
268 911 35 21 för
319 911 123 21 enahanda
459 911 109 21 förseelse
583 911 96 27 tidigare
696 911 101 26 straffad,
812 910 44 22 den

107 942 27 20 19
159 940 128 22 December
311 941 65 26 1903,
400 940 66 21 Hans
487 940 125 28 Kejserliga
630 941 116 27 Majestäts
762 947 95 15 namns-

107 971 50 27 dag,
175 971 79 26 vägrat
269 970 8 21 i
293 970 159 28 gudstjänsten
469 970 91 28 deltaga
576 971 44 20 och
637 971 133 27 därigenom
782 971 76 20 ästad-

107 1000 102 22 kommit
224 1000 131 27 betydande
372 1000 188 28 meningsutbyte
572 1000 71 21 bland
654 1000 78 27 folket,
744 1002 32 20 att
788 1000 70 21 Dom-

107 1030 98 28 kapitlet
221 1030 70 21 mätte
307 1030 137 21 införskaffa
463 1030 45 21 och
524 1030 35 21 till
576 1030 58 21 Herr
651 1030 156 22 Prokuratorn
824 1030 34 20 in-

109 1060 73 21 sända
199 1060 173 21 vederbörande
388 1060 161 26 kyrkoherdes
560 1060 106 27 yttrande
682 1060 8 20 i
706 1060 100 26 ärendet,
818 1060 40 20 bö-

108 1090 72 20 rande
194 1089 89 27 jämväl
299 1090 157 27 guvernörens
468 1090 122 21 skrifvelse
602 1090 111 27 därjämte
724 1090 34 21 till
769 1090 89 20 honom

107 1116 135 35 äterställas.
807 1124 5 14 i

183 1151 17 19 1.
233 1149 150 21 Guvernören
400 1149 7 20 i
424 1149 98 27 Viborgs
545 1150 39 20 län
605 1149 118 21 meddelar
738 1150 7 20 i
762 1149 36 21 sin
815 1149 45 21 den

109 1179 68 26 16/29
204 1178 112 22 Februari
342 1179 56 21 1904
422 1179 110 22 daterade
557 1179 119 22 skrifvelse
700 1180 42 21 N:o
766 1180 41 20 241
826 1179 34 21 till

109 1209 167 26 Prokuratorn,

183 1241 45 18 »att
251 1239 126 20 klockaren
394 1239 7 20 i
417 1239 115 21 Joutseno
548 1239 86 21 socken
651 1239 25 20 af
690 1239 37 21 det
743 1239 47 26 mig
811 1245 49 14 om-

108 1268 114 21 betrodda
238 1269 63 20 länet
316 1269 62 20 Juho
395 1268 122 21 Sunninen
534 1269 133 28 upprepade
683 1269 83 27 gånger
782 1270 79 25 vägrat

109 1301 33 18 att
165 1299 90 26 deltaga
271 1298 8 21 i
295 1299 28 20 de
347 1298 161 27 gudstjenster,
526 1305 50 14 som
602 1300 37 25 ägt
654 1305 52 14 rum
722 1299 7 20 i
746 1299 115 20 socknens

110 1329 75 26 kyrka
201 1328 30 27 på
246 1328 126 27 Kejserliga
388 1328 172 27 högtidsdagar,
578 1328 7 21 i
601 1328 57 27 följd
673 1329 84 20 hvaraf
765 1328 49 21 han
825 1334 36 21 ge-

109 1365 56 14 nom
182 1358 126 27 biskopens
325 1358 7 21 i
348 1358 92 27 Nyslott
456 1358 84 27 åtgärd
556 1358 75 21 blifvit
642 1358 157 27 suspenderad
810 1358 51 21 från

110 1388 36 21 sin
171 1387 134 28 befattning,
322 1388 72 21 första
418 1387 89 27 gången
528 1388 29 27 på
574 1394 28 14 en
618 1388 85 21 månad
728 1389 44 20 och
788 1388 74 20 andra

110 1418 89 27 gången
216 1417 30 27 på
261 1420 34 18 tre
312 1417 133 26 månader»,
462 1418 122 21 äfvensom
602 1420 32 18 att
650 1418 47 21 han
713 1418 38 21 det
767 1417 96 21 oaktadt

109 1448 46 20 den
179 1447 53 26 6/19
259 1447 123 21 december
409 1447 64 26 1903,
502 1448 65 21 Hans
594 1447 124 28 Kejserliga
744 1447 118 28 Majestäts

110 1477 137 26 namnsdag,
272 1477 61 27 ånyo
357 1479 79 24 vägrat
460 1479 33 19 att
509 1477 8 21 i
533 1477 158 27 gudstjänsten
712 1477 89 27 deltaga
818 1477 44 21 och

182 1519 59 17 Särsk,
249 1519 53 17 'Besv.
315 1519 43 18 utsk.
371 1519 29 16 bet.
414 1517 33 19 N:o
459 1518 18 18 4.
