<?xml version="1.0" encoding="UTF-8"?>
<alto xmlns="http://www.loc.gov/standards/alto/ns-v3#" xmlns:xlink="http://www.w3.org/1999/xlink" xmlns:xsi="http://www.w3.org/2001/XMLSchema-instance" xsi:schemaLocation="http://www.loc.gov/standards/alto/ns-v3# http://www.loc.gov/alto/v3/alto-3-0.xsd">
	<Description>
		<MeasurementUnit>pixel</MeasurementUnit>
		<sourceImageInformation>
			<fileName>/tmp/tess_1n89ih3r_input.PNG</fileName>
		</sourceImageInformation>
		<OCRProcessing ID="OCR_0">
			<ocrProcessingStep>
				<processingSoftware>
					<softwareName>tesseract 5.3.4</softwareName>
				</processingSoftware>
			</ocrProcessingStep>
		</OCRProcessing>
	</Description>
	<Layout>
		<Page WIDTH="1114" HEIGHT="1778" PHYSICAL_IMG_NR="0" ID="page_0">
			<PrintSpace HPOS="0" VPOS="0" WIDTH="1114" HEIGHT="1778">
				<ComposedBlock ID="cblock_0" HPOS="302" VPOS="159" WIDTH="516" HEIGHT="24">
					<TextBlock ID="block_0" HPOS="302" VPOS="159" WIDTH="516" HEIGHT="24">
						<TextLine ID="line_0" HPOS="302" VPOS="159" WIDTH="516" HEIGHT="24">
							<String ID="string_0" HPOS="302" VPOS="159" WIDTH="247" HEIGHT="23" WC="0.91" CONTENT="Petitionsbetänkande"/><SP WIDTH="17" VPOS="159" HPOS="549"/>
							<String ID="string_1" HPOS="566" VPOS="159" WIDTH="37" HEIGHT="24" WC="0.96" CONTENT="N:o"/><SP WIDTH="16" VPOS="159" HPOS="603"/>
							<String ID="string_2" HPOS="619" VPOS="160" WIDTH="22" HEIGHT="22" WC="0.96" CONTENT="3."/><SP WIDTH="149" VPOS="160" HPOS="641"/>
							<String ID="string_3" HPOS="790" VPOS="163" WIDTH="28" HEIGHT="19" WC="0.96" CONTENT="49"/>
						</TextLine>
					</TextBlock>
				</ComposedBlock>
				<ComposedBlock ID="cblock_1" HPOS="95" VPOS="223" WIDTH="756" HEIGHT="1285">
					<TextBlock ID="block_1" HPOS="95" VPOS="223" WIDTH="756" HEIGHT="855">
						<TextLine ID="line_1" HPOS="96" VPOS="223" WIDTH="752" HEIGHT="30">
							<String ID="string_4" HPOS="96" VPOS="224" WIDTH="219" HEIGHT="23" WC="0.91" CONTENT="timmersskolorna"/><SP WIDTH="15" VPOS="224" HPOS="315"/>
							<String ID="string_5" HPOS="330" VPOS="223" WIDTH="81" HEIGHT="24" WC="0.96" CONTENT="kunde"/><SP WIDTH="23" VPOS="223" HPOS="411"/>
							<String ID="string_6" HPOS="434" VPOS="224" WIDTH="76" HEIGHT="29" WC="0.96" CONTENT="enligt"/><SP WIDTH="16" VPOS="224" HPOS="510"/>
							<String ID="string_7" HPOS="526" VPOS="224" WIDTH="71" HEIGHT="23" WC="0.96" CONTENT="dessa"/><SP WIDTH="15" VPOS="224" HPOS="597"/>
							<String ID="string_8" HPOS="612" VPOS="225" WIDTH="78" HEIGHT="28" WC="0.91" CONTENT="bägge"/><SP WIDTH="17" VPOS="225" HPOS="690"/>
							<String ID="string_9" HPOS="707" VPOS="225" WIDTH="141" HEIGHT="22" WC="0.91" CONTENT="ledamöters"/>
						</TextLine>
						<TextLine ID="line_2" HPOS="98" VPOS="259" WIDTH="751" HEIGHT="30">
							<String ID="string_10" HPOS="98" VPOS="259" WIDTH="63" HEIGHT="24" WC="0.96" CONTENT="åsikt"/><SP WIDTH="25" VPOS="259" HPOS="161"/>
							<String ID="string_11" HPOS="186" VPOS="261" WIDTH="58" HEIGHT="21" WC="0.96" CONTENT="utan"/><SP WIDTH="26" VPOS="261" HPOS="244"/>
							<String ID="string_12" HPOS="270" VPOS="260" WIDTH="79" HEIGHT="29" WC="0.93" CONTENT="någon"/><SP WIDTH="25" VPOS="260" HPOS="349"/>
							<String ID="string_13" HPOS="374" VPOS="260" WIDTH="123" HEIGHT="29" WC="0.92" CONTENT="rubbning"/><SP WIDTH="23" VPOS="260" HPOS="497"/>
							<String ID="string_14" HPOS="520" VPOS="260" WIDTH="25" HEIGHT="23" WC="0.96" CONTENT="af"/><SP WIDTH="22" VPOS="260" HPOS="545"/>
							<String ID="string_15" HPOS="567" VPOS="260" WIDTH="30" HEIGHT="23" WC="0.95" CONTENT="de"/><SP WIDTH="24" VPOS="260" HPOS="597"/>
							<String ID="string_16" HPOS="621" VPOS="260" WIDTH="40" HEIGHT="23" WC="0.96" CONTENT="vid"/><SP WIDTH="21" VPOS="260" HPOS="661"/>
							<String ID="string_17" HPOS="682" VPOS="260" WIDTH="71" HEIGHT="23" WC="0.96" CONTENT="dessa"/><SP WIDTH="19" VPOS="260" HPOS="753"/>
							<String ID="string_18" HPOS="772" VPOS="261" WIDTH="77" HEIGHT="22" WC="0.96" CONTENT="skolor"/>
						</TextLine>
						<TextLine ID="line_3" HPOS="96" VPOS="295" WIDTH="753" HEIGHT="30">
							<String ID="string_19" HPOS="96" VPOS="295" WIDTH="73" HEIGHT="30" WC="0.96" CONTENT="följda"/><SP WIDTH="23" VPOS="295" HPOS="169"/>
							<String ID="string_20" HPOS="192" VPOS="295" WIDTH="163" HEIGHT="30" WC="0.96" CONTENT="läroplanerna"/><SP WIDTH="24" VPOS="295" HPOS="355"/>
							<String ID="string_21" HPOS="379" VPOS="296" WIDTH="177" HEIGHT="23" WC="0.95" CONTENT="åstadkommas"/><SP WIDTH="17" VPOS="296" HPOS="556"/>
							<String ID="string_22" HPOS="573" VPOS="295" WIDTH="106" HEIGHT="28" WC="0.96" CONTENT="sålunda,"/><SP WIDTH="18" VPOS="295" HPOS="679"/>
							<String ID="string_23" HPOS="697" VPOS="297" WIDTH="34" HEIGHT="22" WC="0.96" CONTENT="att"/><SP WIDTH="15" VPOS="297" HPOS="731"/>
							<String ID="string_24" HPOS="746" VPOS="296" WIDTH="40" HEIGHT="23" WC="0.96" CONTENT="vid"/><SP WIDTH="18" VPOS="296" HPOS="786"/>
							<String ID="string_25" HPOS="804" VPOS="297" WIDTH="45" HEIGHT="22" WC="0.96" CONTENT="alla"/>
						</TextLine>
						<TextLine ID="line_4" HPOS="97" VPOS="331" WIDTH="752" HEIGHT="30">
							<String ID="string_26" HPOS="97" VPOS="331" WIDTH="248" HEIGHT="27" WC="0.91" CONTENT="fruntimmersskolor,"/><SP WIDTH="24" VPOS="331" HPOS="345"/>
							<String ID="string_27" HPOS="369" VPOS="332" WIDTH="31" HEIGHT="28" WC="0.96" CONTENT="på"/><SP WIDTH="22" VPOS="332" HPOS="400"/>
							<String ID="string_28" HPOS="422" VPOS="333" WIDTH="49" HEIGHT="21" WC="0.96" CONTENT="sätt"/><SP WIDTH="18" VPOS="333" HPOS="471"/>
							<String ID="string_29" HPOS="489" VPOS="331" WIDTH="39" HEIGHT="24" WC="0.96" CONTENT="vid"/><SP WIDTH="21" VPOS="331" HPOS="528"/>
							<String ID="string_30" HPOS="549" VPOS="332" WIDTH="111" HEIGHT="23" WC="0.96" CONTENT="skolorna"/><SP WIDTH="15" VPOS="332" HPOS="660"/>
							<String ID="string_31" HPOS="675" VPOS="333" WIDTH="9" HEIGHT="21" WC="0.96" CONTENT="i"/><SP WIDTH="15" VPOS="333" HPOS="684"/>
							<String ID="string_32" HPOS="699" VPOS="332" WIDTH="91" HEIGHT="29" WC="0.95" CONTENT="Viborg"/><SP WIDTH="16" VPOS="332" HPOS="790"/>
							<String ID="string_33" HPOS="806" VPOS="332" WIDTH="43" HEIGHT="23" WC="0.97" CONTENT="och"/>
						</TextLine>
						<TextLine ID="line_5" HPOS="96" VPOS="367" WIDTH="752" HEIGHT="29">
							<String ID="string_34" HPOS="96" VPOS="367" WIDTH="147" HEIGHT="29" WC="0.96" CONTENT="Helsingfors"/><SP WIDTH="11" VPOS="367" HPOS="243"/>
							<String ID="string_35" HPOS="254" VPOS="374" WIDTH="33" HEIGHT="16" WC="0.96" CONTENT="nu"/><SP WIDTH="11" VPOS="374" HPOS="287"/>
							<String ID="string_36" HPOS="298" VPOS="369" WIDTH="26" HEIGHT="20" WC="0.96" CONTENT="är"/><SP WIDTH="11" VPOS="369" HPOS="324"/>
							<String ID="string_37" HPOS="335" VPOS="367" WIDTH="71" HEIGHT="27" WC="0.96" CONTENT="fallet,"/><SP WIDTH="12" VPOS="367" HPOS="406"/>
							<String ID="string_38" HPOS="418" VPOS="367" WIDTH="47" HEIGHT="23" WC="0.93" CONTENT="den"/><SP WIDTH="11" VPOS="367" HPOS="465"/>
							<String ID="string_39" HPOS="476" VPOS="367" WIDTH="181" HEIGHT="29" WC="0.91" CONTENT="kompensativa"/><SP WIDTH="11" VPOS="367" HPOS="657"/>
							<String ID="string_40" HPOS="668" VPOS="368" WIDTH="89" HEIGHT="22" WC="0.96" CONTENT="kursen"/><SP WIDTH="11" VPOS="368" HPOS="757"/>
							<String ID="string_41" HPOS="768" VPOS="368" WIDTH="8" HEIGHT="22" WC="0.91" CONTENT="i"/><SP WIDTH="10" VPOS="368" HPOS="776"/>
							<String ID="string_42" HPOS="786" VPOS="368" WIDTH="62" HEIGHT="22" WC="0.91" CONTENT="fran-"/>
						</TextLine>
						<TextLine ID="line_6" HPOS="96" VPOS="403" WIDTH="753" HEIGHT="29">
							<String ID="string_43" HPOS="96" VPOS="403" WIDTH="44" HEIGHT="22" WC="0.96" CONTENT="ska"/><SP WIDTH="16" VPOS="403" HPOS="140"/>
							<String ID="string_44" HPOS="156" VPOS="403" WIDTH="56" HEIGHT="22" WC="0.96" CONTENT="eller"/><SP WIDTH="16" VPOS="403" HPOS="212"/>
							<String ID="string_45" HPOS="228" VPOS="403" WIDTH="69" HEIGHT="29" WC="0.96" CONTENT="tyska"/><SP WIDTH="17" VPOS="403" HPOS="297"/>
							<String ID="string_46" HPOS="314" VPOS="403" WIDTH="96" HEIGHT="29" WC="0.96" CONTENT="språket"/><SP WIDTH="14" VPOS="403" HPOS="410"/>
							<String ID="string_47" HPOS="424" VPOS="403" WIDTH="67" HEIGHT="29" WC="0.92" CONTENT="finge"/><SP WIDTH="16" VPOS="403" HPOS="491"/>
							<String ID="string_48" HPOS="507" VPOS="403" WIDTH="96" HEIGHT="29" WC="0.92" CONTENT="utbytas"/><SP WIDTH="15" VPOS="403" HPOS="603"/>
							<String ID="string_49" HPOS="618" VPOS="404" WIDTH="48" HEIGHT="22" WC="0.96" CONTENT="mot"/><SP WIDTH="10" VPOS="404" HPOS="666"/>
							<String ID="string_50" HPOS="676" VPOS="403" WIDTH="173" HEIGHT="29" WC="0.96" CONTENT="undervisning"/>
						</TextLine>
						<TextLine ID="line_7" HPOS="95" VPOS="438" WIDTH="755" HEIGHT="30">
							<String ID="string_51" HPOS="95" VPOS="439" WIDTH="8" HEIGHT="21" WC="0.96" CONTENT="i"/><SP WIDTH="16" VPOS="439" HPOS="103"/>
							<String ID="string_52" HPOS="119" VPOS="438" WIDTH="72" HEIGHT="30" WC="0.96" CONTENT="ryska"/><SP WIDTH="21" VPOS="438" HPOS="191"/>
							<String ID="string_53" HPOS="212" VPOS="439" WIDTH="96" HEIGHT="29" WC="0.96" CONTENT="språket"/><SP WIDTH="17" VPOS="439" HPOS="308"/>
							<String ID="string_54" HPOS="325" VPOS="438" WIDTH="77" HEIGHT="23" WC="0.96" CONTENT="under"/><SP WIDTH="16" VPOS="438" HPOS="402"/>
							<String ID="string_55" HPOS="418" VPOS="442" WIDTH="12" HEIGHT="19" WC="0.96" CONTENT="8"/><SP WIDTH="16" VPOS="442" HPOS="430"/>
							<String ID="string_56" HPOS="446" VPOS="440" WIDTH="97" HEIGHT="22" WC="0.95" CONTENT="timmar"/><SP WIDTH="15" VPOS="440" HPOS="543"/>
							<String ID="string_57" HPOS="558" VPOS="440" WIDTH="8" HEIGHT="22" WC="0.96" CONTENT="i"/><SP WIDTH="16" VPOS="440" HPOS="566"/>
							<String ID="string_58" HPOS="582" VPOS="439" WIDTH="99" HEIGHT="23" WC="0.95" CONTENT="veckan."/><SP WIDTH="31" VPOS="439" HPOS="681"/>
							<String ID="string_59" HPOS="712" VPOS="439" WIDTH="138" HEIGHT="23" WC="0.94" CONTENT="Införandet"/>
						</TextLine>
						<TextLine ID="line_8" HPOS="97" VPOS="474" WIDTH="752" HEIGHT="30">
							<String ID="string_60" HPOS="97" VPOS="474" WIDTH="24" HEIGHT="22" WC="0.96" CONTENT="af"/><SP WIDTH="16" VPOS="474" HPOS="121"/>
							<String ID="string_61" HPOS="137" VPOS="478" WIDTH="29" HEIGHT="19" WC="0.96" CONTENT="24"/><SP WIDTH="17" VPOS="478" HPOS="166"/>
							<String ID="string_62" HPOS="183" VPOS="475" WIDTH="107" HEIGHT="22" WC="0.95" CONTENT="timmars"/><SP WIDTH="16" VPOS="475" HPOS="290"/>
							<String ID="string_63" HPOS="306" VPOS="474" WIDTH="173" HEIGHT="30" WC="0.95" CONTENT="undervisning"/><SP WIDTH="16" VPOS="474" HPOS="479"/>
							<String ID="string_64" HPOS="495" VPOS="476" WIDTH="7" HEIGHT="22" WC="0.95" CONTENT="i"/><SP WIDTH="17" VPOS="476" HPOS="502"/>
							<String ID="string_65" HPOS="519" VPOS="475" WIDTH="71" HEIGHT="29" WC="0.96" CONTENT="ryska"/><SP WIDTH="16" VPOS="475" HPOS="590"/>
							<String ID="string_66" HPOS="606" VPOS="475" WIDTH="39" HEIGHT="22" WC="0.93" CONTENT="vid"/><SP WIDTH="18" VPOS="475" HPOS="645"/>
							<String ID="string_67" HPOS="663" VPOS="475" WIDTH="127" HEIGHT="23" WC="0.92" CONTENT="Sordavala"/><SP WIDTH="16" VPOS="475" HPOS="790"/>
							<String ID="string_68" HPOS="806" VPOS="475" WIDTH="43" HEIGHT="23" WC="0.95" CONTENT="och"/>
						</TextLine>
						<TextLine ID="line_9" HPOS="96" VPOS="510" WIDTH="754" HEIGHT="24">
							<String ID="string_69" HPOS="96" VPOS="510" WIDTH="65" HEIGHT="23" WC="0.96" CONTENT="Vasa"/><SP WIDTH="16" VPOS="510" HPOS="161"/>
							<String ID="string_70" HPOS="177" VPOS="510" WIDTH="81" HEIGHT="23" WC="0.93" CONTENT="finska"/><SP WIDTH="15" VPOS="510" HPOS="258"/>
							<String ID="string_71" HPOS="273" VPOS="510" WIDTH="244" HEIGHT="24" WC="0.91" CONTENT="fruntimmersskolor"/><SP WIDTH="16" VPOS="510" HPOS="517"/>
							<String ID="string_72" HPOS="533" VPOS="511" WIDTH="60" HEIGHT="23" WC="0.96" CONTENT="hade"/><SP WIDTH="17" VPOS="511" HPOS="593"/>
							<String ID="string_73" HPOS="610" VPOS="511" WIDTH="93" HEIGHT="23" WC="0.96" CONTENT="kunnat"/><SP WIDTH="11" VPOS="511" HPOS="703"/>
							<String ID="string_74" HPOS="714" VPOS="511" WIDTH="42" HEIGHT="23" WC="0.96" CONTENT="ske"/><SP WIDTH="10" VPOS="511" HPOS="756"/>
							<String ID="string_75" HPOS="766" VPOS="511" WIDTH="84" HEIGHT="23" WC="0.96" CONTENT="endast"/>
						</TextLine>
						<TextLine ID="line_10" HPOS="97" VPOS="546" WIDTH="752" HEIGHT="29">
							<String ID="string_76" HPOS="97" VPOS="546" WIDTH="30" HEIGHT="29" WC="0.96" CONTENT="på"/><SP WIDTH="16" VPOS="546" HPOS="127"/>
							<String ID="string_77" HPOS="143" VPOS="546" WIDTH="133" HEIGHT="23" WC="0.96" CONTENT="bekostnad"/><SP WIDTH="24" VPOS="546" HPOS="276"/>
							<String ID="string_78" HPOS="300" VPOS="546" WIDTH="24" HEIGHT="23" WC="0.96" CONTENT="af"/><SP WIDTH="23" VPOS="546" HPOS="324"/>
							<String ID="string_79" HPOS="347" VPOS="546" WIDTH="76" HEIGHT="29" WC="0.96" CONTENT="öfriga"/><SP WIDTH="23" VPOS="546" HPOS="423"/>
							<String ID="string_80" HPOS="446" VPOS="548" WIDTH="8" HEIGHT="21" WC="0.96" CONTENT="i"/><SP WIDTH="17" VPOS="548" HPOS="454"/>
							<String ID="string_81" HPOS="471" VPOS="547" WIDTH="110" HEIGHT="23" WC="0.96" CONTENT="skolorna"/><SP WIDTH="16" VPOS="547" HPOS="581"/>
							<String ID="string_82" HPOS="597" VPOS="547" WIDTH="194" HEIGHT="23" WC="0.93" CONTENT="förekommande"/><SP WIDTH="16" VPOS="547" HPOS="791"/>
							<String ID="string_83" HPOS="807" VPOS="554" WIDTH="42" HEIGHT="16" WC="0.93" CONTENT="un-"/>
						</TextLine>
						<TextLine ID="line_11" HPOS="97" VPOS="582" WIDTH="751" HEIGHT="30">
							<String ID="string_84" HPOS="97" VPOS="582" WIDTH="247" HEIGHT="29" WC="0.89" CONTENT="dervisningsämnen,"/><SP WIDTH="25" VPOS="582" HPOS="344"/>
							<String ID="string_85" HPOS="369" VPOS="583" WIDTH="7" HEIGHT="21" WC="0.96" CONTENT="i"/><SP WIDTH="24" VPOS="583" HPOS="376"/>
							<String ID="string_86" HPOS="400" VPOS="582" WIDTH="57" HEIGHT="30" WC="0.96" CONTENT="följd"/><SP WIDTH="25" VPOS="582" HPOS="457"/>
							<String ID="string_87" HPOS="482" VPOS="583" WIDTH="85" HEIGHT="23" WC="0.96" CONTENT="hvaraf"/><SP WIDTH="23" VPOS="583" HPOS="567"/>
							<String ID="string_88" HPOS="590" VPOS="584" WIDTH="34" HEIGHT="21" WC="0.96" CONTENT="ett"/><SP WIDTH="23" VPOS="584" HPOS="624"/>
							<String ID="string_89" HPOS="647" VPOS="583" WIDTH="86" HEIGHT="23" WC="0.93" CONTENT="sådant"/><SP WIDTH="15" VPOS="583" HPOS="733"/>
							<String ID="string_90" HPOS="748" VPOS="583" WIDTH="100" HEIGHT="23" WC="0.92" CONTENT="hufvud-"/>
						</TextLine>
						<TextLine ID="line_12" HPOS="97" VPOS="618" WIDTH="752" HEIGHT="30">
							<String ID="string_91" HPOS="97" VPOS="620" WIDTH="71" HEIGHT="21" WC="0.96" CONTENT="ämne"/><SP WIDTH="24" VPOS="620" HPOS="168"/>
							<String ID="string_92" HPOS="192" VPOS="625" WIDTH="50" HEIGHT="16" WC="0.96" CONTENT="som"/><SP WIDTH="24" VPOS="625" HPOS="242"/>
							<String ID="string_93" HPOS="266" VPOS="618" WIDTH="39" HEIGHT="22" WC="0.96" CONTENT="det"/><SP WIDTH="23" VPOS="618" HPOS="305"/>
							<String ID="string_94" HPOS="328" VPOS="618" WIDTH="75" HEIGHT="23" WC="0.96" CONTENT="andra"/><SP WIDTH="22" VPOS="618" HPOS="403"/>
							<String ID="string_95" HPOS="425" VPOS="619" WIDTH="126" HEIGHT="23" WC="0.96" CONTENT="inhemska"/><SP WIDTH="24" VPOS="619" HPOS="551"/>
							<String ID="string_96" HPOS="575" VPOS="618" WIDTH="96" HEIGHT="30" WC="0.96" CONTENT="språket"/><SP WIDTH="20" VPOS="618" HPOS="671"/>
							<String ID="string_97" HPOS="691" VPOS="619" WIDTH="78" HEIGHT="22" WC="0.95" CONTENT="blifvit"/><SP WIDTH="15" VPOS="619" HPOS="769"/>
							<String ID="string_98" HPOS="784" VPOS="620" WIDTH="65" HEIGHT="22" WC="0.96" CONTENT="inom"/>
						</TextLine>
						<TextLine ID="line_13" HPOS="97" VPOS="654" WIDTH="752" HEIGHT="30">
							<String ID="string_99" HPOS="97" VPOS="654" WIDTH="138" HEIGHT="30" WC="0.93" CONTENT="läroplanen"/><SP WIDTH="24" VPOS="654" HPOS="235"/>
							<String ID="string_100" HPOS="259" VPOS="654" WIDTH="81" HEIGHT="22" WC="0.91" CONTENT="ställdt"/><SP WIDTH="23" VPOS="654" HPOS="340"/>
							<String ID="string_101" HPOS="363" VPOS="655" WIDTH="77" HEIGHT="22" WC="0.96" CONTENT="såsom"/><SP WIDTH="26" VPOS="655" HPOS="440"/>
							<String ID="string_102" HPOS="466" VPOS="655" WIDTH="93" HEIGHT="22" WC="0.96" CONTENT="valbart"/><SP WIDTH="23" VPOS="655" HPOS="559"/>
							<String ID="string_103" HPOS="582" VPOS="657" WIDTH="70" HEIGHT="21" WC="0.96" CONTENT="ämne"/><SP WIDTH="17" VPOS="657" HPOS="652"/>
							<String ID="string_104" HPOS="669" VPOS="655" WIDTH="43" HEIGHT="22" WC="0.90" CONTENT="och"/><SP WIDTH="15" VPOS="655" HPOS="712"/>
							<String ID="string_105" HPOS="727" VPOS="655" WIDTH="122" HEIGHT="23" WC="0.90" CONTENT="undervis-"/>
						</TextLine>
						<TextLine ID="line_14" HPOS="100" VPOS="690" WIDTH="749" HEIGHT="29">
							<String ID="string_106" HPOS="100" VPOS="691" WIDTH="201" HEIGHT="28" WC="0.90" CONTENT="ningstimmarna"/><SP WIDTH="16" VPOS="691" HPOS="301"/>
							<String ID="string_107" HPOS="317" VPOS="690" WIDTH="66" HEIGHT="22" WC="0.96" CONTENT="öfver"/><SP WIDTH="15" VPOS="690" HPOS="383"/>
							<String ID="string_108" HPOS="398" VPOS="690" WIDTH="91" HEIGHT="23" WC="0.96" CONTENT="hufvud"/><SP WIDTH="17" VPOS="690" HPOS="489"/>
							<String ID="string_109" HPOS="506" VPOS="692" WIDTH="66" HEIGHT="27" WC="0.95" CONTENT="taget"/><SP WIDTH="16" VPOS="692" HPOS="572"/>
							<String ID="string_110" HPOS="588" VPOS="691" WIDTH="26" HEIGHT="22" WC="0.95" CONTENT="så"/><SP WIDTH="11" VPOS="691" HPOS="614"/>
							<String ID="string_111" HPOS="625" VPOS="691" WIDTH="121" HEIGHT="28" WC="0.96" CONTENT="splittrats,"/><SP WIDTH="13" VPOS="691" HPOS="746"/>
							<String ID="string_112" HPOS="759" VPOS="692" WIDTH="34" HEIGHT="21" WC="0.95" CONTENT="att"/><SP WIDTH="11" VPOS="692" HPOS="793"/>
							<String ID="string_113" HPOS="804" VPOS="691" WIDTH="45" HEIGHT="22" WC="0.95" CONTENT="den"/>
						</TextLine>
						<TextLine ID="line_15" HPOS="101" VPOS="725" WIDTH="748" HEIGHT="30">
							<String ID="string_114" HPOS="101" VPOS="725" WIDTH="121" HEIGHT="24" WC="0.96" CONTENT="allmänna"/><SP WIDTH="24" VPOS="725" HPOS="222"/>
							<String ID="string_115" HPOS="246" VPOS="725" WIDTH="188" HEIGHT="30" WC="0.96" CONTENT="medborgerliga"/><SP WIDTH="21" VPOS="725" HPOS="434"/>
							<String ID="string_116" HPOS="455" VPOS="726" WIDTH="114" HEIGHT="29" WC="0.96" CONTENT="bildning,"/><SP WIDTH="17" VPOS="726" HPOS="569"/>
							<String ID="string_117" HPOS="586" VPOS="733" WIDTH="50" HEIGHT="16" WC="0.96" CONTENT="som"/><SP WIDTH="17" VPOS="733" HPOS="636"/>
							<String ID="string_118" HPOS="653" VPOS="727" WIDTH="8" HEIGHT="22" WC="0.93" CONTENT="i"/><SP WIDTH="17" VPOS="727" HPOS="661"/>
							<String ID="string_119" HPOS="678" VPOS="727" WIDTH="171" HEIGHT="22" WC="0.92" CONTENT="fruntimmers-"/>
						</TextLine>
						<TextLine ID="line_16" HPOS="100" VPOS="761" WIDTH="750" HEIGHT="30">
							<String ID="string_120" HPOS="100" VPOS="761" WIDTH="109" HEIGHT="23" WC="0.96" CONTENT="skolorna"/><SP WIDTH="16" VPOS="761" HPOS="209"/>
							<String ID="string_121" HPOS="225" VPOS="761" WIDTH="41" HEIGHT="23" WC="0.96" CONTENT="bör"/><SP WIDTH="16" VPOS="761" HPOS="266"/>
							<String ID="string_122" HPOS="282" VPOS="761" WIDTH="120" HEIGHT="23" WC="0.96" CONTENT="meddelas"/><SP WIDTH="17" VPOS="761" HPOS="402"/>
							<String ID="string_123" HPOS="419" VPOS="762" WIDTH="43" HEIGHT="22" WC="0.93" CONTENT="och"/><SP WIDTH="17" VPOS="762" HPOS="462"/>
							<String ID="string_124" HPOS="479" VPOS="762" WIDTH="116" HEIGHT="23" WC="0.92" CONTENT="härintills"/><SP WIDTH="14" VPOS="762" HPOS="595"/>
							<String ID="string_125" HPOS="609" VPOS="763" WIDTH="90" HEIGHT="28" WC="0.96" CONTENT="jämväl"/><SP WIDTH="12" VPOS="763" HPOS="699"/>
							<String ID="string_126" HPOS="711" VPOS="762" WIDTH="139" HEIGHT="27" WC="0.96" CONTENT="meddelats,"/>
						</TextLine>
						<TextLine ID="line_17" HPOS="99" VPOS="797" WIDTH="752" HEIGHT="30">
							<String ID="string_127" HPOS="99" VPOS="798" WIDTH="36" HEIGHT="22" WC="0.95" CONTENT="uti"/><SP WIDTH="24" VPOS="798" HPOS="135"/>
							<String ID="string_128" HPOS="159" VPOS="797" WIDTH="98" HEIGHT="23" WC="0.96" CONTENT="berörda"/><SP WIDTH="24" VPOS="797" HPOS="257"/>
							<String ID="string_129" HPOS="281" VPOS="797" WIDTH="39" HEIGHT="23" WC="0.93" CONTENT="två"/><SP WIDTH="24" VPOS="797" HPOS="320"/>
							<String ID="string_130" HPOS="344" VPOS="797" WIDTH="243" HEIGHT="24" WC="0.90" CONTENT="fruntimmersskolor"/><SP WIDTH="24" VPOS="797" HPOS="587"/>
							<String ID="string_131" HPOS="611" VPOS="798" WIDTH="115" HEIGHT="29" WC="0.95" CONTENT="betydligt"/><SP WIDTH="18" VPOS="798" HPOS="726"/>
							<String ID="string_132" HPOS="744" VPOS="799" WIDTH="107" HEIGHT="22" WC="0.96" CONTENT="kommer"/>
						</TextLine>
						<TextLine ID="line_18" HPOS="99" VPOS="833" WIDTH="750" HEIGHT="24">
							<String ID="string_133" HPOS="99" VPOS="834" WIDTH="35" HEIGHT="21" WC="0.96" CONTENT="att"/><SP WIDTH="16" VPOS="834" HPOS="134"/>
							<String ID="string_134" HPOS="150" VPOS="833" WIDTH="94" HEIGHT="23" WC="0.94" CONTENT="sänkas."/><SP WIDTH="33" VPOS="833" HPOS="244"/>
							<String ID="string_135" HPOS="277" VPOS="833" WIDTH="43" HEIGHT="22" WC="0.96" CONTENT="För"/><SP WIDTH="24" VPOS="833" HPOS="320"/>
							<String ID="string_136" HPOS="344" VPOS="833" WIDTH="45" HEIGHT="22" WC="0.96" CONTENT="den"/><SP WIDTH="24" VPOS="833" HPOS="389"/>
							<String ID="string_137" HPOS="413" VPOS="833" WIDTH="113" HEIGHT="23" WC="0.96" CONTENT="händelse"/><SP WIDTH="20" VPOS="833" HPOS="526"/>
							<String ID="string_138" HPOS="546" VPOS="834" WIDTH="131" HEIGHT="22" WC="0.96" CONTENT="emellertid"/><SP WIDTH="16" VPOS="834" HPOS="677"/>
							<String ID="string_139" HPOS="693" VPOS="841" WIDTH="30" HEIGHT="15" WC="0.93" CONTENT="en"/><SP WIDTH="16" VPOS="841" HPOS="723"/>
							<String ID="string_140" HPOS="739" VPOS="834" WIDTH="110" HEIGHT="23" WC="0.92" CONTENT="väsentli-"/>
						</TextLine>
						<TextLine ID="line_19" HPOS="99" VPOS="869" WIDTH="751" HEIGHT="30">
							<String ID="string_141" HPOS="99" VPOS="876" WIDTH="56" HEIGHT="22" WC="0.96" CONTENT="gare"/><SP WIDTH="17" VPOS="876" HPOS="155"/>
							<String ID="string_142" HPOS="172" VPOS="869" WIDTH="90" HEIGHT="29" WC="0.96" CONTENT="ökning"/><SP WIDTH="24" VPOS="869" HPOS="262"/>
							<String ID="string_143" HPOS="286" VPOS="869" WIDTH="24" HEIGHT="22" WC="0.96" CONTENT="af"/><SP WIDTH="21" VPOS="869" HPOS="310"/>
							<String ID="string_144" HPOS="331" VPOS="869" WIDTH="89" HEIGHT="23" WC="0.96" CONTENT="antalet"/><SP WIDTH="15" VPOS="869" HPOS="420"/>
							<String ID="string_145" HPOS="435" VPOS="870" WIDTH="97" HEIGHT="22" WC="0.96" CONTENT="timmar"/><SP WIDTH="15" VPOS="870" HPOS="532"/>
							<String ID="string_146" HPOS="547" VPOS="871" WIDTH="8" HEIGHT="21" WC="0.96" CONTENT="i"/><SP WIDTH="15" VPOS="871" HPOS="555"/>
							<String ID="string_147" HPOS="570" VPOS="869" WIDTH="73" HEIGHT="30" WC="0.96" CONTENT="ryska"/><SP WIDTH="16" VPOS="869" HPOS="643"/>
							<String ID="string_148" HPOS="659" VPOS="870" WIDTH="96" HEIGHT="29" WC="0.93" CONTENT="språket"/><SP WIDTH="16" VPOS="870" HPOS="755"/>
							<String ID="string_149" HPOS="771" VPOS="870" WIDTH="79" HEIGHT="29" WC="0.93" CONTENT="påkal-"/>
						</TextLine>
						<TextLine ID="line_20" HPOS="98" VPOS="905" WIDTH="752" HEIGHT="30">
							<String ID="string_150" HPOS="98" VPOS="905" WIDTH="73" HEIGHT="27" WC="0.96" CONTENT="lades,"/><SP WIDTH="25" VPOS="905" HPOS="171"/>
							<String ID="string_151" HPOS="196" VPOS="905" WIDTH="70" HEIGHT="22" WC="0.96" CONTENT="borde"/><SP WIDTH="25" VPOS="905" HPOS="266"/>
							<String ID="string_152" HPOS="291" VPOS="905" WIDTH="71" HEIGHT="22" WC="0.96" CONTENT="äfven"/><SP WIDTH="24" VPOS="905" HPOS="362"/>
							<String ID="string_153" HPOS="386" VPOS="905" WIDTH="82" HEIGHT="30" WC="0.55" CONTENT="enligt;"/><SP WIDTH="16" VPOS="905" HPOS="468"/>
							<String ID="string_154" HPOS="484" VPOS="905" WIDTH="105" HEIGHT="23" WC="0.95" CONTENT="nämnda"/><SP WIDTH="16" VPOS="905" HPOS="589"/>
							<String ID="string_155" HPOS="605" VPOS="907" WIDTH="88" HEIGHT="21" WC="0.93" CONTENT="tvenne"/><SP WIDTH="15" VPOS="907" HPOS="693"/>
							<String ID="string_156" HPOS="708" VPOS="905" WIDTH="142" HEIGHT="24" WC="0.92" CONTENT="ledamöters"/>
						</TextLine>
						<TextLine ID="line_21" HPOS="100" VPOS="941" WIDTH="749" HEIGHT="30">
							<String ID="string_157" HPOS="100" VPOS="941" WIDTH="64" HEIGHT="22" WC="0.93" CONTENT="åsikt"/><SP WIDTH="16" VPOS="941" HPOS="164"/>
							<String ID="string_158" HPOS="180" VPOS="941" WIDTH="274" HEIGHT="22" WC="0.90" CONTENT="fruntimmersskolorna"/><SP WIDTH="14" VPOS="941" HPOS="454"/>
							<String ID="string_159" HPOS="468" VPOS="941" WIDTH="111" HEIGHT="29" WC="0.96" CONTENT="utvidgas"/><SP WIDTH="10" VPOS="941" HPOS="579"/>
							<String ID="string_160" HPOS="589" VPOS="941" WIDTH="55" HEIGHT="23" WC="0.96" CONTENT="med"/><SP WIDTH="11" VPOS="941" HPOS="644"/>
							<String ID="string_161" HPOS="655" VPOS="949" WIDTH="29" HEIGHT="15" WC="0.96" CONTENT="en"/><SP WIDTH="12" VPOS="949" HPOS="684"/>
							<String ID="string_162" HPOS="696" VPOS="943" WIDTH="70" HEIGHT="28" WC="0.96" CONTENT="sjätte"/><SP WIDTH="12" VPOS="943" HPOS="766"/>
							<String ID="string_163" HPOS="778" VPOS="942" WIDTH="71" HEIGHT="27" WC="0.96" CONTENT="klass,"/>
						</TextLine>
						<TextLine ID="line_22" HPOS="99" VPOS="977" WIDTH="751" HEIGHT="30">
							<String ID="string_164" HPOS="99" VPOS="977" WIDTH="30" HEIGHT="28" WC="0.96" CONTENT="på"/><SP WIDTH="16" VPOS="977" HPOS="129"/>
							<String ID="string_165" HPOS="145" VPOS="977" WIDTH="41" HEIGHT="22" WC="0.96" CONTENT="det"/><SP WIDTH="16" VPOS="977" HPOS="186"/>
							<String ID="string_166" HPOS="202" VPOS="977" WIDTH="114" HEIGHT="29" WC="0.96" CONTENT="därjämte"/><SP WIDTH="18" VPOS="977" HPOS="316"/>
							<String ID="string_167" HPOS="334" VPOS="983" WIDTH="29" HEIGHT="16" WC="0.96" CONTENT="en"/><SP WIDTH="16" VPOS="983" HPOS="363"/>
							<String ID="string_168" HPOS="379" VPOS="977" WIDTH="53" HEIGHT="22" WC="0.96" CONTENT="från"/><SP WIDTH="14" VPOS="977" HPOS="432"/>
							<String ID="string_169" HPOS="446" VPOS="977" WIDTH="57" HEIGHT="22" WC="0.96" CONTENT="flere"/><SP WIDTH="12" VPOS="977" HPOS="503"/>
							<String ID="string_170" HPOS="515" VPOS="977" WIDTH="48" HEIGHT="22" WC="0.96" CONTENT="håll"/><SP WIDTH="11" VPOS="977" HPOS="563"/>
							<String ID="string_171" HPOS="574" VPOS="977" WIDTH="71" HEIGHT="29" WC="0.96" CONTENT="nödig"/><SP WIDTH="12" VPOS="977" HPOS="645"/>
							<String ID="string_172" HPOS="657" VPOS="977" WIDTH="89" HEIGHT="23" WC="0.93" CONTENT="ansedd"/><SP WIDTH="11" VPOS="977" HPOS="746"/>
							<String ID="string_173" HPOS="757" VPOS="977" WIDTH="93" HEIGHT="30" WC="0.91" CONTENT="utvidg-"/>
						</TextLine>
						<TextLine ID="line_23" HPOS="99" VPOS="1009" WIDTH="750" HEIGHT="32">
							<String ID="string_174" HPOS="99" VPOS="1013" WIDTH="61" HEIGHT="28" WC="0.96" CONTENT="ning"/><SP WIDTH="16" VPOS="1013" HPOS="160"/>
							<String ID="string_175" HPOS="176" VPOS="1013" WIDTH="25" HEIGHT="22" WC="0.96" CONTENT="af"/><SP WIDTH="15" VPOS="1013" HPOS="201"/>
							<String ID="string_176" HPOS="216" VPOS="1012" WIDTH="68" HEIGHT="23" WC="0.92" CONTENT="deras"/><SP WIDTH="16" VPOS="1012" HPOS="284"/>
							<String ID="string_177" HPOS="300" VPOS="1013" WIDTH="133" HEIGHT="22" WC="0.92" CONTENT="lärokurser"/><SP WIDTH="16" VPOS="1013" HPOS="433"/>
							<String ID="string_178" HPOS="449" VPOS="1013" WIDTH="74" HEIGHT="22" WC="0.96" CONTENT="måtte"/><SP WIDTH="15" VPOS="1013" HPOS="523"/>
							<String ID="string_179" HPOS="538" VPOS="1013" WIDTH="82" HEIGHT="22" WC="0.96" CONTENT="kunna"/><SP WIDTH="11" VPOS="1013" HPOS="620"/>
							<String ID="string_180" HPOS="631" VPOS="1013" WIDTH="94" HEIGHT="22" WC="0.93" CONTENT="införas."/><SP WIDTH="12" VPOS="1013" HPOS="725"/>
							<String ID="string_181" HPOS="737" VPOS="1027" WIDTH="29" HEIGHT="2" WC="0.93" CONTENT="—"/><SP WIDTH="11" VPOS="1027" HPOS="766"/>
							<String ID="string_182" HPOS="777" VPOS="1009" WIDTH="72" HEIGHT="27" WC="0.92" CONTENT="Ären-"/>
						</TextLine>
						<TextLine ID="line_24" HPOS="101" VPOS="1048" WIDTH="619" HEIGHT="30">
							<String ID="string_183" HPOS="101" VPOS="1048" WIDTH="40" HEIGHT="22" WC="0.96" CONTENT="det"/><SP WIDTH="17" VPOS="1048" HPOS="141"/>
							<String ID="string_184" HPOS="158" VPOS="1051" WIDTH="25" HEIGHT="19" WC="0.96" CONTENT="är"/><SP WIDTH="17" VPOS="1051" HPOS="183"/>
							<String ID="string_185" HPOS="200" VPOS="1055" WIDTH="47" HEIGHT="15" WC="0.96" CONTENT="som"/><SP WIDTH="18" VPOS="1055" HPOS="247"/>
							<String ID="string_186" HPOS="265" VPOS="1049" WIDTH="54" HEIGHT="21" WC="0.96" CONTENT="bäst"/><SP WIDTH="15" VPOS="1049" HPOS="319"/>
							<String ID="string_187" HPOS="334" VPOS="1048" WIDTH="76" HEIGHT="22" WC="0.96" CONTENT="under"/><SP WIDTH="15" VPOS="1048" HPOS="410"/>
							<String ID="string_188" HPOS="425" VPOS="1049" WIDTH="146" HEIGHT="29" WC="0.96" CONTENT="behandling"/><SP WIDTH="16" VPOS="1049" HPOS="571"/>
							<String ID="string_189" HPOS="587" VPOS="1050" WIDTH="7" HEIGHT="21" WC="0.96" CONTENT="i"/><SP WIDTH="17" VPOS="1050" HPOS="594"/>
							<String ID="string_190" HPOS="611" VPOS="1049" WIDTH="109" HEIGHT="22" WC="0.96" CONTENT="Senaten."/>
						</TextLine>
					</TextBlock>
					<TextBlock ID="block_2" HPOS="98" VPOS="1079" WIDTH="753" HEIGHT="429">
						<TextLine ID="line_25" HPOS="171" VPOS="1079" WIDTH="679" HEIGHT="35">
							<String ID="string_191" HPOS="171" VPOS="1079" WIDTH="78" HEIGHT="27" WC="0.96" CONTENT="Äfven"/><SP WIDTH="16" VPOS="1079" HPOS="249"/>
							<String ID="string_192" HPOS="265" VPOS="1085" WIDTH="8" HEIGHT="21" WC="0.96" CONTENT="i"/><SP WIDTH="16" VPOS="1085" HPOS="273"/>
							<String ID="string_193" HPOS="289" VPOS="1084" WIDTH="28" HEIGHT="22" WC="0.96" CONTENT="de"/><SP WIDTH="16" VPOS="1084" HPOS="317"/>
							<String ID="string_194" HPOS="333" VPOS="1084" WIDTH="171" HEIGHT="23" WC="0.96" CONTENT="förberedande"/><SP WIDTH="17" VPOS="1084" HPOS="504"/>
							<String ID="string_195" HPOS="521" VPOS="1084" WIDTH="110" HEIGHT="23" WC="0.96" CONTENT="skolorna"/><SP WIDTH="10" VPOS="1084" HPOS="631"/>
							<String ID="string_196" HPOS="641" VPOS="1084" WIDTH="54" HEIGHT="23" WC="0.93" CONTENT="ville"/><SP WIDTH="16" VPOS="1084" HPOS="695"/>
							<String ID="string_197" HPOS="711" VPOS="1085" WIDTH="139" HEIGHT="29" WC="0.91" CONTENT="generalgu-"/>
						</TextLine>
						<TextLine ID="line_26" HPOS="98" VPOS="1120" WIDTH="752" HEIGHT="30">
							<String ID="string_198" HPOS="98" VPOS="1122" WIDTH="85" HEIGHT="20" WC="0.90" CONTENT="vernör"/><SP WIDTH="25" VPOS="1122" HPOS="183"/>
							<String ID="string_199" HPOS="208" VPOS="1120" WIDTH="122" HEIGHT="23" WC="0.90" CONTENT="Bobrikoff"/><SP WIDTH="20" VPOS="1120" HPOS="330"/>
							<String ID="string_200" HPOS="350" VPOS="1120" WIDTH="75" HEIGHT="23" WC="0.96" CONTENT="införa"/><SP WIDTH="21" VPOS="1120" HPOS="425"/>
							<String ID="string_201" HPOS="446" VPOS="1120" WIDTH="195" HEIGHT="30" WC="0.95" CONTENT="undervisning"/><SP WIDTH="-8" VPOS="1120" HPOS="641"/>
							<String ID="string_202" HPOS="633" VPOS="1116" WIDTH="15" HEIGHT="38" WC="0.96" CONTENT="i"/><SP WIDTH="12" VPOS="1116" HPOS="648"/>
							<String ID="string_203" HPOS="660" VPOS="1120" WIDTH="71" HEIGHT="29" WC="0.96" CONTENT="ryska"/><SP WIDTH="16" VPOS="1120" HPOS="731"/>
							<String ID="string_204" HPOS="747" VPOS="1120" WIDTH="103" HEIGHT="29" WC="0.96" CONTENT="språket."/>
						</TextLine>
						<TextLine ID="line_27" HPOS="101" VPOS="1155" WIDTH="749" HEIGHT="30">
							<String ID="string_205" HPOS="101" VPOS="1155" WIDTH="71" HEIGHT="23" WC="0.96" CONTENT="Detta"/><SP WIDTH="16" VPOS="1155" HPOS="172"/>
							<String ID="string_206" HPOS="188" VPOS="1156" WIDTH="105" HEIGHT="29" WC="0.96" CONTENT="framgår"/><SP WIDTH="16" VPOS="1156" HPOS="293"/>
							<String ID="string_207" HPOS="309" VPOS="1156" WIDTH="73" HEIGHT="27" WC="0.96" CONTENT="däraf,"/><SP WIDTH="19" VPOS="1156" HPOS="382"/>
							<String ID="string_208" HPOS="401" VPOS="1157" WIDTH="33" HEIGHT="22" WC="0.96" CONTENT="att"/><SP WIDTH="16" VPOS="1157" HPOS="434"/>
							<String ID="string_209" HPOS="450" VPOS="1157" WIDTH="87" HEIGHT="22" WC="0.96" CONTENT="tvenne"/><SP WIDTH="16" VPOS="1157" HPOS="537"/>
							<String ID="string_210" HPOS="553" VPOS="1157" WIDTH="76" HEIGHT="22" WC="0.96" CONTENT="under"/><SP WIDTH="16" VPOS="1157" HPOS="629"/>
							<String ID="string_211" HPOS="645" VPOS="1156" WIDTH="28" HEIGHT="23" WC="0.96" CONTENT="de"/><SP WIDTH="17" VPOS="1156" HPOS="673"/>
							<String ID="string_212" HPOS="690" VPOS="1157" WIDTH="93" HEIGHT="22" WC="0.96" CONTENT="senaste"/><SP WIDTH="13" VPOS="1157" HPOS="783"/>
							<String ID="string_213" HPOS="796" VPOS="1157" WIDTH="54" HEIGHT="22" WC="0.96" CONTENT="åren"/>
						</TextLine>
						<TextLine ID="line_28" HPOS="99" VPOS="1191" WIDTH="752" HEIGHT="30">
							<String ID="string_214" HPOS="99" VPOS="1191" WIDTH="136" HEIGHT="23" WC="0.96" CONTENT="inlämnade"/><SP WIDTH="18" VPOS="1191" HPOS="235"/>
							<String ID="string_215" HPOS="253" VPOS="1192" WIDTH="161" HEIGHT="29" WC="0.96" CONTENT="ansökningar"/><SP WIDTH="16" VPOS="1192" HPOS="414"/>
							<String ID="string_216" HPOS="430" VPOS="1199" WIDTH="37" HEIGHT="16" WC="0.96" CONTENT="om"/><SP WIDTH="21" VPOS="1199" HPOS="467"/>
							<String ID="string_217" HPOS="488" VPOS="1192" WIDTH="106" HEIGHT="23" WC="0.96" CONTENT="tillstånd"/><SP WIDTH="17" VPOS="1192" HPOS="594"/>
							<String ID="string_218" HPOS="611" VPOS="1193" WIDTH="34" HEIGHT="22" WC="0.96" CONTENT="att"/><SP WIDTH="19" VPOS="1193" HPOS="645"/>
							<String ID="string_219" HPOS="664" VPOS="1193" WIDTH="87" HEIGHT="22" WC="0.96" CONTENT="inrätta"/><SP WIDTH="20" VPOS="1193" HPOS="751"/>
							<String ID="string_220" HPOS="771" VPOS="1192" WIDTH="80" HEIGHT="29" WC="0.96" CONTENT="dylika"/>
						</TextLine>
						<TextLine ID="line_29" HPOS="99" VPOS="1227" WIDTH="751" HEIGHT="30">
							<String ID="string_221" HPOS="99" VPOS="1227" WIDTH="79" HEIGHT="23" WC="0.96" CONTENT="skolor"/><SP WIDTH="16" VPOS="1227" HPOS="178"/>
							<String ID="string_222" HPOS="194" VPOS="1229" WIDTH="15" HEIGHT="26" WC="0.96" CONTENT="(i"/><SP WIDTH="17" VPOS="1229" HPOS="209"/>
							<String ID="string_223" HPOS="226" VPOS="1227" WIDTH="76" HEIGHT="30" WC="0.96" CONTENT="Borgå"/><SP WIDTH="11" VPOS="1227" HPOS="302"/>
							<String ID="string_224" HPOS="313" VPOS="1228" WIDTH="43" HEIGHT="22" WC="0.95" CONTENT="och"/><SP WIDTH="11" VPOS="1228" HPOS="356"/>
							<String ID="string_225" HPOS="367" VPOS="1229" WIDTH="8" HEIGHT="21" WC="0.96" CONTENT="i"/><SP WIDTH="11" VPOS="1229" HPOS="375"/>
							<String ID="string_226" HPOS="386" VPOS="1228" WIDTH="62" HEIGHT="28" WC="0.93" CONTENT="Salo)"/><SP WIDTH="12" VPOS="1228" HPOS="448"/>
							<String ID="string_227" HPOS="460" VPOS="1228" WIDTH="100" HEIGHT="28" WC="0.92" CONTENT="biföllos,"/><SP WIDTH="17" VPOS="1228" HPOS="560"/>
							<String ID="string_228" HPOS="577" VPOS="1229" WIDTH="7" HEIGHT="22" WC="0.96" CONTENT="i"/><SP WIDTH="12" VPOS="1229" HPOS="584"/>
							<String ID="string_229" HPOS="596" VPOS="1228" WIDTH="105" HEIGHT="29" WC="0.95" CONTENT="enlighet"/><SP WIDTH="11" VPOS="1228" HPOS="701"/>
							<String ID="string_230" HPOS="712" VPOS="1228" WIDTH="54" HEIGHT="23" WC="0.93" CONTENT="med"/><SP WIDTH="12" VPOS="1228" HPOS="766"/>
							<String ID="string_231" HPOS="778" VPOS="1228" WIDTH="72" HEIGHT="23" WC="0.93" CONTENT="Gene-"/>
						</TextLine>
						<TextLine ID="line_30" HPOS="99" VPOS="1263" WIDTH="752" HEIGHT="30">
							<String ID="string_232" HPOS="99" VPOS="1263" WIDTH="198" HEIGHT="29" WC="0.90" CONTENT="ralguvernörens"/><SP WIDTH="11" VPOS="1263" HPOS="297"/>
							<String ID="string_233" HPOS="308" VPOS="1263" WIDTH="114" HEIGHT="30" WC="0.96" CONTENT="yrkande,"/><SP WIDTH="11" VPOS="1263" HPOS="422"/>
							<String ID="string_234" HPOS="433" VPOS="1265" WIDTH="30" HEIGHT="28" WC="0.96" CONTENT="på"/><SP WIDTH="12" VPOS="1265" HPOS="463"/>
							<String ID="string_235" HPOS="475" VPOS="1264" WIDTH="39" HEIGHT="23" WC="0.96" CONTENT="det"/><SP WIDTH="11" VPOS="1264" HPOS="514"/>
							<String ID="string_236" HPOS="525" VPOS="1264" WIDTH="90" HEIGHT="27" WC="0.96" CONTENT="villkor,"/><SP WIDTH="13" VPOS="1264" HPOS="615"/>
							<String ID="string_237" HPOS="628" VPOS="1265" WIDTH="34" HEIGHT="22" WC="0.96" CONTENT="att"/><SP WIDTH="11" VPOS="1265" HPOS="662"/>
							<String ID="string_238" HPOS="673" VPOS="1264" WIDTH="71" HEIGHT="29" WC="0.96" CONTENT="ryska"/><SP WIDTH="11" VPOS="1264" HPOS="744"/>
							<String ID="string_239" HPOS="755" VPOS="1264" WIDTH="96" HEIGHT="29" WC="0.96" CONTENT="språket"/>
						</TextLine>
						<TextLine ID="line_31" HPOS="101" VPOS="1299" WIDTH="750" HEIGHT="29">
							<String ID="string_240" HPOS="101" VPOS="1299" WIDTH="76" HEIGHT="22" WC="0.92" CONTENT="blefve"/><SP WIDTH="17" VPOS="1299" HPOS="177"/>
							<String ID="string_241" HPOS="194" VPOS="1299" WIDTH="162" HEIGHT="29" WC="0.93" CONTENT="obligatoriskt"/><SP WIDTH="16" VPOS="1299" HPOS="356"/>
							<String ID="string_242" HPOS="372" VPOS="1299" WIDTH="121" HEIGHT="23" WC="0.91" CONTENT="läroämne"/><SP WIDTH="11" VPOS="1299" HPOS="493"/>
							<String ID="string_243" HPOS="504" VPOS="1301" WIDTH="8" HEIGHT="21" WC="0.96" CONTENT="i"/><SP WIDTH="11" VPOS="1301" HPOS="512"/>
							<String ID="string_244" HPOS="523" VPOS="1300" WIDTH="70" HEIGHT="23" WC="0.96" CONTENT="dessa"/><SP WIDTH="10" VPOS="1300" HPOS="593"/>
							<String ID="string_245" HPOS="603" VPOS="1300" WIDTH="84" HEIGHT="23" WC="0.93" CONTENT="skolor."/><SP WIDTH="23" VPOS="1300" HPOS="687"/>
							<String ID="string_246" HPOS="710" VPOS="1299" WIDTH="141" HEIGHT="24" WC="0.92" CONTENT="Sökandena"/>
						</TextLine>
						<TextLine ID="line_32" HPOS="102" VPOS="1334" WIDTH="749" HEIGHT="30">
							<String ID="string_247" HPOS="102" VPOS="1334" WIDTH="139" HEIGHT="30" WC="0.96" CONTENT="begagnade"/><SP WIDTH="22" VPOS="1334" HPOS="241"/>
							<String ID="string_248" HPOS="263" VPOS="1336" WIDTH="37" HEIGHT="28" WC="0.96" CONTENT="sig"/><SP WIDTH="20" VPOS="1336" HPOS="300"/>
							<String ID="string_249" HPOS="320" VPOS="1335" WIDTH="39" HEIGHT="22" WC="0.96" CONTENT="vid"/><SP WIDTH="17" VPOS="1335" HPOS="359"/>
							<String ID="string_250" HPOS="376" VPOS="1335" WIDTH="86" HEIGHT="23" WC="0.96" CONTENT="sådant"/><SP WIDTH="15" VPOS="1335" HPOS="462"/>
							<String ID="string_251" HPOS="477" VPOS="1335" WIDTH="147" HEIGHT="23" WC="0.96" CONTENT="förhållande"/><SP WIDTH="16" VPOS="1335" HPOS="624"/>
							<String ID="string_252" HPOS="640" VPOS="1336" WIDTH="52" HEIGHT="22" WC="0.96" CONTENT="icke"/><SP WIDTH="18" VPOS="1336" HPOS="692"/>
							<String ID="string_253" HPOS="710" VPOS="1335" WIDTH="23" HEIGHT="23" WC="0.92" CONTENT="af"/><SP WIDTH="20" VPOS="1335" HPOS="733"/>
							<String ID="string_254" HPOS="753" VPOS="1336" WIDTH="98" HEIGHT="22" WC="0.92" CONTENT="tillstån-"/>
						</TextLine>
						<TextLine ID="line_33" HPOS="101" VPOS="1370" WIDTH="749" HEIGHT="30">
							<String ID="string_255" HPOS="101" VPOS="1370" WIDTH="53" HEIGHT="23" WC="0.95" CONTENT="den."/><SP WIDTH="32" VPOS="1370" HPOS="154"/>
							<String ID="string_256" HPOS="186" VPOS="1372" WIDTH="42" HEIGHT="21" WC="0.92" CONTENT="Att"/><SP WIDTH="17" VPOS="1372" HPOS="228"/>
							<String ID="string_257" HPOS="245" VPOS="1371" WIDTH="256" HEIGHT="29" WC="0.92" CONTENT="Generalguvernören,"/><SP WIDTH="17" VPOS="1371" HPOS="501"/>
							<String ID="string_258" HPOS="518" VPOS="1371" WIDTH="97" HEIGHT="23" WC="0.96" CONTENT="hvilken"/><SP WIDTH="17" VPOS="1371" HPOS="615"/>
							<String ID="string_259" HPOS="632" VPOS="1372" WIDTH="75" HEIGHT="28" WC="0.93" CONTENT="enligt"/><SP WIDTH="15" VPOS="1372" HPOS="707"/>
							<String ID="string_260" HPOS="722" VPOS="1371" WIDTH="128" HEIGHT="23" WC="0.91" CONTENT="förordnin-"/>
						</TextLine>
						<TextLine ID="line_34" HPOS="100" VPOS="1407" WIDTH="751" HEIGHT="29">
							<String ID="string_261" HPOS="100" VPOS="1413" WIDTH="47" HEIGHT="21" WC="0.96" CONTENT="gen"/><SP WIDTH="17" VPOS="1413" HPOS="147"/>
							<String ID="string_262" HPOS="164" VPOS="1407" WIDTH="24" HEIGHT="21" WC="0.95" CONTENT="af"/><SP WIDTH="16" VPOS="1407" HPOS="188"/>
							<String ID="string_263" HPOS="204" VPOS="1407" WIDTH="46" HEIGHT="22" WC="0.96" CONTENT="den"/><SP WIDTH="17" VPOS="1407" HPOS="250"/>
							<String ID="string_264" HPOS="267" VPOS="1411" WIDTH="10" HEIGHT="18" WC="0.96" CONTENT="7"/><SP WIDTH="19" VPOS="1411" HPOS="277"/>
							<String ID="string_265" HPOS="296" VPOS="1407" WIDTH="58" HEIGHT="29" WC="0.96" CONTENT="april"/><SP WIDTH="18" VPOS="1407" HPOS="354"/>
							<String ID="string_266" HPOS="372" VPOS="1411" WIDTH="56" HEIGHT="19" WC="0.96" CONTENT="1856"/><SP WIDTH="15" VPOS="1411" HPOS="428"/>
							<String ID="string_267" HPOS="443" VPOS="1408" WIDTH="22" HEIGHT="28" WC="0.90" CONTENT="(8"/><SP WIDTH="16" VPOS="1408" HPOS="465"/>
							<String ID="string_268" HPOS="481" VPOS="1409" WIDTH="21" HEIGHT="26" WC="0.96" CONTENT="3)"/><SP WIDTH="12" VPOS="1409" HPOS="502"/>
							<String ID="string_269" HPOS="514" VPOS="1407" WIDTH="43" HEIGHT="23" WC="0.96" CONTENT="och"/><SP WIDTH="12" VPOS="1407" HPOS="557"/>
							<String ID="string_270" HPOS="569" VPOS="1408" WIDTH="156" HEIGHT="28" WC="0.96" CONTENT="reglementet"/><SP WIDTH="10" VPOS="1408" HPOS="725"/>
							<String ID="string_271" HPOS="735" VPOS="1407" WIDTH="35" HEIGHT="23" WC="0.93" CONTENT="för"/><SP WIDTH="11" VPOS="1407" HPOS="770"/>
							<String ID="string_272" HPOS="781" VPOS="1407" WIDTH="70" HEIGHT="23" WC="0.93" CONTENT="Sena-"/>
						</TextLine>
						<TextLine ID="line_35" HPOS="99" VPOS="1442" WIDTH="752" HEIGHT="30">
							<String ID="string_273" HPOS="99" VPOS="1442" WIDTH="41" HEIGHT="22" WC="0.96" CONTENT="ten"/><SP WIDTH="24" VPOS="1442" HPOS="140"/>
							<String ID="string_274" HPOS="164" VPOS="1442" WIDTH="24" HEIGHT="22" WC="0.96" CONTENT="af"/><SP WIDTH="16" VPOS="1442" HPOS="188"/>
							<String ID="string_275" HPOS="204" VPOS="1442" WIDTH="45" HEIGHT="23" WC="0.96" CONTENT="den"/><SP WIDTH="19" VPOS="1442" HPOS="249"/>
							<String ID="string_276" HPOS="268" VPOS="1446" WIDTH="26" HEIGHT="19" WC="0.96" CONTENT="13"/><SP WIDTH="17" VPOS="1446" HPOS="294"/>
							<String ID="string_277" HPOS="311" VPOS="1443" WIDTH="135" HEIGHT="29" WC="0.96" CONTENT="september"/><SP WIDTH="18" VPOS="1443" HPOS="446"/>
							<String ID="string_278" HPOS="464" VPOS="1446" WIDTH="55" HEIGHT="20" WC="0.93" CONTENT="1892"/><SP WIDTH="18" VPOS="1446" HPOS="519"/>
							<String ID="string_279" HPOS="537" VPOS="1444" WIDTH="22" HEIGHT="28" WC="0.82" CONTENT="(&amp;"/><SP WIDTH="18" VPOS="1444" HPOS="559"/>
							<String ID="string_280" HPOS="577" VPOS="1446" WIDTH="34" HEIGHT="24" WC="0.96" CONTENT="98,"/><SP WIDTH="18" VPOS="1446" HPOS="611"/>
							<String ID="string_281" HPOS="629" VPOS="1450" WIDTH="21" HEIGHT="22" WC="0.96" CONTENT="p."/><SP WIDTH="18" VPOS="1450" HPOS="650"/>
							<String ID="string_282" HPOS="668" VPOS="1444" WIDTH="21" HEIGHT="27" WC="0.96" CONTENT="9)"/><SP WIDTH="18" VPOS="1444" HPOS="689"/>
							<String ID="string_283" HPOS="707" VPOS="1450" WIDTH="55" HEIGHT="21" WC="0.96" CONTENT="eger"/><SP WIDTH="13" VPOS="1450" HPOS="762"/>
							<String ID="string_284" HPOS="775" VPOS="1443" WIDTH="76" HEIGHT="29" WC="0.95" CONTENT="jämte"/>
						</TextLine>
						<TextLine ID="line_36" HPOS="98" VPOS="1477" WIDTH="753" HEIGHT="31">
							<String ID="string_285" HPOS="98" VPOS="1477" WIDTH="105" HEIGHT="23" WC="0.92" CONTENT="Senaten"/><SP WIDTH="24" VPOS="1477" HPOS="203"/>
							<String ID="string_286" HPOS="227" VPOS="1478" WIDTH="82" HEIGHT="30" WC="0.92" CONTENT="pröfva"/><SP WIDTH="22" VPOS="1478" HPOS="309"/>
							<String ID="string_287" HPOS="331" VPOS="1478" WIDTH="79" HEIGHT="29" WC="0.92" CONTENT="dylika"/><SP WIDTH="17" VPOS="1478" HPOS="410"/>
							<String ID="string_288" HPOS="427" VPOS="1479" WIDTH="170" HEIGHT="29" WC="0.96" CONTENT="ansökningar,"/><SP WIDTH="17" VPOS="1479" HPOS="597"/>
							<String ID="string_289" HPOS="614" VPOS="1479" WIDTH="49" HEIGHT="22" WC="0.96" CONTENT="lika"/><SP WIDTH="15" VPOS="1479" HPOS="663"/>
							<String ID="string_290" HPOS="678" VPOS="1479" WIDTH="52" HEIGHT="22" WC="0.96" CONTENT="litet"/><SP WIDTH="15" VPOS="1479" HPOS="730"/>
							<String ID="string_291" HPOS="745" VPOS="1485" WIDTH="51" HEIGHT="16" WC="0.93" CONTENT="som"/><SP WIDTH="17" VPOS="1485" HPOS="796"/>
							<String ID="string_292" HPOS="813" VPOS="1478" WIDTH="38" HEIGHT="23" WC="0.93" CONTENT="Se-"/>
						</TextLine>
					</TextBlock>
				</ComposedBlock>
				<ComposedBlock ID="cblock_2" HPOS="170" VPOS="1526" WIDTH="611" HEIGHT="19">
					<TextBlock ID="block_3" HPOS="170" VPOS="1526" WIDTH="611" HEIGHT="19">
						<TextLine ID="line_37" HPOS="170" VPOS="1526" WIDTH="611" HEIGHT="19">
							<String ID="string_293" HPOS="170" VPOS="1526" WIDTH="100" HEIGHT="18" WC="0.93" CONTENT="Allmänna"/><SP WIDTH="13" VPOS="1526" HPOS="270"/>
							<String ID="string_294" HPOS="283" VPOS="1526" WIDTH="184" HEIGHT="19" WC="0.88" CONTENT="Petitionsutskottets"/><SP WIDTH="12" VPOS="1526" HPOS="467"/>
							<String ID="string_295" HPOS="479" VPOS="1527" WIDTH="111" HEIGHT="18" WC="0.92" CONTENT="betänkande"/><SP WIDTH="12" VPOS="1527" HPOS="590"/>
							<String ID="string_296" HPOS="602" VPOS="1527" WIDTH="34" HEIGHT="17" WC="0.94" CONTENT="N:o"/><SP WIDTH="13" VPOS="1527" HPOS="636"/>
							<String ID="string_297" HPOS="649" VPOS="1528" WIDTH="16" HEIGHT="16" WC="0.96" CONTENT="1."/><SP WIDTH="105" VPOS="1528" HPOS="665"/>
							<String ID="string_298" HPOS="770" VPOS="1528" WIDTH="11" HEIGHT="16" WC="0.96" CONTENT="4"/>
						</TextLine>
					</TextBlock>
				</ComposedBlock>
			</PrintSpace>
		</Page>
	</Layout>
</alto>
