1111 1773
277 148 41 19 142
453 145 246 24 Petitionsbetänkande
715 145 37 23 N:o
768 145 24 22 4.

472 252 229 28 Orivesi--Järvelä;
732 248 12 36 =
753 253 132 26 Kangasala
912 248 86 36 Lahti;

390 283 139 38 Järvenpää
547 289 95 26 Koria;
659 288 283 27 Helsingfors
829 283 13 38 —
851 288 91 27 Viborg.

461 360 220 18 Petitionsmemorialen
694 360 28 22 22,
736 360 28 21 23,
777 360 28 21 38,
819 360 23 17 39
855 359 36 19 och
904 360 29 17 65.

318 425 117 29 Samtliga
458 425 70 23 dessa
555 425 142 30 banprojekt
724 426 126 22 motiveras
874 425 8 22 i
906 425 90 30 petitio-

245 467 77 16 nerna
345 460 104 28 därmed,
467 462 35 21 att
526 460 103 23 trafiken
645 461 31 30 pä
691 461 143 23 bandelarne
851 460 148 29 Helsingfors

245 496 65 23 —S:t
336 496 145 29 Petersburg
507 496 43 23 och
576 497 317 22 Tammerfors—Riihimäki
920 496 76 23 skulle

245 532 73 23 hafva
328 532 94 23 tillväxt
432 533 8 21 i
451 533 27 22 sä
489 532 107 30 betydlig
607 533 66 28 grad,
685 534 35 21 att
731 532 39 23 det
780 533 64 22 inom
856 533 52 22 kort
919 532 76 23 blefve

244 568 117 29 behöfligt
377 569 35 22 att
427 568 61 23 förse
505 568 69 23 dessa
592 568 73 23 banor
682 568 54 23 med
751 568 87 23 dubbla
855 569 61 28 spär,
927 567 68 23 hvar-

245 603 37 23 för
298 603 39 23 det
361 603 75 30 enligt
459 605 196 28 petitionärernas
673 605 97 28 mening
786 610 54 16 vore
857 603 138 30 lämpligare

246 640 35 21 att
296 639 81 30 bygga
400 646 47 23 nya
463 640 80 27 banor,
564 640 88 27 hvilka,
666 641 76 28 jämte
759 639 40 23 det
815 639 28 23 de
859 639 76 23 skulle
952 639 44 23 för-

246 675 79 23 medla
350 675 78 29 nägon
452 675 38 23 del
514 675 24 23 af
556 676 88 23 nämda
665 676 72 23 trafik
760 675 43 23 och
824 675 100 23 sälunda
939 677 58 27 göra

246 711 137 29 byggandet
399 711 26 23 af
440 712 39 22 det
495 712 89 22 dubbla
599 712 80 29 späret
690 711 135 29 obehöfligt,
836 712 76 22 tillika
921 711 76 23 skulle

246 747 106 23 medföra
369 746 133 24 fördelarna
519 747 24 23 af
554 747 260 29 järnvägsförbindelse
830 748 24 22 ät
868 747 29 23 de
907 747 91 23 trakter

245 782 29 23 de
290 782 165 30 genomskära.
487 783 141 29 Byggandet
652 783 24 23 af
699 783 89 23 dubbla
812 784 55 28 spär
889 783 109 23 kommer

245 818 61 23 dock
330 818 76 23 under
429 826 30 15 en
483 818 93 30 ganska
598 819 57 29 läng
678 819 34 23 tid
736 818 86 23 framät
837 819 53 23 icke
906 820 8 21 i
930 818 68 29 fräga

246 854 155 23 annorstädes
427 857 30 20 än
480 855 30 29 pä
532 854 143 24 bandelarne
691 854 306 29 Helsingfors—Riihimäki

245 890 44 22 och
312 890 155 29 Viborg—S:t
482 891 151 29 Petersburg,
658 891 42 22 och
725 891 76 22 skulle
822 890 135 30 byggandet
974 891 24 22 af

246 925 29 23 de
292 926 44 23 här
351 926 134 29 föreslagna
504 927 161 29 järnvägarna
688 927 53 23 icke
765 929 56 26 göra
837 927 88 22 nämda
940 927 57 22 ban-

245 961 78 24 delars
340 961 122 24 förseende
480 963 53 22 med
549 962 87 23 dubbla
652 963 55 29 spär
718 962 134 29 obehöfligt.
874 962 123 29 Därjämte

244 997 80 24 blefve
340 997 135 24 utförandet
491 998 24 23 af
530 997 68 24 dessa
615 1005 47 22 nya
678 998 188 29 banhyggnader
876 999 27 22 sä
916 997 81 30 betyd-

245 1033 45 30 ligt
306 1034 83 29 dyrare
407 1036 29 20 än
453 1034 29 23 de
502 1034 62 23 förut
583 1034 88 23 nämda
692 1034 158 23 bandelarnas
873 1034 124 23 förseende

246 1069 55 23 med
318 1069 88 23 dubbla
423 1071 61 28 spär,
501 1071 35 22 att
551 1069 161 24 kostnaderna
728 1070 51 22 icke
791 1076 41 16 ens
844 1069 153 24 närmelsevis

244 1105 84 23 kunna
349 1105 116 30 jämföras
487 1105 55 24 med
565 1105 139 28 hvarandra,
729 1105 94 23 hvadan
846 1106 52 23 icke
923 1105 74 23 häller

244 1141 141 23 förenämda
408 1141 53 23 skäl
481 1141 48 23 kan
554 1148 68 16 anses
647 1141 137 30 tillräckligt
803 1141 35 23 till
853 1141 93 23 förmån
962 1142 35 22 för

244 1176 139 24 utförandet
399 1177 24 22 af
439 1177 181 30 ifrågavarande
636 1178 80 22 banor.

319 1213 176 29 Banprojekten
519 1213 52 22 från
594 1213 254 23 Vasa—Tammerfors
867 1213 77 23 banan
962 1213 35 22 till

247 1248 117 23 bandelen
387 1249 227 22 Riihimäki—Lahti
634 1249 76 22 skulle
735 1248 139 29 visserligen
894 1250 8 21 i
918 1249 79 28 någon

246 1285 57 22 mån
319 1284 104 23 förkorta
439 1284 121 24 afståndet
574 1284 53 24 från
645 1285 63 23 Vasa
720 1285 78 22 banan
810 1284 33 23 till
855 1285 69 23 Lahti
935 1287 63 21 samt

246 1320 159 29 genomskära
421 1320 148 28 kommuner,
587 1320 80 23 hvilka
682 1321 84 23 kunna
780 1320 98 30 erbjuda
888 1321 36 23 för
931 1321 66 28 järn-

245 1356 135 28 vägstrafik
396 1356 115 30 lämpliga
534 1356 197 30 förutsättningar
746 1357 8 22 i
770 1356 68 29 fråga
854 1363 37 16 om
908 1356 87 29 odling,

245 1391 142 30 befolkning
411 1392 43 22 och
479 1392 179 23 industrialster.
691 1392 126 30 Själffallet
840 1394 26 20 är
886 1392 61 23 dock
963 1394 35 20 att

246 1427 54 23 icke
324 1427 61 23 bäda
409 1428 70 23 dessa
503 1428 73 23 banor
599 1428 83 22 kunna
698 1428 98 23 komma
811 1428 35 22 till
862 1427 135 28 utförande;

246 1463 79 23 därtill
341 1464 53 28 löpa
410 1463 28 23 de
455 1464 77 23 alltför
548 1466 58 20 nära
622 1464 140 23 hvarandra.
782 1463 127 23 Asikterna
926 1463 71 23 borde

318 1512 187 22 Järnvägsutskottets
517 1512 109 18 betänkande
638 1512 35 18 N:o
685 1513 17 17 2.
