1111 1773
320 146 244 23 Petitionsbetänkande
581 146 37 23 N:o
635 146 23 23 4.
805 149 27 19 27

470 247 38 19 16.

241 342 52 18 Till
312 342 178 18 Hedervärda
511 342 216 18 Bondeståndet.

182 438 60 18 Bland
252 438 185 24 järnvägssträckor
453 439 6 17 i
473 438 44 18 vårt
530 438 50 22 land,
593 438 77 18 hvilkas
683 442 59 14 snara
759 438 103 18 utförande

111 468 38 18 kan
163 468 105 18 betecknas
288 468 65 18 såsom
366 469 27 17 ett
407 468 101 23 oafvisligt
521 468 63 22 behof,
597 468 77 22 intager
686 469 48 17 utan
746 468 116 22 gensägelse

110 499 37 17 den
162 498 188 22 sydösterbottniska
362 498 65 18 banan
437 498 32 18 det
481 498 83 18 främsta
576 498 87 18 rummet.

182 528 31 18 Ett
226 528 73 23 sådant,
312 528 106 22 påstående
431 528 61 18 häfda
504 528 43 18 icke
560 528 49 18 blott
622 528 36 18 den
672 528 20 18 af
704 528 109 18 Ständerna
825 528 37 18 för-

111 558 110 18 anstaltade
232 558 121 18 ekonomiskt
362 558 155 18 instrumentella
525 558 169 22 undersökningen
702 558 20 17 af
730 558 133 18 bansträckan

111 588 69 22 ifråga,
200 588 99 18 äfvensom
318 588 37 18 den
374 588 31 17 vid
427 588 44 17 1897
494 588 32 18 års
545 588 93 22 landtdag
657 588 89 18 beslutna
759 588 104 23 järnvägs-

113 617 95 19 komiténs
228 618 27 17 till
276 618 78 18 senaste
372 618 131 18 ständermöte
523 618 74 22 afgifna
616 618 127 21 betänkande,
763 618 48 18 utan
826 618 37 18 ock

113 648 45 17 1900
172 648 31 17 års
217 647 141 18 ständermötes
370 647 64 19 beslut
446 648 7 17 i
467 648 104 22 anledning
584 648 20 17 af
616 648 22 17 de
648 652 24 13 en
681 648 55 17 stark
744 648 119 22 folkopinion

111 678 127 22 uttryckande
257 678 108 22 petitioner,
386 682 41 13 som
447 678 32 17 vid
501 678 61 22 sagda
574 678 94 22 landtdag
680 678 6 17 i
700 678 79 17 ärendet
792 678 70 18 aflätos

111 712 70 18 genom
200 708 125 17 medlemmar
342 707 20 18 af
375 708 38 17 alla
426 707 63 19 stånd.
515 708 34 18 Om
563 707 65 18 därför
640 712 24 13 en
684 708 20 17 af
716 708 57 17 dessa
786 708 76 23 petitio-

111 738 57 17 närer
187 737 60 18 redan
265 738 32 17 vid
317 738 78 17 senaste
412 738 94 22 landtdag
519 738 43 17 med
574 738 34 22 fog
620 737 64 18 kunde
697 738 6 17 i
717 738 34 17 sitt
763 738 100 18 memorial

111 767 72 18 betona
195 767 37 18 den
245 767 127 18 besvikenhet
385 767 171 23 Sydösterbottens
569 768 71 17 talrika
652 767 112 23 befolkning
776 768 51 18 erfor
836 768 27 17 öf-

112 802 33 14 ver
159 798 29 17 att
201 798 114 22 regeringen
328 798 42 17 icke
383 798 25 17 då
422 797 103 23 föreslagit
538 797 74 18 banans
621 797 108 23 byggande,
739 798 61 22 gäller
809 798 54 17 detta

110 828 6 17 i
130 827 67 23 skärpt
210 827 48 23 grad
272 827 36 18 den
321 827 122 18 närvarande
457 827 119 23 tidpunkten,
591 827 24 18 då
628 828 57 17 man
673 823 11 31 i
694 827 71 23 nådiga
777 828 86 22 proposi-

111 857 66 18 tionen
198 857 101 23 angående
318 857 66 18 vidare
395 857 210 23 järnvägsbyggnader
617 858 7 16 i
637 857 65 18 landet
714 858 43 17 med
771 857 93 18 säkerhet

109 888 92 17 emotsett
220 887 27 18 ett
266 886 108 19 beaktande
394 887 19 18 af
433 888 78 17 senaste
531 887 149 18 ständermötets
701 887 62 18 beslut
780 888 6 17 i
799 887 64 18 denna

110 918 61 22 enligt
184 917 38 18 alla
235 917 158 18 fackutlåtanden
407 917 37 18 den
457 917 178 23 betydelsefullaste
648 917 20 18 af
681 917 47 18 våra
741 917 63 18 olösta
809 917 54 24 järn-

113 947 120 23 vägsfrågor.

183 977 42 18 Med
238 977 76 23 hänsyn
327 977 65 18 härtill
406 977 87 18 anhåller
505 977 145 18 undertecknad
664 982 29 13 om
707 977 156 18 Bondeståndets

110 1007 86 22 kraftiga
216 1007 35 18 och
271 1007 91 23 upplysta
380 1007 119 18 medverkan
519 1008 28 17 till
566 1008 29 17 att
610 1013 27 12 nu
650 1007 115 18 församlade
779 1007 84 18 Ständer

111 1037 60 18 måtte
184 1037 125 18 oförändradt
322 1037 81 18 omfatta
417 1038 78 17 senaste
509 1037 149 18 ständermötets
672 1037 68 22 beslut,

326 1100 30 17 att
380 1105 23 13 en
423 1099 91 25 järnväg
536 1099 48 24 från
608 1099 103 23 Seinäjoki
729 1099 74 19 station
820 1098 43 20 med

253 1128 126 24 ändpunkter
402 1129 8 19 i
433 1128 140 20 Kristinestad
589 1129 34 19 och
639 1128 70 20 Kaskö
724 1129 52 19 skall
792 1129 72 24 byggas

255 1158 35 20 och
314 1158 63 20 under
400 1158 135 20 instundande
557 1158 136 25 finansperiod
714 1159 90 24 beläggas
820 1158 44 20 med

255 1188 73 24 arbete,
346 1188 101 24 äfvensom
463 1188 83 20 anhälla
562 1190 30 18 att
608 1188 23 20 de
646 1189 34 24 för
695 1188 62 25 sagda
763 1188 100 25 järnvägs

254 1218 125 20 omedelbara
405 1218 120 25 beläggande
551 1218 43 20 med
620 1218 66 20 arbete
712 1219 35 19 och
767 1218 96 25 fortsatta

253 1248 126 24 slutförande
395 1248 72 25 nödiga
484 1248 76 20 medlen
575 1248 61 20 måtte
652 1248 25 25 af
689 1248 125 25 Regeringen
828 1254 34 14 an-

255 1284 60 13 visas.

181 1329 121 23 Helsingfors
315 1330 37 18 den
366 1330 22 17 22
402 1330 106 18 December
522 1330 51 18 1904.

659 1378 71 23 Oskar
746 1378 44 22 Nix.

184 1509 186 23 Järnvägsutskottets
383 1509 111 18 betänkande
506 1510 35 18 N:o
553 1511 15 17 2.
