1114 1767
265 160 73 22 Ständ.
355 160 44 22 Pet,
415 172 29 4 —
459 160 145 23 Petitionsbet.
621 160 35 22 N:o
671 160 22 22 3.
833 160 27 21 53

99 231 90 22 elevers
207 230 116 30 skiljande
342 232 80 28 gjorts,
440 230 152 24 tillbakavisa
611 230 67 24 dessa
695 231 53 23 med
766 230 53 23 stöd
838 231 23 22 af

101 266 41 29 lag
159 265 44 23 och
220 265 174 29 författningar.

171 299 150 23 Beträffande
340 302 66 20 arten
424 299 24 22 af
466 299 28 23 de
512 300 116 28 vidtagna
645 300 141 29 åtgärderna
804 307 56 15 anse

101 335 38 28 sig
158 333 133 23 Ständerna
308 334 56 23 böra
382 333 124 23 framhålla
525 336 41 28 att,
585 341 37 15 om
634 334 46 22 ock
692 334 28 22 de
732 334 65 23 öfver
808 334 53 22 huf-

101 368 49 23 vud
167 368 126 23 inskränkt
309 368 37 29 sig
364 368 38 22 till
420 368 149 23 affordrande
587 368 24 23 af
628 368 156 30 förklaringar
797 368 23 23 af
832 368 29 22 de

102 404 98 28 angifna
218 403 91 22 lärarne
322 403 57 22 eller
390 402 38 22 till
440 402 210 30 undersökningar,
663 410 49 16 som
724 403 137 22 verkställts

102 438 24 21 af
145 437 278 22 läroverksföreståndare
440 437 44 22 och
502 438 264 29 folkskoleinspektorer
784 437 50 28 och,
852 438 9 21 i

102 472 42 22 det
168 479 80 15 senare
272 471 73 28 fallet,
365 471 129 22 eventuellt
517 472 38 21 till
582 471 47 23 åtal
656 472 62 22 inför
744 471 116 23 direktion

102 507 77 28 enligt
197 505 293 30 folkskoleförordningens
511 507 47 21 136
578 507 20 27 &,
617 506 29 22 de
664 506 61 23 dock
738 507 49 22 ofta
799 507 62 22 varit

103 541 36 22 för
163 540 94 23 skolans
281 541 73 28 lugna
375 540 150 23 verksamhet
542 540 110 23 störande
670 541 44 22 och
731 542 37 21 för
785 541 76 22 lärare

103 575 45 22 och
175 575 76 22 elever
272 575 136 29 pinsamma.
446 575 117 22 Särskildt
586 575 30 22 ha
638 575 29 22 de
685 578 65 20 extra
768 575 94 30 inspek-

103 610 76 21 tioner
206 609 8 22 i
241 609 108 29 politiskt
372 609 68 29 syfte,
464 617 49 15 som
536 609 247 30 Skolöfverstyrelsens
801 617 61 22 egna

103 644 128 22 ledamöter
254 644 130 28 verkställt,
412 644 4 21 i
442 644 86 29 mänga
552 644 42 23 fall
613 644 93 29 ädragit
724 645 36 29 sig
777 644 85 22 lärare-

104 679 84 22 kärens
213 678 42 22 och
279 678 169 23 allmänhetens
471 679 125 28 ogillande.
633 679 167 29 Egendomligt
818 678 44 23 och

105 713 132 29 oegentligt
255 721 68 20 synes
342 713 40 22 det
399 713 37 22 för
454 713 74 29 öfrigt
546 713 138 28 Ständerna,
698 715 36 20 att
745 713 117 30 protokoll

102 748 66 21 öfver
195 747 67 22 dessa
287 747 209 30 undersökningar,
524 748 9 21 i
559 750 59 20 trots
643 748 23 21 af
692 747 142 30 stadgandet
854 748 9 21 i

103 781 196 30 skolordningens
323 783 30 21 72
374 783 13 26 $
406 781 146 24 beträffande
570 782 154 28 visitationer,
742 783 50 22 ofta
810 782 52 22 icke

105 817 58 22 förts
172 816 55 22 eller
237 817 139 22 åtminstone
386 816 52 22 icke
448 816 167 23 öfverlämnats
625 817 37 22 till
670 814 192 32 Öfverstyrelsen.

175 851 79 22 Säsom
272 851 150 30 synnerligen
440 851 135 30 betänkligt
592 852 74 21 mäste
684 851 131 22 Ständerna
824 851 39 22 be-

104 885 92 28 teckna,
224 887 35 20 att
283 885 174 29 behandlingen
482 886 24 22 af
530 885 173 30 angifvelserna
723 886 9 21 i
750 886 28 22 de
795 885 67 22 flesta

104 920 42 22 fall
164 920 137 28 öfvertagits
319 920 24 22 af
361 917 211 26 Öfverdirektören.
597 920 83 30 Enligt
700 921 29 21 12
743 921 13 27 8
769 920 8 22 i
789 920 74 29 regle-

105 957 89 19 mentet
211 954 35 22 för
265 954 238 29 Skolöfverstyrelsen
523 955 23 22 af
565 954 45 23 den
631 955 31 22 18
681 955 97 22 oktober
798 955 65 21 1898

105 989 80 22 tillhör
203 988 40 22 det
261 985 185 33 Öfverstyrelsen
460 990 76 21 säsom
550 989 127 29 kollegium
690 991 35 20 att
737 989 127 23 öfvervaka

106 1023 117 22 lärarenes
241 1023 227 23 lärareverksamhet
480 1023 42 23 och
536 1023 146 30 behandling
694 1023 24 23 af
730 1023 134 30 ungdomen

105 1058 120 22 äfvensom
243 1057 67 23 deras
328 1057 146 30 uppförande
488 1058 43 22 och
544 1058 109 22 lefverne.
680 1058 60 22 Lika
752 1058 53 22 litet
814 1065 49 15 som

105 1092 8 21 i
132 1092 77 29 öfriga
226 1092 125 29 kollegiala
369 1092 155 29 ämbetsverk,
543 1092 42 23 har
604 1089 206 26 Öfverdirektören
828 1093 35 21 sä-

105 1133 51 15 som
180 1125 73 23 sädan
277 1134 29 15 en
330 1127 100 22 särskild
453 1127 146 30 myndighet,
617 1127 97 22 hvilken
732 1127 75 22 skulle
825 1127 39 22 be-

106 1161 89 29 rättiga
220 1161 85 22 honom
333 1164 36 20 att
398 1161 50 23 föra
478 1169 29 15 en
534 1161 274 30 ämbetskorrespondens
835 1161 30 29 pä

106 1195 68 22 sidan
195 1202 38 15 om
251 1192 185 33 Öfverstyrelsen
455 1196 8 21 i
481 1196 91 23 dennas
590 1195 197 30 angelägenheter
804 1198 62 19 samt

107 1232 36 20 att
167 1231 30 28 pä
221 1237 59 22 egen
301 1230 63 23 hand
382 1230 97 29 vidtaga
497 1229 110 31 ätgärder
624 1230 57 22 eller
699 1231 23 22 af
739 1229 127 24 underord-

107 1264 60 22 nade
185 1264 57 22 äska
259 1264 101 23 sädanas
378 1264 150 30 vidtagande.
552 1265 104 22 Hvilken
674 1265 51 22 fara
742 1265 36 22 för
790 1265 76 22 makt-

106 1298 125 28 missbruk,
249 1306 48 15 som
316 1299 77 29 ligger
411 1299 9 22 i
437 1301 35 20 ett
490 1299 78 29 dylikt
586 1299 140 29 förfarande,
739 1299 43 23 har
792 1299 74 22 redan

106 1332 102 23 faktiskt
225 1333 63 22 visat
306 1333 37 29 sig
360 1334 9 22 i
387 1333 55 22 flere
461 1333 49 23 tall.

171 1402 34 21 De
213 1402 110 29 politiska
330 1402 174 29 angifvelserna
510 1402 57 23 eller
573 1401 29 23 de
608 1402 170 26 förhällanden,
786 1402 82 22 hvilka

107 1436 136 22 framkallat
252 1436 59 29 dem,
323 1436 31 23 ha
363 1436 87 30 jämväl
459 1436 117 23 föranledt
588 1436 104 30 olagliga
704 1437 165 29 tvängsätgär-

107 1470 43 22 der
167 1473 50 19 mot
234 1470 74 23 lärare
327 1471 44 23 och
389 1471 132 23 lärarinnor
538 1471 54 23 frän
610 1471 160 30 Regeringens
788 1470 57 23 sida.
