1111 1775
248 155 34 17 114
475 151 216 20 Motionsbetänkande
705 152 36 17 N:o
755 150 14 18 1.

611 212 25 22 V.

323 262 122 23 Utskottets
466 262 89 28 slutliga
574 260 112 23 uttalande
706 259 116 29 angäende
838 257 161 24 betänkandets

250 298 139 22 insändande
415 298 30 21 till
473 297 97 22 Ständen
597 297 64 22 hafva
686 297 20 20 vi
730 296 48 21 icke
802 295 83 21 kunnat
908 294 91 26 biträda,

250 334 95 21 emedan
368 335 29 20 ett
417 334 78 22 sädant
517 333 111 22 uttalande
645 333 68 28 enligt
728 331 45 22 värt
789 331 146 22 förmenande
951 331 48 21 icke

250 370 133 21 ankommer
398 370 29 28 pä
443 369 117 23 Utskottet.

324 423 31 23 O.
371 423 28 22 A.
417 423 161 23 Forsström.
702 422 33 22 M.
753 421 128 29 Haapala.

319 459 23 28 J.
358 459 27 22 V.
402 459 162 23 Vartiainen.
702 458 28 22 Y.
748 457 132 23 Halonen.

327 495 29 22 N.
374 495 27 22 E.
419 495 163 29 Huoponen.
701 493 28 23 A.
745 491 184 25 Tuomikoski.

613 598 27 11 VI

326 640 32 22 Pä
378 641 41 21 sätt
444 640 111 22 Utskottet
578 640 6 21 i
604 640 65 22 slutet
685 639 21 22 af
722 638 149 23 betänkandet
886 637 116 23 framhällit

255 676 39 21 har
311 676 112 22 Utskottet
440 676 70 22 under
525 676 101 22 afvaktan
644 675 12 22 ä
672 675 77 29 nådigt
765 681 49 16 svar
830 674 28 29 pä
870 674 133 22 Ständernas

256 712 93 28 petition
366 712 22 22 af
404 712 43 22 den
465 712 26 22 31
510 712 120 22 december
655 711 56 22 1904
732 711 106 28 handlagt
854 710 149 22 ofvanomiör-

255 747 75 22 mälda
355 747 184 29 motionsförslag
562 748 43 22 och
630 748 106 28 uppgjort
758 746 140 23 förestäende
920 746 84 28 förslag

255 783 31 22 till
302 783 162 29 förordningar.
496 784 72 22 Dessa
589 783 57 23 hade
667 783 64 22 äiven
748 784 21 21 vi
785 783 34 22 för
834 782 38 23 vär
888 782 36 22 del
939 782 64 26 velat,

256 819 70 22 sedan
351 820 84 28 nödiga
459 820 179 28 förutsättningar
661 819 34 22 för
718 820 29 21 ett
768 819 94 22 normalt
878 818 126 28 landtdags-

256 855 76 22 arbete
348 855 115 29 förelegat,
485 856 135 22 öfverlemna
640 856 31 21 till
692 855 122 22 Ständerna
830 855 44 22 och
891 854 114 22 hemställa

257 897 37 16 om
313 891 78 22 dessas
414 891 174 29 godkännande,
612 891 65 22 likväl
702 891 51 22 med
777 891 28 22 de
829 891 118 28 ändringar
955 886 27 38 vi
999 890 6 21 i

258 927 50 22 vära
331 927 157 29 ofvanintagna
508 928 35 21 för
562 927 69 22 sädan
647 922 118 40 möjlighet
781 927 102 22 affattade
900 926 105 22 särskilda

258 964 160 21 reservationer
441 963 104 23 förordat.
585 963 34 22 Då
644 963 120 22 emellertid
789 963 83 22 sådana
895 963 110 21 förutsätt-

258 999 80 28 ningar
360 1002 59 19 ännu
444 1001 19 27 ej
488 1002 38 20 äro
550 1000 34 21 för
600 999 88 22 handen
706 1001 56 20 samt
778 999 28 22 då
823 999 28 22 bl.
868 1005 19 16 a.
905 999 101 21 diktatur-

257 1035 161 28 förordningen
435 1038 60 19 ännu
512 1037 19 27 ej
548 1038 22 19 är
586 1035 107 29 upphäfd,
710 1035 51 22 med
777 1035 93 28 tillhjelp
887 1035 21 21 af
918 1035 87 21 hvilken

258 1073 114 26 guvernör
387 1072 76 21 kunde
479 1071 65 23 tillåta
560 1072 36 27 sig
612 1071 125 29 obehöriga
757 1071 149 28 tillgöranden
930 1071 77 22 beträf-

258 1107 67 22 fande
342 1108 125 21 ordnandet
483 1108 22 22 af
520 1107 216 29 rusdryckshandeln
756 1114 27 15 m.
801 1114 29 15 m.
848 1108 5 21 i
870 1107 55 26 stad,
941 1107 21 22 få
979 1108 27 25 vi,

258 1149 51 16 som
332 1143 107 28 derjemte
460 1150 54 15 anse
531 1145 28 20 att
576 1143 112 23 Utskottet
704 1144 49 22 bort
769 1143 118 22 framställa
904 1144 28 21 ett
949 1144 58 28 posi-

258 1179 39 22 tivt
313 1179 85 29 förslag
414 1179 136 23 beträffande
566 1179 44 23 den
627 1179 84 29 åtgärd,
731 1179 82 23 hvartill
830 1179 112 23 Utskottet
957 1179 51 22 ville

260 1216 29 20 att
306 1215 102 22 ärendets
426 1216 137 28 behandling
579 1216 70 22 skulle
665 1216 121 26 föranleda,
798 1216 114 22 vördsamt
920 1215 88 23 föreslå:

475 1276 36 21 att
525 1275 135 23 Ständerna
671 1276 43 28 för
729 1275 150 23 närvarande
895 1275 49 22 icke
951 1275 59 22 ville

404 1312 105 28 upptaga
539 1311 187 29 ifrågavarande
756 1311 192 29 motionsförslag
972 1310 39 23 till

404 1347 81 28 saklig
500 1347 148 29 behandling.

332 1406 65 23 Axel
415 1406 92 29 Spåre.
777 1407 28 24 C.
821 1407 118 24 Armfelt.

334 1448 72 23 Alex.
422 1449 127 22 Aminoff.
775 1449 28 23 V.
820 1456 23 16 v.
859 1449 113 29 Wright.

340 1532 115 23 Helsingfors
469 1533 50 18 1905.
545 1533 96 22 Helsingin
655 1533 43 18 Uusi
713 1533 224 22 Kirjapaino-osakeyhtiö.
