1114 1775
227 160 29 21 46
367 159 85 23 Ständ.
468 160 53 22 Pet.
539 172 28 3 —
580 159 173 23 Petitionsbet.
770 160 43 22 N:o
829 159 20 22 7.

230 228 49 23 dem
303 228 90 27 deltaga,
417 230 51 20 utan
489 230 92 20 tvärtom
604 228 60 21 alltid
687 228 28 27 på
739 230 66 20 utsatt
821 228 35 26 tid,
872 228 25 21 så
911 228 39 21 ock
965 228 28 27 på

229 256 63 22 Hans
309 256 121 28 Kejserliga
445 257 111 27 Majestäts
571 256 56 27 höga
643 257 120 27 namnsdag
778 256 41 22 den
836 256 27 21 19
874 256 119 22 December

231 285 62 25 1903,
315 284 97 22 infunnit
435 286 33 26 sig
483 286 6 20 i
504 285 81 27 kyrkan
609 285 32 21 för
665 287 31 19 att
717 285 91 21 förrätta
823 285 33 21 sin
871 285 75 26 tjänst;
962 286 31 20 att

229 315 15 19 t.
259 313 14 21 1.
288 313 150 28 kyrkoherden
460 313 131 22 beträffande
614 313 36 22 det
665 313 6 22 i
687 313 118 22 käromälet
826 313 93 22 nämnda
933 313 59 27 bety-

230 342 70 21 dande
315 343 186 26 meningsutbytet
515 342 38 21 har
569 342 33 27 sig
616 343 55 20 intet
685 342 85 27 bekant,
786 342 81 21 hvilket
879 342 79 27 jämväl
969 344 24 19 är

229 371 110 26 naturligt,
355 371 89 21 emedan
460 371 71 26 nägon
548 371 64 21 orsak
627 371 72 21 därtill
715 371 17 26 ej
744 370 140 27 förefunnits;
896 373 55 18 samt
961 372 32 19 att

230 399 68 27 enligt
313 399 54 22 hans
383 399 142 28 öfvertygelse
549 400 40 21 den
606 399 51 21 eller
673 399 32 26 de,
722 406 45 15 som
784 399 91 22 kommit
889 399 103 27 ifrägava-

229 428 68 21 rande
319 427 96 22 käromäl
438 429 66 25 ästad,
527 428 136 27 synbarligen
680 428 105 21 äsidosatt
799 427 28 22 all
843 427 150 27 anständighet

229 456 40 21 och
293 457 93 26 sanning
408 459 56 25 samt
486 457 48 21 med
557 457 47 21 sina
627 457 117 26 grundlösa
759 456 110 27 uppgifter
883 456 64 21 afsett
961 458 32 19 att

228 485 104 21 vilseleda
353 485 64 27 Höga
441 481 142 26 Öfverhetens
605 485 236 27 befallningshatvande
862 485 6 21 i
880 484 59 28 syfte
961 487 32 19 att

231 513 120 27 dymedelst
367 514 66 21 skada
448 520 26 15 en
490 514 146 27 medborgare,
652 513 85 22 hvilken
753 514 7 20 i
775 513 112 22 ärtionden
900 513 48 22 med
959 519 33 15 er-

228 541 59 22 känd
302 542 145 27 oförvitlighet
462 543 75 20 verkat
552 543 71 20 såsom
645 542 54 21 både
715 542 147 22 ecklesiastisk
877 542 40 21 och
932 542 60 21 kom-

227 571 75 21 muna]
317 571 128 27 tjänsteman
461 571 13 21 å
489 573 66 19 orten.

298 599 12 21 I
326 600 156 27 sammanhang
503 600 88 22 härmed
613 600 32 22 får
668 599 148 27 Domkapitlet
837 599 35 21 för
888 605 53 21 egen
958 599 34 21 dei

227 627 76 22 anföra
318 628 18 27 ej
353 629 89 25 mindre,
453 630 31 20 att
494 631 14 19 t.
523 628 14 22 f.
551 629 150 27 kyrkoherden
718 629 91 21 Kunnas
824 628 67 21 redan
901 628 7 21 i
919 634 26 15 en
956 628 36 20 be-

227 656 94 27 rättelse,
337 657 85 21 hvilken
438 658 132 26 uppgjordes
585 657 33 21 för
631 657 227 27 biskopsvisitationen
869 656 7 21 i
901 659 91 19 Joutseno

226 685 68 26 4—7/5
311 686 60 26 1902,
390 692 34 15 om
440 686 114 21 klockaren
571 686 94 22 Suninen
682 686 59 27 afgaf
754 687 31 19 ett
800 685 88 26 vitsord,
904 687 31 19 att
949 685 42 21 han

231 714 19 20 »i
266 714 47 21 sina
328 714 206 27 tjänsteäligganden
551 717 22 19 är
589 714 99 28 punktlig
703 714 40 22 och
759 713 140 27 omsorgsfull
914 715 55 20 samt
984 714 7 20 i

227 742 39 21 sitt
288 742 95 22 lefverne
405 743 90 27 stadgad
513 744 41 20 och
570 743 129 27 oförvitlig»,
715 745 27 19 än
758 742 41 22 ock
814 744 31 19 att
859 742 36 21 vid
911 748 81 15 samma

227 770 201 28 biskopsvisitation
452 772 69 21 säsom
547 778 48 15 svar
618 772 27 27 pä
667 772 109 21 visitators
799 770 66 28 fräga,
887 770 106 22 huruvida

227 798 156 29 församlingen
407 800 51 21 eller
481 800 161 28 prästerskapet
660 800 71 22 funnit
746 800 46 21 skäl
809 800 31 20 till
855 799 136 22 anmärknin-

230 834 38 20 gar
292 831 46 19 mot
359 828 165 27 församlingens
547 829 167 27 kyrkobetjänte,
737 828 57 22 hvad
817 828 62 22 deras
897 827 94 22 lefverne

229 856 52 22 eller
298 857 216 27 tjänsteverksamhet
528 858 106 25 beträffar,
650 858 106 21 uttalades
772 858 32 20 att
818 857 8 20 i
841 857 104 21 intetdera
962 856 30 21 af-

230 886 90 21 seendet
343 886 45 21 skäl
408 886 31 21 till
454 886 106 27 klagomål
575 886 132 26 förefunnos,
724 886 112 21 äfvensom
851 887 32 19 att
897 885 94 21 hvarken

230 913 40 22 hos
292 914 161 22 undertecknad
480 915 76 26 biskop
579 915 51 21 eller
653 915 40 20 hos
716 914 149 27 Domkapitlet
886 913 106 27 någonsin

229 942 70 27 gjorts
315 943 72 26 nägon
404 949 46 15 som
466 943 56 21 hälst
542 943 142 27 anmärkning
698 945 47 19 mot
759 942 114 21 klockaren
891 942 102 25 Suninen,

228 971 88 21 hvarför
333 971 18 27 ej
369 971 66 22 häller
451 972 36 21 det
502 972 94 27 ringaste
612 972 45 21 skäl
672 971 129 22 förefunnits
815 973 31 19 att
855 973 46 19 mot
912 971 80 20 honom

227 1000 88 27 vidtaga
331 1000 135 27 disciplinära
481 1001 103 26 ätgärder.

298 1029 32 21 Ur
347 1029 36 21 det
397 1029 129 27 föregäende
541 1029 98 27 framgär,
655 1029 56 21 huru
721 1028 56 22 falsk
788 1028 40 21 och
838 1029 8 20 i
856 1028 41 21 allo
911 1027 80 28 grund-

226 1057 33 21 lös
276 1057 49 24 dent
341 1057 32 21 uti
395 1057 151 22 Guvernörens
561 1058 7 21 i
583 1058 94 27 Viborgs
697 1058 35 21 län
755 1057 159 21 ofvannämnda
929 1056 62 21 skrif-

226 1086 60 21 velse
302 1086 136 27 synbarligen
455 1087 71 20 såsom
542 1088 31 19 ett
587 1086 130 27 tillförlitligt
731 1085 84 22 faktum
830 1085 93 21 nämnda
937 1091 54 21 upp-

227 1114 68 27 giften
318 1117 29 24 är,
371 1117 31 19 att
424 1115 114 21 klockaren
561 1115 94 21 Suninen
679 1115 125 26 upprepade
828 1115 79 26 gänger
923 1113 68 21 skulle

227 1145 76 25 vägrat
325 1143 85 27 deltaga
425 1144 7 20 i
447 1144 26 21 de
496 1143 151 28 gudstjänster,
670 1150 47 15 som
733 1145 36 25 ägt
784 1149 48 15 rum
848 1143 7 20 i
870 1142 120 21 församlin-

227 1178 54 20 gens
305 1172 68 27 kyrka
394 1173 29 26 pä
444 1172 121 27 Kejserliga
585 1172 159 27 högtidsdagar,
760 1172 7 21 i
782 1171 53 27 följd
857 1170 76 22 hvaraf
948 1171 42 21 han

226 1206 78 20 genom
322 1201 116 27 biskopens
453 1201 7 21 i
475 1201 88 27 Nyslott
583 1202 76 26 åtgärd
675 1201 68 21 skulle
758 1200 71 22 blifvit
844 1200 147 27 suspenderad

225 1229 48 21 från
297 1230 33 20 sin
353 1229 126 27 befattning,
501 1229 68 21 första
592 1230 83 26 gången
691 1230 28 26 på
733 1236 27 14 en
776 1229 78 21 månad
869 1228 40 22 och
924 1228 67 21 andra

226 1258 86 26 gången
333 1258 28 26 på
384 1260 33 19 tre
440 1258 107 26 månader,
570 1260 55 19 samt
647 1260 32 19 att
693 1258 42 21 han
751 1258 37 21 det
803 1258 88 20 oaktadt
905 1257 41 21 den
963 1256 27 21 19

226 1286 121 22 December
364 1287 61 25 1903,
448 1287 61 21 Hans
531 1287 120 27 Kejserliga
665 1287 113 27 Majestäts
794 1286 126 26 namnsdag,
935 1286 54 26 ånyo

228 1315 71 21 skulle
314 1317 75 25 vägrat
404 1317 31 19 att
449 1316 7 20 i
473 1315 148 27 gudstjänsten
638 1316 85 26 deltaga
733 1315 39 21 och
784 1315 124 26 därigenom
920 1314 69 21 åstad-

225 1343 93 21 kommit
333 1344 119 26 betydande
468 1344 173 27 meningsutbyte
656 1344 65 21 bland
736 1344 73 20 folket.

297 1372 50 22 Med
369 1372 132 27 beklagande
521 1372 22 22 af
557 1374 31 20 att
603 1372 140 22 omförmälda
759 1372 128 26 anklagelse,
903 1370 86 22 hvilken

225 1400 127 22 framställts
368 1404 46 18 mot
428 1401 115 21 klockaren
559 1401 94 21 Suninen
669 1402 7 20 i
691 1401 54 21 hans
761 1400 110 28 egenskap
883 1400 23 21 af
922 1399 67 21 eckle-

225 1429 77 21 siastik
317 1430 135 26 tjänsteman,
475 1430 46 21 icke
540 1429 72 22 väckts
627 1430 40 20 hos
683 1429 154 27 Domkapitlet,
853 1429 68 21 under
936 1428 53 20 hvil-

225 1457 37 21 ket
290 1458 93 21 förutom
413 1459 67 20 andra
501 1458 128 27 tjänstemän
650 1458 81 26 jämväl
753 1458 118 21 klockarne
893 1458 7 20 i
921 1456 67 22 eckle-
