1111 1773
233 136 30 22 20
378 135 347 24 Petitionsbetänkande
740 135 52 23 N:o
809 135 26 22 5.

233 258 150 26 Öfversättning.

522 365 139 21 Transsumt
677 372 27 14 ur
715 365 146 26 protokollet,
873 364 61 21 fördt
945 364 38 21 vid

450 395 217 21 Rådstufvurättens
688 395 7 20 i
716 395 98 26 Viborgs
838 395 51 20 stad
913 394 70 21 första

450 424 123 28 afdelning,
591 425 44 20 den
654 425 26 20 18
697 425 62 21 Mars
777 425 62 20 1903.

589 497 13 26 8
619 497 19 20 8.

307 538 45 21 Till
369 539 89 20 fortsatt
475 538 141 27 behandling
632 539 99 26 företogs
746 539 38 20 det
795 538 38 20 vid
846 537 137 22 Rådstufvu-

234 569 87 20 rättens
338 568 173 21 sammanträde
528 568 44 21 den
588 569 14 20 4
618 568 157 21 innevarande
787 568 61 20 Mars
860 567 74 21 under
946 569 12 24 8
971 568 13 20 3

234 597 26 21 af
274 598 139 27 protokollet
437 598 138 26 handlagda,
600 604 53 15 men
674 597 26 21 af
716 598 119 21 förefallen
860 597 124 27 anledning

234 627 35 21 till
285 627 76 21 denne
377 627 44 28 dag
437 627 142 28 uppskjutna
597 628 53 25 mål,
666 627 50 21 däri
732 627 163 22 stadsfiskalen
911 639 29 3 —

234 687 36 21 för
287 687 60 21 stöld
363 687 71 21 åtalat
458 687 233 21 Gårdfarihandlaren
717 687 54 22 Ivan
789 687 117 27 Jerofejeff
919 687 64 26 Silin,

234 724 39 14 om
291 717 69 21 hvars
377 718 117 20 häktande
511 717 155 21 förordnande
683 717 134 25 meddelats,
835 729 28 3 —
875 729 28 3 —
916 729 28 3 —
956 729 27 3 —

307 777 104 21 Därefter
427 777 128 21 öfverlades
572 777 7 21 i
597 778 81 20 Rätten
695 777 34 21 till
745 776 102 28 följande

564 844 89 26 Utslag:

306 891 203 21 Rådstufvurätten
527 891 42 21 har
585 891 55 27 tagit
656 891 70 20 målet
736 891 7 20 i
755 891 169 27 öfvervägande
940 891 44 20 och

235 921 76 20 finner
334 921 76 20 utredt
434 927 62 19 vara,
512 923 33 18 att
561 921 128 21 svaranden
706 921 39 20 vid
762 920 92 27 angifna
871 921 89 20 tillfälle
977 921 7 20 i

235 950 68 27 afsigt
319 953 33 18 att
372 951 66 26 stjäla
459 951 104 26 tillägnat
587 951 34 27 sig
644 951 165 26 målsäganden
835 951 149 27 Rosenqvists

235 980 175 27 ifrågavarande
427 982 85 25 mössa,
529 987 49 14 som
596 981 130 20 sedermera
741 981 26 20 af
781 980 128 21 svaranden
927 981 57 20 åter-

234 1010 55 21 fåtts
306 1010 44 21 och
367 1011 7 20 i
391 1011 80 20 Rätten
496 1011 117 20 värderats
636 1011 33 20 till
693 1010 111 27 tjugufem
828 1011 76 24 mark;
921 1011 7 20 i
944 1017 40 14 an-

234 1040 85 21 seende
335 1040 94 21 hvartill
446 1040 201 21 Rådstufvurätten
665 1040 92 27 pröfvar
772 1040 97 25 rättvist,
880 1040 7 20 i
899 1041 51 20 stöd
962 1040 24 20 af

233 1069 31 28 $$
282 1071 8 19 1
310 1070 44 21 och
374 1071 13 20 8
407 1070 52 27 kap.
480 1071 28 19 28
525 1069 142 28 Strafflagen,
692 1070 44 21 och
760 1070 53 21 med
836 1069 148 21 förkastande

234 1100 144 21 svarandens
398 1102 49 19 mot
467 1100 163 27 målsäganden
648 1100 139 27 Rosenqvist
803 1099 6 20 i
827 1100 70 20 saken
915 1100 68 21 fram-

235 1129 74 21 stälda
327 1130 209 27 ansvarsyrkande,
554 1130 69 21 döma
640 1131 137 25 svaranden,
794 1136 51 14 som
861 1130 123 27 veterligen

235 1159 18 27 ej
272 1159 76 21 blifvit
372 1159 151 21 härförinnan
540 1160 7 20 i
563 1160 60 20 detta
648 1160 55 20 land
730 1159 119 22 afstraffad
873 1159 35 20 för
931 1159 54 21 slikt

235 1189 68 26 brott,
320 1191 33 19 att
369 1189 36 21 för
420 1190 70 20 första
512 1195 65 15 resan
597 1189 59 21 stöld
674 1189 73 21 hållas
764 1196 28 14 en
810 1189 85 20 månad
912 1189 6 20 i
935 1189 49 20 fän-

234 1219 61 26 gelse
317 1221 61 18 samt
400 1226 54 14 vara
471 1219 175 27 medborgerligt
662 1219 131 21 förtroende
810 1219 105 26 förlustig
930 1219 8 20 i
954 1221 31 18 ett

234 1249 27 20 är
277 1249 89 20 utöfver
382 1249 62 20 tiden
461 1249 35 20 för
512 1249 69 27 sagda
598 1249 149 21 frihetssraff
769 1261 27 2 —
819 1261 28 2 —
868 1261 28 2 —
925 1261 14 2 —
956 1261 29 2 —

308 1309 8 20 I
334 1309 68 27 öfrigt
425 1309 43 21 bör
492 1310 129 20 svaranden
644 1311 80 25 genast
747 1309 102 27 fängslas
871 1308 44 21 och
933 1309 52 20 med

234 1338 218 22 Rådstufvurättens
476 1338 146 28 förpassning
644 1339 112 21 insändas
772 1339 33 20 till
823 1338 163 28 länsfängelset

235 1368 110 26 antingen
363 1368 35 21 för
414 1370 33 19 att
462 1368 42 21 där
526 1368 102 22 förvaras
651 1369 46 20 tills
720 1369 61 21 detta
806 1369 75 25 utslag
904 1369 82 20 vinner

234 1398 52 26 laga
311 1398 67 26 kraft,
402 1398 54 21 eller
478 1398 70 26 högre
563 1400 51 24 rätt,
631 1399 76 20 därest
724 1399 130 21 svaranden
871 1398 63 21 öfver
950 1400 34 18 ut-

234 1428 72 26 slaget
323 1428 67 21 anför
406 1428 88 24 besvär,
514 1434 38 15 om
572 1429 87 20 honom
684 1428 147 22 annorlunda
855 1428 129 26 förordnar,

234 1458 56 20 eller
306 1458 51 26 ock,
374 1458 7 20 i
398 1458 110 20 händelse
524 1458 129 21 svaranden
670 1458 23 21 åt
709 1459 98 26 utslaget
822 1458 71 27 nöjes,
905 1458 35 20 för
951 1460 33 18 att

307 1498 59 18 Särsk.
379 1499 50 17 Besv.
442 1499 42 17 utsk.
498 1499 28 17 bet.
539 1500 35 16 N:o
587 1505 17 15 4.
