1111 1775
243 155 27 31 926
476 158 217 19 Motionsbetänkande
706 158 37 19 N:o
756 158 16 18 1.

247 219 208 28 motionsförslaget
473 218 138 29 fullständigt
627 218 113 22 uteslutes.
752 232 28 2 —
791 219 44 21 Det
850 218 22 22 af
888 218 111 23 Utskottet

246 254 121 23 förordade
391 256 107 27 systemet
522 255 69 22 skulle
616 261 85 22 genom
725 255 120 22 afvikelsen
870 255 30 22 att
920 255 79 28 bevilja

247 291 65 22 äfven
330 291 211 28 utminuteringsrätt
559 291 22 22 ät
600 291 69 28 nägra
693 291 143 22 vinhandlare
861 291 49 21 icke
933 291 66 22 blifva

247 327 143 28 synnerligen
407 333 61 16 mera
484 327 95 22 rubbadt
595 329 27 20 än
639 333 85 22 genom
741 327 37 22 det
790 327 20 22 af
822 326 112 23 Utskottet
943 327 56 22 före-

247 363 78 27 slagna
342 363 144 28 undantaget,
500 363 30 22 att
541 363 274 28 utsänkningsrättigheter
826 362 71 22 skulle
914 362 6 22 ä
932 362 67 23 andra

247 397 125 24 öfverlåtas.
389 412 27 1 —
435 399 156 22 Förenämnda
608 399 21 22 af
646 399 47 28 mig
708 398 113 29 tillstyrkta
838 398 104 22 afvikelse
957 399 41 21 kan

246 435 108 27 derjemte
374 435 135 28 fullkomligt
525 434 110 23 försvaras
653 434 52 22 med
721 441 86 16 samma
824 434 47 22 skäl
888 434 111 22 Utskottet

246 470 73 21 anfört
334 469 35 23 för
385 470 139 29 ofvansagda
540 471 21 22 af
577 471 38 21 det
635 470 115 28 medgifna
770 470 144 28 undantaget.
945 470 53 22 Der-

245 507 69 27 jemte
330 506 71 22 borde
418 507 28 21 de
463 506 133 27 handlande,
618 506 73 22 hvilka
715 506 91 22 komme
825 507 30 20 att
871 505 80 23 erhälla
968 508 31 19 ut-

246 542 194 28 minuteringsrätt,
461 542 30 22 till
511 541 186 24 förekommande
713 542 22 22 af
750 542 100 27 onödiga
867 542 131 27 omgångar,

247 577 121 29 berälligas
392 579 30 21 att
446 579 61 21 emot
530 578 136 29 crläggande
690 577 21 23 af
735 578 114 22 enahanda
875 577 51 22 eller
947 577 52 22 efter

246 613 77 29 nägon
344 621 73 15 annan
440 614 71 29 grund
529 614 112 29 utgäende
657 614 62 28 afgift
735 614 29 22 till
780 614 99 28 bolaget,
896 619 49 17 som
963 614 34 25 de,

246 650 73 21 hvilka
344 650 83 22 erhållit
451 650 208 28 utskänkningsrätt,
685 650 68 28 enligt
785 650 4 21 4
818 650 6 27 $
851 650 6 21 2
874 656 68 15 mom.
959 652 38 19 äro

246 686 103 28 skyldiga
373 686 90 28 utgifva,
488 686 83 28 sjelfve,
596 686 106 28 antingen
727 686 82 22 direkte
836 685 52 23 eller
914 691 82 23 genom

246 722 217 28 monopolbolagets
483 722 135 28 förmedling
634 722 118 28 importera
768 722 72 26 viner;
865 721 43 22 och
925 721 72 29 päkal-

245 757 63 22 lades
325 758 6 20 i
347 758 55 28 följd
419 758 62 22 häraf
497 764 27 16 en
541 759 5 21 i
563 758 60 22 detta
639 758 56 28 syfte
711 758 88 28 gående
816 757 96 28 ändring
927 757 21 22 af
959 757 12 21 7
983 758 14 26 $

246 792 13 23 2
276 799 70 16 mom.
364 794 43 22 och
424 794 29 22 24
470 794 13 27 $
500 794 13 21 2
530 800 68 17 mom.
616 794 21 22 af
653 794 150 28 lagförslaget.

318 829 25 28 Ej
361 830 68 22 heller
444 831 39 21 har
498 831 38 28 jag
551 831 84 21 kunnat
659 829 91 23 omfatta
772 829 123 23 Utskottets
914 829 83 28 förslag

245 865 138 23 beträffande
403 866 156 28 fördelningen
580 866 22 22 af
618 865 223 29 monopolbolagens
858 865 138 26 vinstmedel,

245 901 147 28 hvarigenom
409 902 21 22 ät
447 902 43 22 den
507 903 55 26 stad,
584 902 39 22 der
644 902 97 21 rörelsen
758 901 120 26 bedrifvits,
895 901 102 22 tilldelats

245 937 80 22 endast
350 937 63 29 15%
439 938 21 22 af
483 938 70 28 sagda
577 938 82 22 medel.
684 950 28 3 —
737 937 43 23 Om
806 937 44 22 ock
874 936 123 23 Utskottets

244 973 177 28 approximativa
443 974 128 29 beräkning,
593 975 30 21 att
639 974 28 21 de
684 973 112 23 blifvande
812 973 112 28 bolagens
939 973 58 21 vinst

244 1015 86 22 genom
346 1010 224 28 monopoliseringen
587 1010 22 22 af
625 1010 27 22 all
669 1009 157 28 utminutering
838 1009 44 22 och
894 1009 101 21 utskänk-

244 1045 56 28 ning
315 1045 73 22 blefve
405 1045 92 29 ungefär
514 1046 92 22 dubbelt
623 1045 24 22 sä
664 1047 51 24 stor,
733 1051 49 16 som
800 1045 51 25 den,
868 1044 83 22 hvartill
968 1044 27 21 de

243 1080 35 22 för
294 1081 136 22 närvarande
446 1082 6 21 i
469 1081 101 23 städerna
581 1081 112 22 verkande
705 1081 111 28 bolagens
827 1080 71 22 under
908 1081 87 21 senaste

243 1116 57 22 tider
320 1117 101 28 uppgätt,
446 1117 76 22 visade
542 1118 35 28 sig
595 1124 52 15 vara
663 1117 65 28 riktig
744 1118 56 21 samt
816 1116 103 22 städerna
935 1116 60 22 dess-

244 1153 63 21 utom
324 1153 91 22 komme
433 1154 6 21 i
455 1153 128 28 åtnjutande
599 1153 22 23 af
637 1153 64 22 deras
720 1154 76 27 anpart
812 1152 21 22 af
850 1152 28 21 de
894 1151 28 22 25
931 1151 28 30 %/,
976 1151 21 22 af

243 1188 149 23 vinstmedlen
410 1190 112 22 Utskottet
538 1190 115 28 föreslagit
669 1190 29 21 att
709 1189 73 22 skulle
793 1188 98 22 fördelas
902 1188 93 22 emellan

243 1224 103 28 samtliga
362 1226 74 22 lands-
453 1226 43 22 och
512 1226 203 26 stadskommuner,
732 1226 60 27 finge
810 1224 27 22 de
850 1224 62 22 flesta
924 1224 72 22 städer

243 1260 61 22 dock
324 1261 123 22 vidkännas
468 1268 28 15 en
512 1262 83 22 kanske
613 1262 19 28 ej
650 1261 116 29 obetydlig
782 1260 133 28 reducering
931 1260 20 22 af
967 1260 28 21 de

243 1296 85 29 belopp
340 1297 28 22 de
379 1297 35 22 för
424 1298 135 22 närvarande
571 1298 46 22 haft
627 1298 30 21 att
668 1296 102 30 päräkna.
796 1296 91 22 Genom
899 1296 96 22 nämnda

243 1332 75 23 medel
334 1332 65 23 hafva
415 1334 103 22 städerna
534 1333 105 23 härintills
655 1333 88 22 försatts
760 1333 5 21 i
781 1332 84 22 tillfälle
882 1333 29 20 att
927 1338 68 22 uppe-

243 1369 57 22 hälla
312 1369 44 22 och
368 1369 137 23 understöda
516 1369 108 29 ätskilliga
641 1368 302 29 välgörenhetsinrättningar
952 1367 43 22 och

241 1405 89 28 företag
344 1405 31 22 till
392 1405 98 29 höjande
509 1405 21 22 af
553 1405 201 22 arbetareklassens
778 1403 137 30 upplysning
938 1404 57 21 samt

242 1442 30 21 att
287 1441 90 29 vidtaga
394 1441 68 22 andra
479 1441 101 29 åtgärder
595 1441 31 22 till
642 1440 151 29 befrämjande
808 1439 22 22 af
841 1439 43 22 den
896 1439 99 28 fattigare

241 1477 174 29 befolkningens
439 1477 85 22 treinad
546 1478 43 21 och
611 1477 69 22 bästa.
713 1476 34 23 Då
764 1476 36 21 det
817 1476 116 21 dessutom
950 1477 23 20 är
989 1475 6 21 i

242 1513 104 22 städerna
361 1513 109 29 följderna
492 1513 21 22 af
532 1512 237 30 dryckenskapslasten
786 1512 6 21 i
809 1512 80 21 största
906 1511 89 22 omfatt-
