1111 1773
274 160 40 19 146
456 157 248 23 Petitionsbetänkande
721 156 37 24 N:o
774 157 24 22 4.

242 222 100 28 väskylä
358 222 35 22 till
409 222 146 29 Petersburg
570 224 71 26 utgör
657 222 120 28 nämligen
794 222 37 22 för
847 221 147 23 närvarande

242 257 53 23 icke
320 257 91 23 mindre
436 260 30 20 än
484 261 42 19 679
548 258 129 22 kilometer.
711 257 88 23 Genom
824 264 29 16 en
877 263 117 17 samman-

242 293 192 29 bindningsbana
450 294 63 22 ifrån
526 293 131 29 Jyväskylä
668 294 8 22 i
691 294 108 28 riktning
810 294 49 22 mot
870 292 34 23 S:t
912 292 83 23 Michel

243 328 75 24 skulle
335 328 78 24 denna
429 329 121 29 väglängd
567 329 115 23 förkortas
699 329 54 23 med
770 336 50 16 mer
836 332 31 19 än
884 332 42 20 200
937 328 57 23 kilo-

243 367 83 21 meter.

315 400 53 23 Med
385 400 98 23 hänsikt
499 401 35 22 till
551 400 70 23 dessa
643 400 202 29 omständigheter
868 407 71 22 synes
956 406 39 16 an-

243 436 147 29 läggningen
407 436 25 23 af
446 436 375 23 kommunikationsförbindelser
837 436 61 22 ifrån
912 436 83 29 Jyväs-

243 471 57 29 kylä
316 473 8 21 i
340 471 108 29 riktning
466 474 49 20 mot
530 471 69 24 söder
614 472 43 22 och
674 472 81 29 sydost
770 471 54 23 icke
840 471 154 23 öfverhöfvan

244 507 71 29 länge
339 508 57 22 böra
420 507 148 30 uppskjutas.
610 507 152 24 Beträffande
786 507 46 23 den
855 507 140 29 lyckligaste

244 543 126 29 lösningen
395 543 24 22 af
442 543 66 23 detta
529 543 115 30 spörsmål
660 543 71 23 hafva
748 543 120 29 åsigterna
883 544 60 21 varit
959 543 36 22 de-

244 579 60 28 lade,
316 585 54 16 men
387 579 66 22 torde
469 580 158 28 meningarna
642 583 99 19 numera
751 579 87 22 hunnit
848 578 54 23 fullt
912 578 85 29 stadga

244 615 44 28 sig.
320 614 46 23 Vid
384 618 57 19 1894
458 615 39 22 års
520 614 115 30 landtdag
658 615 152 22 framstäldes
830 614 113 29 förslaget
958 621 39 16 om

246 657 29 16 en
296 651 268 29 järnvägsanläggning
590 650 53 23 från
665 651 131 29 Jyväskylä
822 651 65 22 öfver
914 650 83 29 Kieppi

246 686 61 23 sund
324 686 36 23 till
376 687 152 28 Mäntyharju
544 687 86 22 station
654 687 40 22 vid
713 686 114 23 Savolaks
852 686 84 27 banan,
954 685 43 24 och

244 722 41 29 låg
301 722 83 23 härvid
401 722 105 29 tydligen
523 723 35 22 till
575 722 78 29 grund
669 722 44 23 den
732 722 96 27 tanken,
841 723 34 22 att
892 729 29 15 en
937 721 60 24 enda

246 758 63 23 bana
324 759 8 22 i
349 758 137 23 hufvudsak
509 758 76 23 skulle
607 758 106 29 uppfylla
738 757 62 24 båda
816 758 28 23 de
861 758 8 22 i
885 757 39 23 det
939 757 58 23 före-

246 794 92 29 gående
356 794 104 29 antydda
477 794 260 29 bansträckningarnas
754 793 116 23 ändamål.
895 794 53 22 Men
964 800 33 15 re-

246 829 48 23 dan
310 829 40 23 vid
368 833 56 19 1897
441 830 38 22 års
505 829 160 24 ständermöte
691 829 144 24 framträdde
862 829 57 22 flere
941 829 56 29 peti-

245 865 153 30 tionsförslag
415 865 82 23 hvilka
513 865 70 30 gåfvo
600 865 39 23 vid
663 865 101 28 handen,
783 866 35 22 att
836 865 162 29 Jyväskylä—

246 902 86 29 Kieppi
358 902 74 29 linjen
458 901 54 23 icke
535 908 41 16 ens
599 901 35 23 för
650 908 29 16 en
695 901 304 29 sammanbindningsbana

246 938 102 22 emellan
356 938 131 28 Jyväskylä
499 938 43 22 och
552 937 113 23 Savolaks
678 937 78 23 banan
769 940 25 20 är
805 937 47 23 den
864 937 68 22 bästa
941 937 56 22 rikt-

247 974 97 28 ningen,
361 974 63 21 samt
440 974 36 22 att
492 973 77 22 denna
585 973 57 29 linje
659 975 30 20 än
706 973 91 23 mindre
809 972 135 30 tillgodoser
960 972 37 23 be-

248 1009 80 22 hofvet
345 1009 24 22 af
385 1015 28 16 en
431 1009 110 28 förening
556 1009 100 22 emellan
668 1009 131 29 Jyväskylä
815 1009 42 22 och
874 1008 46 23 den
931 1008 68 23 södra

248 1045 149 22 stambanan.
429 1045 50 22 Allt
495 1044 72 23 sedan
592 1045 70 22 hafva
686 1044 212 30 önskningsmålen
914 1051 38 16 om
969 1051 30 16 en

247 1080 127 30 tvågrenig
390 1080 304 29 sammanbindningsbana
709 1080 120 29 utgående
847 1080 53 23 från
916 1080 82 29 Jyväs-

246 1116 56 29 kylä
318 1116 54 23 stad
387 1116 127 23 framträdt
531 1116 54 23 med
602 1116 43 23 full
660 1116 122 29 tydlighet.

320 1147 78 28 Äfven
414 1152 40 23 vid
470 1151 161 24 innevarande
647 1152 115 29 landtdag
780 1152 42 22 har
838 1152 67 22 detta
916 1151 83 23 åskåd-

248 1189 122 28 ningssätt
393 1187 79 24 funnit
495 1188 94 29 uttryck
612 1189 35 21 uti
667 1187 235 30 petitionsmemorial
919 1187 80 23 inlem-

248 1224 62 23 nade
332 1223 66 23 såväl
422 1225 8 21 i
453 1223 172 30 Ridderskapet
646 1224 43 22 och
705 1223 76 24 Adeln
798 1230 51 16 som
865 1224 8 22 i
888 1223 111 29 Borgare-

249 1259 43 23 och
318 1259 192 28 Bondestånden,
538 1259 111 23 afseende
673 1261 21 28 ej
719 1259 92 23 mindre
836 1266 29 15 en
885 1260 115 29 järnvägs

250 1295 127 29 byggande
399 1295 54 23 från
479 1295 68 23 Lahti
571 1296 86 22 station
681 1301 85 24 genom
791 1295 97 22 Heinola
909 1295 34 22 till
960 1295 40 29 Jy-

248 1331 101 29 väskylä
373 1333 28 20 än
427 1331 70 22 äfven
512 1331 136 23 utförandet
664 1331 24 23 af
704 1338 29 16 en
750 1331 250 28 sammanbindnings-

249 1367 63 22 bana
334 1367 52 23 från
411 1367 132 29 Jyväskylä
558 1367 35 22 till
609 1367 113 22 Savolaks
739 1367 80 22 banan
843 1366 54 23 med
913 1366 87 23 anslut-

250 1403 60 28 ning
327 1409 55 16 vare
399 1403 38 28 sig
452 1403 8 22 i
477 1402 32 23 St.
526 1402 83 23 Michel
626 1403 55 22 eller
697 1402 160 23 Pieksämäki.

322 1438 68 23 Hvad
413 1439 59 22 först
494 1438 46 23 den
561 1439 61 22 ifrån
644 1439 80 22 Lahtis
746 1438 35 23 till
798 1438 129 29 Jyväskylä
943 1437 58 23 före-

250 1474 86 29 slagna
352 1474 80 23 banan
448 1474 155 27 vidkommer,
625 1474 42 23 har
683 1474 147 27 densamma,
847 1474 54 23 ledd
917 1480 84 23 genom

322 1522 188 23 Järnvägsutskottets
523 1522 109 18 betänkande
645 1522 33 18 N:o
690 1524 17 16 2.
