1114 1778
237 156 27 21 18
408 155 413 29 Sammanjämkningsbetänkande.

236 222 153 27 systematiskt
412 221 119 22 åsidosatts
548 222 42 21 och
606 222 175 21 konstitutionen
792 221 95 22 sålunda
901 222 90 22 faktiskt

235 251 73 22 blifvit
324 251 141 27 undergräfd.
499 251 30 22 Så
549 251 64 28 länge
629 254 30 19 ett
675 251 80 22 sådant
771 253 81 26 system
869 251 49 22 icke
933 251 57 22 från-

235 281 58 27 gåtts
310 281 41 22 och
363 281 138 27 Regeringen
512 288 78 20 genom
602 281 106 28 handling
719 281 117 28 ådagalagt
848 282 32 27 sig
891 282 100 21 erkänna

236 311 138 22 Ständernas
400 313 49 24 rätt,
472 311 70 22 finnes
563 312 6 20 i
593 311 78 27 sjelfva
694 312 77 21 verket
796 311 35 22 för
857 311 133 28 landtdagen

235 342 66 26 ingen
323 341 110 25 säkerhet,
453 343 32 19 att
503 341 51 21 dess
576 341 79 26 beslut,
679 348 53 15 vare
749 342 33 26 sig
805 342 7 20 i
836 341 154 27 lagstiftnings-

236 370 54 22 eller
313 370 154 28 finansfrågor,
492 371 56 21 skall
570 371 145 21 tillerkännas
739 371 43 21 den
806 371 113 27 betydelse
940 372 50 21 dem

236 400 68 27 enligt
327 401 109 27 grundlag
459 400 140 22 tillkommer.
631 400 48 22 Och
703 401 36 21 det
760 400 71 22 måste
847 401 95 26 befaras,
960 403 31 19 att

236 430 135 28 återgången
387 430 31 22 till
436 432 31 20 ett
482 430 177 22 konstitutionelt
675 431 136 27 styrelsesätt
826 431 79 21 endast
918 431 72 22 skulle

236 460 118 27 fördröjas,
379 460 75 22 derest
478 460 134 28 landtdagen
635 461 105 21 lämnade
764 461 38 21 det
824 461 108 21 abnorma
948 461 41 21 för-

235 490 106 22 hållande
358 490 126 26 obeaktadt,
501 492 38 24 att,
557 491 70 21 ehuru
643 491 121 21 ständerna
780 490 80 22 kallats
872 493 32 19 att
914 491 76 21 utöfva

235 520 51 21 sina
309 520 194 28 grundlagsenliga
526 520 134 28 rättigheter,
685 528 27 14 en
731 521 81 27 mängd
828 520 161 28 författningar,

236 556 48 16 som
314 550 109 21 utfärdats
450 550 50 22 med
527 550 166 22 åsidosättande
720 550 23 22 af
769 550 145 28 landtdagens
940 552 49 24 rätt,

236 580 68 21 likväl
321 579 162 28 upprätthållas
499 580 42 21 och
557 580 117 28 tillämpas.

308 606 71 25 Äfven
404 610 73 21 denna
500 610 49 21 sida
571 610 23 22 af
609 610 37 22 det
662 610 130 22 nuvarande
808 611 100 27 sakläget
927 611 63 21 torde

235 640 56 21 böra
317 640 99 25 beröras,
443 639 28 22 då
498 640 125 22 Ständerna
653 640 32 21 till
715 640 61 22 Hans
801 640 121 27 Kejserliga
948 640 42 22 Ma-

234 670 78 26 jestäts
336 669 81 27 nådiga
440 670 163 27 öfvervägande
627 670 113 22 frambära
764 670 38 22 det
817 670 71 22 finska
910 670 80 22 folkets

235 701 62 20 stora
318 699 100 27 lifsfråga
434 712 29 3 —
480 699 77 28 frågan
576 706 36 15 om
629 700 43 21 den
689 700 81 27 lagliga
785 700 134 27 ordningens
935 700 55 22 åter-

235 729 110 22 ställande
362 729 7 21 i
385 729 218 22 Storfurstendömet.

307 759 31 22 De
354 759 109 27 åtgärder,
481 766 48 15 som
545 759 34 22 för
595 760 112 21 vinnande
723 760 22 21 af
762 760 60 21 detta
838 759 104 22 ändamål
959 767 30 14 er-

235 789 89 21 fordras
340 789 42 22 och
398 789 88 21 hvilkas
509 789 165 27 nödvändighet
693 789 73 22 blifvit
781 790 7 21 i
805 789 36 22 det
857 789 132 28 föregående

236 819 130 26 motiverad,
384 821 38 19 äro
439 819 7 21 i
462 819 50 21 kort
527 819 197 28 sammanfattning
742 819 109 27 följande:

311 849 41 21 1:o.
384 848 80 28 Nädigt
479 849 150 22 förordnande
647 849 82 26 derom,
746 851 32 20 att
788 849 167 28 tillämpningen
967 850 23 21 af

235 879 294 27 värnepligtsförfattningen
553 879 23 21 af
599 879 43 22 den
662 879 27 21 12
705 879 40 27 juli
764 879 55 22 1901
837 879 57 22 skall
910 886 79 21 genom

235 909 140 21 omedelbart
398 909 133 21 inställande
555 909 23 21 af
601 908 120 28 uppbäden
745 909 103 28 upphöra
871 910 42 21 och
936 910 27 21 de
983 910 7 21 i

235 938 122 27 anledning
372 939 23 20 af
411 939 131 21 densamma
557 939 116 22 bestämda
689 939 190 27 tvångspåföljder
890 939 98 26 förfalla;

235 968 124 27 hvarjämte
376 969 41 21 och
434 968 29 21 då
479 969 150 27 provisoriska
640 969 151 28 anordningar
803 969 75 22 kunna
889 969 100 22 befinnas

235 998 145 27 erforderliga
392 999 71 21 under
473 999 60 21 tiden
545 999 44 21 tills
602 998 215 28 värnepligtsfrågan
828 999 72 21 blifvit
910 999 78 28 grund-

234 1028 118 27 lagsenligt
373 1028 49 26 löst,
444 1028 85 22 sådana
545 1029 150 27 anordningar
711 1029 63 22 torde
791 1029 6 21 i
815 1029 65 27 laglig
896 1029 94 28 ordning

234 1057 118 28 påbjudas.
384 1059 83 21 Härvid
490 1059 63 21 torde
570 1058 125 22 Ständerna
711 1059 61 21 finna
788 1059 80 27 skäligt
884 1059 104 26 förklara,

234 1090 32 18 att
283 1088 27 21 de
327 1094 54 15 anse
397 1088 129 28 regeringen
543 1089 75 21 kunna
634 1091 53 19 utan
704 1089 77 21 vidare
793 1089 135 21 medverkan
940 1088 48 22 från

234 1118 147 27 landtdagens
398 1118 48 22 sida
467 1118 65 22 träffa
549 1118 82 22 anstalt
646 1126 36 15 om
699 1118 221 28 gardesbataljonens
937 1121 52 20 tem-

234 1149 82 25 porära
333 1148 170 27 komplettering
519 1148 28 28 på
563 1149 167 27 frivillighetens
746 1151 49 25 väg.

308 1178 42 21 2:0.
383 1178 161 27 Upphäfvande
561 1179 22 21 af
599 1181 126 25 temporära
741 1179 159 27 förordningen
916 1179 43 21 den
976 1179 12 21 2

235 1208 56 26 april
315 1208 64 25 1903,
397 1207 114 28 angäende
527 1207 102 28 ätgärder
645 1209 35 21 för
696 1208 195 28 upprätthällande
907 1209 23 21 af
946 1209 42 21 den

234 1238 90 27 statliga
347 1238 124 27 ordningen
487 1239 41 20 och
545 1239 37 21 det
598 1239 113 21 allmänna
728 1239 82 27 lugnet,
826 1239 67 26 jemte
909 1239 79 21 förkla-

234 1267 75 27 ringar
332 1268 42 21 och
398 1268 75 27 tillägg
497 1268 77 26 dertill,
599 1269 115 21 äfvensom
739 1269 23 21 af
786 1269 27 21 de
836 1269 152 26 förfoganden,

234 1303 48 15 som
300 1297 28 27 pä
344 1298 71 27 grund
432 1298 23 21 af
471 1298 65 21 dessa
552 1298 75 27 påbud
644 1299 103 27 vidtagits
759 1300 60 19 emot
830 1298 102 22 enskilda
943 1305 45 20 per-

234 1333 68 15 soner
325 1328 42 21 och
390 1327 143 27 kommuner;
550 1328 157 27 upphäfvande
725 1329 22 21 af
766 1328 28 21 10
809 1328 99 27 punkten
924 1329 7 20 i
947 1328 42 22 för-

234 1357 124 27 ordningen
374 1357 43 22 den
434 1357 28 22 26
479 1364 58 15 mars
555 1358 57 21 1903
629 1358 114 27 angäende
760 1365 28 20 ny
806 1358 132 21 instruktion
955 1358 35 21 för

233 1387 240 27 generalguvernören;
499 1390 56 19 samt
571 1387 152 22 äterkallande
740 1389 23 20 af
780 1389 26 20 de
823 1388 166 21 förordnanden

235 1417 23 20 af
282 1417 43 21 den
350 1417 28 21 10
401 1417 121 21 november
539 1417 64 27 1903,
619 1424 80 20 genom
715 1418 76 21 hvilka
808 1424 27 15 en
852 1417 69 22 afdelt
936 1418 52 27 rysk

234 1446 149 26 gendarmkär
399 1447 104 21 tilldelats
519 1447 214 27 tjenstebefogenhet
749 1448 7 21 i
768 1447 220 22 Storfurstendömet.

305 1476 42 22 3:0.
380 1476 161 28 Upphäfvande
557 1478 23 21 af
595 1480 40 19 art.
653 1478 8 20 I
677 1478 42 21 och
735 1478 18 20 II
770 1478 7 20 i
794 1478 157 26 förordningen
967 1478 23 21 af

306 1517 65 20 Särsk.
384 1518 53 18 Besv.
450 1518 46 18 utsk.
509 1519 34 18 bet.
555 1518 37 19 N:o
605 1520 16 17 1.
