<?xml version="1.0" encoding="UTF-8"?>
<alto xmlns="http://www.loc.gov/standards/alto/ns-v3#" xmlns:xlink="http://www.w3.org/1999/xlink" xmlns:xsi="http://www.w3.org/2001/XMLSchema-instance" xsi:schemaLocation="http://www.loc.gov/standards/alto/ns-v3# http://www.loc.gov/alto/v3/alto-3-0.xsd">
	<Description>
		<MeasurementUnit>pixel</MeasurementUnit>
		<sourceImageInformation>
			<fileName>/tmp/tess_tq3qsogf_input.PNG</fileName>
		</sourceImageInformation>
		<OCRProcessing ID="OCR_0">
			<ocrProcessingStep>
				<processingSoftware>
					<softwareName>tesseract 5.3.4</softwareName>
				</processingSoftware>
			</ocrProcessingStep>
		</OCRProcessing>
	</Description>
	<Layout>
		<Page WIDTH="1109" HEIGHT="1764" PHYSICAL_IMG_NR="0" ID="page_0">
			<PrintSpace HPOS="0" VPOS="0" WIDTH="1109" HEIGHT="1764">
				<ComposedBlock ID="cblock_0" HPOS="216" VPOS="136" WIDTH="527" HEIGHT="19">
					<TextBlock ID="block_0" HPOS="216" VPOS="136" WIDTH="527" HEIGHT="19">
						<TextLine ID="line_0" HPOS="216" VPOS="136" WIDTH="527" HEIGHT="19">
							<String ID="string_0" HPOS="216" VPOS="136" WIDTH="24" HEIGHT="18" WC="0.88" CONTENT="24"/><SP WIDTH="205" VPOS="136" HPOS="240"/>
							<String ID="string_1" HPOS="445" VPOS="136" WIDTH="218" HEIGHT="19" WC="0.92" CONTENT="Motionsbetänkande"/><SP WIDTH="13" VPOS="136" HPOS="663"/>
							<String ID="string_2" HPOS="676" VPOS="137" WIDTH="37" HEIGHT="18" WC="0.95" CONTENT="N:o"/><SP WIDTH="14" VPOS="137" HPOS="713"/>
							<String ID="string_3" HPOS="727" VPOS="136" WIDTH="16" HEIGHT="18" WC="0.96" CONTENT="1."/>
						</TextLine>
					</TextBlock>
				</ComposedBlock>
				<ComposedBlock ID="cblock_1" HPOS="219" VPOS="445" WIDTH="750" HEIGHT="84">
					<TextBlock ID="block_1" HPOS="219" VPOS="445" WIDTH="750" HEIGHT="84">
						<TextLine ID="line_1" HPOS="219" VPOS="445" WIDTH="750" HEIGHT="36">
							<String ID="string_4" HPOS="219" VPOS="445" WIDTH="128" HEIGHT="36" WC="0.96" CONTENT="Förslag"/><SP WIDTH="21" VPOS="445" HPOS="347"/>
							<String ID="string_5" HPOS="368" VPOS="445" WIDTH="43" HEIGHT="27" WC="0.95" CONTENT="till"/><SP WIDTH="28" VPOS="445" HPOS="411"/>
							<String ID="string_6" HPOS="439" VPOS="445" WIDTH="192" HEIGHT="36" WC="0.96" CONTENT="Förordning"/><SP WIDTH="24" VPOS="445" HPOS="631"/>
							<String ID="string_7" HPOS="655" VPOS="445" WIDTH="159" HEIGHT="36" WC="0.93" CONTENT="angående"/><SP WIDTH="22" VPOS="445" HPOS="814"/>
							<String ID="string_8" HPOS="836" VPOS="445" WIDTH="133" HEIGHT="28" WC="0.96" CONTENT="tillstånd"/>
						</TextLine>
						<TextLine ID="line_2" HPOS="308" VPOS="493" WIDTH="578" HEIGHT="36">
							<String ID="string_9" HPOS="308" VPOS="493" WIDTH="43" HEIGHT="28" WC="0.96" CONTENT="till"/><SP WIDTH="23" VPOS="493" HPOS="351"/>
							<String ID="string_10" HPOS="374" VPOS="493" WIDTH="171" HEIGHT="28" WC="0.95" CONTENT="inrättande"/><SP WIDTH="19" VPOS="493" HPOS="545"/>
							<String ID="string_11" HPOS="564" VPOS="494" WIDTH="31" HEIGHT="27" WC="0.93" CONTENT="af"/><SP WIDTH="19" VPOS="494" HPOS="595"/>
							<String ID="string_12" HPOS="614" VPOS="493" WIDTH="272" HEIGHT="36" WC="0.91" CONTENT="rusdrycksfabrik."/>
						</TextLine>
					</TextBlock>
				</ComposedBlock>
				<ComposedBlock ID="cblock_2" HPOS="575" VPOS="560" WIDTH="45" HEIGHT="27">
					<TextBlock ID="block_2" HPOS="575" VPOS="560" WIDTH="45" HEIGHT="27">
						<TextLine ID="line_3" HPOS="575" VPOS="560" WIDTH="45" HEIGHT="27">
							<String ID="string_13" HPOS="575" VPOS="561" WIDTH="8" HEIGHT="19" WC="0.86" CONTENT="1"/><SP WIDTH="18" VPOS="561" HPOS="583"/>
							<String ID="string_14" HPOS="601" VPOS="560" WIDTH="19" HEIGHT="27" WC="0.86" CONTENT="8."/>
						</TextLine>
					</TextBlock>
				</ComposedBlock>
				<ComposedBlock ID="cblock_3" HPOS="217" VPOS="614" WIDTH="755" HEIGHT="229">
					<TextBlock ID="block_3" HPOS="217" VPOS="614" WIDTH="755" HEIGHT="85">
						<TextLine ID="line_4" HPOS="293" VPOS="614" WIDTH="679" HEIGHT="26">
							<String ID="string_15" HPOS="293" VPOS="615" WIDTH="17" HEIGHT="18" WC="0.91" CONTENT="1."/><SP WIDTH="31" VPOS="615" HPOS="310"/>
							<String ID="string_16" HPOS="341" VPOS="615" WIDTH="185" HEIGHT="25" WC="0.91" CONTENT="Rusdrycksfabrik"/><SP WIDTH="24" VPOS="615" HPOS="526"/>
							<String ID="string_17" HPOS="550" VPOS="614" WIDTH="33" HEIGHT="19" WC="0.95" CONTENT="må"/><SP WIDTH="23" VPOS="614" HPOS="583"/>
							<String ID="string_18" HPOS="606" VPOS="615" WIDTH="43" HEIGHT="19" WC="0.95" CONTENT="icke"/><SP WIDTH="24" VPOS="615" HPOS="649"/>
							<String ID="string_19" HPOS="673" VPOS="615" WIDTH="88" HEIGHT="19" WC="0.96" CONTENT="inrättas"/><SP WIDTH="20" VPOS="615" HPOS="761"/>
							<String ID="string_20" HPOS="781" VPOS="615" WIDTH="6" HEIGHT="18" WC="0.96" CONTENT="i"/><SP WIDTH="19" VPOS="615" HPOS="787"/>
							<String ID="string_21" HPOS="806" VPOS="615" WIDTH="47" HEIGHT="18" WC="0.96" CONTENT="stad"/><SP WIDTH="23" VPOS="615" HPOS="853"/>
							<String ID="string_22" HPOS="876" VPOS="615" WIDTH="48" HEIGHT="19" WC="0.96" CONTENT="eller"/><SP WIDTH="21" VPOS="615" HPOS="924"/>
							<String ID="string_23" HPOS="945" VPOS="614" WIDTH="27" HEIGHT="24" WC="0.96" CONTENT="på"/>
						</TextLine>
						<TextLine ID="line_5" HPOS="217" VPOS="644" WIDTH="755" HEIGHT="25">
							<String ID="string_24" HPOS="217" VPOS="644" WIDTH="77" HEIGHT="23" WC="0.93" CONTENT="landet,"/><SP WIDTH="25" VPOS="644" HPOS="294"/>
							<String ID="string_25" HPOS="319" VPOS="644" WIDTH="86" HEIGHT="20" WC="0.91" CONTENT="säframt"/><SP WIDTH="23" VPOS="644" HPOS="405"/>
							<String ID="string_26" HPOS="428" VPOS="644" WIDTH="44" HEIGHT="20" WC="0.90" CONTENT="icke"/><SP WIDTH="19" VPOS="644" HPOS="472"/>
							<String ID="string_27" HPOS="491" VPOS="645" WIDTH="7" HEIGHT="19" WC="0.96" CONTENT="i"/><SP WIDTH="19" VPOS="645" HPOS="498"/>
							<String ID="string_28" HPOS="517" VPOS="644" WIDTH="46" HEIGHT="20" WC="0.93" CONTENT="stad"/><SP WIDTH="24" VPOS="644" HPOS="563"/>
							<String ID="string_29" HPOS="587" VPOS="644" WIDTH="186" HEIGHT="25" WC="0.91" CONTENT="stadsfullmäktige"/><SP WIDTH="23" VPOS="644" HPOS="773"/>
							<String ID="string_30" HPOS="796" VPOS="644" WIDTH="38" HEIGHT="19" WC="0.96" CONTENT="och"/><SP WIDTH="23" VPOS="644" HPOS="834"/>
							<String ID="string_31" HPOS="857" VPOS="644" WIDTH="26" HEIGHT="25" WC="0.96" CONTENT="pä"/><SP WIDTH="20" VPOS="644" HPOS="883"/>
							<String ID="string_32" HPOS="903" VPOS="644" WIDTH="69" HEIGHT="19" WC="0.96" CONTENT="landet"/>
						</TextLine>
						<TextLine ID="line_6" HPOS="218" VPOS="674" WIDTH="492" HEIGHT="25">
							<String ID="string_33" HPOS="218" VPOS="674" WIDTH="207" HEIGHT="20" WC="0.92" CONTENT="kommunalstämma"/><SP WIDTH="16" VPOS="674" HPOS="425"/>
							<String ID="string_34" HPOS="441" VPOS="674" WIDTH="65" HEIGHT="20" WC="0.92" CONTENT="dertill"/><SP WIDTH="16" VPOS="674" HPOS="506"/>
							<String ID="string_35" HPOS="522" VPOS="674" WIDTH="59" HEIGHT="25" WC="0.90" CONTENT="gifvit"/><SP WIDTH="16" VPOS="674" HPOS="581"/>
							<String ID="string_36" HPOS="597" VPOS="675" WIDTH="36" HEIGHT="19" WC="0.93" CONTENT="sitt"/><SP WIDTH="15" VPOS="675" HPOS="633"/>
							<String ID="string_37" HPOS="648" VPOS="674" WIDTH="62" HEIGHT="20" WC="0.69" CONTENT="bifall."/>
						</TextLine>
					</TextBlock>
					<TextBlock ID="block_4" HPOS="218" VPOS="703" WIDTH="754" HEIGHT="140">
						<TextLine ID="line_7" HPOS="291" VPOS="703" WIDTH="680" HEIGHT="26">
							<String ID="string_38" HPOS="291" VPOS="704" WIDTH="19" HEIGHT="19" WC="0.78" CONTENT="2."/><SP WIDTH="32" VPOS="704" HPOS="310"/>
							<String ID="string_39" HPOS="342" VPOS="704" WIDTH="99" HEIGHT="19" WC="0.92" CONTENT="Tillstånd"/><SP WIDTH="24" VPOS="704" HPOS="441"/>
							<String ID="string_40" HPOS="465" VPOS="704" WIDTH="30" HEIGHT="19" WC="0.96" CONTENT="till"/><SP WIDTH="23" VPOS="704" HPOS="495"/>
							<String ID="string_41" HPOS="518" VPOS="704" WIDTH="115" HEIGHT="19" WC="0.96" CONTENT="inrättande"/><SP WIDTH="22" VPOS="704" HPOS="633"/>
							<String ID="string_42" HPOS="655" VPOS="704" WIDTH="21" HEIGHT="19" WC="0.93" CONTENT="af"/><SP WIDTH="18" VPOS="704" HPOS="676"/>
							<String ID="string_43" HPOS="694" VPOS="704" WIDTH="176" HEIGHT="25" WC="0.91" CONTENT="rusdrycksfabrik"/><SP WIDTH="19" VPOS="704" HPOS="870"/>
							<String ID="string_44" HPOS="889" VPOS="703" WIDTH="33" HEIGHT="19" WC="0.93" CONTENT="mä"/><SP WIDTH="15" VPOS="703" HPOS="922"/>
							<String ID="string_45" HPOS="937" VPOS="703" WIDTH="34" HEIGHT="19" WC="0.92" CONTENT="be-"/>
						</TextLine>
						<TextLine ID="line_8" HPOS="219" VPOS="733" WIDTH="753" HEIGHT="25">
							<String ID="string_46" HPOS="219" VPOS="734" WIDTH="62" HEIGHT="24" WC="0.91" CONTENT="viljas"/><SP WIDTH="16" VPOS="734" HPOS="281"/>
							<String ID="string_47" HPOS="297" VPOS="734" WIDTH="74" HEIGHT="19" WC="0.96" CONTENT="endast"/><SP WIDTH="15" VPOS="734" HPOS="371"/>
							<String ID="string_48" HPOS="386" VPOS="734" WIDTH="22" HEIGHT="19" WC="0.93" CONTENT="ät"/><SP WIDTH="16" VPOS="734" HPOS="408"/>
							<String ID="string_49" HPOS="424" VPOS="733" WIDTH="75" HEIGHT="20" WC="0.92" CONTENT="sädant"/><SP WIDTH="11" VPOS="733" HPOS="499"/>
							<String ID="string_50" HPOS="510" VPOS="734" WIDTH="67" HEIGHT="24" WC="0.96" CONTENT="bolag,"/><SP WIDTH="12" VPOS="734" HPOS="577"/>
							<String ID="string_51" HPOS="589" VPOS="740" WIDTH="44" HEIGHT="14" WC="0.93" CONTENT="som"/><SP WIDTH="12" VPOS="740" HPOS="633"/>
							<String ID="string_52" HPOS="645" VPOS="734" WIDTH="65" HEIGHT="20" WC="0.92" CONTENT="afstär"/><SP WIDTH="11" VPOS="734" HPOS="710"/>
							<String ID="string_53" HPOS="721" VPOS="734" WIDTH="31" HEIGHT="20" WC="0.93" CONTENT="sin"/><SP WIDTH="11" VPOS="734" HPOS="752"/>
							<String ID="string_54" HPOS="763" VPOS="734" WIDTH="56" HEIGHT="19" WC="0.93" CONTENT="vinst"/><SP WIDTH="10" VPOS="734" HPOS="819"/>
							<String ID="string_55" HPOS="829" VPOS="733" WIDTH="29" HEIGHT="19" WC="0.96" CONTENT="till"/><SP WIDTH="12" VPOS="733" HPOS="858"/>
							<String ID="string_56" HPOS="870" VPOS="734" WIDTH="102" HEIGHT="19" WC="0.96" CONTENT="allmänna"/>
						</TextLine>
						<TextLine ID="line_9" HPOS="218" VPOS="762" WIDTH="753" HEIGHT="28">
							<String ID="string_57" HPOS="218" VPOS="763" WIDTH="97" HEIGHT="20" WC="0.96" CONTENT="ändamål"/><SP WIDTH="16" VPOS="763" HPOS="315"/>
							<String ID="string_58" HPOS="331" VPOS="764" WIDTH="6" HEIGHT="18" WC="0.96" CONTENT="i"/><SP WIDTH="16" VPOS="764" HPOS="337"/>
							<String ID="string_59" HPOS="353" VPOS="764" WIDTH="39" HEIGHT="18" WC="0.96" CONTENT="den"/><SP WIDTH="17" VPOS="764" HPOS="392"/>
							<String ID="string_60" HPOS="409" VPOS="764" WIDTH="84" HEIGHT="24" WC="0.96" CONTENT="ordning"/><SP WIDTH="17" VPOS="764" HPOS="493"/>
							<String ID="string_61" HPOS="510" VPOS="770" WIDTH="43" HEIGHT="14" WC="0.93" CONTENT="som"/><SP WIDTH="16" VPOS="770" HPOS="553"/>
							<String ID="string_62" HPOS="569" VPOS="764" WIDTH="139" HEIGHT="19" WC="0.92" CONTENT="föreskifves"/><SP WIDTH="-5" VPOS="764" HPOS="708"/>
							<String ID="string_63" HPOS="703" VPOS="758" WIDTH="12" HEIGHT="36" WC="0.95" CONTENT="i"/><SP WIDTH="7" VPOS="758" HPOS="715"/>
							<String ID="string_64" HPOS="722" VPOS="764" WIDTH="26" HEIGHT="19" WC="0.93" CONTENT="13"/><SP WIDTH="16" VPOS="764" HPOS="748"/>
							<String ID="string_65" HPOS="764" VPOS="762" WIDTH="13" HEIGHT="28" WC="0.87" CONTENT="&amp;"/><SP WIDTH="16" VPOS="762" HPOS="777"/>
							<String ID="string_66" HPOS="793" VPOS="763" WIDTH="22" HEIGHT="19" WC="0.97" CONTENT="af"/><SP WIDTH="14" VPOS="763" HPOS="815"/>
							<String ID="string_67" HPOS="829" VPOS="764" WIDTH="142" HEIGHT="23" WC="0.96" CONTENT="förordningen"/>
						</TextLine>
						<TextLine ID="line_10" HPOS="218" VPOS="793" WIDTH="753" HEIGHT="25">
							<String ID="string_68" HPOS="218" VPOS="793" WIDTH="107" HEIGHT="25" WC="0.92" CONTENT="angäende"/><SP WIDTH="23" VPOS="793" HPOS="325"/>
							<String ID="string_69" HPOS="348" VPOS="793" WIDTH="121" HEIGHT="25" WC="0.96" CONTENT="försäljning"/><SP WIDTH="23" VPOS="793" HPOS="469"/>
							<String ID="string_70" HPOS="492" VPOS="794" WIDTH="38" HEIGHT="19" WC="0.93" CONTENT="och"/><SP WIDTH="22" VPOS="794" HPOS="530"/>
							<String ID="string_71" HPOS="552" VPOS="794" WIDTH="85" HEIGHT="24" WC="0.92" CONTENT="forsling"/><SP WIDTH="22" VPOS="794" HPOS="637"/>
							<String ID="string_72" HPOS="659" VPOS="794" WIDTH="21" HEIGHT="19" WC="0.93" CONTENT="af"/><SP WIDTH="20" VPOS="794" HPOS="680"/>
							<String ID="string_73" HPOS="700" VPOS="793" WIDTH="119" HEIGHT="25" WC="0.92" CONTENT="rusdrycker"/><SP WIDTH="23" VPOS="793" HPOS="819"/>
							<String ID="string_74" HPOS="842" VPOS="794" WIDTH="67" HEIGHT="24" WC="0.92" CONTENT="gifven"/><SP WIDTH="24" VPOS="794" HPOS="909"/>
							<String ID="string_75" HPOS="933" VPOS="793" WIDTH="38" HEIGHT="19" WC="0.95" CONTENT="den"/>
						</TextLine>
						<TextLine ID="line_11" HPOS="218" VPOS="824" WIDTH="230" HEIGHT="19">
							<String ID="string_76" HPOS="218" VPOS="840" WIDTH="20" HEIGHT="2" WC="0.18" CONTENT="—"/><SP WIDTH="11" VPOS="840" HPOS="238"/>
							<String ID="string_77" HPOS="249" VPOS="841" WIDTH="38" HEIGHT="1" WC="0.18" CONTENT="—"/><SP WIDTH="72" VPOS="841" HPOS="287"/>
							<String ID="string_78" HPOS="359" VPOS="824" WIDTH="89" HEIGHT="19" WC="0.46" CONTENT="19."/>
						</TextLine>
					</TextBlock>
				</ComposedBlock>
				<ComposedBlock ID="cblock_4" HPOS="573" VPOS="888" WIDTH="48" HEIGHT="27">
					<TextBlock ID="block_5" HPOS="573" VPOS="888" WIDTH="48" HEIGHT="27">
						<TextLine ID="line_12" HPOS="573" VPOS="888" WIDTH="48" HEIGHT="27">
							<String ID="string_79" HPOS="573" VPOS="889" WIDTH="12" HEIGHT="19" WC="0.53" CONTENT="2"/><SP WIDTH="17" VPOS="889" HPOS="585"/>
							<String ID="string_80" HPOS="602" VPOS="888" WIDTH="19" HEIGHT="27" WC="0.53" CONTENT="8."/>
						</TextLine>
					</TextBlock>
				</ComposedBlock>
				<ComposedBlock ID="cblock_5" HPOS="219" VPOS="941" WIDTH="753" HEIGHT="206">
					<TextBlock ID="block_6" HPOS="219" VPOS="941" WIDTH="753" HEIGHT="171">
						<TextLine ID="line_13" HPOS="291" VPOS="941" WIDTH="681" HEIGHT="27">
							<String ID="string_81" HPOS="291" VPOS="943" WIDTH="73" HEIGHT="19" WC="0.96" CONTENT="Denna"/><SP WIDTH="21" VPOS="943" HPOS="364"/>
							<String ID="string_82" HPOS="385" VPOS="943" WIDTH="123" HEIGHT="25" WC="0.95" CONTENT="förordning,"/><SP WIDTH="20" VPOS="943" HPOS="508"/>
							<String ID="string_83" HPOS="528" VPOS="943" WIDTH="131" HEIGHT="24" WC="0.96" CONTENT="hvarigenom"/><SP WIDTH="19" VPOS="943" HPOS="659"/>
							<String ID="string_84" HPOS="678" VPOS="944" WIDTH="8" HEIGHT="18" WC="0.96" CONTENT="1"/><SP WIDTH="19" VPOS="944" HPOS="686"/>
							<String ID="string_85" HPOS="705" VPOS="949" WIDTH="59" HEIGHT="13" WC="0.96" CONTENT="mom."/><SP WIDTH="17" VPOS="949" HPOS="764"/>
							<String ID="string_86" HPOS="781" VPOS="943" WIDTH="13" HEIGHT="18" WC="0.93" CONTENT="2"/><SP WIDTH="17" VPOS="943" HPOS="794"/>
							<String ID="string_87" HPOS="811" VPOS="941" WIDTH="12" HEIGHT="27" WC="0.72" CONTENT="&amp;"/><SP WIDTH="17" VPOS="941" HPOS="823"/>
							<String ID="string_88" HPOS="840" VPOS="943" WIDTH="6" HEIGHT="19" WC="0.96" CONTENT="i"/><SP WIDTH="15" VPOS="943" HPOS="846"/>
							<String ID="string_89" HPOS="861" VPOS="942" WIDTH="111" HEIGHT="25" WC="0.95" CONTENT="Kejserliga"/>
						</TextLine>
						<TextLine ID="line_14" HPOS="219" VPOS="972" WIDTH="752" HEIGHT="26">
							<String ID="string_90" HPOS="219" VPOS="972" WIDTH="152" HEIGHT="25" WC="0.96" CONTENT="Förordningen"/><SP WIDTH="21" VPOS="972" HPOS="371"/>
							<String ID="string_91" HPOS="392" VPOS="973" WIDTH="22" HEIGHT="19" WC="0.96" CONTENT="af"/><SP WIDTH="21" VPOS="973" HPOS="414"/>
							<String ID="string_92" HPOS="435" VPOS="973" WIDTH="38" HEIGHT="19" WC="0.96" CONTENT="den"/><SP WIDTH="16" VPOS="973" HPOS="473"/>
							<String ID="string_93" HPOS="489" VPOS="974" WIDTH="13" HEIGHT="18" WC="0.96" CONTENT="9"/><SP WIDTH="16" VPOS="974" HPOS="502"/>
							<String ID="string_94" HPOS="518" VPOS="973" WIDTH="44" HEIGHT="25" WC="0.96" CONTENT="juni"/><SP WIDTH="21" VPOS="973" HPOS="562"/>
							<String ID="string_95" HPOS="583" VPOS="973" WIDTH="56" HEIGHT="19" WC="0.95" CONTENT="1892"/><SP WIDTH="21" VPOS="973" HPOS="639"/>
							<String ID="string_96" HPOS="660" VPOS="973" WIDTH="105" HEIGHT="25" WC="0.95" CONTENT="angående"/><SP WIDTH="21" VPOS="973" HPOS="765"/>
							<String ID="string_97" HPOS="786" VPOS="972" WIDTH="128" HEIGHT="24" WC="0.96" CONTENT="tillverkning"/><SP WIDTH="20" VPOS="972" HPOS="914"/>
							<String ID="string_98" HPOS="934" VPOS="972" WIDTH="37" HEIGHT="19" WC="0.96" CONTENT="och"/>
						</TextLine>
						<TextLine ID="line_15" HPOS="220" VPOS="1000" WIDTH="752" HEIGHT="28">
							<String ID="string_99" HPOS="220" VPOS="1002" WIDTH="120" HEIGHT="26" WC="0.92" CONTENT="distillering"/><SP WIDTH="24" VPOS="1002" HPOS="340"/>
							<String ID="string_100" HPOS="364" VPOS="1002" WIDTH="21" HEIGHT="19" WC="0.96" CONTENT="af"/><SP WIDTH="23" VPOS="1002" HPOS="385"/>
							<String ID="string_101" HPOS="408" VPOS="1003" WIDTH="91" HEIGHT="22" WC="0.96" CONTENT="bränvin,"/><SP WIDTH="26" VPOS="1003" HPOS="499"/>
							<String ID="string_102" HPOS="525" VPOS="1002" WIDTH="106" HEIGHT="20" WC="0.95" CONTENT="äfvensom"/><SP WIDTH="26" VPOS="1002" HPOS="631"/>
							<String ID="string_103" HPOS="657" VPOS="1003" WIDTH="9" HEIGHT="19" WC="0.96" CONTENT="1"/><SP WIDTH="24" VPOS="1003" HPOS="666"/>
							<String ID="string_104" HPOS="690" VPOS="1008" WIDTH="59" HEIGHT="14" WC="0.91" CONTENT="mom."/><SP WIDTH="22" VPOS="1008" HPOS="749"/>
							<String ID="string_105" HPOS="771" VPOS="1002" WIDTH="8" HEIGHT="19" WC="0.92" CONTENT="1"/><SP WIDTH="23" VPOS="1002" HPOS="779"/>
							<String ID="string_106" HPOS="802" VPOS="1000" WIDTH="13" HEIGHT="28" WC="0.78" CONTENT="&amp;"/><SP WIDTH="21" VPOS="1000" HPOS="815"/>
							<String ID="string_107" HPOS="836" VPOS="1002" WIDTH="6" HEIGHT="19" WC="0.95" CONTENT="i"/><SP WIDTH="20" VPOS="1002" HPOS="842"/>
							<String ID="string_108" HPOS="862" VPOS="1002" WIDTH="110" HEIGHT="25" WC="0.96" CONTENT="Kejserliga"/>
						</TextLine>
						<TextLine ID="line_16" HPOS="219" VPOS="1032" WIDTH="753" HEIGHT="26">
							<String ID="string_109" HPOS="219" VPOS="1032" WIDTH="152" HEIGHT="26" WC="0.96" CONTENT="Förordningen"/><SP WIDTH="24" VPOS="1032" HPOS="371"/>
							<String ID="string_110" HPOS="395" VPOS="1032" WIDTH="22" HEIGHT="20" WC="0.96" CONTENT="af"/><SP WIDTH="22" VPOS="1032" HPOS="417"/>
							<String ID="string_111" HPOS="439" VPOS="1033" WIDTH="39" HEIGHT="19" WC="0.96" CONTENT="den"/><SP WIDTH="20" VPOS="1033" HPOS="478"/>
							<String ID="string_112" HPOS="498" VPOS="1033" WIDTH="28" HEIGHT="19" WC="0.96" CONTENT="24"/><SP WIDTH="19" VPOS="1033" HPOS="526"/>
							<String ID="string_113" HPOS="545" VPOS="1033" WIDTH="80" HEIGHT="24" WC="0.96" CONTENT="januari"/><SP WIDTH="27" VPOS="1033" HPOS="625"/>
							<String ID="string_114" HPOS="652" VPOS="1033" WIDTH="56" HEIGHT="19" WC="0.95" CONTENT="1902"/><SP WIDTH="22" VPOS="1033" HPOS="708"/>
							<String ID="string_115" HPOS="730" VPOS="1032" WIDTH="104" HEIGHT="25" WC="0.95" CONTENT="angående"/><SP WIDTH="19" VPOS="1032" HPOS="834"/>
							<String ID="string_116" HPOS="853" VPOS="1032" WIDTH="119" HEIGHT="24" WC="0.95" CONTENT="försäljning"/>
						</TextLine>
						<TextLine ID="line_17" HPOS="220" VPOS="1062" WIDTH="752" HEIGHT="26">
							<String ID="string_117" HPOS="220" VPOS="1062" WIDTH="38" HEIGHT="20" WC="0.96" CONTENT="och"/><SP WIDTH="24" VPOS="1062" HPOS="258"/>
							<String ID="string_118" HPOS="282" VPOS="1062" WIDTH="141" HEIGHT="25" WC="0.96" CONTENT="utskänkning"/><SP WIDTH="19" VPOS="1062" HPOS="423"/>
							<String ID="string_119" HPOS="442" VPOS="1062" WIDTH="21" HEIGHT="20" WC="0.93" CONTENT="af"/><SP WIDTH="19" VPOS="1062" HPOS="463"/>
							<String ID="string_120" HPOS="482" VPOS="1062" WIDTH="133" HEIGHT="25" WC="0.90" CONTENT="maltdrycker"/><SP WIDTH="21" VPOS="1062" HPOS="615"/>
							<String ID="string_121" HPOS="636" VPOS="1063" WIDTH="121" HEIGHT="25" WC="0.92" CONTENT="upphäfves,"/><SP WIDTH="17" VPOS="1063" HPOS="757"/>
							<String ID="string_122" HPOS="774" VPOS="1062" WIDTH="68" HEIGHT="19" WC="0.96" CONTENT="träder"/><SP WIDTH="14" VPOS="1062" HPOS="842"/>
							<String ID="string_123" HPOS="856" VPOS="1062" WIDTH="7" HEIGHT="18" WC="0.96" CONTENT="i"/><SP WIDTH="15" VPOS="1062" HPOS="863"/>
							<String ID="string_124" HPOS="878" VPOS="1062" WIDTH="94" HEIGHT="24" WC="0.96" CONTENT="gällande"/>
						</TextLine>
						<TextLine ID="line_18" HPOS="219" VPOS="1092" WIDTH="356" HEIGHT="20">
							<String ID="string_125" HPOS="219" VPOS="1092" WIDTH="56" HEIGHT="19" WC="0.96" CONTENT="kraft"/><SP WIDTH="16" VPOS="1092" HPOS="275"/>
							<String ID="string_126" HPOS="291" VPOS="1093" WIDTH="39" HEIGHT="19" WC="0.96" CONTENT="den"/><SP WIDTH="16" VPOS="1093" HPOS="330"/>
							<String ID="string_127" HPOS="346" VPOS="1110" WIDTH="143" HEIGHT="2" WC="0.51" CONTENT="+."/><SP WIDTH="18" VPOS="1110" HPOS="489"/>
							<String ID="string_128" HPOS="507" VPOS="1093" WIDTH="68" HEIGHT="19" WC="0.66" CONTENT="19..."/>
						</TextLine>
					</TextBlock>
					<TextBlock ID="block_7" HPOS="291" VPOS="1122" WIDTH="427" HEIGHT="25">
						<TextLine ID="line_19" HPOS="291" VPOS="1122" WIDTH="427" HEIGHT="25">
							<String ID="string_129" HPOS="291" VPOS="1122" WIDTH="127" HEIGHT="25" WC="0.95" CONTENT="Helsingfors"/><SP WIDTH="17" VPOS="1122" HPOS="418"/>
							<String ID="string_130" HPOS="435" VPOS="1123" WIDTH="38" HEIGHT="19" WC="0.96" CONTENT="den"/><SP WIDTH="18" VPOS="1123" HPOS="473"/>
							<String ID="string_131" HPOS="491" VPOS="1123" WIDTH="26" HEIGHT="19" WC="0.96" CONTENT="17"/><SP WIDTH="17" VPOS="1123" HPOS="517"/>
							<String ID="string_132" HPOS="534" VPOS="1122" WIDTH="104" HEIGHT="20" WC="0.96" CONTENT="december"/><SP WIDTH="18" VPOS="1122" HPOS="638"/>
							<String ID="string_133" HPOS="656" VPOS="1122" WIDTH="62" HEIGHT="20" WC="0.96" CONTENT="1904."/>
						</TextLine>
					</TextBlock>
				</ComposedBlock>
				<ComposedBlock ID="cblock_6" HPOS="325" VPOS="1184" WIDTH="540" HEIGHT="26">
					<TextBlock ID="block_8" HPOS="325" VPOS="1184" WIDTH="540" HEIGHT="26">
						<TextLine ID="line_20" HPOS="325" VPOS="1184" WIDTH="540" HEIGHT="26">
							<String ID="string_134" HPOS="325" VPOS="1186" WIDTH="70" HEIGHT="24" WC="0.96" CONTENT="Josua"/><SP WIDTH="9" VPOS="1186" HPOS="395"/>
							<String ID="string_135" HPOS="404" VPOS="1185" WIDTH="134" HEIGHT="24" WC="0.96" CONTENT="Johansson."/><SP WIDTH="114" VPOS="1185" HPOS="538"/>
							<String ID="string_136" HPOS="652" VPOS="1186" WIDTH="18" HEIGHT="23" WC="0.92" CONTENT="J."/><SP WIDTH="13" VPOS="1186" HPOS="670"/>
							<String ID="string_137" HPOS="683" VPOS="1186" WIDTH="25" HEIGHT="18" WC="0.90" CONTENT="V."/><SP WIDTH="13" VPOS="1186" HPOS="708"/>
							<String ID="string_138" HPOS="721" VPOS="1184" WIDTH="144" HEIGHT="20" WC="0.90" CONTENT="Wartiainen."/>
						</TextLine>
					</TextBlock>
				</ComposedBlock>
				<ComposedBlock ID="cblock_7" HPOS="327" VPOS="1215" WIDTH="509" HEIGHT="55">
					<TextBlock ID="block_9" HPOS="327" VPOS="1215" WIDTH="509" HEIGHT="55">
						<TextLine ID="line_21" HPOS="327" VPOS="1215" WIDTH="509" HEIGHT="25">
							<String ID="string_139" HPOS="327" VPOS="1215" WIDTH="68" HEIGHT="19" WC="0.96" CONTENT="Wilh."/><SP WIDTH="12" VPOS="1215" HPOS="395"/>
							<String ID="string_140" HPOS="407" VPOS="1215" WIDTH="129" HEIGHT="25" WC="0.90" CONTENT="Malmberg."/><SP WIDTH="119" VPOS="1215" HPOS="536"/>
							<String ID="string_141" HPOS="655" VPOS="1216" WIDTH="24" HEIGHT="18" WC="0.96" CONTENT="E."/><SP WIDTH="14" VPOS="1216" HPOS="679"/>
							<String ID="string_142" HPOS="693" VPOS="1216" WIDTH="19" HEIGHT="23" WC="0.93" CONTENT="J."/><SP WIDTH="14" VPOS="1216" HPOS="712"/>
							<String ID="string_143" HPOS="726" VPOS="1215" WIDTH="110" HEIGHT="20" WC="0.86" CONTENT="Karanen."/>
						</TextLine>
						<TextLine ID="line_22" HPOS="492" VPOS="1245" WIDTH="210" HEIGHT="25">
							<String ID="string_144" HPOS="492" VPOS="1246" WIDTH="19" HEIGHT="24" WC="0.95" CONTENT="J."/><SP WIDTH="9" VPOS="1246" HPOS="511"/>
							<String ID="string_145" HPOS="520" VPOS="1246" WIDTH="19" HEIGHT="24" WC="0.95" CONTENT="J."/><SP WIDTH="13" VPOS="1246" HPOS="539"/>
							<String ID="string_146" HPOS="552" VPOS="1245" WIDTH="150" HEIGHT="19" WC="0.96" CONTENT="Westerlund."/>
						</TextLine>
					</TextBlock>
				</ComposedBlock>
			</PrintSpace>
		</Page>
	</Layout>
</alto>
