1111 1773
248 153 86 24 Ständ.
351 153 53 23 Pet.
420 167 28 2 —
463 153 174 23 Petitionsbet.
654 153 40 22 N:o
711 153 21 22 7.
843 153 25 20 11

143 286 144 28 Öfversättning.

169 319 86 18 Afskrift.

157 347 111 19 Direktören

123 377 29 18 för
164 377 139 23 Länsfängelset

169 406 5 17 i
188 406 71 23 Viborg

179 451 70 24 Viborg

116 480 37 19 den
167 481 21 18 13
200 481 51 17 Mars
264 479 49 19 1903.

173 509 36 18 N:o
221 509 39 18 149.

264 612 38 21 Till
318 611 190 22 Rådstufvurätten
525 612 7 21 i
547 612 93 27 Viborgs
657 611 52 22 stad.

183 687 95 22 Härmed
293 687 38 20 har
343 686 38 27 jag
391 688 51 19 äran
451 686 98 22 meddela
559 685 196 27 Rådstufvurätten,
765 688 32 19 att
808 685 62 28 gård-

113 716 158 21 farihandlaren
286 715 70 22 Johan
372 715 58 26 Silin,
447 721 46 15 som
509 715 22 21 af
545 714 190 22 Rådstufvurätten
751 715 41 21 den
808 715 14 20 4
837 715 32 20 in-

114 745 121 21 nevarande
250 744 58 21 Mars
328 743 140 28 införpassats
486 744 32 21 till
533 743 105 28 fängelset
652 743 33 22 för
700 746 32 19 att
746 743 38 21 här
799 743 71 21 förva-

114 780 35 15 ras
165 773 31 22 till
211 773 40 22 den
269 773 26 21 18
310 773 7 21 i
333 773 69 21 denna
422 773 82 25 månad,
521 773 27 21 då
562 772 42 22 han
620 772 54 28 ånyo
690 772 66 22 borde
771 771 98 22 inställas

113 802 34 22 för
162 801 196 26 Rådstufvurätten,
374 802 17 26 ej
408 807 59 15 mera
482 801 95 21 befinner
593 801 33 27 sig
640 802 8 20 i
662 801 105 27 fängelset
777 803 52 19 utan
841 800 30 27 på

116 833 31 19 ett
161 831 74 21 hittills
251 830 101 22 oerhördt
367 832 42 19 sätt
423 829 70 22 blifvit
508 830 92 22 därifrån
616 829 87 22 befriad.

186 860 70 21 Sedan
275 859 39 27 jag
335 860 75 25 vägrat
432 858 140 22 efterkomma
588 858 151 22 Guvernörens
754 858 7 21 i
777 858 95 27 Viborgs

115 889 36 21 län
176 889 31 21 uti
221 889 7 20 i
243 887 84 22 afskrift
349 887 110 22 närslutna
474 887 111 22 skrifvelse
601 887 43 28 mig
658 887 124 22 meddelade
797 886 75 22 befall-

116 917 53 27 ning
184 917 110 27 angående
309 916 136 21 utlämnande
460 916 23 21 af
496 916 160 27 ifrågavarande
672 916 58 25 Silin,
743 916 71 21 såsom
826 915 46 21 icke

116 946 13 21 å
144 945 35 28 lag
194 945 103 28 grundad,
312 945 39 21 har
366 945 220 27 poliskommissarien
602 945 145 26 Kaitokangas
759 945 69 26 jämte
838 945 34 20 tre

116 974 80 27 poliser
218 976 72 19 natten
314 975 45 20 mot
381 973 40 22 den
445 974 12 21 7
473 973 145 22 innevarande
640 973 82 24 månad,
743 973 68 21 under
827 972 44 21 min

116 1003 99 21 frånvaro
238 1003 39 21 och
293 1004 50 19 utan
364 1002 44 21 min
423 1002 95 27 vetskap,
534 1002 27 27 på
576 1003 43 20 sätt
634 1008 45 15 som
695 1003 98 20 närmare
808 1000 64 22 fram-

117 1032 38 27 går
171 1038 26 15 ur
211 1031 130 27 protokollet
356 1030 58 22 öfver
430 1031 41 21 den
487 1031 49 21 med
551 1031 115 26 anledning
678 1030 62 22 däraf
749 1029 124 22 värkstälda

117 1060 194 27 undersökningen,
334 1059 79 27 nödgat
435 1059 116 28 fängelsets
573 1059 143 22 vaktmästare
730 1061 31 19 att
776 1059 97 20 utlämna

116 1089 78 27 fången
211 1089 57 25 Silin,
285 1088 111 27 stödjande
412 1088 36 21 sitt
462 1088 95 27 yrkande
575 1088 127 21 härutinnan
717 1088 28 27 på
760 1087 112 22 Guvernö-

117 1124 50 15 rens
182 1117 7 22 i
205 1117 92 27 Viborgs
312 1117 35 21 län
362 1117 79 20 honom
457 1117 124 21 meddelade
597 1116 103 27 skriftliga
718 1116 68 26 order,
803 1121 47 16 som
866 1115 7 20 i

116 1145 88 22 afskrift
218 1145 23 22 af
253 1145 84 22 afskrift
351 1145 38 21 här
404 1145 117 27 medföljer.

186 1174 75 22 Tillika
283 1174 32 21 får
327 1174 39 27 jag
377 1174 80 27 jämväl
472 1174 103 25 meddela,
591 1176 31 19 att
634 1173 38 27 jag
687 1173 31 22 uti
732 1172 76 23 afsänd
823 1178 48 21 rap-

117 1205 50 25 port
189 1209 35 15 om
247 1203 66 26 sagda
334 1202 130 27 tilldragelse
486 1203 134 21 underrättat
643 1201 230 28 Fångvårdsstyrelsen

117 1231 40 22 och
173 1232 39 21 hos
228 1231 69 22 denna
312 1231 87 21 anhållit
414 1237 34 15 om
464 1231 129 27 vidtagande
608 1230 22 22 af
643 1231 77 26 nödiga
735 1230 107 27 åtgärder.

593 1293 73 22 Bruno
682 1293 124 21 Breitholtz.

187 1373 131 22 Afskriftens
342 1374 102 27 riktighet
464 1374 117 27 bestyrker.
611 1373 93 27 Viborgs
727 1373 88 21 Rådhus
831 1371 43 22 den

119 1404 26 21 17
161 1409 57 16 mars
235 1403 60 21 1903.

661 1454 33 21 W.
711 1454 25 20 A.
753 1448 54 26 Örn.
