1114 1753
203 114 111 23 Ständer.
330 115 49 22 Pet.
396 127 28 4 —
440 113 270 24 Petitionsbetänkande
726 114 46 23 N:o
790 114 18 23 1.
865 115 13 20 7

126 180 97 27 pähjöde
248 180 133 26 utskrifning
404 180 22 21 af
451 180 109 26 manskap
581 180 35 21 för
631 180 60 21 aktiv
707 180 66 26 tjenst
789 180 7 20 i
812 178 68 28 ryska

125 213 99 24 trupper,
241 216 52 15 vare
310 210 33 26 sig
359 210 65 21 dessa
441 211 38 20 äro
496 210 101 26 förlagda
613 210 59 21 inom
689 210 53 21 eller
754 212 60 18 utom
831 208 47 22 Fin-

125 240 59 21 land.
210 239 120 27 Angäende
347 239 70 22 sädan
433 242 47 19 mot
496 240 59 20 finsk
570 240 108 26 grundlag
694 239 114 21 stridande
825 238 54 22 mili-

123 270 104 26 tärtjenst
243 270 55 26 hysa
314 269 124 22 Ständerna
455 276 86 15 samma
557 270 140 27 uppfattning
715 269 42 21 och
769 268 109 27 farhägor,

125 306 48 14 som
186 300 88 20 uttalats
286 299 22 22 af
321 299 57 21 1899
390 299 36 21 ärs
437 300 81 20 urtima
527 299 106 27 landtdag
641 300 7 20 i
657 299 50 21 dess
717 305 51 15 svar
777 298 13 22 ä
799 298 81 28 nädiga

125 330 168 26 propositionen
305 328 114 27 angäende
428 336 29 20 ny
466 329 177 27 värnepligtslag.
661 329 32 21 Dä
701 328 77 27 frägan
788 335 36 15 om
833 330 46 20 vär-

125 359 112 27 nepligten
253 359 7 20 i
277 359 93 21 Finland
389 359 42 21 och
446 359 92 21 därmed
559 358 219 27 sammanhängande
794 357 86 28 angelä-

123 389 107 26 genheter
261 389 47 21 icke
333 389 85 21 kunnat
441 389 68 21 vinna
535 395 27 14 en
584 388 87 22 hållbar
692 388 88 27 lösning
800 394 79 21 genom

127 418 158 27 författningen
304 419 23 21 af
344 418 24 21 är
389 419 63 24 1901,
472 419 42 21 och
533 418 28 21 dä
580 419 37 20 det
630 419 35 20 för
683 417 197 22 samhället
807 413 13 37 i
829 417 51 22 dess

126 448 74 22 helhet
224 450 24 19 är
266 449 176 26 oundgängligen
456 448 141 27 nödvändigt,
623 450 31 19 att
677 448 125 28 ytterligare
828 447 52 22 kon-

125 478 72 21 flikter
213 479 41 21 och
278 479 97 27 olyckor,
400 485 48 14 som
470 478 109 27 uppstode
595 485 78 20 genom
694 478 77 21 vidare
787 477 92 28 tillämp-

126 509 52 26 ning
204 509 23 20 af
253 509 68 26 sagda
343 509 135 25 författning,
498 507 67 22 måtte
587 508 136 27 förebyggas,
743 507 57 28 våga
818 507 62 21 Stän-

126 538 71 21 derna
231 541 90 23 emotse,
354 540 31 19 att
411 538 68 21 Eders
512 538 121 27 Kejserliga
664 537 101 28 Majestät
795 537 85 22 täcktes

126 569 6 20 i
159 567 69 22 nåder
252 568 112 25 förordna,
390 570 32 19 att
446 567 167 28 tillämpningen
637 568 23 21 af
676 568 43 21 den
738 567 141 27 värnepligts-

125 598 136 26 författning,
288 605 48 14 som
365 597 110 22 utfärdats
499 598 42 21 den
568 598 27 21 12
616 598 40 26 juli
682 597 35 29 (29
735 597 55 28 juni)
816 596 64 27 1901,

127 627 57 22 skall
200 634 79 21 genom
296 628 137 21 omedelbart
449 627 133 22 inställande
599 627 22 22 af
637 627 118 28 uppbåden
770 627 109 27 upphöra,

126 657 34 22 till
176 658 51 21 dess
244 660 31 19 att
291 657 77 28 frågan
384 664 37 15 om
438 657 123 28 värnepligt
576 658 7 21 i
595 657 93 22 Finland
700 657 72 21 blifvit
782 658 7 20 i
800 657 79 27 grund-

127 687 107 27 lagsenlig
258 689 41 25 väg
323 688 92 26 afgjord,
440 690 58 18 samt
521 689 32 19 att
576 688 27 20 de
624 687 6 21 i
647 687 119 26 anledning
782 687 23 21 af
822 686 56 21 1901

126 717 38 21 års
181 717 129 27 författning
326 718 34 20 för
376 717 151 22 uteblifvande
549 716 50 22 från
615 716 90 28 uppbåd
721 716 55 22 eller
792 717 6 21 i
815 716 65 27 öfrigt

127 747 36 21 för
186 747 170 27 författningens
379 746 175 28 genomförande
578 747 113 27 påbjudna
709 746 110 28 påföljder
838 746 42 21 för-

127 777 60 21 falla.
220 776 47 22 Och
284 777 28 21 då
328 777 151 27 provisoriska
496 776 102 28 åtgärder
613 777 75 21 kunna
702 782 54 16 vara
767 777 23 21 af
806 776 74 22 nöden

127 807 73 21 under
224 807 42 21 den
288 807 38 25 tid,
352 813 47 15 som
423 806 92 22 förlider
538 806 33 21 till
591 807 50 21 dess
658 806 159 27 militärfrågan
833 812 47 15 var-

127 837 41 21 der
192 836 94 28 lagligen
310 836 92 26 ordnad,
425 837 63 21 torde
512 836 67 28 nådig
604 837 137 27 proposition
766 835 114 28 angående

127 866 86 22 sådana
234 866 108 27 åtgärder,
367 873 47 15 som
436 867 20 26 ej
481 867 99 21 kunna
569 862 16 35 i
601 866 161 21 administrativ
778 868 42 25 väg
835 866 45 20 vid-

126 899 70 24 tagas,
226 896 23 21 få
279 896 22 22 af
330 896 134 27 landtdagen
488 898 102 20 emotses.
621 896 62 22 Hvad
708 896 104 22 särskildt
835 896 45 21 vid-

128 926 102 22 kommer
260 926 221 27 gardesbataljonens
511 928 126 25 temporära
660 926 168 27 komplettering
852 925 29 28 på

126 956 168 27 frivillighetens
315 958 47 25 väg,
380 962 54 16 anse
450 956 34 27 sig
499 956 124 22 Ständerna
635 956 75 21 kunna
726 956 105 25 förklara,
843 958 37 22 att,

127 986 50 21 med
200 986 105 21 afseende
321 986 13 21 å
354 986 130 22 nuvarande
504 986 95 27 sakläge,
612 985 72 27 någon
696 986 76 21 vidare
784 986 97 21 medver-

126 1016 45 21 kan
183 1015 76 22 härför
272 1015 49 22 från
339 1016 136 21 Ständernas
492 1016 49 21 sida
557 1017 19 26 ej
593 1022 53 15 vore
663 1016 22 21 af
701 1016 80 21 nöden.

200 1044 79 23 Såsom
300 1052 28 15 en
345 1046 51 21 länk
413 1046 6 20 i
436 1046 28 21 de
481 1046 98 27 olyckor,
602 1045 75 21 hvilka
696 1045 95 22 drabbat
806 1045 76 21 landet

127 1075 8 20 i
166 1075 55 26 följd
250 1075 23 21 af
304 1075 43 21 den
374 1081 44 22 nya
443 1075 305 27 värnepligtsförfattningens
776 1075 106 21 tillkomst

126 1105 43 21 och
196 1105 180 26 genomförande,
399 1105 93 22 framstå
509 1105 26 21 de
560 1104 256 28 lagstiftningsätgärder,
833 1111 48 14 som

128 1134 81 22 rubbat
248 1135 132 21 —domarenes
416 1135 42 21 och
490 1135 71 26 öfriga
592 1135 144 27 tjenstemäns
770 1135 110 26 ställning.

126 1164 43 21 Till
186 1165 141 27 garantierna
344 1165 34 20 för
394 1165 180 26 rättsordningen
590 1165 55 20 höra
661 1165 27 21 de
704 1164 177 27 grundlagsstad-

125 1194 97 26 ganden,
246 1194 66 27 enligt
337 1194 75 22 hvilka
436 1195 92 21 domare
552 1194 49 22 icke
620 1194 63 21 skola
699 1197 53 18 utan
768 1195 51 26 laga
834 1200 49 15 ran-

128 1224 94 27 sakning
247 1224 42 21 och
314 1224 51 21 dom
389 1224 70 21 varda
483 1224 115 27 förlustige
616 1224 49 21 sina
684 1224 108 21 embeten.
825 1223 58 22 Enär

125 1254 68 21 äfven
218 1254 40 20 hos
283 1254 27 21 de
335 1254 140 21 förvaltande
499 1254 183 28 myndigheterna
704 1253 140 28 tillämpning
860 1253 23 21 af

126 1284 38 26 lag
187 1284 42 21 och
253 1284 157 27 författningar
433 1285 66 25 utgör
521 1290 27 15 en
573 1284 125 27 betydande
721 1283 36 21 del
778 1284 23 21 af
817 1284 65 20 deras

129 1313 92 27 uppgift,
238 1315 40 19 äro
293 1313 83 27 jemväl
392 1314 27 20 de
436 1314 178 21 administrativa
629 1314 183 26 tjenstemännen,
832 1313 51 21 med

128 1343 114 27 undantag
266 1344 22 20 af
304 1344 61 20 vissa
381 1344 125 26 kategorier
521 1343 69 21 bland
606 1343 57 25 dem,
679 1349 78 21 genom
774 1343 109 27 grundlag

126 1373 118 27 skyddade
268 1376 46 19 mot
338 1373 126 28 godtycklig
487 1373 126 27 afsättning.
645 1372 7 22 I
677 1373 66 21 dessa
761 1373 122 21 afseenden

128 1403 90 26 stadgar
241 1403 136 26 exempelvis
401 1402 157 22 stadfästelsen
575 1402 28 29 pä
628 1402 56 22 1789
701 1402 36 22 ärs
753 1402 129 28 Förenings-

126 1432 43 21 och
186 1432 166 26 Säkerhetsakt,
368 1434 32 20 att
418 1432 57 22 »alla
492 1433 91 21 domare
594 1433 7 20 i
612 1432 67 27 högre
690 1433 41 21 och
743 1432 60 27 lägre
814 1434 68 20 rätter
