1114 1778
286 148 415 43 Sammanjämkningsbetänkande.
816 151 54 30 17

116 226 85 26 konselj
227 226 6 21 i
258 225 121 22 Nationens
398 225 69 26 sköte,
485 226 43 21 den
545 225 145 28 lagskipande
707 226 41 21 och
765 225 105 21 värkstäl-

118 256 65 21 lande
200 256 102 21 maktens
319 255 115 22 orubbade
451 256 68 25 skick,
537 268 29 3 —
583 268 27 3 —
623 255 102 22 försäkra
736 255 83 22 Finska
829 255 41 21 Na-

116 286 75 21 tionen
208 292 36 15 om
261 285 51 22 dess
328 285 105 27 politiska
449 285 120 22 tillvarelse
588 285 42 22 och
642 285 27 21 de
680 285 128 27 rättigheter
820 285 50 21 den-

116 321 86 16 samma
224 315 97 26 åtfölja».
342 315 54 22 »Vid
413 315 125 22 ordnandet
554 315 23 22 af
593 315 105 21 Finlands
715 314 154 22 förhållanden

116 346 41 20 har
178 346 45 20 min
248 345 66 27 afsigt
334 345 57 21 varit
407 347 31 19 att
454 345 59 27 gifva
530 345 60 21 detta
606 345 46 21 folk
669 345 90 27 politisk
775 345 94 21 tillvaro:

117 374 24 22 så
164 377 32 19 att
218 375 36 21 det
269 375 49 21 icke
334 374 37 22 må
387 380 54 16 anse
457 375 33 27 sig
507 374 74 22 såsom
597 374 24 22 af
636 374 111 28 Ryssland
764 374 104 26 eröfradt,

116 407 54 19 utan
186 406 75 20 såsom
278 404 119 22 förbundet
413 405 50 21 med
479 405 125 21 detsamma
619 410 79 21 genom
715 405 35 21 sin
766 410 55 21 egen
833 410 37 21 up-

116 435 100 27 penbara
232 434 80 26 fördel;
329 434 75 21 därför
420 434 67 22 hafva
504 434 49 22 icke
566 434 95 21 allenast
677 434 50 21 dess
739 433 130 28 borgerliga,

116 467 53 19 utan
186 464 69 22 också
272 465 50 21 dess
338 464 105 27 politiska
460 464 61 28 lagar
537 464 147 22 bibehållits».

188 621 31 20 En
243 620 105 27 återgång
364 620 32 21 till
413 620 43 22 den
473 621 80 26 lagliga
569 621 123 26 ordningen
709 622 24 19 är
750 621 49 21 icke
815 621 55 21 före-

117 651 43 20 nad
178 651 50 20 med
245 649 69 28 några
330 650 85 21 sådana
432 650 136 28 svårigheter
584 650 54 22 eller
654 650 168 27 förvecklingar,
840 653 32 18 att

118 681 27 20 de
162 681 34 20 för
213 681 130 20 densamma
360 679 144 28 erforderliga
520 679 133 28 åtgärderna
664 680 23 21 af
698 680 114 27 praktiska
822 681 48 20 skäl

117 710 69 21 borde
209 710 97 21 fördelas
330 709 29 28 på
383 716 27 15 en
427 710 76 27 längre
519 710 106 27 tidsföljd.
653 710 40 21 Det
711 710 44 21 kan
774 712 95 19 tvärtom

117 746 65 16 anses
206 740 63 27 höjdt
288 740 62 21 öfver
366 740 75 26 hvarje
457 740 83 25 tvifvel,
558 742 31 19 att
610 746 27 15 en
659 740 212 28 systemförändring

118 771 6 20 i
149 769 71 22 sådan
242 770 96 26 riktning
355 769 85 22 medför
457 770 37 21 det
510 772 57 19 mest
583 770 204 21 tillfredsställande
804 770 67 21 resul-

118 802 37 23 tat,
173 806 36 15 om
226 800 43 22 den
286 800 50 21 sker
352 800 6 20 i
376 800 41 21 den
435 800 138 27 omfattning,
593 802 32 19 att
635 799 51 22 dess
697 799 105 22 ändamål
813 806 57 15 ome-

118 829 87 22 delbart
221 829 153 27 förvärkligas,
391 830 116 22 hvaremot
523 831 30 20 ett
569 829 116 28 långsamt,
697 830 122 21 successivt
830 830 40 21 till-

118 859 142 27 vägagående
280 860 36 20 vid
336 860 165 27 upphäfvandet
518 860 23 20 af
557 860 27 21 de
601 860 6 21 i
624 860 37 21 det
676 859 134 28 föregående
826 866 44 15 om-

119 890 115 25 förmälda,
259 888 49 22 från
324 889 108 27 grundlag
453 890 120 21 afvikande
589 890 191 26 författningarna,
797 890 75 20 hvilka

118 920 48 20 icke
184 921 38 19 äro
239 920 35 20 för
290 919 174 27 medborgarene
480 920 114 26 rättsligen
610 919 149 27 förpliktande
771 920 41 20 och
824 920 47 20 där-

118 950 34 20 för
168 950 37 20 vid
225 950 34 20 sin
271 949 138 27 tillämpning
420 949 71 22 måste
503 949 119 21 framkalla
633 951 31 20 ett
674 949 133 27 berättigadt
819 951 51 19 mot-

118 978 72 26 stånd,
207 978 72 22 skulle
295 982 53 18 utan
365 978 72 28 någon
456 979 158 22 motsvarande
630 979 70 21 fördel
712 979 101 27 förlänga
824 981 46 19 osä-

118 1009 106 21 kerheten
243 1010 7 20 i
265 1009 178 21 rättstillståndet
467 1010 41 20 och
533 1009 51 21 dess
605 1009 122 28 tryckande
743 1009 83 22 verkan
843 1009 29 27 på

118 1039 175 21 sambhällslifvet.
326 1039 110 21 Utskottet
456 1041 25 19 är
497 1039 42 21 ock
556 1038 120 22 förvissadt
692 1039 84 25 därom,
793 1041 32 19 att
840 1046 31 14 re-

117 1069 178 26 geringsmakten
312 1069 51 26 själf
386 1068 56 21 skall
467 1069 74 21 erfara
557 1075 28 15 en
601 1069 171 27 utomordentlig
787 1069 84 21 lättnad

118 1099 6 20 i
141 1098 149 27 fullgörandet
314 1099 22 20 af
360 1099 48 20 sina
432 1099 112 27 uppgifter
567 1099 42 21 och
633 1099 55 21 röna
704 1105 27 15 en
748 1099 71 21 under
835 1099 37 21 det

117 1129 131 21 nuvarande
268 1131 105 24 systemet
397 1129 47 21 icke
469 1128 76 27 möjlig
569 1128 114 28 framgång
707 1129 22 20 af
752 1129 35 21 sin
811 1128 59 22 verk-

118 1158 92 26 samhet,
228 1165 35 14 om
282 1158 36 21 det
334 1159 7 20 i
357 1159 76 26 hvarje
450 1159 39 20 fall
505 1159 141 26 nödvändiga
662 1161 69 24 steget
749 1160 86 25 uttages
846 1158 25 21 så

117 1188 145 27 fullständigt,
279 1190 31 19 att
330 1188 80 22 folkets
427 1188 128 22 förtroende
574 1189 31 20 till
624 1189 140 26 regeringens
781 1188 90 27 afsigter

118 1218 129 27 därigenom
264 1218 138 21 omedelbart
417 1219 81 21 varder
513 1217 119 23 återväckt.

190 1248 109 21 Utskottet
314 1248 41 22 har
371 1248 49 21 icke
436 1248 51 21 bort
503 1248 117 21 underlåta
636 1250 31 19 att
683 1248 57 21 fästa
754 1248 117 27 uppmärk-

117 1278 115 28 samheten
255 1278 35 20 vid
314 1278 36 21 det
371 1277 146 26 förhållande,
536 1280 31 19 att
583 1278 27 21 de
627 1278 80 27 nödiga
722 1278 149 21 förutsättnin-

117 1314 68 21 garna
197 1308 35 21 för
241 1310 30 19 att
282 1309 96 20 normalt
387 1307 194 28 landtdagsarbete
591 1309 34 20 för
633 1308 139 21 närvarande
781 1308 88 21 saknas.

117 1337 97 22 Härmed
238 1337 84 28 åsyftas
341 1337 120 28 ingalunda
487 1338 80 21 endast
591 1338 42 22 den
657 1338 70 27 bjerta
750 1340 121 19 motsatsen

117 1367 95 22 emellan
228 1367 158 28 förordningen
403 1368 23 21 af
441 1368 43 21 den
501 1368 14 21 2
532 1369 55 26 april
606 1367 57 23 1903
679 1368 41 21 och
735 1369 27 20 de
773 1367 99 28 rättsliga

117 1398 117 26 garantier,
252 1398 50 21 med
323 1398 74 21 hvilka
416 1398 251 27 Landtdagsordningen
688 1397 115 27 omgärdat
819 1397 53 22 folk-

117 1428 212 26 representationen,
339 1430 53 18 utan
404 1427 92 22 fastmer
507 1428 51 20 hela
569 1428 43 21 den
623 1427 98 22 rådande
733 1426 138 28 rubbningen

117 1457 22 21 af
156 1458 42 20 den
215 1457 80 27 lagliga
314 1457 128 27 ordningen.
476 1458 47 21 Den
543 1458 66 20 ofvan
637 1457 59 27 gifna
715 1457 156 21 framställnin-

117 1493 41 21 gen
174 1487 66 26 visar,
266 1488 30 20 att
320 1486 137 22 Ständernas
474 1488 6 20 i
497 1488 108 26 grundlag
621 1487 106 27 stadgade
745 1487 127 27 rättigheter

189 1528 61 19 Särsk.
264 1528 52 18 Besv.
330 1529 46 17 utsk.
390 1528 31 18 bet.
437 1528 35 18 N:o
486 1530 15 16 1.
