1109 1773
284 165 26 19 76
460 163 249 22 Petitionsbetänkande
726 163 38 23 N:o
780 163 24 22 4.

250 233 134 27 ändpunkter,
400 238 30 16 att
445 235 70 20 nämda
530 235 138 20 sädeshandels
685 234 117 26 utveckling
817 235 7 20 i
842 235 66 20 landet
930 235 79 26 möjlig-

250 266 66 22 göres.
347 263 46 20 Med
416 263 77 26 hänsyn
509 263 32 20 till
556 264 45 19 vårt
614 264 132 25 järnvägsnät
760 264 60 20 borde
835 263 82 26 Ladoga
932 263 76 21 indelas

250 291 7 20 i
272 294 30 17 ett
324 298 64 17 norra,
411 292 102 19 mellersta
536 292 36 20 och
596 292 57 20 södra
672 292 88 26 distrikt,
776 292 22 20 af
812 292 70 20 hvilka
898 292 59 21 hvart
972 293 36 20 och

250 322 30 17 ett
294 320 54 25 finge
363 321 30 19 sin
409 327 49 20 egen
475 321 57 20 bana,

320 349 44 19 Den
387 349 103 26 naturliga
512 349 173 26 utgångspunkten
710 349 32 20 för
760 356 59 14 norra
833 349 102 20 distriktet
950 352 59 23 utgör

250 376 120 26 Sordavala,
387 384 41 13 som
444 378 60 20 redan
520 378 36 20 har
571 379 29 18 sin
614 379 93 25 järnväg.

321 406 105 20 Mellersta
441 407 98 19 områdets
554 407 102 24 ändpunkt
671 407 61 19 borde
747 407 29 20 bli
791 407 118 25 Kronoborg
924 407 36 20 och
976 406 33 21 det

251 434 59 20 södra
326 435 99 20 områdets
441 435 95 26 slutligen
552 435 128 20 Sortanlahti.

322 463 110 20 Sordavala
455 464 90 20 kommer
568 467 29 17 att
612 464 61 19 hafva
688 464 162 20 Nord-Karelens
866 463 119 27 mjölhandel
1001 465 6 18 i

250 492 44 20 sina
307 492 82 25 händer,
399 492 51 20 blott
466 493 93 25 tillfylles
570 493 83 25 driftiga
663 493 105 20 affärsmän
779 493 77 19 bosätta
866 493 32 25 sig
908 493 26 25 på
944 493 64 20 denna

251 523 39 17 ort.
321 520 73 21 Staden
418 521 37 20 har
475 521 75 26 jämväl
572 521 60 20 redan
655 521 63 20 brutit
733 521 55 26 bygd
804 522 31 19 för
850 521 62 20 denna
928 521 78 26 handel,

251 549 37 20 och
304 550 142 25 utvecklingen
463 557 59 18 synes
538 550 26 25 gå
578 550 6 19 i
600 549 37 20 här
652 550 128 20 omförmälda
798 550 96 25 riktning.

322 577 32 20 Då
368 573 105 35 Nyslott—
482 579 128 19 Elisenvaara
624 579 86 25 järnväg
724 579 94 25 utdrages
833 578 32 20 till
879 578 128 26 Kronoborgs

251 606 119 27 handelsby,
394 607 89 20 kommer
505 607 63 20 denna
582 608 53 25 plats
650 610 30 17 att
696 612 69 21 utgöra
780 607 226 25 förmeälingsstationen

251 635 31 19 för
304 635 99 20 Savolaks
426 636 130 19 sädeshandel
578 635 71 20 liksom
672 636 60 19 också
755 636 31 19 för
809 631 142 29 Österbottens,
971 639 35 16 när

251 663 86 26 Nyslott
359 671 71 18 genom
450 665 87 25 järnväg
551 667 61 17 sättes
628 665 6 18 i
650 665 120 20 förbindelse
786 665 43 19 med
844 663 162 21 Savolaksbanan

251 692 37 20 och
312 693 38 19 den
373 693 44 19 frän
437 693 104 20 Ylivieska
556 693 32 20 till
603 693 122 26 Haapajärvi
741 693 142 26 petitionerade
896 693 110 26 järnvägen

251 721 103 20 fortsättes
370 721 31 20 till
417 722 83 20 Iisalmi.

323 750 59 20 Hvad
406 751 42 19 äter
470 750 81 26 Ladoga
566 750 57 20 södra
638 751 97 19 tvärbana
750 751 130 24 vidkommer,
895 757 47 12 vore
958 750 46 19 den-

251 784 76 14 samma
349 780 23 18 af
392 782 42 17 stor
455 780 103 25 betydelse
581 779 44 20 icke
648 780 70 19 endast
736 780 32 20 för
790 778 163 22 Vuoksendalens
969 779 37 20 och

250 806 94 26 sydöstra
365 808 97 20 Karelens
485 808 157 25 sädestransport
656 812 48 16 utan
720 809 59 19 äfven
794 809 32 19 för
840 808 58 19 södra
914 807 90 26 Finland,

250 842 42 13 som
315 836 7 19 i
341 836 105 20 framtiden
466 836 75 20 komme
556 839 29 18 att
600 837 104 20 förmedels
720 836 63 21 denna
797 838 86 24 järnväg
898 836 64 20 införa
977 837 28 19 all

250 864 38 19 den
304 864 42 25 säd,
362 872 41 12 som
419 866 43 19 frän
477 865 99 26 Ryssland
593 866 59 25 säljes
668 866 25 25 pä
708 866 58 20 södra
781 865 91 20 Finland.

321 893 10 20 I
354 894 44 19 stöd
420 895 23 18 af
464 894 36 20 här
523 894 80 26 bilagda
626 895 118 24 handlingar
766 894 38 20 och
820 895 146 19 bevismaterial
982 897 22 17 är

251 921 124 21 Sortanlahti
398 923 100 20 utmärkta
513 923 57 20 hamn
585 925 30 18 att
630 929 56 14 anses
701 930 42 13 som
758 923 37 20 den
811 923 130 25 naturligaste
956 923 49 20 änd-

251 951 89 25 punkten
363 951 31 20 för
417 951 63 20 denna
498 951 172 26 sydost-karelska
689 953 57 24 bana,
762 951 38 20 och
815 952 31 19 fär
858 952 36 25 jag
909 951 54 26 förty
979 952 25 25 pä

251 979 61 20 ofvan
334 980 83 19 anförda
439 981 87 25 grunder
544 984 49 17 samt
608 981 125 20 refererande
748 981 32 19 till
795 979 132 27 nyssnämnda
942 980 62 20 hand-

250 1007 66 26 lingar
332 1009 101 20 vördsamt
451 1009 80 25 föreslå,

469 1076 30 18 att
521 1081 27 13 nu
570 1075 123 24 församlade
717 1074 88 21 Ständer
822 1075 48 19 ville
882 1075 124 24 petitionera

397 1106 37 23 att,
451 1105 51 24 efter
518 1105 34 19 och
564 1104 30 25 på
609 1105 65 25 grund
690 1105 25 25 af
727 1104 107 21 värkstäld
848 1105 111 19 ekonomisk
971 1105 35 20 och

396 1134 141 20 instrumental
560 1134 154 26 undersökning,
738 1134 61 25 nådig
811 1135 126 24 proposition
952 1135 53 24 före-

398 1164 54 20 lades
476 1165 58 19 nästa
558 1164 95 26 landtdag
676 1171 31 14 om
726 1164 100 26 byggande
842 1165 25 24 af
880 1171 23 13 en
918 1165 87 20 normal-

396 1194 70 25 spärig
485 1194 89 25 järnväg
591 1194 49 25 från
656 1195 128 20 Sortanlahti
799 1195 60 19 hamn
875 1195 33 19 till
922 1194 84 25 Koljola

396 1224 75 20 station
488 1224 12 20 å
515 1224 102 20 Karelska
636 1225 71 19 banan.

321 1281 128 26 Helsingfors
464 1281 37 21 den
518 1281 26 20 20
560 1282 102 20 december
679 1281 62 21 1904.

729 1339 61 23 Gust.
808 1339 125 23 Petterson.

323 1522 187 24 Järnvägsutskottets
523 1524 109 18 betänkande
644 1524 34 18 N:o
691 1526 17 16 2.
