1109 1775
244 150 30 21 34
390 148 348 24 Petitiousbetänkande
753 148 54 23 N:o
825 149 26 22 7.

791 188 27 29 ?

247 459 151 27 Öfversättning.

607 512 38 22 IV.

321 578 35 21 Då
380 578 88 21 arbetet
491 578 43 21 den
559 578 26 21 12
601 578 102 21 februari
721 578 57 21 1904
794 578 60 21 hade
870 577 129 28 pähegynts

247 608 14 21 å
278 608 28 21 de
322 607 7 22 i
345 607 87 28 Viborg
449 608 168 21 utkommande
632 607 149 28 tidningarna
800 608 140 27 »Karjala'»s
954 608 45 21 och

250 645 9 11 »
263 637 119 28 Wiipurin
399 637 126 22 Sanomain
542 637 127 28 Supistus'»
688 638 122 21 redaktion
827 638 44 21 och
884 638 14 21 ä
909 644 90 15 samma

247 667 69 21 blads
333 668 84 20 kontor
433 669 61 19 samt
510 667 29 21 dä
555 668 88 20 arhetet
658 667 30 28 pä
705 668 112 27 Karjala's
838 667 160 28 Boktryckeri-

247 697 150 27 Aktiebolags
420 697 107 27 tryckeri,
549 697 89 21 hvilket
661 697 69 27 bolag
746 699 27 19 är
788 699 67 25 ägare
871 697 35 21 till
922 697 77 21 ofvan-

249 727 87 20 nämda
359 727 124 26 tidningar,
504 727 110 20 likaledes
631 733 40 15 var
687 727 7 20 i
711 727 42 21 full
769 727 65 27 gäng,
851 727 98 21 infunno
966 726 34 27 sig

248 757 169 21 innehafvaren
441 757 26 20 af
487 757 228 26 guvernörsämbetet
737 757 8 20 i
769 757 62 20 länet
848 757 151 27 Mjäsojedoff,

249 786 263 27 gendarmofficerarena
529 787 158 20 Kramarenko
705 787 43 20 och
771 793 28 14 en
816 793 78 14 annan
911 787 24 20 sä
952 787 49 20 vidt

249 816 23 21 vi
289 818 58 24 veta,
364 817 40 20 vid
420 823 73 14 namn
509 816 82 21 Gieber
606 823 45 14 von
669 816 142 26 Greifenfels,
822 817 178 26 polismästaren

249 846 8 20 i
278 846 97 27 Wiborg
400 846 101 26 Sirelius,
523 846 327 27 poliskammarsekreteraren
869 846 131 27 Reudolph-

251 875 156 27 Pusirewsky,
431 876 267 26 poliskommissarierna
720 876 157 26 Kaitokangas
898 876 43 20 och
958 876 42 20 Ta-

251 905 75 21 banos
350 907 61 19 samt
434 912 28 14 en
486 905 47 27 hop
557 905 84 27 poliser
663 906 44 20 och
724 906 142 26 gendarmer,
883 906 24 20 af
921 905 80 21 hvilka

251 941 81 15 senare
356 942 29 13 en
406 935 36 20 del
459 935 107 20 kvarblef
583 935 38 20 vid
637 937 58 25 yttre
712 935 91 26 dörren,
820 935 28 21 de
864 936 70 26 högre
950 935 51 20 her-

251 971 69 14 rarna
337 965 7 20 i
361 964 184 28 paraduniform,
561 964 74 21 under
647 965 170 21 Kramarenkos
829 965 93 27 ledning
933 965 69 27 plöts-

251 994 41 27 ligt
315 994 8 21 i
347 994 234 26 redaktionslokalen,
602 994 93 21 hvarest
715 995 13 20 å
745 996 156 26 guvernörens
918 996 86 25 vägnar

251 1024 29 20 de
297 1024 73 21 andra
387 1024 29 28 på
432 1024 69 27 ryska
518 1024 44 21 och
575 1024 68 27 tyska
655 1026 60 19 samt
727 1024 147 27 Pusirewsky
885 1024 30 27 på
926 1024 77 20 finska

251 1053 132 21 förklarade
399 1054 119 26 tidningen
536 1054 91 27 Karjala
643 1054 70 27 enligt
729 1054 76 27 utslag
821 1054 25 20 af
859 1055 143 26 guvernören

250 1083 37 27 för
303 1083 62 21 alltid
381 1090 53 14 vara
453 1084 105 27 indragen
579 1085 58 19 samt
652 1084 50 20 hela
719 1084 107 27 tidnings-
843 1084 41 20 och
901 1083 101 27 tryckeri-

251 1114 94 20 rörelsen
361 1114 82 26 stängd
458 1114 29 26 på
503 1114 74 26 grund
594 1113 25 21 af
632 1116 33 18 att
682 1114 64 20 Hans
764 1114 107 26 Majestät
882 1114 122 26 Kejsarens

251 1143 193 27 krigsförklaring
460 1145 49 19 mot
524 1144 76 26 Japan
617 1144 18 26 ej
654 1144 59 20 hade
729 1144 88 26 tryckts
829 1144 13 20 å
853 1144 71 20 första
936 1143 67 21 sidan

251 1172 8 21 i
281 1173 121 27 tidningen
428 1173 98 27 Karjala,
543 1175 55 19 utan
615 1173 57 21 först
687 1173 7 21 i
711 1173 83 28 början
811 1173 24 21 af
849 1172 154 29 nyhetsafdel-

252 1203 93 27 ningen.
371 1203 43 21 Det
425 1203 101 27 uppstod
538 1209 27 14 en
577 1203 131 28 betydande
720 1203 133 21 villervalla.
877 1203 77 21 Under
966 1203 38 20 det

252 1235 34 18 att
309 1233 165 21 redaktörerna
496 1233 35 20 för
551 1233 28 21 de
595 1233 71 27 högre
683 1233 109 21 herrarne
809 1233 66 20 sökte
891 1233 113 26 klargöra,

252 1265 34 18 att
303 1269 62 19 man,
382 1263 147 26 iakttagande
543 1263 76 26 vanlig
631 1263 106 26 ordning,
749 1263 58 20 först
817 1263 81 26 intagit
909 1263 13 20 å
932 1263 72 20 första

253 1292 68 21 sidan
344 1299 117 14 annonser
477 1293 44 20 och
537 1293 98 20 ledande
651 1293 99 20 artikeln
768 1295 60 18 samt
845 1293 70 20 sedan
932 1292 72 27 nyhe-

252 1324 73 24 terna,
343 1322 78 21 utdref
436 1322 155 27 Kaitokangas
607 1323 138 26 personalen
763 1322 50 21 från
827 1322 123 27 tryckeriet
960 1321 44 21 till-

253 1351 103 21 hötande
381 1352 53 20 med
458 1351 142 28 sabelbaljan
623 1352 60 26 dem,
700 1359 51 14 som
768 1352 102 21 försökte
886 1352 73 20 ordna
976 1351 29 21 de

253 1381 76 21 under
348 1381 64 21 hand
431 1381 102 21 varande
549 1382 116 26 arbetena,
682 1384 60 18 samt
759 1382 77 26 någon
853 1388 76 14 annan
946 1381 59 20 kon-

252 1411 189 27 torspersonalen
458 1411 50 21 från
525 1411 112 26 kontoret,
653 1411 84 21 medan
748 1411 150 26 kassörskan,
910 1411 95 20 hvilken

253 1447 52 14 som
323 1441 52 20 bäst
390 1441 103 20 räknade
509 1441 92 26 kassan,
622 1441 73 21 måste
711 1441 80 21 lämna
808 1441 75 21 denna
900 1441 106 20 oräknad

252 1471 46 20 och
315 1471 61 20 oläst
392 1471 7 20 i
415 1473 110 22 rummet;
542 1471 128 26 nycklarna
686 1471 34 20 till
737 1471 72 26 bägge
825 1471 119 20 lokalerna
955 1477 50 14 om-

327 1512 58 16 Särsk.
399 1512 48 17 Besv.
461 1512 44 17 utsk,
518 1512 29 17 bet.
560 1511 33 18 N:o
606 1517 16 15 4.
