1111 1778
307 152 274 24 Petitionsbetänkande
597 154 44 22 N:o
657 154 19 22 1.
839 156 26 18 17

477 399 26 20 V.

323 458 173 21 Hedervärda
511 458 181 20 Bondeständ.

185 512 36 20 Ett
239 511 22 20 af
276 511 59 27 lagen
351 511 98 27 tryggadt,
465 511 22 20 af
502 511 90 20 normala
608 511 140 21 förhällanden
764 511 102 28 skyddadt

114 541 120 21 samhällslif
249 543 58 25 utgör
322 549 25 12 en
363 541 22 21 af
400 541 74 21 folkets
490 541 116 27 dyrbaraste
622 541 103 21 förmäner.
750 541 79 21 Genom
839 549 26 13 en

114 572 64 20 under
200 571 140 21 århundraden
361 571 141 27 försiggängen
522 566 122 32 utveckling,
660 571 49 20 efter
724 571 74 27 otaliga
813 572 53 27 pröf-

113 602 72 27 ningar
200 601 51 20 hade
267 601 34 20 det
315 601 68 21 finska
399 601 64 21 folket
477 601 6 20 i
499 601 54 20 detta
569 601 93 20 afseende
680 602 125 26 smäningom
815 609 50 20 upp-

113 632 45 20 nått
172 639 24 12 en
213 631 102 27 ställning,
331 639 42 12 som
389 631 44 20 med
449 631 46 20 skäl
510 631 68 20 kunde
593 631 100 20 erkännas
709 632 65 19 såsom
793 632 44 26 god.
853 632 11 20 I

114 661 107 27 synnerhet
244 661 64 20 under
331 661 33 20 det
379 669 48 19 nyss
443 661 100 20 afslutade
561 661 64 20 seklet
643 661 26 20 ha
687 661 154 21 förhällandena
859 662 5 19 i

115 691 54 20 detta
184 691 72 20 liksom
272 691 5 20 i
294 691 73 26 mänga
382 692 63 19 andra
460 691 109 20 afseenden
585 695 44 22 steg
644 691 31 20 för
690 695 43 23 steg
742 691 122 21 förbättrats.

115 722 46 19 Den
183 721 91 20 enskilde
294 721 152 27 medborgarens
462 721 92 27 trygghet
569 721 57 20 såväl
642 720 30 21 till
688 728 71 19 person
775 728 42 13 som
833 721 30 20 till

115 751 96 26 egendom
227 758 55 13 vann
299 751 74 26 stadga.
397 751 45 21 Och
456 751 118 26 rättigheten
586 750 30 22 till
626 758 26 13 en
663 750 142 27 allmännyttig
815 758 50 13 sam-

115 781 75 20 verkan
206 781 128 26 medborgare
349 781 86 20 emellan
451 781 68 20 kunde
534 781 80 20 utöfvas
630 780 37 21 allt
677 787 41 14 mer
728 781 137 20 oförhindradt

115 814 51 17 samt
181 811 103 20 ästadkom
301 814 28 17 ett
344 811 113 26 betydande
473 810 181 21 framätskridande
664 811 27 26 pä
701 810 53 21 olika
765 811 99 20 omräden.

186 841 27 20 Vi
235 844 46 17 veta
303 840 41 21 alla
367 841 51 20 huru
438 840 91 27 sakläget
544 841 109 20 sedermera
668 841 64 20 under
747 841 24 20 de
787 844 78 17 senaste

115 871 47 20 åren
185 871 36 20 har
243 871 87 20 ändrats.
361 871 11 20 I
396 871 108 26 synnerhet
527 871 35 20 har
577 871 33 20 det
625 870 75 26 nådiga
715 871 114 20 manifestet
844 871 21 20 af

115 901 38 20 den
179 902 11 19 2
214 900 51 27 april
289 902 56 19 1903
369 901 105 26 angäende
493 900 186 27 upprätthällandet
694 901 22 20 af
731 900 38 21 den
785 900 80 27 statliga

114 931 109 26 ordningen
245 930 38 21 och
304 931 34 20 det
353 930 103 21 allmänna
471 930 71 27 lugnet
556 931 6 19 i
577 930 89 21 Finland
682 931 50 20 varit
746 931 75 26 egnadt
836 933 29 18 att

113 961 139 20 åstadkomma
275 961 86 26 ändring
383 961 5 19 i
412 961 62 20 ofvan
490 960 91 27 antydda
595 960 115 21 afseenden.
740 961 47 20 Den
803 960 62 25 makt,

114 997 41 14 som
179 991 114 26 därigenom
317 990 97 21 förlänats
437 991 203 26 generalguvernören
664 990 43 20 icke
730 990 85 20 allenast
837 994 28 16 att

114 1022 71 25 stänga
200 1020 93 21 enskilda
307 1020 145 27 affärsföretag,
468 1020 93 27 förbjuda
577 1020 178 21 sammankomster
767 1021 38 20 och
815 1027 50 20 upp-

113 1050 43 20 lösa
179 1050 118 26 föreningar,
321 1053 48 17 utan
386 1050 60 20 äfven
466 1054 30 16 att
511 1051 65 19 utvisa
591 1050 93 20 enskilda
699 1050 127 26 medborgare
842 1057 23 13 ur

113 1080 75 25 landet,
211 1080 103 20 äfvensom
338 1080 74 26 nädiga
427 1080 104 27 reskriptet
547 1080 21 20 af
583 1080 38 20 den
638 1081 27 19 21
682 1080 103 20 december
802 1081 63 22 1903,

113 1117 42 13 som
171 1110 86 26 stadgar,
273 1113 30 17 att
318 1117 98 19 personer,
432 1110 70 20 hvilka
518 1110 104 27 förbjudits
638 1113 30 17 att
683 1110 60 20 vistas
754 1110 6 19 i
771 1110 94 24 Finland,

112 1140 43 20 icke
166 1140 32 20 mä
209 1140 78 26 åtnjuta
297 1146 47 14 vare
355 1140 29 26 sig
394 1139 104 21 allmänna
506 1140 93 26 politiska
607 1140 49 20 eller
663 1140 129 20 kommunala
798 1140 67 26 rättig-

112 1170 60 24 heter,
188 1170 69 20 afvika
272 1170 42 20 helt
323 1170 37 20 och
372 1169 62 21 hället
444 1170 46 20 frän
498 1170 38 20 allt
544 1170 39 25 det,
592 1176 42 14 som
642 1170 62 20 sedan
714 1170 152 20 urminnestider

112 1200 72 20 rotfäst
199 1200 30 26 sig
243 1201 6 19 i
266 1200 43 20 värt
325 1200 54 20 folks
395 1200 182 26 rättsuppfattning
591 1200 37 20 och
645 1206 41 14 som
702 1201 22 19 är
739 1200 127 26 nödvändigt

112 1230 32 20 för
166 1230 38 20 den
228 1229 91 21 normala
340 1230 142 26 utvecklingen
499 1230 22 20 af
536 1230 47 20 vära
599 1229 147 21 förhällanden.
777 1229 88 21 Berörda

113 1260 124 26 stadganden
253 1260 26 20 ha
295 1260 6 19 i
317 1260 48 20 våra
380 1260 42 20 inre
438 1260 141 20 förhållanden
591 1260 140 20 åstadkommit
741 1259 72 21 talrika
824 1259 41 20 för-

112 1290 155 26 därfbringande
283 1290 102 26 störingar,
402 1289 79 21 hvilkas
497 1290 121 26 verkningar
632 1290 50 20 varit
693 1289 104 21 kännhara
808 1289 57 21 såväl

113 1320 26 26 på
159 1320 33 20 det
212 1319 130 21 ekonomiska
358 1326 41 14 som
416 1320 6 20 i
438 1320 108 26 synnerhet
561 1320 26 26 på
603 1320 34 20 det
651 1319 109 21 kulturella
775 1319 89 21 området

112 1350 37 20 och
165 1350 68 20 hvilka
249 1350 60 20 äfven
325 1350 58 26 gifvit
399 1350 29 26 sig
444 1350 80 26 uttryck
538 1350 65 20 däruti
613 1353 29 17 att
652 1350 74 26 många
736 1349 127 27 medborgare

113 1380 83 20 utvisats
217 1387 24 13 ur
255 1380 69 20 landet
340 1383 51 17 samt
406 1380 116 26 därigenom
538 1380 66 20 blifvit
620 1380 106 20 beröfvade
741 1380 44 20 sina
799 1379 64 27 politi-

113 1410 37 19 ska
172 1410 36 19 och
224 1409 129 20 kommunala
368 1410 119 25 rättigheter.
519 1410 122 26 Visserligen
657 1410 36 19 har
708 1409 119 26 stadgandet
842 1409 22 20 af

112 1439 39 20 den
171 1440 12 19 2
195 1439 49 26 april
258 1440 56 20 1903
326 1439 43 20 icke
380 1439 110 27 tillämpats
501 1439 64 20 under
575 1439 39 20 den
624 1439 116 21 nuvarande
749 1439 115 26 generalgu-

113 1470 106 19 vernörens
235 1468 34 26 tid,
284 1476 45 12 men
345 1469 34 20 det
391 1468 84 21 oaktadt
486 1469 78 27 trycker
575 1469 109 20 detsamma
694 1468 36 21 allt
740 1468 124 20 fortfarande

184 1510 61 18 Särsk.
258 1510 53 18 Besv.
324 1509 48 19 utsk.
386 1510 32 18 bet.
432 1510 34 18 N:o
479 1510 16 17 1.
