1111 1775
253 152 82 22 Ständ.
354 152 54 22 Pet.
425 164 27 3 —
468 152 172 22 Petitionsbet.
656 151 40 23 N:o
712 152 21 22 7.
845 153 25 19 17

112 223 121 29 därjämte
253 224 63 22 skött
334 224 52 22 sina
406 228 60 24 egna
486 223 105 29 tjänster.
623 223 88 23 Likaså
724 223 45 23 har
781 224 90 22 krono-

111 258 175 29 fogdetjänsten
315 258 6 22 i
347 257 133 23 Sordavala
500 257 78 23 härad
597 258 61 22 varit
676 257 63 29 ledig
757 258 114 28 omkring

113 295 32 19 ett
171 294 33 26 år,
222 292 47 22 tills
288 292 47 22 den
354 293 7 21 i
380 292 72 22 slutet
470 292 27 22 af
513 292 56 22 1904
590 292 94 22 besatts.
722 292 37 22 En
780 293 91 22 krono-

112 327 199 28 länsmanstjänst
329 328 7 20 i
355 326 171 23 förstnämnda
539 326 77 23 härad
629 327 45 22 har
687 326 115 23 likaledes
815 328 56 22 stått

113 364 80 27 öppen
229 361 108 23 altsedan
374 368 66 15 mars
476 361 56 23 1904
562 361 46 22 och
639 361 124 23 därunder
793 362 77 22 hand-

113 396 63 22 hafts
195 396 26 22 af
236 397 38 21 två
294 396 114 24 vikarier;
428 402 30 16 en
477 402 83 16 annan
579 396 7 21 i
607 395 102 23 Stranda
728 396 78 22 härad
825 396 46 22 har

113 430 60 23 efter
199 430 63 22 förre
287 430 188 22 innehafvarens
494 430 86 29 afgång
599 430 78 22 under
695 437 84 15 senare
799 430 70 23 delen

113 465 26 22 af
155 466 27 21 år
201 465 56 21 1903
274 465 51 22 haft
344 466 19 28 ej
383 464 97 23 mindre
500 467 30 20 än
549 465 53 29 fyra
620 464 164 29 innehafvare,
801 464 72 23 däraf

113 506 31 15 en
163 498 129 27 ordinarie,
312 506 56 15 men
381 506 44 15 var
443 498 41 23 vid
498 499 87 29 början
604 499 26 22 af
646 500 27 22 år
686 499 55 23 1905
753 500 64 28 ånyo
831 507 39 15 va-

113 534 66 22 kant.
216 534 241 28 Länsmanstjänsten
486 534 8 21 i
522 533 91 29 Björkö
632 534 47 22 och
699 533 31 23 St.
749 534 120 22 Johannis

115 568 117 23 socknars
251 568 95 22 distrikt
364 568 45 22 har
428 568 19 29 ej
465 568 52 22 haft
530 568 122 22 ordinarie
664 568 159 23 innehafvare
836 576 34 15 se-

114 603 49 22 dan
182 603 89 22 medlet
289 603 26 22 af
327 603 46 28 juli
393 603 27 22 år
439 603 61 23 1904.

182 635 73 24 Huru
275 637 131 30 tjänsterna
426 637 80 22 under
524 637 92 23 sådana
632 637 171 23 förhållanden
816 637 53 22 blif-

114 672 34 22 vit
174 672 78 22 skötta
280 674 27 21 är
330 672 42 23 lätt
390 673 34 21 att
442 673 59 22 inse.
540 672 86 23 Härtill
646 672 67 23 skola
733 671 136 24 Ständerna

113 706 83 29 längre
213 707 62 22 fram
295 707 159 22 återkomma.

184 741 55 22 Men
257 741 7 22 i
281 741 66 29 fråga
357 748 41 15 om
412 741 204 22 karaktäristiken
629 741 25 22 af
665 741 47 22 den
726 741 143 23 nuvarande

115 775 192 23 administrativa
330 776 257 28 tjänstemannakåren
611 776 8 21 i
643 775 100 30 Viborgs
768 775 48 28 län,
836 777 33 21 åt-

114 810 122 22 minstone
254 811 69 21 inom
336 810 30 23 de
384 810 64 29 lägre
466 810 127 29 graderna,
610 811 39 22 må
663 811 45 22 här
725 810 143 23 framhållas

113 846 34 21 att
169 844 53 23 icke
246 845 48 22 alla
317 845 54 22 dess
396 844 163 23 medlemmar
583 845 122 28 obetingat
722 852 43 15 ens
783 845 86 22 kunna

111 881 58 26 göra
189 879 105 29 anspråk
312 880 32 28 på
363 881 33 21 att
414 879 94 29 åtnjuta
522 879 187 29 medborgerligt
721 879 146 23 förtroende.

112 913 87 22 Denna
218 913 178 29 omständighet
415 913 45 23 har
479 914 96 22 erhållit
593 914 37 22 sin
649 914 126 29 belysning
788 920 79 15 exem-

113 947 76 29 pelvis
207 953 88 23 genom
314 947 108 29 följande
440 948 48 22 fall.
525 948 46 22 Vid
591 955 30 15 en
639 948 138 22 häradsrätt
789 948 14 22 å
816 948 52 22 lan-

112 982 39 22 det
170 982 62 22 hade
251 989 30 15 en
300 982 191 30 poliskonstapel
510 983 128 29 åberopats
656 982 36 23 till
710 983 81 27 vittne,
810 989 57 15 men

111 1016 72 22 tilläts
209 1016 20 29 ej
255 1017 89 28 aflägga
369 1016 157 29 vittneseden,
552 1017 30 23 då
601 1017 49 22 han
669 1017 20 29 ej
708 1024 43 16 var
769 1016 100 23 försedd

112 1050 57 23 med
193 1050 144 30 fräjdebevis
363 1051 45 23 och
427 1053 79 21 rätten
532 1052 19 28 ej
571 1051 83 23 kunde
674 1058 57 16 anse
749 1052 48 22 den
817 1058 52 16 om-

112 1085 135 29 ständighet
269 1087 34 21 att
321 1086 49 22 han
388 1085 124 23 innehade
530 1086 133 29 befattning
681 1086 7 22 i
708 1086 39 22 det
765 1086 103 22 allmän-

111 1126 43 16 nas
173 1120 72 28 tjänst
264 1122 82 26 utgöra
367 1120 65 22 bevis
446 1128 42 14 om
502 1120 47 29 god
561 1120 70 29 fräjd,
644 1120 103 23 emedan
759 1120 40 22 det
809 1126 58 16 vore

111 1154 76 22 kändt
209 1156 33 20 att
259 1155 69 21 inom
348 1154 139 30 poliskåren
506 1155 88 22 funnes
613 1155 70 23 äfven
702 1155 52 22 icke
773 1154 95 29 välfräj-

111 1188 62 23 dade
192 1196 121 22 personer.
345 1189 45 23 Vid
408 1189 138 29 afgifvande
565 1189 25 23 af
600 1189 47 23 den
660 1190 139 28 förklaring,
813 1196 54 15 som

110 1223 57 22 med
190 1223 132 30 anledning
339 1224 71 22 häraf
427 1224 26 23 af
469 1224 122 23 hofrätten
610 1224 147 23 affordrades
776 1226 91 20 rättens

111 1257 154 29 ordförande,
284 1265 44 15 var
346 1258 80 23 denne
433 1253 13 39 i
472 1259 92 22 tillfälle
583 1260 33 21 att
634 1259 89 29 styrka,
743 1260 33 21 att
795 1259 26 22 af
837 1258 30 23 de

110 1299 123 22 personer,
252 1300 54 15 som
325 1293 31 29 på
374 1293 86 22 hösten
481 1293 27 22 år
527 1293 56 23 1903
600 1293 114 23 tillhörde
727 1293 140 30 poliskåren

109 1327 8 21 i
135 1326 102 29 Viborgs
260 1327 59 28 stad,
339 1334 30 15 en
387 1327 47 22 och
454 1327 81 23 därtill
554 1335 30 15 en
603 1328 25 22 af
644 1327 223 27 kommissarierne,

109 1361 65 22 förut
193 1361 151 23 omnämnde
362 1361 64 23 Juho
447 1362 164 29 Kaitokangas
629 1362 77 23 blifvit
723 1363 25 22 af
758 1361 108 23 domstol

109 1395 50 22 fäld
188 1395 39 22 för
256 1396 136 29 afgifvande
422 1397 27 22 af
474 1396 72 23 falskt
563 1397 144 28 vittnesmål,
726 1396 90 23 medan
835 1403 31 15 en

108 1429 129 30 konstapel
264 1432 27 21 år
319 1431 55 22 1880
401 1430 82 23 dömts
510 1433 34 20 att
562 1431 38 22 för
618 1431 158 29 förfalskning
795 1430 72 23 mista

785 1473 11 18 2
