1111 1773
317 156 244 22 Petitionsbetänkande
579 156 37 23 N:o
632 156 24 22 4.
836 159 26 19 51

110 220 160 23 Borgareståndet
282 222 58 21 jämte
353 224 27 14 ett
390 221 69 22 jämväl
473 220 19 18 af
503 221 71 18 Raumo
587 221 51 18 stads
651 223 132 21 representant
798 221 65 17 omfat-

111 250 41 18 tadt
176 250 187 22 petitionsmemorial
376 250 42 17 med
431 249 86 18 anhållan
531 255 28 12 om
573 250 83 18 ståndets
669 250 113 18 medvärkan
798 250 29 18 till
840 255 23 13 en

111 278 120 23 underdänigi
243 279 78 22 petition
335 279 68 20 därom,
416 280 26 16 att
454 284 23 12 en
490 279 136 23 normalspårig
636 279 79 23 järnväg
727 279 80 18 emellan
823 272 40 24 Åbo

111 308 41 21 och'
165 308 70 22 Nystad
254 308 41 17 med
313 312 22 13 en
353 307 98 19 Nådendal
470 308 28 22 sig
514 308 101 18 närmande
634 307 109 23 sträckning
760 307 61 19 blefve
834 307 29 19 för

110 336 122 18 statsvärkets
244 337 81 22 räkning
338 336 60 18 utförd
413 337 41 17 med
466 336 66 22 medel,
540 342 38 12 som
588 337 105 17 Ständerna
701 337 30 17 vid
738 336 58 23 sagda
803 336 60 18 landt-

111 366 37 22 dag
166 366 43 17 ville
228 365 29 18 för
269 365 107 18 ändamålet
387 366 69 17 anvisa.
480 366 105 17 Enahanda
596 366 82 22 petition
690 366 117 17 inlämnades
823 366 41 17 där-

109 396 59 21 jämte
186 394 29 18 till
233 394 139 18 Bondeståndet
393 394 20 18 af
423 397 176 21 representanterna
612 394 28 18 för
654 395 78 18 Wehmo
747 395 35 17 och
795 395 67 17 Masku

112 424 103 22 domsagor.
238 424 59 17 Innan
311 423 54 18 dessa
377 424 107 22 petitioner,
496 424 63 17 hvilka
571 424 7 17 i
591 424 88 18 afseende
692 424 11 17 &
716 424 103 22 beredning
835 428 28 13 re-

112 452 109 18 mitterades
239 452 30 18 till
287 452 113 18 Ständernas
415 452 165 23 järnvägsutskott,
599 452 62 18 blifvit
676 452 20 18 af
713 453 90 17 utskottet
819 453 45 17 slut-

111 481 123 25 behandlade,
253 482 48 17 hade
319 483 175 21 representanterna
507 481 29 18 för
548 481 75 23 Nystad,
636 482 99 18 Nådendal
748 482 35 17 och
797 475 45 27 Åbo,
857 481 6 17 i

112 511 85 22 enlighet
216 510 42 18 med
276 512 27 16 ett
321 511 27 17 uti
366 510 110 18 förberörda
488 511 185 22 petitionsmemorial
688 511 62 22 gjordt
763 510 100 21 förbehåll,

111 539 93 19 meddelat
217 540 91 17 utskottet
326 539 31 18 det
369 540 94 22 sistsagda
476 540 63 18 städer
552 539 98 18 förbundit
662 540 29 22 sig
704 542 32 19 att,
749 539 77 19 såframt
841 539 23 18 då

111 568 110 18 församlade
231 568 79 18 Ständer
322 568 87 18 anvisade
422 568 61 18 medel
496 568 28 18 för
536 568 106 18 oftanämda
646 568 166 23 järnvägsföretag,
827 568 35 18 och

111 598 44 18 dess
173 597 98 18 utförande
290 600 44 15 utan
353 598 89 17 särskildt
460 597 87 23 dröjsmål
559 598 121 21 värkstäldes,
693 597 81 23 bidraga
787 598 30 17 till
830 598 33 17 be-

111 626 92 18 täckande
216 626 20 18 af
247 626 22 18 de
282 626 42 18 med
337 627 71 17 banans
421 626 96 23 byggande
530 626 88 18 förenade
631 626 126 19 kostnaderna
769 626 45 18 med
829 626 34 18 föl-

109 656 58 22 jande
180 656 76 22 belopp:
275 656 70 22 Nystad
359 655 41 19 med
412 656 75 21 400,000
500 656 57 20 mark,
569 656 96 17 Nådendal
679 655 41 18 med
734 655 62 22 70,000
810 655 53 18 mark

112 687 48 15 samt
178 678 39 24 Åbo
230 685 41 17 med
284 685 74 21 300,000
370 684 52 18 mark
434 685 47 17 eller
494 684 77 18 sålunda
584 684 41 18 med
638 684 136 23 sammanlagdt
788 684 75 22 770,000

112 714 58 18 mark.
195 714 94 22 Därjämte
308 714 47 17 hade
368 714 94 18 särskilda
474 714 162 18 landskommuner
649 715 35 17 och
697 713 86 19 enskilda
797 719 66 17 perso-

111 748 34 12 ner
159 742 56 18 utfäst
228 743 29 22 sig
269 745 27 15 att
309 742 113 18 understöda
435 742 95 23 företaget.
556 743 42 17 Men
610 744 46 16 trots
670 745 26 15 att
709 743 73 21 nämda,
795 742 21 18 af
827 743 36 17 den

111 772 107 22 föreslagna
235 772 112 22 järnvägens
366 772 92 18 tillkomst
476 778 39 12 mer
528 772 46 18 eller
586 772 72 18 mindre
671 772 126 18 intresserade
811 772 51 18 kom-

112 806 67 12 muner
190 800 59 18 iklädt
261 801 29 22 sig
299 800 137 23 jämförelsevis
449 800 105 23 betydande
567 800 132 24 uppoffringar,
708 802 34 16 och
755 800 76 19 oaktadt
839 800 23 19 de

112 830 92 22 erbjudna
221 829 90 23 bidragen
325 835 44 12 voro
384 830 22 17 så
424 830 44 23 högt
479 830 92 23 tilltagna,
583 832 27 16 att
622 830 92 22 företaget
726 830 138 22 otvifvelaktigt

111 858 62 18 blifvit
185 858 28 18 för
225 859 112 17 statsvärket
350 859 86 21 lönande,
450 859 38 17 höll
499 859 179 23 järnvägsutskottet
694 859 44 22 före,
745 861 27 16 att
779 858 86 18 utföran-

112 888 32 17 det
153 887 29 23 Jaf
198 887 61 19 denna
285 888 54 22 banal
350 888 29 18 för
397 888 122 18 statsvärkets
538 889 79 22 räkning
636 889 43 17 icke
698 889 62 22 borde,
781 889 6 16 i
806 888 57 18 täflan

112 917 42 18 med
167 917 58 18 andra
243 922 39 13 mer
295 917 162 23 maktpäliggande
468 917 165 23 järnvägsföretag,
646 918 111 17 åtminstone
772 917 43 18 icke
830 922 34 13 un-

112 946 35 17 der
165 946 41 17 den'
219 947 93 18 närmaste
332 946 58 21 tiden,
403 946 139 23 ifrägakomma.
567 947 93 18 Utskottet
673 947 81 22 föreslog
769 946 54 23 förty,
836 948 29 16 att

111 975 100 18 omordade
223 975 103 22 petitioner
338 975 42 18 icke
393 975 61 18 skulle
466 975 96 18 föranleda
574 976 29 17 till
616 975 65 23 ätgärd
693 975 42 18 frän
748 975 114 18 Ständernas

112 1004 49 21 sida;
180 1004 33 17 och
232 1004 39 17 blef
289 1004 50 18 detta
358 1004 69 22 förslag
444 1004 96 23 godkändt
557 1004 21 17 af
588 1005 79 17 ständen
681 1004 41 18 med
736 1004 95 23 undantag
846 1003 21 18 af

111 1033 146 21 Prästeständet,
270 1039 39 12 som
322 1033 89 18 förenade
425 1033 29 22 sig
466 1039 29 11 om
508 1036 26 15 ett
546 1034 20 17 sä
578 1033 80 23 lydande
671 1033 190 22 resolutionsförslag:

111 1062 133 21 verkännande
265 1061 141 23 ifrågavarande
423 1062 172 23 järnvägsföretags
616 1061 46 18 fulla
680 1062 135 23 berättigande,
831 1063 34 16 har

112 1091 144 20 Prästeständet,
274 1091 6 17 i
300 1091 120 17 betraktande
440 1091 20 17 af
477 1093 27 15 att
522 1091 51 17 detta
591 1091 72 22 företag
681 1091 61 18 under
755 1091 109 17 nuvarande

111 1119 130 18 förhällanden
255 1120 106 22 lämpligast
373 1120 53 17 torde
440 1120 122 22 förvärkligas
575 1120 59 18 säsom
648 1125 22 12 en
684 1120 78 22 enskild,
779 1119 85 18 afstaten

111 1148 159 18 subventionerad
283 1148 53 21 bana,
349 1149 41 17 icke
402 1148 61 18 denna
473 1149 48 23 gäng
528 1149 71 17 kunnat
608 1148 121 23 understödja
738 1148 122 18 förevarande

111 1177 178 23 petitionsförslag.'*

181 1212 62 18 Under
257 1212 22 18 de
293 1213 25 21 år,
331 1218 39 12 som
383 1212 48 18 efter
443 1214 74 17 senaste
530 1212 125 18 ständermöte
668 1213 75 22 förgätt,
759 1213 34 17 har
807 1217 59 14 mera

111 1241 73 21 nämda,
203 1241 28 18 för
249 1241 48 23 hela,
310 1242 94 22 sydvästra
417 1241 90 18 Finlands
520 1242 119 18 ekonomiska
653 1242 34 18 och
699 1242 75 22 andliga
786 1242 79 18 utveck-

110 1270 41 22 ling
163 1270 68 22 vigtiga
243 1270 90 23 spörsmä]
345 1271 47 17 varit
404 1270 78 18 föremäl
495 1270 29 18 för
536 1270 85 18 fortsatta
633 1270 162 24 öfverläggningar
813 1271 50 17 inom

111 1299 24 18 de
153 1299 110 18 kommuner
283 1300 58 17 saken
353 1302 83 15 närmast
450 1300 61 20 berör,
533 1300 34 17 och
581 1300 34 18 har
628 1300 33 18 allt
673 1300 91 23 tydligare
777 1300 88 22 framgätt

111 1330 27 16 att
150 1327 130 23 ifrägakomna
297 1328 95 18 landsdels
407 1328 44 18 kraf
461 1329 24 22 pä
498 1328 113 19 förbättrade
623 1328 183 19 kommunikationer
821 1329 43 17 icke

110 1357 64 23 längre
192 1356 65 18 kunna
275 1358 71 17 lämnas
363 1358 107 18 obeaktade.
496 1354 122 26 Öfvertygade
630 1363 30 13 om
673 1360 26 16 att
711 1364 26 11 nu
750 1357 113 19 församlade

111 1386 79 18 Ständer
208 1386 53 18 skola
279 1386 85 22 behjärta
370 1386 136 23 Fnyssberörda
518 1386 122 22 förhållande,
652 1388 70 17 emotse
740 1388 16 16 vi
770 1386 42 18 med
825 1386 39 18 till-

110 1415 72 22 försigt,
200 1417 28 15 att
241 1415 141 19 Prästeständet
394 1416 56 17 måtte
464 1416 91 22 välvilligt
567 1416 122 22 understödja
704 1416 32 18 det
750 1416 71 22 förslag
833 1421 28 12 om

110 1444 97 23 byggande
225 1444 20 18 af
263 1444 107 18 oftanämda
386 1445 81 22 järnväg
485 1445 17 17 vi
521 1445 77 17 härmed
617 1444 61 18 tillåta
696 1450 30 12 oss
745 1444 116 18 underställa

111 1472 83 19 ständets
207 1472 88 24 upplysta
309 1473 88 23 pröfning

183 1514 186 23 Järnvägsutskottets
381 1514 111 18 betänkande
505 1515 33 18 N:o
552 1516 15 16 2.
