1111 1767
256 169 86 24 Ständ.
358 170 52 22 Pet.
429 183 26 3 —
471 170 174 23 Petitionsbet.
660 170 42 23 N:o
718 171 20 22 7.
834 170 42 22 123

172 238 85 27 Utdrag
272 245 26 15 ur
314 238 171 22 undertecknads
502 238 158 28 sjukjournaler
674 238 32 22 för
722 239 23 21 är
762 239 61 21 1904.

185 295 49 22 Den
250 296 12 20 2
278 295 100 28 Augusti.

186 329 158 26 Suontakanen,
360 329 62 26 Emil,
437 330 28 21 24
481 329 28 27 är,
525 332 81 19 matros
616 329 28 28 pä
655 330 98 27 galeasen
767 339 8 11 »
779 330 95 21 Suomi».

118 358 57 22 Skall
190 359 7 20 i
214 359 37 26 gär
266 358 56 22 kväll
338 357 69 22 blifvit
421 358 74 27 slagen
511 358 22 21 af
547 358 79 28 poliser
642 359 90 21 ombord
745 359 28 26 pä
783 358 92 28 fartyget

117 389 55 20 samt
186 387 123 28 ytterligare
325 387 145 21 misshandlad
485 388 8 20 i
507 387 135 27 polishäktet.
672 387 87 22 Företer
775 389 32 19 ett
817 387 57 22 cirka

117 416 13 21 2
145 421 33 16 cm
192 415 60 28 längt
273 415 154 28 skarpkantadt
444 416 35 21 sär
495 416 13 21 &
523 417 120 26 näsryggen
658 415 107 28 tillfogadt
779 415 95 28 tydligen

116 444 49 21 med
180 445 74 26 skarpt
269 450 75 21 vapen,
359 450 26 15 en
401 443 57 22 cirka
473 450 26 15 en
515 450 33 16 cm
563 444 51 27 läng
628 444 77 22 särnad
716 444 59 22 öfver
786 446 88 20 venstra

117 472 44 22 öfre
184 473 133 26 ögonlocket,
338 473 122 26 sugillation
490 473 64 28 kring
579 475 87 20 venstra
688 475 55 25 ögat,
766 479 17 16 c.
806 473 13 21 6
841 479 33 15 cm

117 501 99 22 ofvanom
237 503 88 20 venstra
346 503 47 20 örat
415 503 31 20 ett
468 502 71 27 nägon
562 507 32 16 cm
616 501 60 28 längt
696 502 62 27 ytligt
774 501 35 22 sär
824 501 49 22 med

115 530 116 26 rodnande,
247 530 87 26 svullen,
350 529 73 28 blodig
438 530 119 27 omgifning
571 533 56 18 samt
641 531 66 27 nägot
721 530 91 21 framom
823 530 49 21 sist-

116 559 93 21 nämnda
230 559 117 21 kontusion
370 564 26 15 en
420 559 83 21 svullen
525 559 39 22 röd
586 558 60 22 fläck.
676 558 66 23 Ofver
757 559 80 21 midten
852 558 24 21 af

117 586 105 23 hufvudet
236 587 66 27 något
318 587 30 21 till
364 587 67 27 höger
446 593 34 16 om
504 587 134 22 medellinien
654 587 68 22 finnes
738 589 31 20 ett
783 587 47 22 litet
845 587 27 26 1/,

116 622 32 15 cm
163 616 61 26 långt
237 615 161 22 kontunderadt
413 615 35 22 sår
458 616 48 21 med
517 616 73 27 blodig
600 615 124 28 omgifning.
753 611 20 26 Ä
784 622 89 21 ryggen,

116 644 128 22 skuldrorna
258 644 40 22 och
314 644 133 22 sidodelarne
461 644 24 22 af
497 645 61 21 bålen
574 644 68 22 finnas
659 645 103 21 utbredda
773 644 45 22 dels
828 644 44 21 blå-

117 675 77 23 svarta,
217 672 45 22 dels
288 672 52 22 röda
364 672 152 28 sugillationer,
541 673 94 27 tydligen
657 672 109 28 tillfogade
792 672 80 22 medels

116 701 80 27 ganska
211 701 71 22 starka
298 701 52 27 slag.

184 758 48 22 Den
247 758 15 21 4
277 758 103 22 Oktober.

184 786 136 27 Laukkanen,
334 787 74 21 Petter
422 787 77 26 Johan,
515 787 27 21 58
558 787 29 26 år,
603 787 116 22 skräddare
734 787 6 21 i
755 787 116 27 Tegelbru-

115 815 42 21 ket.
188 815 58 22 Skall
268 815 68 22 blifvit
359 815 73 28 slagen
453 818 86 19 senaste
553 818 47 20 natt
614 816 7 21 i
637 816 129 27 polishäktet
780 816 48 22 med
844 822 26 15 en

115 850 64 21 pamp
194 843 23 22 af
230 850 26 15 en
272 844 55 27 polis
343 844 39 22 och
397 844 38 21 bär
451 851 39 20 syn
505 844 33 21 för
553 846 72 25 sägen,
636 850 87 22 ryggen,
734 845 86 21 axlarne
830 844 40 22 och

114 878 98 16 armarne
234 872 124 22 fullbesatta
378 873 49 21 med
448 872 172 28 tväfingerbreda
634 873 68 27 tjockt
717 873 88 26 svullna,
820 873 50 21 härs

115 900 38 22 och
176 902 59 20 tvärs
258 901 81 27 gäende
361 901 88 22 bläröda
468 902 153 26 sugillationer,
643 902 136 27 synbarligen
800 902 70 21 ästad-

113 929 79 21 komna
207 930 49 21 med
271 930 57 27 tjock
343 930 39 21 och
399 929 49 28 grof
461 936 71 21 pamp.

183 980 46 22 Den
245 980 14 21 4
275 981 102 22 Oktober.

182 1009 112 26 Rissanen,
310 1010 76 25 Johan,
402 1009 27 21 28
441 1009 30 25 är,
487 1010 181 22 cementarbetare
683 1010 7 21 i
701 1010 88 22 Sorvali.
813 1010 58 22 Skall

113 1037 127 28 föregäende
255 1038 57 22 kväll
327 1038 69 22 blifvit
414 1038 3 21 i
433 1038 84 22 Sorvali
533 1038 72 27 slagen
621 1038 23 22 af
657 1044 26 16 en
698 1038 55 28 polis
769 1039 49 21 med
832 1038 37 22 nä-

114 1068 37 25 got
173 1066 57 28 slags
253 1072 67 22 vapen
336 1067 8 21 i
358 1066 105 22 hufvudet
486 1067 25 21 sä
532 1069 31 19 att
578 1067 41 21 han
635 1066 37 22 föll
686 1067 129 22 medvetslös
830 1067 40 21 och

113 1095 66 27 derpä
194 1095 92 26 sparkad
302 1097 45 20 mot
361 1095 88 26 kinden;
464 1094 80 23 företer
559 1097 31 20 ett
604 1095 62 28 ytligt
681 1096 35 21 sär
737 1098 58 19 tvärs
811 1095 59 22 öfver

112 1123 109 26 hufvudet,
236 1125 88 20 venstra
340 1123 60 22 sidan
415 1123 23 22 af
450 1123 80 22 kinden
546 1123 69 22 starkt
630 1124 88 21 svullen.

181 1180 48 21 Den
245 1180 26 22 31
288 1180 125 22 December.

180 1209 101 26 Malinen,
296 1209 53 22 Karl
365 1209 82 26 Gustaf,
463 1209 28 22 22
507 1209 30 26 är,
552 1209 98 22 arbetare
665 1209 7 22 i
688 1209 89 22 Sorvali.

181 1237 118 28 Uppgifver
314 1240 32 19 att
359 1237 41 22 han
416 1237 129 28 föregäende
561 1238 41 27 dag
617 1238 8 21 i
640 1238 38 21 sitt
692 1237 48 22 hem
755 1237 70 22 blifvit
839 1237 31 22 af-

111 1265 85 22 hemtad
219 1273 13 14 af
262 1268 78 19 tvänne
361 1267 85 26 poliser,
469 1266 72 22 hvilka
555 1266 43 22 fört
612 1266 79 22 honom
708 1266 30 22 till
753 1266 115 28 polisvakt-

111 1294 101 21 kontoret
227 1294 39 22 och
282 1295 38 21 der
335 1295 65 27 slagit
415 1295 39 22 och
471 1295 88 28 sparkat
573 1295 79 22 honom
668 1295 8 21 i
690 1297 91 20 närvaro
797 1295 23 21 af
832 1295 37 21 nä-

111 1329 42 20 gon
177 1323 57 27 slags
254 1323 182 28 öfverkonstapel;
459 1323 59 22 detta
541 1324 70 21 säsom
634 1323 42 22 han
692 1323 49 28 sjelf
754 1326 67 25 säger,
836 1323 33 22 till

110 1351 64 22 hämd
196 1351 33 22 för
250 1354 32 19 att
302 1351 42 22 han
367 1352 54 27 tagit
435 1353 6 20 i
457 1351 85 23 försvar
564 1358 26 15 en
613 1352 98 21 arbetare
730 1352 138 26 Pietikäinen,

110 1379 84 22 hvilken
216 1379 62 22 äfven
300 1380 34 22 för
356 1387 26 15 en
398 1381 31 21 tid
444 1381 67 21 sedan
527 1381 69 22 blifvit
610 1381 145 22 misshandlad
771 1380 22 22 af
806 1380 61 28 polis.

109 1408 94 21 Mannen
226 1409 79 22 företer
328 1415 26 16 en
371 1409 76 22 blånad
464 1409 32 22 till
511 1411 87 20 venster
612 1410 8 20 i
635 1415 91 21 pannan,
741 1415 26 16 en
783 1409 84 22 erosion

109 1436 49 22 med
182 1437 78 27 lindrig
282 1437 123 28 sugillation
421 1438 31 21 till
467 1437 68 28 höger
550 1439 7 20 i
572 1437 152 27 bakhufvudet,
739 1438 28 27 pä
782 1439 87 20 venstra

109 1465 86 22 klinkan
218 1472 26 15 en
267 1465 151 23 flathand-stor
441 1466 35 21 blå
499 1467 123 28 sugillation
642 1466 39 22 och
696 1473 26 15 en
738 1473 17 14 c.
771 1467 14 20 3
800 1465 68 28 finger
