1111 1775
283 144 15 20 4
486 142 217 22 Motionsbetänkande
720 142 34 21 N:o
769 141 21 22 2.

324 211 68 21 Hvad
407 211 58 21 först
481 210 271 28 straffbestämningarna
768 209 114 26 beträffar,
894 212 24 19 är
928 209 92 22 straffet

254 246 74 29 enligt
344 244 128 31 åberopade
487 245 101 28 lagrums
604 244 133 22 nuvarande
751 244 98 28 lydelse:

323 281 36 22 för
379 280 122 29 lägersmål
524 279 55 22 eller
598 287 76 14 annan
690 279 67 22 otukt
772 279 51 21 med
838 279 75 26 flicka,
929 286 49 14 som
994 278 22 29 ej

253 315 55 28 fyllt
324 315 47 22 tolf
383 317 35 19 år:
435 314 95 22 tukthus
545 314 51 21 från
612 313 42 23 och
670 314 52 21 med
738 315 39 20 två
792 313 36 22 till
843 313 43 22 och
900 313 51 22 med
968 315 49 20 åtta

254 352 25 19 år
294 349 56 22 eller
366 349 102 28 fängelse
485 349 20 28 ej
522 348 72 22 under
610 355 40 15 sex
665 347 108 22 månader
789 349 21 27 (1
826 349 87 26 mom.);

324 384 37 21 för
383 384 68 22 otukt
473 384 53 21 med
547 383 76 25 ficka,
639 390 49 15 som
704 383 45 28 fylt
765 383 46 21 tolf
823 390 52 14 men
892 382 20 29 ej
928 382 89 21 femton

254 420 25 20 år
295 419 43 21 och
355 418 62 21 förut
432 417 20 29 ej
471 418 77 21 blifvit
563 417 92 29 lägrad:
671 417 96 22 tukthus
778 417 8 21 i
796 417 69 27 högst
875 419 39 19 två
925 419 24 19 år
960 417 57 21 eller

255 453 104 28 fängelse
382 453 52 21 från
457 453 43 21 och
521 452 50 22 med
590 455 35 18 tre
640 452 109 21 månader
763 452 36 21 till
814 451 42 22 och
872 451 51 22 med
937 453 40 20 två
993 453 26 20 år

254 488 26 27 (2
294 488 82 26 mom.);
391 489 60 19 samt

324 521 36 22 för
382 521 111 28 lägesmål
515 521 49 21 med
582 521 93 25 kvinna,
691 528 48 14 som
758 520 54 29 fyllt
826 520 86 22 femton
926 527 52 14 men
993 519 23 30 ej

255 555 89 29 sjutton
360 557 24 20 år
400 556 43 21 och
459 555 62 22 förut
535 555 20 28 ej
572 555 78 21 blifvit
665 555 90 28 lägrad:
771 554 102 28 fängelse
883 555 7 20 i
902 555 68 27 högst
980 558 38 18 tre

254 591 110 21 månader
385 590 55 22 eller
463 589 65 23 böter
550 591 19 27 ej
594 590 66 22 öfver
675 589 124 22 trehundra
814 589 65 22 mark
895 589 24 29 (3
932 591 83 22 mom.).

325 624 82 29 Enligt
428 624 242 22 motionsmemorialet
692 624 74 22 skulle
788 624 36 21 för
842 624 61 22 det
896 620 15 37 i
924 626 3 19 I
945 631 70 14 mom.

254 660 102 20 nämnda
375 659 65 22 fallet
455 658 159 22 straffminima
629 658 65 28 höjas
710 658 35 22 till
761 661 34 19 tre
811 661 34 19 års
861 658 94 22 tukthus
971 658 44 22 och

254 696 35 18 ett
312 696 35 19 års
368 693 111 28 fängelse,
502 694 35 20 för
560 693 38 21 det
620 693 47 26 fall,
690 693 95 22 hvarom
807 693 57 21 talas
880 693 7 21 i
909 695 6 20 2
937 700 77 19 mom.,

253 728 198 22 tukthusstraffets
469 728 123 21 maximum
608 727 66 29 höjas
689 728 37 21 till
741 730 34 18 tre
791 729 24 19 år
830 732 58 16 samt
903 728 110 28 fängelse-

252 762 103 22 straffets
372 762 57 22 både
444 762 118 22 minimum
579 762 42 22 och
637 762 124 22 maximum
778 762 64 28 höjas
858 762 36 21 till
904 769 57 21 resp.
973 769 40 15 sex

252 797 110 21 månader
377 796 43 22 och
436 799 34 19 tre
486 798 30 25 år,
532 799 59 19 samt
606 797 108 28 slutligen
729 796 7 22 i
747 796 38 22 det
800 796 3 21 i
823 798 4 21 3
838 804 67 15 mom.
917 796 96 23 berörda

253 831 42 22 fall
312 831 205 28 fängelsestraffets
533 831 125 22 maximum
673 831 65 29 höjas
754 831 36 21 till
805 838 39 15 sex
852 831 107 22 månader
970 832 44 21 och

252 866 85 28 högsta
354 866 175 29 bötesbeloppet
544 866 35 21 till
594 866 131 22 sexhundra
740 866 70 21 mark.

322 901 42 22 Uti
389 901 54 22 1889
467 903 35 19 års
526 901 104 28 strafflag
645 901 84 22 liksom
743 901 35 21 uti
793 901 109 22 moderna
916 900 97 22 straffla-

251 943 42 20 gar
320 935 155 22 öfverhufvud
501 935 67 22 hafva
595 935 169 22 straffsatserna
789 935 35 22 för
849 935 27 22 de
902 935 112 22 särskilda

251 969 93 22 brotten
359 972 84 19 utsatts
459 969 58 22 efter
532 977 27 14 en
572 969 145 29 jemförande
732 970 167 28 uppskattning
914 970 62 21 såväl
988 969 29 22 af

252 1004 136 29 betydelsen
414 1004 25 21 af
462 1004 28 21 de
515 1004 127 21 olikartade
666 1004 130 27 menskliga
819 1003 118 27 intressen,
962 1009 51 16 mot

251 1039 82 21 hvilka
356 1039 179 28 förbrytelserna
550 1039 78 26 riktas,
644 1046 49 15 som
709 1040 26 21 af
747 1039 28 21 de
792 1039 60 21 olika
867 1039 145 28 förbrytelse-

250 1073 127 22 formernas
401 1073 132 28 skadlighet
554 1073 54 22 eller
630 1073 109 28 farlighet
761 1073 36 22 för
813 1073 64 22 dessa
892 1073 119 22 intressen.

250 1107 37 22 Då
310 1108 79 21 vidare
413 1108 38 21 det
473 1107 214 29 hufvudsakligaste
710 1107 152 22 straffmedlet
879 1107 72 28 enligt
967 1108 46 21 den

249 1142 82 21 nutida
352 1142 140 21 straffrätten
508 1145 92 25 utgöres
616 1142 27 21 af
655 1142 151 22 frihetsstraff
818 1144 29 27 pä
862 1143 79 28 längre
956 1142 56 21 eller

249 1176 93 22 kortare
364 1176 41 27 tid,
428 1179 60 19 samt
511 1177 25 21 af
556 1176 136 28 bötesstraff,
709 1177 68 21 hvars
798 1177 214 22 värdeförhällande

249 1211 36 21 till
301 1211 174 21 frihetsstraffet
488 1211 86 28 jemväl
590 1214 24 18 är
630 1211 7 21 i
653 1212 67 27 lagen
736 1214 79 23 utsatt,
830 1211 92 22 komma
938 1211 73 21 straff-

248 1249 115 19 satsernas
386 1246 120 28 stränghet
527 1246 109 28 gifvetvis
660 1249 34 19 att
708 1246 107 22 influeras
830 1246 26 20 af
872 1246 99 28 längden
987 1246 27 21 af

248 1280 45 22 den
317 1280 33 22 tid
375 1280 146 28 lagstiftaren
544 1280 101 22 faststält
660 1280 36 22 för
712 1281 38 21 det
765 1282 101 20 sväraste
882 1282 129 27 temporära

248 1315 180 26 frihetsstraffet,
445 1318 54 18 enär
521 1315 93 21 straffen
637 1315 36 21 för
688 1315 28 21 de
732 1314 73 22 skilda
822 1314 189 22 brottsformerna

248 1349 57 22 böra
321 1349 39 22 vid
376 1349 149 22 förenämnda
533 1349 145 28 jemförande
688 1349 168 29 uppskattning
867 1349 58 22 efter
936 1349 75 22 denna

247 1383 119 29 tidslängd
380 1384 192 28 proportioneras.
589 1397 25 2 —
631 1383 46 22 Vär
692 1392 32 14 nu
738 1383 106 29 gällande
855 1383 104 28 strafflag
970 1383 40 22 har

248 1420 75 20 såsom
346 1419 83 27 högsta
452 1418 150 21 frihetsstraff
620 1420 30 27 pä
672 1419 47 20 viss
741 1418 34 21 tid
798 1418 101 21 taststält
915 1417 46 22 tolf
974 1420 37 19 års

246 1453 98 22 tukthus
368 1453 72 27 (utom
464 1453 39 20 vid
519 1452 230 29 sammanläggning),
765 1452 119 22 hvaremot
899 1451 113 22 särskilda
