1114 1773
330 143 247 23 Petitionsbetänkande
594 144 38 22 N:o
649 144 23 22 4.
822 147 27 19 79

125 209 59 20 sökta
207 209 147 26 riktningarna,
377 210 21 18 af
420 209 70 19 hvilka
513 210 36 20 den
573 216 36 13 ena
624 210 56 26 löper
695 213 89 17 närmare
799 210 82 20 Räisälä

126 238 88 26 kyrkby,
230 238 35 19 den
282 238 62 20 andra
360 238 61 26 något
436 238 69 25 längre
519 238 94 20 därifrån.

195 272 30 20 De
240 273 67 24 motiv,
323 279 41 13 som
380 272 99 20 föranledt
493 272 110 20 Kexholms
619 273 43 19 stad
678 275 29 17 att
722 273 118 25 petitionera
848 280 31 13 om

125 300 64 20 denna
209 302 57 25 bana,
290 301 25 20 ha
338 301 34 19 vid
392 301 119 24 föregående
534 302 118 24 landtdagar
674 302 22 19 så
718 302 71 26 många
804 302 76 26 gånger

125 329 126 25 framhållits,
274 332 29 17 att
318 330 33 19 det
364 330 56 20 torde
435 336 50 13 vara
499 330 128 25 öfverflödigt
642 333 29 17 att
687 330 36 20 här
739 333 89 17 närmare
845 332 33 18 be-

125 361 46 17 röra
186 358 50 20 dem.
259 358 87 26 Belägen
361 358 34 20 vid
411 359 90 25 utloppet
515 359 22 20 af
547 359 104 19 Vuoksens
662 366 57 12 norra
729 366 41 12 arm
782 360 6 18 i
798 359 82 25 Ladoga

125 386 37 20 har
184 387 67 19 staden
273 388 6 18 i
304 388 100 25 egenskap
419 387 22 19 af
454 387 93 26 sydöstra
562 388 97 19 Karelens
675 388 101 24 uråldriga
792 388 86 20 hufvud-

125 418 31 17 ort
172 416 21 19 af
206 416 94 25 gammalt
319 416 75 25 utgjort
410 416 23 20 de
449 416 160 26 kringliggande,
625 416 144 20 tättbefolkade
785 417 93 19 socknar-

125 450 43 17 nas,
186 444 81 26 Hiitola,
286 445 99 24 Kaukola,
402 445 87 25 Räisälä,
505 445 110 26 Pyhäjärvi
632 445 36 20 och
680 445 88 20 Sakkola
778 445 101 25 naturliga

125 472 176 25 handelscentrum,
317 474 71 19 liksom
404 474 36 19 den
455 474 7 18 i
479 477 77 17 senaste
572 474 28 19 tid
615 474 68 19 blifvit
697 476 50 17 sätet
764 474 30 20 för
805 480 73 13 samma

125 502 86 20 trakters
227 502 61 20 första
304 502 36 20 och
356 502 50 20 enda
421 502 101 20 lärovärk.

195 536 83 20 Stadens
300 537 58 19 hamn
380 537 37 20 har
436 537 117 25 visserligen
569 540 75 16 ansetts
660 538 61 24 dålig,
737 537 35 20 och
788 538 22 19 af
824 538 54 18 detta

122 566 62 25 jämte
203 565 61 20 andra
283 566 44 19 skäl
343 566 42 19 blef
400 566 32 19 vid
451 565 53 20 1897
521 567 32 18 års
567 566 95 26 landtdag
678 566 106 25 petitionen
800 573 31 13 om
847 568 30 17 ut-

125 594 90 20 förandet
230 594 21 19 af
265 595 84 19 bibanan
363 594 77 26 afböjd.
472 594 73 20 Senare
560 595 22 19 af
595 595 125 25 Regeringen
735 594 143 20 föranstaltade

125 623 169 25 undersökningar
308 623 12 19 å
336 623 76 25 platsen
428 623 26 19 ba
469 623 63 20 likväl
549 623 100 26 uppdagat
664 624 108 24 någonting
786 624 42 19 helt
843 630 34 13 an-

124 655 42 17 nat.
196 651 44 20 Den
263 652 151 25 omständighet,
432 654 30 17 att
477 652 86 20 farleden
581 652 6 19 i
601 652 84 20 hamnen
701 653 127 24 uppgrundas
842 658 34 20 ge-

124 687 44 13 nom
191 680 89 26 anhopad
303 680 47 20 sand
374 680 111 20 föranledes
507 681 50 25 icke,
581 681 64 19 såsom
666 681 53 19 förut
741 682 93 24 antagits,
857 680 22 20 af

125 712 61 17 storm
204 709 36 19 och
258 710 100 25 vågsvall;
374 716 23 13 en
413 710 57 24 dylik
487 710 105 25 olägenhet
607 710 66 19 skulle
689 710 98 24 knappast
802 710 76 19 kunnat

124 738 100 19 definitivt
245 738 138 20 undanskaffas
407 745 34 13 ens
465 744 68 19 genom
559 739 118 19 kostsamma
700 738 121 26 vågbrytare
840 738 36 20 och

123 767 205 25 muddringsarbeten.
359 766 91 20 Orsaken
466 767 39 23 till,
520 769 29 17 att
565 767 82 19 hamnen
663 767 39 19 blir
717 767 105 25 grundare,
838 766 38 26 lig-

125 802 43 19 ger,
184 795 63 19 såsom
263 802 81 13 numera
359 798 82 22 utrönts,
458 796 6 18 i
480 796 180 25 strandströmmen,
676 802 41 13 som
733 796 75 19 medför
821 796 55 19 sand.

124 824 63 20 Detta
203 824 38 19 kan
260 825 38 19 lätt
312 824 130 20 förekommas
458 824 105 20 förmedels
576 824 145 26 jämförelsevis
737 824 71 25 billiga
822 824 54 20 dam-

124 859 48 18 mar,
195 853 57 25 längs
274 853 70 19 hvilka
367 856 104 16 strömmen
488 853 53 20 ledes
557 853 35 19 och
608 856 41 16 mot
664 853 69 19 hvilka
749 854 72 18 sanden
837 854 39 18 kan

123 882 31 20 fås
168 884 32 17 att
215 882 61 19 samla
291 882 31 25 sig
338 884 44 17 utan
399 884 29 17 att
444 882 37 19 den
497 882 62 19 finner
575 882 79 19 tillfälle
669 885 30 16 att
715 882 115 25 uppgrunda
839 882 36 19 och

123 911 103 25 tillstoppa
242 911 73 25 själfva
330 911 88 19 farleden
434 911 6 19 i
456 911 89 19 hamnen.
571 911 106 20 Dessutom
693 911 64 25 ligger
773 911 42 19 helt
828 914 48 16 nära

124 940 69 19 staden
216 939 33 19 det
271 940 86 25 rymliga
380 940 34 19 och
438 940 61 25 djupa
521 940 132 25 Pärnälampi,
677 939 77 20 hvilket
776 940 64 19 såsom
855 939 23 20 af

122 968 91 20 anstälda
229 969 169 24 undersökningar
413 969 94 25 framgår,
523 969 92 24 erbjuder
627 975 22 12 en
659 969 86 18 utmärkt
756 968 119 25 hamnplats,

123 1004 41 13 som
180 997 43 19 med
239 997 69 25 billiga
320 997 139 20 omkostnader
470 997 37 19 lätt
519 997 38 20 kan
569 997 78 19 förenas
659 997 43 19 med
711 997 35 19 den
755 997 65 25 gamla
828 1004 16 12 s.
854 997 20 19 k.

122 1025 107 20 Kivisalmi
244 1025 90 20 hamnen.
359 1025 87 20 Sälunda
464 1029 23 16 är
501 1026 102 25 farhägan,
623 1028 30 17 att
668 1025 69 20 staden
753 1025 99 21 Kexholm
868 1026 7 19 i

122 1055 97 19 anseende
235 1055 32 18 till
283 1055 29 19 sin
329 1055 83 19 förment
428 1055 95 25 odugliga
538 1055 58 19 hamn
608 1055 6 18 i
627 1061 22 12 en
662 1054 78 20 framtid
753 1055 43 19 icke
810 1054 65 20 kunde

122 1084 111 25 tjänstgöra
241 1090 41 13 som
290 1083 68 25 möjlig
367 1083 136 25 transitoplats
512 1084 31 19 för
551 1083 36 20 den
596 1083 65 20 direkt
668 1083 56 20 öfver
729 1083 80 25 Ladoga
817 1083 57 19 ledda

121 1111 85 21 handeln
223 1112 25 24 pä
263 1111 106 27 Ryssland,
385 1112 87 19 fruktlös
488 1112 35 19 och
539 1112 127 25 omotiverad,
682 1111 36 20 och
731 1111 36 20 har
779 1112 54 24 förty
845 1114 30 17 ett

121 1140 131 26 afstyrkande
264 1141 22 19 af
294 1141 195 25 järnvägsföretaget
501 1141 25 24 pä
537 1141 63 19 denna
611 1140 64 25 grund
687 1140 49 19 intet
744 1140 44 20 skäl
797 1140 31 19 för
836 1140 37 26 sig.

191 1169 68 20 Redan
282 1170 33 19 vid
341 1169 52 19 1897
418 1170 32 18 års
473 1169 95 25 landtdag
590 1169 105 19 framhöllo
714 1169 160 25 petitionärerne,

121 1197 93 20 hurusom
237 1204 43 14 man
298 1198 64 20 säsom
378 1204 23 13 en
416 1198 89 25 naturlig
521 1198 128 25 fortsättning
663 1198 22 19 af
698 1197 176 20 Kexholmsbanan

122 1226 66 20 kunda
210 1226 60 20 tänka
293 1227 32 25 sig
340 1226 153 26 framtidslinjen
509 1226 98 20 Kexholm
617 1238 14 2 —
642 1222 107 34 Kiviniemi
775 1222 98 34 Terijoki.

121 1252 67 22 Äfven
210 1256 55 19 detta
288 1256 80 20 komme
382 1256 22 24 ju
420 1258 30 17 att
465 1255 84 25 bidraga
563 1255 32 19 till
611 1255 32 19 det
658 1255 123 25 berättigade
796 1255 7 19 i
818 1257 55 17 anta-

120 1284 80 26 gandet,
220 1286 29 17 att
271 1284 83 20 trafiken
370 1284 12 19 å
396 1284 153 25 ifrågavarande
564 1284 51 19 bana
630 1284 6 19 i
651 1291 24 12 en
691 1284 78 19 framtid
786 1284 65 19 skulle
867 1284 7 18 i

121 1312 39 26 hög
175 1312 49 26 grad
243 1314 49 18 ökas
308 1313 36 19 och
360 1313 42 19 med
418 1312 85 20 trafiken
519 1315 58 17 ätven
593 1313 74 19 banans
682 1312 129 20 räntabilitet.
842 1312 32 20 Då

121 1342 101 25 angående
245 1342 69 19 nämda
338 1342 118 19 bansträcka
480 1344 29 16 ett
523 1341 95 20 särskildt
633 1341 170 26 petitionsförslag
818 1341 54 19 kom-

120 1376 42 14 mer
176 1372 30 18 att
222 1370 6 19 i
244 1370 78 20 ståndet
337 1370 103 24 inlämnas,
456 1370 80 20 anhålla
551 1370 20 19 vi
587 1370 34 19 vid
637 1370 54 20 detta
706 1370 80 19 tillfälle
797 1370 76 24 endast,

119 1401 30 17 att
171 1398 34 20 vid
228 1399 143 25 behandlingen
394 1399 23 19 af
438 1399 129 19 förevarande
589 1399 58 25 fråga
669 1405 30 13 om
715 1405 22 13 en
754 1398 72 20 bibana
840 1398 32 19 till

119 1427 98 20 Kexholm
234 1428 58 20 äfven
308 1428 36 19 den
360 1427 93 20 framtida
469 1428 80 25 möjliga
564 1428 152 24 fortsättningen
731 1427 21 19 af
761 1428 112 19 densamma

119 1456 68 20 blefve
202 1456 191 25 uppmärksammad.

191 1502 186 23 Järnvägsutskottets
389 1502 112 18 betänkande
514 1502 34 18 N:o
560 1503 17 17 2.
