1111 1775
229 155 24 17 70
457 154 217 20 Motionsbetänkande
687 155 37 18 N:o
738 155 15 19 1.

228 215 46 21 icke
294 214 32 22 till
344 214 110 29 förtäring
477 216 14 21 å
506 215 72 27 stället,
599 216 35 21 mä
657 215 144 29 spritdrycker
823 215 44 23 icke
890 215 94 29 utgifvas

228 250 34 23 till
280 250 85 23 mindre
380 250 70 29 belopp
464 253 30 20 än
510 252 35 21 två
554 250 49 23 liter
612 253 25 26 af
647 251 73 28 hvarje
730 251 99 23 särskildt
843 251 52 29 slag,
905 253 59 21 utom
974 251 9 22 i

228 287 35 22 det
273 286 44 28 fall
333 289 32 20 att
379 287 25 22 de
414 286 57 29 från
486 287 95 22 utlandet
596 287 134 28 importerats
743 289 30 27 på
781 287 64 28 butelj
854 287 48 23 eller
911 288 10 21 i
931 288 53 22 krus

229 322 37 23 och
282 323 59 21 dessa
357 323 47 22 kärl
419 325 39 20 äro
472 324 47 21 med
534 322 156 29 tullförsegling
700 322 103 29 försedda
817 323 49 22 eller
873 324 36 22 ock
919 324 64 27 sprit-

229 358 122 28 dryckerna
376 361 38 20 äro
436 359 59 22 inom
518 359 72 22 landet
613 359 123 22 tillverkade
757 359 78 22 likörer
857 360 36 22 och
909 359 72 23 kärlet,

229 393 65 23 hvari
309 394 93 28 drycken
412 394 106 28 försäljes,
533 397 26 20 är
569 394 119 30 försegladt
703 394 29 27 af
743 395 112 22 kontrollör
870 396 35 21 vid
915 395 67 22 distil-

229 430 137 29 leringsverk,
380 431 38 22 der
433 431 92 28 drycken
540 433 26 20 är
581 430 89 23 tillredd.
705 431 203 28 Utskänkningsrätt
923 431 59 22 inne-

231 466 38 22 bär
292 465 95 24 tillstånd
410 468 31 20 att
454 466 94 28 försälja
566 466 57 23 huru
640 467 52 22 liten
709 467 79 28 mängd
803 474 44 15 som
862 467 56 27 helst,
935 474 49 14 men

229 502 76 22 endast
320 502 32 21 till
367 501 109 30 förtäring
491 503 14 21 &
520 501 73 23 stället.

584 555 48 30 38.

309 603 17 21 1.
361 603 119 29 Magistrat
505 604 7 21 i
538 603 52 23 stad
619 604 83 28 åligger
728 605 35 21 att
787 606 61 20 inom
873 604 111 28 sepiemöder

231 639 85 21 mänad
331 639 69 23 hvart
415 639 69 29 tredje
501 641 25 21 är
541 639 139 23 öfverlemna
696 640 34 21 till
739 640 122 28 förstärkta
873 639 109 29 stadsfull-

231 675 104 29 mäktiges
356 674 128 30 afgörande,
505 674 112 23 huruvida
633 676 164 28 utminutering
812 676 41 21 och
868 676 114 22 utskänk-

231 710 56 28 ning
303 710 24 22 af
342 711 160 29 alkoholhaltiga
526 711 93 29 drycker
634 711 71 22 under
721 711 151 29 nästföljande
887 712 34 22 tre
936 711 47 22 för-

234 746 138 29 säljningsär
394 748 38 21 mä
454 747 125 28 medgifvas
603 747 53 22 eller
671 747 55 22 icke.
758 747 77 22 Beslut
850 747 45 23 kan
911 747 72 22 fattas

231 782 110 22 särskildt
365 782 116 29 angående
505 783 162 28 utminutering
686 783 42 22 och
743 783 107 22 särskildt
865 782 117 29 angående

231 818 159 29 utskänkning
404 819 118 22 äfvensom
538 819 7 22 i
560 819 65 28 fråga
641 826 35 15 om
692 819 168 28 utminutering,
877 818 107 23 särskildt

232 861 37 15 om
293 854 69 22 malt-
386 855 40 22 och
446 855 106 22 särskildt
567 862 36 15 om
620 855 72 22 andra
706 855 163 29 alkoholhaltiga
885 854 98 30 drycker.

231 890 69 22 Hvad
315 889 117 28 förstärkta
447 891 189 29 stadsfullmäktige
652 891 138 22 härutinnan
806 891 96 27 besluta,
913 890 70 22 blifve

232 926 78 22 dervid
326 926 116 23 beroende.

305 962 20 22 2.
355 963 87 27 (Utesl)

303 999 22 21 2.
357 998 200 29 Försäljningsäret
572 998 84 23 räknas
672 998 50 23 från
739 999 41 22 och
796 998 50 22 med
857 999 42 21 den
913 998 10 22 1
934 998 48 29 juni

232 1033 35 22 till
282 1041 88 15 samma
386 1034 44 28 dag
446 1034 126 29 päföljande
589 1035 30 22 är.

582 1100 15 21 4
612 1100 19 29 &.

309 1148 17 21 1.
358 1148 36 22 All
418 1147 24 23 af
455 1147 118 28 förstärkta
596 1148 191 29 stadsfullmäktige
802 1147 127 29 medgifven
945 1149 38 20 ut-

233 1183 137 29 minutering
393 1183 41 23 och
457 1183 156 29 utskänkning
633 1184 59 22 skall
707 1183 114 23 bedrifvas
837 1183 24 23 af
876 1185 35 21 ett
926 1183 58 23 enda

232 1219 75 28 bolag,
324 1226 48 16 som
387 1220 84 22 bildats
487 1220 7 22 i
510 1220 59 29 syfte
586 1222 35 20 att
637 1220 126 22 motarbeta
779 1219 155 30 dryckenskap
944 1220 41 22 och

233 1255 75 22 afstär
327 1256 35 21 sin
378 1256 62 22 vinst
456 1256 33 22 till
506 1256 116 22 allmänna
638 1256 107 22 ändamål
761 1257 29 27 pä
806 1256 48 21 sätt
869 1262 48 16 som
932 1256 8 21 i
958 1255 26 22 13

232 1290 15 30 8
262 1291 153 23 föreskrifves.
666 1295 2 2 |

306 1327 19 22 2.
357 1328 75 28 Bolag,
447 1334 48 15 som
510 1327 89 22 erhållit
615 1327 221 29 utskänkningsrätt,
853 1326 46 24 kan
915 1327 69 22 likväl

233 1363 52 22 med
309 1363 149 28 iakttagande
482 1363 24 23 af
528 1363 61 23 hvad
605 1364 7 21 i
628 1364 13 21 5
658 1363 13 30 &
688 1363 74 23 derom
786 1363 93 28 stadgas
901 1363 85 22 erhålla

233 1399 105 22 tillstånd
354 1401 35 20 att
405 1399 111 22 öfverlåta
532 1407 28 14 en
577 1399 35 22 del
628 1399 24 23 af
668 1399 133 23 densamma
811 1400 25 21 åt
847 1399 137 29 välfrejdade

232 1442 106 22 personer
354 1435 52 22 eller
422 1435 102 23 enskilda
540 1435 66 28 bolag
622 1437 60 20 emot
697 1436 47 21 viss
760 1435 73 28 afgift,
845 1442 36 15 om
892 1435 92 22 hvilken

233 1472 104 21 närmare
353 1471 93 28 stadgas
462 1471 7 22 i
484 1472 14 21 7
514 1471 19 30 &.
