1111 1775
354 143 216 19 Motionsbetänkande
583 144 37 18 N:o
633 143 16 19 1.
854 144 22 17 21

125 206 39 18 den
180 205 106 24 befintliga
301 204 75 26 upplag
392 205 21 19 af
428 205 121 25 rusdrycker
564 205 31 19 för
612 206 31 18 att
660 205 72 19 utöfva
748 204 68 26 tillsyn
833 204 43 19 der-

126 235 62 22 öfver,
206 235 31 19 att
250 235 73 19 endast
338 234 86 25 lagligen
441 234 6 19 i
463 234 69 20 landet
547 234 119 20 tillverkade
683 234 46 20 eller
744 235 64 19 under
823 234 53 19 iakt-

125 265 89 24 tagande
231 264 22 19 af
268 264 68 20 denna
354 264 43 25 lags
413 264 128 24 stadganden
557 264 31 20 till
603 264 70 20 landet
688 264 80 20 införda
783 264 93 25 rusdryc-

125 294 36 20 ker
177 294 67 20 finnes
260 294 111 25 upplagda;
387 294 39 20 och
442 295 22 18 är
479 294 71 25 hvarje
565 294 132 20 innehafvare
714 294 21 19 af
750 294 65 26 dylikt
826 300 50 19 upp-

124 324 35 25 lag
175 324 79 26 skyldig
270 325 32 18 att
324 324 33 19 vid
382 324 109 19 anfordran
506 324 32 20 för
554 325 44 19 dem
614 326 62 23 uppte
692 324 56 20 bevis
765 324 57 20 öfver
838 324 37 19 den

124 354 6 19 i
147 354 52 20 hans
215 355 57 24 värjo
288 354 105 24 befintliga
407 360 76 14 varans
499 360 105 19 ursprung.

470 420 28 19 43
515 418 19 28 8.

199 474 9 18 I
232 473 40 19 alla
288 474 24 18 de
328 473 36 19 fall
379 473 26 19 dä
421 473 43 19 åtal
480 474 98 19 anställes
594 474 31 19 för
641 473 70 25 oloflig
725 473 151 26 rusdrycksför-

127 503 94 25 säljning,
247 503 40 19 kan
311 504 95 24 köparen,
432 504 50 18 utan
506 504 70 19 hinder
599 504 22 18 af
637 504 66 19 denna
719 504 31 19 sin
766 504 108 24 egenskap,

125 533 85 19 såframt
234 533 40 19 han
297 533 31 19 för
350 534 60 24 öfrigt
426 533 92 19 befinnes
535 534 82 24 ojäfvig,
635 533 100 25 åberopas
750 540 44 13 som
810 534 65 18 vittne

125 563 39 19 och
180 563 69 19 säsom
266 563 75 19 sädant
356 564 79 24 edligen
451 564 67 19 höras.

470 629 28 19 44
515 628 19 27 8.

196 677 36 22 De,
258 682 43 14 som
324 676 100 20 förklaras
447 677 97 19 förfallna
561 676 31 20 till
607 677 61 19 straff
683 677 32 20 för
731 677 144 19 öfverträdelse

125 706 22 19 af
170 707 142 24 stadgandena
327 707 7 18 i
350 707 66 19 denna
439 706 122 25 förordning,
579 707 60 19 skola
661 707 31 19 till
715 707 159 25 stämningsman

123 736 63 24 gälda
209 737 75 18 arvode
307 736 32 19 för
362 737 23 18 de
409 736 21 19 af
453 737 75 20 honom
543 737 118 19 verkstälda
677 737 125 24 stämningar
822 737 54 19 samt

125 766 50 19 efter
198 766 66 25 skälig
287 766 93 25 pröfning
403 767 77 19 ersätta
500 766 96 25 äklagare
613 767 38 19 och
666 767 78 19 vittnen
760 767 32 20 för
808 767 44 19 dem
869 767 5 18 i

125 796 64 19 saken
205 795 86 26 äbragta
306 796 116 19 kostnader.

471 856 28 19 45
516 855 18 27 &.

198 904 100 19 Senatens
321 904 250 25 Ekonomiedepartement
595 910 46 19 eger
663 905 30 19 till
711 905 163 19 förekommande

124 933 22 19 af
170 933 70 25 oloflig
262 934 119 25 försäljning
405 934 37 19 och
466 934 84 25 forsling
573 934 22 19 af
617 935 119 25 rusdrycker
750 935 85 24 vidtaga
850 935 24 18 de

123 964 70 18 vidare
209 963 140 25 förfoganden,
366 970 43 13 som
426 964 201 25 omständigheterna
642 965 70 19 kunna
727 964 87 26 päkalla.

470 1024 27 19 46
515 1023 19 27 8.

195 1071 73 19 Denna
290 1071 122 25 förordning,
437 1072 131 24 hvarigenom
585 1072 41 19 alla
642 1072 55 20 förut
712 1067 113 34 utfärdade,
830 1072 45 20 för-

124 1100 113 25 fattningar
256 1102 85 18 rörande
358 1101 154 25 ifrågavarande
530 1103 72 19 ämnen
618 1102 92 25 upphöra
725 1103 31 19 att
771 1108 51 14 vara
832 1102 42 24 gäl-

123 1130 67 23 lande,
217 1130 70 20 länder
312 1131 30 19 till
368 1131 133 20 efterrättelse
524 1131 45 20 från
593 1132 39 19 den
680 1149 29 4 1...
751 1132 123 22 19,

125 1160 51 19 dock
199 1161 32 18 att
249 1161 34 19 vid
300 1160 99 25 åtgärder,
417 1167 44 14 som
477 1162 130 19 derförinnan
622 1162 96 25 vidtagas
734 1163 6 18 i
751 1162 95 20 afseende
862 1162 13 18 &

123 1191 115 19 ordnandet
256 1191 21 19 af
292 1191 87 19 handeln
398 1191 44 20 med
466 1192 119 25 rusdrycker
600 1192 7 19 i
623 1192 88 25 enlighet
726 1193 44 18 med
786 1193 89 18 bestäm-

123 1220 100 25 ningarna
238 1221 7 18 i
262 1221 66 19 denna
347 1221 123 25 förordning,
488 1221 53 20 skall
556 1222 103 25 tillämpas
675 1223 54 19 hvad
740 1222 61 20 ofvan
818 1222 57 19 stad-

123 1250 51 24 gadt
196 1251 28 18 är.
255 1251 80 19 Förbud
351 1251 31 20 för
397 1251 79 20 enskild
492 1258 74 18 person
582 1253 32 18 att
629 1252 30 19 till
675 1253 69 18 landet
760 1252 66 19 införa
842 1253 32 18 ut-

123 1279 88 20 ländska
233 1281 119 25 rusdrycker
375 1281 57 19 träde
456 1281 52 20 dock
531 1282 6 19 i
557 1282 94 24 gällande
675 1282 54 19 kraft
750 1282 62 19 redan
836 1282 39 19 den

123 1327 107 2 sen
248 1310 68 20 195
306 1306 15 34 5
