1109 1773
319 144 247 23 Petitionsbetänkande
583 144 38 24 N:o
637 145 24 23 4.
797 149 40 19 101

115 208 127 23 lämnande
258 209 24 22 åt
298 208 127 24 framtiden
441 210 35 22 att
491 209 83 29 pröfva
590 209 117 23 huruvida
723 210 43 23 och
783 212 44 21 när
838 217 30 16 en

115 244 154 29 förlängning
284 244 48 23 kan
347 251 58 16 vara
422 245 117 29 påkallad.

187 280 84 23 Denna
285 281 90 29 princip
397 280 91 23 medför
503 281 45 23 ock
564 281 46 23 den
626 281 83 28 fördel,
725 283 35 21 att
777 282 40 22 det
833 282 34 22 till

116 316 60 23 buds
193 315 97 23 stående
313 316 116 29 kapitalet
444 317 110 29 jämnare
570 316 101 24 fördelas
687 317 102 23 emellan
806 318 62 22 olika

115 351 141 28 landsdelar,
280 352 168 27 hvarförutom,
472 353 7 22 i
503 352 46 23 den
573 353 56 22 mån
649 353 164 23 erfarenheten
829 360 38 16 om

116 387 70 23 dessa
202 388 125 23 bandelars
350 388 133 29 inflytande
499 389 30 28 på
546 388 253 24 trafikförhållandena
816 396 51 16 suc-

116 424 87 22 cessivt
218 424 91 27 vinnes,
326 430 29 16 en
372 424 97 22 säkrare
485 424 182 29 utgångspunkt
683 427 30 20 än
730 432 33 15 nu
774 425 93 28 förelig-

115 466 42 22 ger
173 459 35 23 för
225 459 158 23 bedömandet
404 459 24 23 af
444 459 29 23 de
489 459 112 24 framtida
617 460 250 29 sammanbindnings-

115 495 118 22 banornas
249 495 108 30 riktning
373 495 43 23 och
432 495 109 23 inbördes
557 496 71 23 valör.

187 531 46 22 Det
255 531 48 22 kan
326 531 39 23 väl
386 531 122 28 invändas,
526 533 34 21 att
576 533 34 21 ett
623 532 197 29 järnvägsarbete
837 533 30 28 på

115 567 57 23 flere
188 567 63 22 olika
273 567 104 29 punkter
400 567 124 30 samtidigt
547 567 91 24 medför
654 568 153 29 olägenheter
823 568 44 23 och

115 603 105 29 splittrar
237 603 128 27 krafterna,
383 610 54 16 men
454 603 79 24 denna
549 604 123 29 synpunkt
682 604 49 23 kan
743 604 60 23 dock
814 604 53 23 icke

115 639 113 23 tillmätas
239 639 128 29 afgörande
380 639 124 29 betydelse,
514 639 102 24 förutom
628 641 34 21 att
674 640 191 29 olägenheterna,

116 675 81 22 hvilka
212 676 106 22 närmast
342 677 39 21 äro
401 675 24 23 af
441 675 174 23 administrativ
631 677 42 26 art,
691 676 76 23 måste
784 676 82 23 kunna

115 711 156 22 öfvervinnas.

187 890 34 22 De
237 891 8 21 i
261 891 34 22 ett
311 892 58 21 stort
393 891 64 22 antal
477 891 234 29 petitionsmemorial
727 891 139 23 framburna

116 926 209 29 önskningsmålen
341 926 99 23 rörande
456 927 97 23 teknisk
569 927 43 22 och
629 927 138 23 ekonomisk
780 927 85 23 under-

116 962 102 28 sökning
241 962 23 23 af
287 962 118 23 särskilda
420 962 215 29 bansträckningar
652 962 72 23 hafva
739 962 70 29 gifvit
825 963 40 22 Ut-

116 997 86 23 skottet
226 997 129 29 anledning
379 999 35 21 att
437 998 35 23 till
495 998 151 29 granskning
664 1005 28 16 ur
708 998 87 23 allmän
812 1005 53 22 syn-

115 1033 76 29 punkt
207 1034 111 28 upptaga,
329 1034 8 22 i
349 1033 63 24 hvad
428 1033 56 24 mån
500 1034 46 23 slik
562 1034 85 29 åtgärd
662 1034 48 23 kan
721 1041 57 16 vara
790 1034 24 23 af
827 1034 38 23 be-

115 1069 91 29 tydelse
222 1069 36 22 för
274 1076 29 16 en
319 1069 112 23 framtida
447 1072 110 21 närmare
574 1070 143 29 behandling
728 1069 25 24 af
763 1070 29 23 de
801 1071 64 28 järn-

114 1105 159 29 vägsprojekt,
289 1105 36 23 för
341 1105 82 23 hvilka
439 1105 46 24 den
501 1105 129 30 företagits.

185 1141 67 22 Hvad
276 1141 58 23 först
357 1148 30 16 en
403 1141 96 23 teknisk
514 1141 180 30 undersökning
709 1141 156 28 vidkommer,

115 1177 27 22 så
158 1176 62 23 afser
235 1176 46 23 den
297 1177 210 30 hufvudsakligast
524 1178 35 22 att
574 1177 140 30 möjliggöra
730 1184 29 16 en
771 1178 27 22 så
808 1184 57 23 nog-

115 1219 76 22 grann
214 1212 135 30 beräkning
371 1219 50 16 som
447 1213 93 30 möjligt
565 1213 24 23 af
606 1213 259 30 byggnadskostnaden

114 1247 36 24 för
166 1248 45 23 den
234 1248 144 23 undersökta
401 1249 113 23 sträckan
537 1249 122 23 äfvensom
681 1250 41 27 att,
739 1249 31 23 då
785 1249 80 24 banan

115 1290 29 17 en
160 1285 65 28 gång
240 1284 109 23 beslutits
365 1285 35 22 till
421 1285 131 28 utförande,
568 1287 85 28 utgöra
669 1287 34 21 ett
719 1285 147 30 preliminärt

114 1319 115 30 underlag
245 1320 35 23 för
296 1320 170 30 detaljarbetet.
492 1321 125 29 Sistsagda
627 1321 176 29 omständighet
814 1328 51 23 spe-

114 1355 35 23 lar
165 1355 111 29 gifvetvis
293 1363 29 16 en
339 1356 166 24 underordnad
521 1357 49 27 roll,
587 1357 30 23 då
633 1357 77 23 såsom
727 1358 6 22 i
746 1358 119 29 petitions-

114 1391 119 29 förslagen
256 1391 68 30 fråga
344 1394 27 21 är
386 1399 39 16 om
440 1392 75 30 linjer,
533 1393 82 23 hvilka
631 1395 65 20 ännu
712 1393 53 23 icke
781 1392 83 30 påräk-

114 1433 44 16 nas
174 1428 35 22 att
226 1427 71 23 blifva
313 1429 123 28 upptagna
452 1429 8 22 i
476 1429 74 23 första
565 1429 88 29 planet.
677 1429 54 23 Men
747 1429 71 24 äfven
829 1429 36 24 för

114 1469 30 16 en
160 1463 135 29 preliminär
310 1463 199 30 kostnadskalkyl
525 1467 26 20 är
567 1464 45 23 den
627 1464 142 30 detaljerade
781 1465 83 23 under-

184 1510 186 24 Järnvägsutskottets
382 1512 111 18 betänkande
505 1512 36 18 N:o
552 1513 17 17 2.
