1109 1773
274 164 41 19 118
451 161 249 23 Petitionsbetänkande
717 161 38 24 N:o
771 162 24 22 4.

242 226 116 28 betonats,
375 228 36 21 att
435 227 40 22 det
491 228 21 28 ej
532 226 41 24 bör
588 227 66 29 ligga
670 228 7 21 i
693 226 40 23 det
749 227 132 23 allmännas
897 226 101 22 intresse

243 263 35 22 att
294 263 58 21 utan
369 262 130 30 tvingande
515 262 96 23 orsaker
627 262 54 23 leda
697 262 104 23 trafiken
818 263 7 21 i
842 268 46 22 nya
899 261 98 23 riktnin-

243 304 48 23 gar.
316 298 54 23 Men
387 298 117 30 därjämte
520 298 44 22 har
580 298 39 22 det
636 298 149 27 frambållits,
802 298 112 22 hurusom
930 298 68 22 Uleå-

243 334 166 28 borg—Vaala
432 334 79 22 banan
536 334 77 23 skulle
637 334 72 22 hafva
732 334 76 23 utsikt
832 333 34 23 till
883 340 30 16 en
928 334 70 28 högst

243 369 134 29 betydande
393 369 138 23 lokaltrafik
547 370 30 29 på
593 370 77 29 grund
687 370 24 22 af
725 370 47 22 den
783 369 153 28 vattenkraft,
948 375 49 16 som

243 406 59 22 Uleå
325 406 33 22 älf
382 406 111 29 erbjuder
522 406 34 24 till
580 406 130 22 industrins
727 406 80 29 tjänst.
840 405 80 29 Enligt
935 405 63 23 fack-

243 448 90 16 manna
355 442 122 22 utlåtande
500 441 77 23 skulle
598 441 24 23 af
638 442 119 22 forsarnas
773 442 35 22 till
825 441 172 23 hundratusen-

243 477 33 23 tal
300 478 119 29 naturliga
443 477 145 23 hästkrafter
607 477 139 29 uppgående
763 476 147 24 vattenkraft
927 478 71 22 minst

243 517 81 24 30,000
341 513 146 23 hästkrafter
504 513 34 22 till
555 520 29 16 en
602 513 81 29 början
701 513 54 23 med
772 513 74 23 fördel
862 513 82 22 kunna
961 520 36 15 ex-

243 549 118 29 ploateras
384 549 36 23 för
435 549 148 23 industriella
601 549 178 29 anläggningar.
812 549 51 22 Den
880 550 118 27 vattensy-

244 586 86 22 siemet
353 584 153 30 vmgifvande
526 584 143 24 landsdelen
695 584 110 30 erbjuder
831 584 70 23 också
918 584 36 22 för
970 591 27 15 en

243 620 114 24 framtida
380 620 102 23 industri
506 620 71 30 riklig
598 620 101 30 tillgäng
715 621 30 28 pä
761 620 75 27 stock,
853 620 145 30 pappersved

243 658 64 21 samt
323 656 71 23 äfven
411 656 74 23 andra
501 656 121 23 räämnen.

315 692 63 23 Utan
395 693 35 22 att
445 692 81 22 vidare
543 692 57 23 orda
608 699 38 16 om
657 692 137 29 betydelsen
807 692 24 22 af
842 691 77 23 denna
931 692 66 26 bana,

243 728 124 29 angäende
384 728 95 23 hvilken
497 728 112 23 särskildt
626 728 39 22 mä
681 728 112 22 hänvisas
808 728 35 22 till
854 727 144 23 Ständernas

243 764 40 22 vid
301 767 56 19 1894
375 764 37 22 ärs
429 763 115 29 landtdag
559 764 81 22 härom
658 764 89 22 aflätna
763 764 163 28 underdäniga
942 764 56 28 peti-

244 800 55 26 tion,
324 800 41 22 vill
390 799 116 23 utskottet
530 800 83 22 endast
636 800 82 22 anföra
741 800 125 22 resultatet
890 799 24 22 af
930 806 28 16 en
976 799 23 23 af

243 837 112 21 senatorn
372 836 24 22 L.
407 835 147 29 Gripenberg
570 836 25 22 är
612 839 54 19 1901
683 835 131 23 verkställd
830 835 166 23 räntabilitets-

244 871 141 30 beräkning,
412 878 51 16 som
494 871 34 23 till
555 871 122 24 Utskottet
709 871 178 23 öfverlämnats.
919 871 80 29 Enligt

244 907 77 23 denna
338 907 76 23 skulle
431 907 238 23 trafikinkomsterna
685 907 36 23 för
737 908 87 27 banan,
837 907 71 22 äfven
924 907 75 23 under

243 943 97 29 mycket
364 943 125 29 försiktiga
510 943 150 29 antaganden
677 943 124 29 angående
818 943 45 22 den
879 943 120 22 blifvande

243 985 94 23 person-
363 979 41 22 och
430 978 163 30 godstrafiken
609 979 43 22 och
669 979 53 22 med
739 979 93 29 hänsyn
850 979 98 22 allenast
964 979 34 22 till

242 1015 75 22 redan
333 1015 130 22 bestäende
480 1015 170 27 förhällanden,
662 1015 83 23 kunna
762 1015 80 22 ansläs
856 1015 35 22 till
903 1018 95 24 292,275

243 1050 69 23 mark
329 1050 57 23 eller
401 1057 42 23 per
463 1050 171 23 bankilometer
645 1054 64 24 3,247
724 1051 75 27 mark,
811 1050 86 23 medan
908 1051 90 29 exploa-

242 1086 249 23 tationskostnaderna
525 1093 40 22 per
599 1087 172 22 hbankilometer
796 1086 142 29 uppskattas
965 1087 34 21 till

243 1125 67 23 2,200
339 1122 66 23 mark
433 1122 56 22 eller
514 1122 25 22 in
567 1129 93 16 summa
683 1122 36 22 för
738 1122 55 23 hela
809 1122 77 22 banan
906 1126 92 24 198,000

243 1157 76 23 mark.
352 1158 239 29 Nettobehällningen
615 1158 76 22 skulle
711 1157 91 24 säledes
819 1159 84 28 utgöra
919 1161 79 23 94,275

244 1193 68 23 mark
339 1200 40 22 per
406 1194 31 22 är.
470 1194 9 22 I
505 1194 155 22 betraktande
685 1194 24 22 af
733 1194 39 23 det
797 1194 120 29 uppsving
934 1195 64 28 järn-

242 1232 78 26 vägen
345 1230 74 28 enligt
443 1230 31 22 all
499 1230 150 22 sannolikhet
669 1230 77 23 skulle
764 1230 98 22 komma
878 1230 35 22 att
928 1230 70 22 fram-

243 1265 64 23 kalla
323 1266 65 22 inom
404 1265 260 23 affärsverksamheten
681 1266 79 22 ansläs
778 1265 220 29 exploatationsvin-

243 1302 60 26 sten,
321 1300 42 23 allt
379 1301 74 29 enligt
473 1308 94 16 samma
584 1301 138 29 beräkning,
739 1301 79 29 nägon
835 1301 34 23 tid
885 1301 60 23 efter
962 1301 37 23 ba-

243 1343 61 16 nans
320 1336 164 23 fullbordande
501 1336 35 23 till
554 1338 72 22 minst
644 1340 93 24 150,000
756 1337 75 23 mark.
864 1337 62 23 Enär
937 1337 62 23 kost-

243 1372 79 22 naden
344 1372 37 23 för
405 1372 222 29 Uleäborg—Vaala
644 1373 77 22 banan
740 1372 130 24 beräknats
887 1373 61 29 stiga
965 1373 34 23 till

243 1411 119 24 4,510,000
390 1408 74 28 mark,
493 1408 76 23 skulle
595 1408 103 23 trafiken
725 1408 92 24 således
845 1408 96 23 komma
966 1410 34 21 att

243 1443 82 23 lämna
351 1451 30 15 en
404 1444 173 29 jämförelsevis
603 1444 45 29 god
672 1445 69 23 ränta
765 1445 30 29 på
819 1444 48 30 det'
882 1444 118 30 nedlagda

244 1479 121 29 kapitalet.

318 1527 187 23 Järnvägsutskottets
518 1528 109 18 betänkande
641 1528 33 18 N:o
687 1530 17 16 2.
