1114 1775
316 170 245 23 Petitionsbetänkande
578 170 37 23 N:o
631 170 22 23 3.
820 173 13 19 3

111 236 20 18 af
143 236 64 18 denna
219 235 113 23 förändring
343 236 50 18 hade
405 236 60 17 redan
474 236 101 23 uppgjorts
584 240 39 18 nya
632 235 158 23 lektionsplaner,
796 235 67 18 hvilka

111 266 50 18 dock
178 265 61 24 jämte
259 265 28 18 till
306 266 42 17 dem
368 265 70 23 fogade
457 265 152 23 anmärkningar
621 264 48 19 buro
682 264 61 19 vittne
757 270 31 13 om
802 265 61 18 sädan

111 295 134 23 obekantskap
264 295 44 18 med
327 295 47 18 vära
393 295 183 22 skolförhällanden,
590 295 29 18 att
635 295 22 18 de
670 295 43 18 icke
727 295 64 18 kunde
805 294 57 19 anbe-

111 325 57 18 fallas
182 325 27 18 till
223 325 119 18 efterlefnad.
367 325 42 18 Med
422 325 62 22 några
496 325 158 18 modifikationer
666 325 93 23 päbjödos
774 325 23 18 de
807 325 57 18 emel-

110 355 58 18 lertid
188 355 36 18 den
242 355 22 17 26
274 355 36 23 juli
325 355 50 22 1903,
389 355 36 17 och
437 355 43 18 icke
493 355 74 18 mindre
581 355 25 17 än
619 355 24 17 40
655 355 76 18 timmar
744 355 60 22 ryska
817 359 46 18 upp-

111 387 58 20 togos
183 385 82 18 sälunda
278 385 6 17 i
296 385 177 22 lektionsplanerna
486 385 29 17 för
529 384 38 18 alla
580 385 43 22 slag
632 384 20 19 af
661 384 201 19 elementarläroverk.

184 427 26 18 De
226 431 39 18 nya
278 427 185 22 lektionsplanernas
477 425 123 24 tillämpning
612 426 68 21 skulle,
693 426 117 18 ätminstone
824 426 38 18 del-

111 457 36 21 vis,
162 457 80 22 vidtaga
254 456 43 18 med
310 456 83 18 läseäret
407 456 123 18 1903—1904.
549 456 58 18 Detta
619 461 36 13 var
667 455 49 19 dock
729 461 24 13 en
762 461 34 13 ren
804 455 58 24 omöj-

111 486 66 23 lighet,
192 487 80 17 emedan
285 486 47 18 flere
344 486 71 23 frägor,
429 491 41 13 som
483 485 167 24 sammanhängde
662 486 43 18 med
718 486 57 18 deras
785 491 78 18 genom-

111 517 87 20 förande,
212 516 52 18 ännu
279 521 47 13 voro
340 516 105 24 oafgjorda.
471 516 26 18 Sä
510 515 75 23 förgick
597 515 146 22 höstterminen,
756 516 62 18 under
832 515 32 18 det

112 551 46 13 man
170 547 7 16 i
190 546 91 18 skolorna
299 546 67 23 hvarje
386 545 38 24 dag
442 545 84 19 väntade
545 546 26 22 pä
583 545 107 23 befallning
703 545 28 18 att
744 545 119 19 omedelbart

112 575 114 24 genomföra
240 576 36 18 den
288 575 144 23 nödigbefunna
445 576 101 18 reformen.
572 575 39 19 Mot
623 575 59 19 slutet
695 575 20 18 af
726 575 86 19 nämnda
825 576 37 18 ter-

111 606 39 18 min
164 606 45 18 kom
222 606 36 18 den
271 606 84 18 väntade
368 606 137 22 befallningen,
519 606 37 17 och
569 606 60 18 skulle
643 610 26 13 nu
682 606 23 18 de
718 610 39 18 nya
769 605 95 19 lektions-

112 636 98 22 planerna,
230 636 67 18 hvilka
316 636 49 17 dock
377 636 7 17 i
396 636 54 18 vissa
463 636 106 18 afseenden
581 636 61 17 redan
655 635 68 18 hunnit
736 636 62 17 sedan
813 640 50 14 som-

112 670 67 14 maren
192 665 86 23 undergä
291 665 118 23 förändring,
423 666 23 17 sä
457 666 48 22 godt
517 670 41 13 som
571 666 7 17 i
591 665 44 18 hela
648 666 30 17 sin
691 665 117 23 omfattning
820 665 44 18 frän

112 695 142 19 vårterminens
273 695 68 23 början
358 695 96 23 tillämpas
467 696 7 17 i
486 696 85 17 flertalet
583 695 70 18 skolor.
678 694 51 19 Från
742 695 122 18 sistnämnda

113 725 27 17 tid
158 725 66 18 finnas
244 725 57 18 alltså
319 725 23 17 40
361 726 75 16 timmar
452 725 59 22 ryska
524 726 7 16 i
544 724 90 24 samtliga
647 724 48 18 våra
708 725 155 18 elementarläro-

112 754 56 23 verk;
182 755 69 18 endast
263 755 33 17 vid
310 755 22 17 de
345 755 34 17 två
390 754 167 23 normallyceerna
569 755 67 17 kunna
650 754 21 18 10
684 755 20 17 af
717 754 57 18 dessa
786 755 78 17 timmar

112 784 80 23 utbytas
210 785 41 17 mot
262 784 97 23 grekiska,
373 789 43 13 men
429 784 32 19 det
474 784 22 18 är
509 784 28 18 att
550 784 73 23 märka,
637 784 28 18 att
679 784 23 18 de
715 784 69 22 elever,
798 784 66 18 hvilka

112 815 44 18 från
169 815 57 23 sjette
240 815 78 18 klassen
330 815 42 18 valt
384 815 121 18 sistnämnda
517 815 65 22 språk,
595 814 95 25 därjämte
704 814 33 18 äro
749 814 115 19 nödsakade

113 845 28 18 att
155 844 58 18 äfven
226 845 43 17 läsa
281 845 62 22 några
356 845 77 17 timmar
445 845 66 22 ryska.

184 886 38 18 Det
234 886 22 18 är
270 891 22 12 en
306 886 72 23 sorglig
391 886 77 18 anblick
481 887 23 17 de
517 886 30 18 för
560 885 48 19 våra
621 885 60 23 högre
695 885 64 18 skolor
772 885 91 23 gällande

112 915 179 23 lektionsplanerna
309 915 29 19 för
357 916 122 18 närvarande
496 915 85 24 erbjuda.
607 915 6 18 I
627 916 23 17 de
662 915 98 18 klassiska
773 915 91 22 lyceerna

112 946 76 23 uppgår
208 945 74 18 antalet
301 945 139 23 obligatoriska
458 946 77 17 timmar
551 946 7 17 i
571 945 59 22 språk
647 945 30 18 till
695 945 42 18 icke
750 945 75 18 mindre
839 945 25 18 än

114 975 40 22 126,
167 975 70 18 medan
252 976 20 17 ät
284 976 62 17 andra
358 976 70 17 ämnen
436 985 20 3 —
465 980 30 13 om
509 975 23 18 de
546 980 15 13 s.
568 976 18 17 k.
594 975 176 18 exercitieämnena
777 975 87 18 borträk-

113 1010 36 13 nas
163 1015 22 3 —
199 1005 70 18 endast
288 1005 22 17 92
329 1006 77 17 timmar
425 1005 33 18 äro
477 1005 114 18 förunnade.
616 1005 86 22 Ungefär
721 1005 103 18 enahanda
843 1005 21 17 är

113 1035 117 23 ställningen
242 1036 7 17 i
262 1035 136 22 reallyceerna.
424 1035 65 18 Under
501 1035 76 18 sådana
589 1034 134 19 förhållanden
735 1035 22 17 är
766 1035 33 18 det
807 1035 57 18 hardt

112 1065 36 18 när
168 1064 87 24 omöjligt
273 1065 31 17 för
322 1065 91 18 skolorna
432 1065 29 18 att
477 1069 69 18 genom
559 1070 24 13 en
596 1064 154 23 ändamälsenlig
762 1065 102 18 undervis-

113 1095 47 22 ning
179 1094 82 23 bidraga
278 1095 28 17 till
325 1099 24 13 en
368 1095 62 22 sedlig
448 1095 115 22 uppfostran
582 1095 19 17 af
621 1095 32 17 det
669 1099 52 18 unga
734 1094 77 23 slägtet.
837 1094 27 18 De

112 1125 7 17 i
132 1125 87 22 egentlig
238 1125 78 22 mening
334 1124 138 23 uppfostrande
489 1124 83 18 ämnena
585 1123 20 18 fä
618 1125 45 17 vika
676 1124 37 18 och
725 1124 91 18 skolorna
830 1124 33 18 äro

113 1155 6 17 i
132 1154 43 18 fara
194 1154 30 18 att
242 1154 112 18 förvandlas
367 1154 28 18 till
408 1154 141 23 spräkinstitut,
563 1155 6 16 i
582 1153 67 19 hvilka
661 1154 23 17 de
697 1153 101 19 inhemska
811 1153 53 24 sprä-

112 1184 45 22 ken,
176 1184 52 18 hvad
247 1184 74 18 antalet
333 1185 77 17 timmar
422 1184 99 22 beträffar,
535 1184 32 18 stä
579 1183 54 23 långt
647 1183 48 19 efter
707 1184 59 22 ryska
779 1183 84 23 språket.

113 1214 77 23 Knappt
209 1214 53 18 torde
277 1214 31 18 det
321 1214 65 18 finnas
398 1214 28 18 ett
439 1214 119 18 civiliseradt
570 1214 51 22 land,
635 1214 34 18 där
682 1213 67 19 skolan
762 1214 39 18 kan
814 1218 51 18 egna

113 1244 22 18 sä
147 1244 49 18 liten
209 1244 27 17 tid
250 1244 20 18 ät
283 1244 32 18 det
328 1248 50 18 egna
391 1244 70 18 folkets
473 1244 98 18 litteratur
584 1248 41 13 som
638 1244 7 17 i
658 1243 86 18 Finland.

185 1280 37 18 Det
235 1280 21 17 är
270 1279 57 19 äfven
340 1280 43 18 frän
396 1279 232 23 uppfostringssynpunkt
641 1279 27 18 ett
681 1279 106 23 oförlätligt
796 1279 69 18 slöseri

112 1310 43 17 med
170 1314 24 14 en
208 1309 71 23 dyrbar
291 1310 28 17 tid
332 1310 30 17 att
374 1309 91 18 använda
478 1310 113 17 densamma
604 1309 28 17 till
645 1309 88 22 praktisk
746 1309 89 23 inöfning
845 1309 20 17 af

113 1339 28 18 ett
160 1339 66 23 spräk,
238 1339 30 18 för
281 1339 74 18 hvilket
368 1340 90 17 eleverna
471 1340 43 17 icke
527 1339 60 18 hafva
601 1339 110 18 omedelbar
723 1339 121 22 tillämpning
858 1339 7 18 i

113 1370 31 17 sin
164 1369 113 22 omgifning.
303 1369 139 18 Erfarenheten
461 1369 55 22 tyder
535 1369 59 18 äfven
613 1369 30 22 pä,
657 1369 28 17 att
699 1369 27 18 ett
739 1369 126 18 öfverdrifvet

113 1400 51 17 stort
183 1399 53 18 antal
256 1399 76 18 timmar
350 1399 57 18 hotar
426 1399 29 18 att
474 1403 81 14 snarare
573 1399 101 18 framkalla
686 1399 44 18 leda
743 1399 25 18 än
780 1399 84 17 intresse

113 1429 30 18 för
156 1429 28 17 ett
197 1428 105 19 läroämne.
321 1429 43 18 Med
376 1429 67 17 halfva
455 1429 75 18 antalet
543 1429 20 17 af
572 1429 23 17 de
604 1433 25 13 nu
638 1428 116 18 föreskrifna
762 1429 102 17 timmarna

112 1459 7 17 i
131 1458 61 22 ryska
204 1458 65 18 kunde
282 1463 24 13 en
318 1459 39 22 god
370 1459 62 22 grund
444 1459 70 22 läggas
527 1458 30 17 för
565 1458 67 18 vidare
640 1458 73 18 studier
723 1458 35 18 och
768 1458 99 23 praktiskt

112 1488 108 21 inlärande,
234 1488 34 18 där
281 1487 70 19 sädant
364 1487 99 19 behöfdes.

185 1529 100 18 Allmänna
298 1529 183 18 Petitionsutskottets
494 1529 110 19 betänkande
616 1529 34 18 N:o
663 1530 16 17 1.

633 1553 14 10 .
