1114 1773
263 146 84 23 Ständ.
360 146 54 23 Pet.
430 159 27 3 —
473 146 173 23 Petitionsbet.
662 147 41 22 N:o
719 148 22 21 7.
854 148 26 21 87

119 455 116 19 Transsumt.

470 514 59 21 XXL

277 577 40 22 Till
333 577 119 28 Kejserliga
468 577 92 23 Senaten
575 577 32 22 för
623 577 95 22 Finland.

187 641 106 26 Missnöjd
315 641 49 21 med
387 641 152 22 Guvernörens
561 641 14 27 il!
585 641 94 26 Viborgs
701 641 35 21 län
759 641 117 26 närslutna,

118 669 41 22 den
176 670 26 21 16
218 669 121 22 November
355 669 145 28 dagtecknade
522 669 71 28 utslag
607 670 28 26 på
650 670 26 21 de
691 670 82 25 besvär,
787 670 38 27 jag
839 676 37 15 an-

117 697 44 22 fört
176 698 61 21 öfver
253 698 35 21 det
304 698 41 21 den
363 699 25 21 15
403 697 98 22 förvikne
517 699 95 21 Oktober
627 699 7 20 i
650 698 71 22 Kotka
736 699 48 21 stad
798 698 77 22 förrät-

118 727 49 21 tade
182 727 57 21 valet
253 726 22 22 af
288 727 163 27 landtdagsmän
467 727 32 22 till
514 727 182 27 borgareståndet,
711 727 32 21 får
754 727 123 27 ödmjukast

115 755 38 27 jag
174 755 40 22 hos
238 755 119 28 Kejserliga
380 756 91 21 Senaten
495 756 117 21 återhemta
634 755 37 22 allt
688 755 56 22 hvad
757 756 38 27 jag
809 757 7 20 i
832 756 43 21 min

117 783 32 22 till
165 784 140 22 Guvernören
321 784 120 22 inlemnade
456 784 153 22 besvärsskrift
623 783 70 23 anfört
709 784 39 21 och
762 784 68 28 yrkat.

186 870 103 28 Slutligen
308 877 63 15 anser
384 871 38 27 jag
437 871 44 27 mig
496 871 45 21 icke
557 871 52 21 böra
624 870 111 22 underlåta
749 873 32 19 att
795 871 7 21 i
818 871 58 21 detta

116 899 155 27 sammanhang
293 899 31 21 till
347 900 120 27 Kejserliga
490 900 103 21 Senatens
616 900 121 20 kännedom
753 899 76 27 bringa
844 902 31 19 ett

115 926 24 22 af
151 928 161 21 vederbörande
327 929 7 20 i
349 928 71 22 denna
435 928 38 22 sak
488 928 102 26 iakttaget
605 927 120 23 förfarande
741 928 22 21 af
776 928 99 21 anmärk-

115 956 117 27 ningsvärd
255 956 151 22 beskaffenhet.
445 956 151 22 Guvernörens
624 956 71 27 utslag
717 958 22 19 är
760 957 114 26 nämligen,

116 990 34 15 om
167 985 65 21 också
254 985 97 21 dateradt
367 985 40 22 den
425 985 26 22 16
467 985 122 22 November
604 985 39 22 och
659 985 128 22 antecknadt
801 985 72 21 såsom

115 1014 84 26 uttaget
221 1013 40 22 den
280 1014 25 21 17
321 1013 128 25 November,
473 1014 45 21 icke
537 1013 90 28 utgifvet
642 1014 89 26 tidigare
747 1015 26 20 än
789 1013 41 22 den
847 1013 26 22 18

114 1041 123 22 November
254 1042 60 21 1904.
346 1042 184 22 Sakförhållandet
548 1042 74 22 härvid
637 1044 24 19 är
676 1042 101 27 följande:
803 1042 70 21 Sedan

116 1070 140 22 Guvernören
271 1071 8 20 i
293 1071 119 22 resolution
429 1072 40 21 den
486 1071 27 21 29
530 1071 95 22 Oktober
640 1071 105 21 infordrat
759 1071 113 26 Magistra-

114 1101 48 19 tens
178 1099 7 21 i
201 1099 72 22 Kotka
294 1099 118 28 förklaring
427 1102 31 19 att
473 1101 7 20 i
495 1100 115 26 anledning
625 1099 23 22 af
662 1100 103 21 besvären
781 1098 92 28 afgifvas

113 1127 59 22 inom
190 1128 26 21 14
232 1128 65 27 dagar
317 1128 98 26 derefter,
437 1128 73 21 inkom
530 1129 66 26 sagda
609 1128 118 27 förklaring
742 1128 32 21 till
790 1127 83 22 Guver-

113 1158 68 20 nören
197 1157 41 21 den
255 1157 26 20 12
297 1156 159 28 derpäföljande
471 1157 129 21 November.
631 1157 73 26 Enligt
717 1157 26 21 16
754 1158 11 25 &
776 1157 7 20 i
794 1156 79 21 Landt-

114 1185 173 28 dagsordningen
310 1185 66 22 borde
395 1186 152 21 Guvernörens
564 1185 71 28 utslag
649 1185 6 21 i
671 1185 115 27 anledning
800 1184 24 22 af
837 1185 36 21 be-

114 1216 49 19 svär
179 1214 60 21 öfver
254 1214 227 27 landtdagsmannaval
497 1214 31 21 till
543 1214 177 27 borgareständet
735 1213 93 28 utgifvas
839 1219 33 15 se-

113 1246 49 18 nast
177 1243 68 26 dagen
261 1243 54 21 efter
330 1243 47 26 den,
393 1243 26 21 dä
435 1243 58 21 tiden
508 1242 33 22 för
556 1242 127 27 förklarings
695 1242 120 28 afgifvande
827 1241 46 28 gätt

113 1271 32 22 till
161 1271 55 22 ända
231 1271 51 21 eller
297 1271 63 22 alltsä
375 1272 6 21 i
397 1271 58 22 detta
470 1271 42 23 fall,
528 1271 27 22 dä
569 1271 93 22 nämnda
679 1271 41 27 dag
731 1271 50 21 eller
793 1271 42 21 den
845 1271 27 20 13

113 1300 122 21 November
257 1306 38 15 var
317 1306 26 15 en
366 1300 87 27 söndag,
477 1302 72 19 senast
571 1300 41 21 den
637 1300 26 21 14
680 1300 129 21 November.
839 1299 34 21 Dä

113 1329 48 21 mitt
176 1328 39 21 hos
232 1328 140 22 Guvernören
388 1329 125 26 begagnade
528 1328 85 26 ombud,
625 1327 246 27 Vicehäradshöfdingen

113 1357 88 22 Severin
217 1357 94 25 Avellan,
327 1357 41 22 den
385 1357 26 21 16
427 1357 122 22 November
566 1357 36 21 vid
617 1357 152 21 embetstidens
785 1356 44 21 slut
844 1356 27 21 kl.

111 1386 14 21 3
141 1392 17 15 e.
174 1392 28 15 m.
217 1385 72 22 infann
306 1386 33 27 sig
349 1386 13 21 ä
375 1386 212 27 guvernörsembetet
597 1385 33 22 för
641 1387 31 20 att
682 1385 112 25 efterhöra,
805 1385 66 21 huru-

111 1414 50 21 vida
176 1414 71 27 utslag
262 1415 7 20 i
285 1414 65 21 saken
367 1415 60 21 stode
443 1416 32 20 att
489 1414 96 26 erhällas,
605 1414 134 21 meddelades
755 1414 79 21 honom
851 1412 22 23 af

111 1443 142 27 registratorn
275 1443 24 21 E.
322 1443 122 26 Härkönen,
468 1445 31 19 att
521 1443 91 26 utslaget
627 1444 57 19 ännu
700 1443 45 21 icke
761 1448 52 15 vore
828 1441 42 22 fär-
