1111 1764
258 156 85 23 Ständ.
359 156 54 22 Pet.
431 169 24 2 —
473 156 174 23 Petitionsbet.
664 157 42 22 N:o
723 157 20 21 7.
849 157 29 21 33

119 228 103 29 djupare
239 227 130 30 betydelse,
383 228 121 29 uppfattas
517 228 207 28 instinktmässigt,
740 230 34 21 att
787 234 89 23 genom

119 262 83 30 dylika
221 262 110 29 åtgärder
349 262 73 29 högre
435 263 132 29 sanningar
583 262 82 23 trädas
677 263 39 22 för
728 265 51 25 när,
793 262 83 23 hvilka

119 297 40 22 det
178 297 83 22 tillhör
279 296 66 23 såväl
364 296 47 23 den
430 297 122 29 offentliga
571 297 100 23 makten
696 304 54 15 som
769 296 48 24 den
836 304 41 15 en-

119 331 77 23 skilde
222 331 177 29 medborgaren
428 334 33 20 att
486 332 65 28 tjäna
570 332 47 22 och
636 334 82 21 värna.
755 331 54 23 Och
827 331 49 23 alla

119 366 70 22 dessa
207 368 77 20 större
302 366 47 22 och
368 366 97 22 mindre
478 366 194 23 maktmissbruk
685 366 25 22 af
721 366 155 30 tjänstemän,

119 400 83 23 hvilka
221 400 98 23 faktiskt
337 400 112 23 befunnit
467 401 35 29 sig
520 402 69 21 utom
608 400 110 24 räckhåll
737 401 38 23 för
793 401 83 29 lagens

119 442 61 21 arm,
204 436 77 22 måste
305 436 155 28 småningom
486 435 45 23 hos
555 435 174 29 befolkningen
751 435 75 23 alstra
844 442 32 15 en

119 470 119 28 bitterhet,
266 476 61 22 som,
354 469 79 23 därest
460 470 21 28 ej
510 470 132 22 orsakerna
670 470 35 22 till
730 470 146 22 densamma

119 504 122 30 grundligt
259 504 46 23 och
325 504 143 29 skyndsamt
491 504 175 29 undanrödjas,
684 505 49 22 kan
751 504 64 30 gifva
833 511 44 16 an-

119 539 100 29 ledning
237 539 35 22 till
291 539 69 23 svåra
376 539 185 30 förvecklingar,
580 539 49 22 lika
647 539 40 23 väl
700 547 53 15 som
767 538 109 31 antydda

120 573 230 23 missförhållanden
369 574 7 21 i
395 574 47 22 och
466 573 39 23 för
523 574 34 29 sig
575 573 85 30 själfva
680 576 84 27 utgöra
783 581 31 15 en
833 573 44 23 all-

119 615 98 16 varsam
236 608 52 23 fara
307 608 38 23 för
363 610 45 21 stat
427 608 47 23 och
494 608 125 23 samhälle.

190 809 45 23 Det
253 809 217 30 regeringssystem,
490 809 72 23 hvars
580 809 147 30 verkningar
744 810 8 21 i
774 809 103 29 Viborgs

120 844 41 23 län
181 844 135 23 Ständerna
335 845 73 22 ofvan
426 844 110 29 skildrat,
555 844 46 23 har
619 844 70 23 äfven
707 844 8 21 i
728 843 94 24 landets
841 844 36 22 öf-

120 879 51 29 riga
190 879 67 22 delar
275 879 139 22 framkallat
432 879 71 22 svåra
527 879 217 22 embetsmissbruk
761 878 55 23 från
835 884 42 24 gu-

120 916 167 25 vernörernes,
311 913 215 30 länestyrelsernas
548 913 47 22 och
615 913 56 22 dem
690 913 187 29 underlydande

120 948 195 23 administrativa
342 948 160 29 tjänstemäns
530 948 47 23 och
601 948 117 29 betjäntes
742 947 59 23 sida.
838 947 38 23 Då

120 982 30 23 de
169 983 69 22 inom
257 982 102 23 ständen
376 982 145 24 inlämnade
544 982 276 30 petitionsmemorialen
836 989 42 16 en-

120 1017 54 23 dast
198 1017 103 23 hänföra
325 1018 34 28 sig
383 1017 35 22 till
443 1017 30 23 de
498 1017 193 23 administrativa
714 1017 164 23 embetsmiss-

120 1052 96 22 bruken
239 1052 9 22 i
271 1052 101 29 Viborgs
396 1052 49 28 län,
471 1052 73 22 hafva
562 1051 136 23 Ständerna
715 1052 53 22 icke
786 1052 65 22 velat
868 1051 9 22 i

120 1086 82 23 denna
215 1086 167 29 underdäniga
395 1086 180 29 framställning
587 1088 115 21 närmare
714 1086 87 22 beröra
814 1087 63 21 mot-

120 1121 119 22 svarande
258 1120 232 24 missförhällanden
509 1122 9 21 i
536 1120 94 24 landets
643 1121 75 28 öfriga
731 1120 47 23 län.
807 1120 70 22 Stän-

120 1155 76 23 derna
215 1162 58 16 anse
291 1156 35 28 sig
344 1155 73 23 likväl
436 1155 54 23 icke
502 1156 85 22 kunna
604 1155 128 23 underläta
744 1157 33 20 att
790 1155 8 21 i
811 1154 66 23 detta

119 1189 180 30 sammanhang
318 1190 81 28 uttala,
418 1192 40 26 att,
478 1191 31 28 pä
528 1190 79 29 grund
626 1190 26 22 af
668 1190 47 22 den
733 1189 143 23 kännedom

120 1231 42 15 om
175 1224 186 23 förhällandena
375 1225 159 28 härutinnan,
547 1232 54 15 som
614 1224 86 23 talrika
713 1224 165 22 medlemmar

120 1258 27 23 af
163 1258 135 23 Ständerna
323 1259 87 23 vunnit
433 1258 41 23 vid
495 1259 142 29 utöfningen
656 1259 26 22 af
698 1258 37 22 sin
753 1258 124 23 verksam-

119 1293 42 23 het
179 1294 7 21 i
206 1293 39 23 det
263 1294 124 22 allmänna
406 1293 68 23 lifvet
493 1296 63 20 samt
574 1294 8 22 i
601 1295 89 21 statens
702 1293 47 22 och
761 1293 116 23 kommu-

120 1335 88 15 nernas
227 1328 78 28 tjänst,
324 1329 72 28 nägot
414 1328 83 22 tvifvel
516 1329 20 29 ej
556 1328 72 22 räder
646 1327 94 29 därom,

189 1364 34 20 att
234 1364 72 21 svära
319 1362 208 23 embetsmissbruk
543 1363 31 29 af
583 1362 145 30 väsentligen
744 1361 133 23 enahanda

120 1396 162 31 beskaffenhet
307 1404 51 16 som
386 1397 36 28 de,
447 1397 85 23 hvilka
558 1399 85 28 yppats
667 1397 8 22 i
701 1396 97 29 Viborgs
825 1396 52 28 län,

120 1431 79 23 under
215 1432 29 22 de
261 1433 91 22 senaste
376 1433 57 22 åren
453 1432 8 22 i
478 1434 75 21 större
576 1432 58 22 eller
652 1431 93 23 mindre
763 1430 114 24 utsträck-

119 1466 61 29 ning
197 1466 156 30 förekommit
365 1467 99 28 jämväl
480 1467 9 22 i
502 1467 93 22 landets
613 1466 79 29 öfriga
712 1466 49 28 län,
781 1465 44 23 och
843 1467 36 20 att
