1111 1773
312 142 245 24 Petitionsbetänkande
574 142 38 23 N:o
628 142 23 23 4.
797 145 27 19 89

103 216 43 12 man
163 216 67 18 genom
247 209 117 25 förmedling
379 208 22 20 af
412 209 85 25 järnväg
513 208 104 25 tillgodose
632 208 36 19 sitt
683 208 61 20 behof
757 208 22 20 af
789 214 65 17 varor,

103 238 25 20 då
150 238 31 19 får
203 244 44 13 man
271 238 25 25 på
317 237 137 25 handgripligt
477 240 39 16 sätt
536 240 48 16 röna
599 237 36 19 den
651 238 53 18 stora
719 237 100 19 saknaden
834 236 22 20 af

103 263 95 41 tvärbanor
214 273 8 18 ;
242 266 28 26 ja,
290 266 34 20 det
338 266 61 19 måste
415 269 43 16 rent
474 266 21 19 af
509 266 83 19 förvåna
606 272 39 18 oss,
661 268 29 17 att
705 266 149 19 försummelsen

103 296 6 19 i
125 296 54 19 detta
194 295 92 19 afseende
301 296 22 18 så
338 295 57 25 länge
412 295 52 19 varit
480 294 74 26 möjlig.

172 324 10 19 I
204 324 96 19 anseende
322 324 31 18 till
368 330 26 12 nu
409 323 86 20 rådande
511 323 79 25 knappa
605 302 184 50 penningetillgång
805 325 50 17 samt

104 353 36 19 den
164 352 150 26 omständighet,
334 354 29 18 att
378 352 75 20 oanade
468 352 63 20 behof
544 352 55 20 hålla
614 352 25 25 på
654 354 29 16 att
699 352 100 25 upysluka
815 355 39 15 sta-

104 384 43 17 tens
162 381 69 24 medel,
247 384 21 16 är
284 381 33 19 det
332 383 28 17 att
376 384 79 22 antaga,
471 383 29 17 att
515 387 43 13 man
575 380 31 20 för
621 380 125 26 ögonblicket
761 380 44 20 icke
817 380 37 19 kan

103 410 62 19 inlåta
187 410 31 25 sig
240 410 24 25 på
287 410 111 19 utförandet
421 410 22 19 af
463 413 64 16 större
549 410 67 19 banor.
648 409 71 19 Därför
738 408 60 20 borde
818 408 36 20 ock

104 439 125 20 mellantiden
249 438 71 20 mellan
336 438 53 20 detta
405 438 36 20 och
458 438 86 25 följande
559 438 137 23 ständermöte,
712 438 63 19 såsom
791 440 28 17 ett
835 437 22 20 af

105 467 112 20 skickelsen
233 468 57 19 sändt
305 467 86 25 tillfälle,
407 467 100 20 användas
522 467 27 20 bl.
565 474 17 12 a.
599 467 74 24 därtill,
688 469 29 17 att
732 473 43 13 man
786 466 68 26 gjorde

105 496 121 25 fullkomligt
242 496 52 20 klart
309 496 31 19 för
354 497 37 24 sig,
408 496 43 19 från
467 496 82 19 hvilken
565 496 63 25 punkt
643 495 35 20 och
692 496 6 18 i
714 495 82 20 hvilken
804 495 50 20 rikt-

105 525 48 26 ning
175 524 238 27 Suolahti—Suonenjoki
438 525 63 19 banan
524 525 114 25 lämpligast
661 524 64 19 kunde
746 524 108 19 fortsättas.

105 553 69 20 Såsom
190 561 46 18 nyss
252 553 85 25 nämdes,
354 557 99 16 motsvara
469 553 237 26 Nyslott—Pieksämäki
720 553 35 19 och
767 553 88 19 Joensuu

108 595 16 2 —
135 583 94 19 Kasurila
250 582 163 26 sträckningarna
435 583 44 19 icke
503 582 137 25 fordringarna
662 582 26 25 på
710 588 23 13 en
751 582 103 24 tvärbana,

105 611 82 20 hvarför
213 618 23 13 en
263 611 62 26 tredje
351 611 89 26 riktning
467 611 61 20 måste
554 611 65 20 sökas.
656 610 126 26 Lyckligtvis
801 612 55 17 möta

106 640 104 25 härvidlag
232 640 47 25 inga
301 640 130 25 svårigheter,
447 643 23 22 ty
485 640 62 19 denna
562 639 64 26 tredje
641 639 89 25 riktning
744 639 37 20 har
795 639 60 19 redan

105 669 58 25 länge
186 669 94 19 existerat
302 675 40 13 som
362 669 118 25 ögnamärke
496 669 31 19 för
542 669 23 18 de
582 669 58 24 djupa
656 668 67 19 ledens
739 668 115 25 önsknings-

106 697 45 26 mål,
168 704 29 13 om
213 703 44 14 man
273 697 37 20 ock
326 698 24 25 på
366 698 111 25 konstgjort
493 700 40 17 sätt
548 697 44 20 sökt
608 697 60 25 draga
684 697 36 19 den
737 697 5 18 i
757 697 97 24 skuggan.

107 726 42 19 Den
166 729 79 22 utgöres
261 726 21 19 af
296 733 23 12 en
336 727 160 24 bansträckning,
512 733 40 12 som
568 726 97 25 utgående
681 726 43 19 från
735 725 121 25 Suonenjoki

106 755 126 25 genomlöper
253 755 127 25 Leppävirta,
399 755 107 19 Heinävesi
525 762 25 13 m.
566 755 21 20 fl.
602 755 83 19 socknar
700 754 36 19 och
751 757 105 22 utmynnar

106 784 6 19 i
128 783 94 20 Joensuu.
253 784 66 19 Banan
342 784 60 19 borde
424 783 72 26 dragas
518 784 23 19 så
563 787 47 16 nära
633 783 91 20 Varkaus
745 783 51 19 bruk
815 789 41 13 som

107 812 82 25 möjligt,
205 813 49 19 eller
268 813 60 19 borde
343 813 71 19 bruket
429 813 83 19 medelst
527 819 23 13 en
566 813 72 19 bihana
646 815 60 16 sättas
717 812 6 19 i
735 811 119 20 förbindelse

107 841 42 20 med
173 841 116 20 densamma.
320 842 37 19 Att
375 841 62 20 denna
453 842 154 25 bansträckning
622 841 60 19 väckt
697 841 83 19 intresse
796 841 59 19 fram-

107 870 36 25 går
157 870 28 20 bl.
201 877 17 13 a.
234 870 63 25 däraf,
313 873 29 17 att
357 870 36 20 den
410 870 24 26 på
449 870 85 26 tidigare
549 870 118 25 landtdagar
682 869 113 20 framkallat
806 869 48 26 peti-

107 899 133 25 tionsförslag.
267 898 32 20 Då
321 899 31 19 för
371 900 28 18 tio
414 899 23 20 år
451 900 60 19 sedan
526 901 30 18 ett
571 901 51 17 möte
637 898 51 20 hölls
704 898 30 20 för
749 898 107 26 dryftande

107 928 22 19 af
140 927 172 26 järnvägsfrågan,
336 928 85 25 uppbars
441 928 34 19 vid
493 928 106 19 detsamma
615 928 62 19 denna
693 928 127 24 banriktning
835 926 22 20 af

107 956 44 20 icke
173 956 75 20 mindre
270 959 24 17 än
318 956 26 20 28
368 957 119 19 kommuner.
518 956 41 20 Och
576 963 30 13 om
624 957 63 24 någon
703 959 21 16 är
738 956 41 26 just
793 956 63 19 denna

107 985 47 25 linje
171 985 83 25 lämplig
272 985 30 19 för
320 992 23 12 en
359 986 102 25 tvärbana,
477 986 26 19 då
516 986 22 25 ju
554 985 110 19 densamma
679 985 95 25 därjämte
789 984 67 20 blefve

107 1020 24 13 en
147 1014 248 25 sammanbinduingsbana,
418 1020 41 14 som
478 1014 92 20 förenade
590 1009 131 27 Österbotten,
739 1016 66 17 västra
820 1012 36 20 och

108 1042 57 20 södra
180 1042 84 20 Finland
279 1046 51 16 samt
344 1043 121 19 Tavastland
481 1043 44 19 med
541 1042 104 26 Savolaks,
660 1032 86 30 Karelen
757 1042 36 20 och
803 1044 54 17 östra

107 1071 91 21 Finland.
229 1071 60 20 Detta
312 1072 64 19 skulle
399 1072 112 25 naturligen
533 1072 87 19 medföra
643 1071 81 26 mycken
744 1073 58 23 nytta
821 1070 35 20 och

107 1100 129 25 välsignelse;
260 1100 76 19 landets
359 1100 53 20 olika
435 1100 56 20 delar
505 1100 64 20 kunde
585 1100 56 19 träda
656 1100 6 19 i
678 1099 178 20 trafikförbindelse

108 1129 36 19 och
160 1129 129 25 varu-utbyte
305 1129 43 19 med
364 1129 118 25 hvarandra,
498 1129 36 19 och
550 1129 44 19 dess
609 1129 53 19 olika
678 1132 91 16 stammar
780 1128 76 19 komma

109 1158 6 18 i
130 1157 106 25 ömsesidig
259 1158 140 20 vexelvärkan.
430 1157 23 26 Ej
478 1158 63 20 heller
563 1158 35 19 bör
620 1158 36 19 den
680 1157 54 19 sidan
753 1157 21 19 af
788 1157 68 25 frågan

108 1186 146 24 underskattas,
278 1188 29 17 att
322 1187 107 19 tvärbanan
445 1186 74 26 dragen
536 1187 5 19 i
558 1186 62 20 denna
635 1186 89 25 riktning
739 1186 65 19 blefve
820 1186 36 18 den

109 1216 87 18 kortaste
211 1215 36 19 och
262 1214 82 20 sålunda
359 1215 58 20 äfven
433 1215 36 19 den
481 1215 100 25 billigaste
591 1226 29 3 —
628 1215 28 25 ja,
667 1214 100 26 själffallet
778 1214 79 26 mycket

109 1244 91 24 billigare
222 1246 24 17 än
270 1243 24 19 de
316 1244 112 25 föreslagna
443 1246 73 18 tvänne
531 1244 93 23 banorna,
640 1243 70 20 hvilka
724 1242 133 20 öfverhufvud

108 1272 90 20 vidlåder
216 1272 54 25 felet,
294 1275 29 17 att
342 1272 106 26 ingendera
463 1273 23 19 af
500 1273 41 19 dem
558 1276 22 16 är
595 1272 63 25 någon
673 1272 102 19 tvärbana.
806 1272 50 19 Där-

106 1302 61 24 jämte
189 1301 65 19 skulle
277 1302 152 24 ifrågavarande
445 1302 153 24 bansträckning
618 1301 42 19 dels
676 1301 65 24 skära,
757 1300 42 20 dels
814 1304 42 15 tan-

108 1336 49 19 gera
172 1332 53 17 stora
240 1332 151 23 vattensystem,
407 1330 80 19 hvilkas
503 1330 87 25 mäktiga
607 1330 75 19 krafter
697 1330 50 19 blott
763 1331 60 17 vänta
832 1328 26 26 på

108 1358 128 26 undsättning
250 1365 69 19 genom
335 1359 93 25 tidsenlig
443 1358 168 20 kommunikation
628 1358 30 20 för
673 1360 29 18 att
717 1358 71 19 träda
781 1354 12 34 i
801 1358 55 19 indu-

108 1387 59 19 strins
189 1387 68 25 tjänst.
287 1387 42 20 Och
352 1388 25 19 då
398 1387 62 25 riklig
478 1387 86 25 tillgång
579 1387 25 25 pä
619 1387 91 19 räämnen
725 1386 61 20 finnes
801 1386 56 20 såväl

108 1416 7 18 i
138 1416 52 25 sjöar
213 1416 36 19 och
272 1416 72 25 skogar
366 1423 40 13 som
429 1416 6 19 i
457 1416 76 25 jorden,
553 1416 66 19 blefve
642 1416 62 19 banan
727 1422 22 12 en
773 1416 22 18 af
808 1415 49 24 dem,

109 1450 41 14 som
165 1444 44 20 icke
224 1444 70 20 endast
312 1445 105 25 importera
436 1451 59 13 varor
511 1444 43 20 från
570 1444 94 25 utlandet,
680 1447 46 17 utan
741 1444 58 19 äfven
815 1444 43 19 föra

110 1473 120 19 hemlandets
250 1473 60 20 alster
324 1474 7 19 i
347 1473 194 20 världsmarknaden.
571 1473 45 19 Men
632 1475 52 17 utom
699 1473 123 25 egenskapen
838 1472 22 20 af

179 1518 186 24 Järnvägsutskottets
377 1519 110 18 betänkande
500 1518 35 19 N:o
547 1520 17 17 2.
