1111 1773
254 155 85 23 Ständ.
356 156 53 22 Pet.
424 169 28 2 —
468 156 172 23 Petitionsbet.
656 156 43 23 N:o
714 157 22 22 7.
844 157 28 21 85

117 223 112 22 åtecknadt
252 224 160 27 handlingarna,
431 225 31 21 till
477 225 209 21 kronolänsmannen
702 225 7 20 i
725 225 102 22 Valkeala
842 225 31 22 di-

117 253 63 20 strikt
195 252 32 21 för
243 255 31 19 att
290 253 106 22 tillställas
412 253 114 22 sökanden.
551 248 20 27 Å
584 253 163 22 Landskansliet
761 254 7 21 i
784 254 89 27 Viborg,

117 281 40 21 den
174 281 25 21 17
216 281 117 22 December
350 282 60 21 1903.

364 333 10 21 I
392 333 151 22 Guvernörens
559 334 69 21 ställe:
646 333 6 7 *

396 385 81 22 Arthur
493 385 102 22 Brofeldt.

609 437 19 22 J.
644 437 24 22 F.
684 437 120 22 Suuronen.

116 489 144 28 Ötversättning.

127 539 181 18 Kronolänsmannen
321 540 5 17 i

139 563 88 17 Valkeala
239 562 75 18 distrikt
701 563 35 18 N:o
753 563 34 18 662
803 563 32 22 Mj.
848 563 24 18 D.

115 608 13 19 E
139 585 61 22 Harju
212 585 16 18 &
240 586 78 17 Mettola
721 588 5 3 —
765 592 50 19 1903.

165 609 20 17 12
197 609 13 18 J:
269 609 4 3 i
287 609 50 18 1904.

129 614 145 36 EN
710 621 75 18 Ankom
797 621 28 23 !/,
838 621 28 18 04.

268 696 40 21 Till
323 696 57 21 Herr
397 696 139 21 Guvernören
552 696 7 21 i
575 696 93 27 Viborgs
683 696 41 21 län.

184 754 40 21 Till
247 754 56 21 Herr
327 754 138 21 Guvernören
482 753 32 22 får
528 754 37 27 jag
580 754 122 27 ödmjukast
716 754 114 22 återsända
845 754 27 21 de

115 782 125 27 handlingar
263 788 46 16 som
332 782 31 22 hit
385 782 87 27 åtföljde
494 782 116 28 högtärade
632 783 146 21 resolutionen
794 782 20 22 af
829 782 42 22 den

116 812 25 20 17
159 811 96 21 sistlidne
271 811 117 21 December
404 811 40 21 N:o
460 811 48 24 677,
525 811 48 21 med
588 811 97 21 anmälan
696 813 31 20 att
739 811 132 27 »Kymmene

116 840 151 26 Aktiebolags»
285 840 58 21 såväl
359 840 89 27 styrelse
464 846 46 15 som
526 840 156 21 värkställande
698 840 93 22 direktör
805 840 66 21 Kom-

116 868 130 22 merserädet
260 868 28 22 M.
304 868 123 22 Dahlström
443 870 37 20 äro
497 869 84 21 bosatta
595 869 3 21 i
608 863 48 27 Äbo
672 869 53 25 stad,
740 868 86 22 hvarför
834 868 38 28 jag

116 898 18 26 ej
151 897 82 22 kunnat
247 897 86 27 vidtaga
348 897 40 22 den
404 897 6 21 i
426 897 145 22 resolutionen
587 897 78 22 äskade
680 898 81 27 ätgärd.

585 955 88 21 Volmar
688 955 114 21 Andersin.

116 1024 145 28 Öfversättning.

115 1074 36 19 N:o
163 1075 33 18 415
211 1075 21 17 B.
245 1075 24 18 D.
643 1075 74 18 Ankom
730 1074 34 19 den
777 1074 30 23 %/,
819 1075 52 18 1904.

173 1104 49 18 1904.

430 1150 133 22 Resolution.

184 1197 145 26 Öfversändes
345 1201 31 22 till
390 1202 141 27 Magistraten
547 1203 7 20 i
569 1202 93 27 Viborgs
678 1202 46 21 stad
739 1201 33 22 för
787 1203 32 20 att
831 1201 40 21 till-

115 1231 72 21 ställas
208 1231 119 27 Kymmene
349 1230 140 27 Aktiebolags
505 1231 80 21 ombud
600 1230 195 22 Hofrättsnotarien
811 1229 60 22 Vice-

114 1259 194 27 häradshöfdingen
323 1259 57 22 John
396 1259 121 27 Nordgren.
547 1259 162 22 Landskansliet
719 1259 7 21 i
736 1259 83 26 Viborg
830 1258 41 21 den

114 1288 28 22 28
157 1288 89 22 Januari
257 1288 61 22 1904.

364 1322 10 22 I
392 1322 152 22 Guvernörens
561 1322 61 22 ställe

435 1368 25 22 V.
476 1368 76 22 Fuchs.

605 1408 20 22 J.
642 1408 22 21 F.
681 1408 120 21 Suuronen.

122 1436 35 18 N:o
169 1437 22 17 53

112 1465 46 18 Akt.
165 1465 34 18 662
212 1465 43 19 1903
268 1466 32 22 Mj.
313 1466 24 17 D.
