1111 1775
318 144 247 24 Petitionsbetänkande
581 145 38 23 N:o
635 145 24 22 4.
795 148 41 19 149

115 210 109 29 gifterna,
241 210 58 29 högt
314 210 144 27 beräknade,
474 210 151 29 uppskattats
643 210 35 22 till
692 214 93 23 108,000
797 210 69 23 mark

115 246 36 22 för
169 246 56 22 året.

186 282 66 22 Hvad
276 282 72 22 sedan
370 281 149 23 vidkommer
543 281 321 30 sammanbindningsbanan

115 318 99 22 emellan
230 318 130 28 Jyväskylä
383 318 44 22 och
444 317 45 23 den
506 317 147 23 Savolakska
665 318 141 29 järnvägen,
823 317 43 23 har

115 354 120 23 Utskottet
252 355 79 21 ansett
347 353 45 23 den
408 354 36 22 uti
455 353 45 23 den
512 353 87 29 nådiga
616 354 172 28 propositionen
806 353 59 22 före-

115 390 83 28 slagna
214 389 44 23 och
275 389 24 23 af
315 389 121 23 Utskottet
456 389 91 29 jämväl
563 389 128 23 omfattade
707 390 78 22 banan
802 389 63 23 ifrån

115 425 105 23 Suolahti
236 425 35 22 till
288 425 144 29 Suonnejoki
448 426 85 22 endast
549 426 7 21 i
574 425 20 23 så
605 426 73 22 måtto
690 425 82 23 kunna
783 424 83 24 utöfva

114 461 132 29 inflytande
255 461 29 29 på
295 461 137 23 förenämda
443 460 309 30 sammanbindningsbana,
765 462 35 22 att
810 460 56 24 dess

115 497 229 29 anslutningspunkt
359 497 39 23 vid
415 497 114 23 Savolaks
546 497 78 23 banan
648 497 41 23 bör
709 497 69 23 sökas
795 496 69 29 sydli-

115 540 56 22 gare
188 536 28 20 än
240 532 159 24 Pieksämäki.
432 533 82 23 Såsom
538 533 120 23 Utskottet
673 534 35 22 uti
725 534 40 21 sitt
781 533 83 23 betän-

114 568 78 24 kande
208 569 42 23 N:o
269 573 7 18 1
296 570 61 22 varit
372 569 8 22 i
396 568 92 24 tillfälle
505 568 131 29 framhålla,
653 571 39 21 äro
708 569 106 23 banorna
824 568 40 29 Jy-

114 605 280 29 väskylä—Pieksämäki
422 605 41 23 och
492 605 281 29 Suolahti-Suonnejoki
799 605 65 22 dess-

114 644 66 20 utom
196 641 106 30 parallelt
318 641 99 29 löpande
434 641 44 22 och
495 641 100 28 belägna
607 641 26 22 så
647 644 58 20 nära
721 641 142 27 hvarandra,

115 678 34 21 att
165 677 29 23 de
209 677 53 22 icke
279 677 62 23 båda
357 684 40 16 ens
414 678 8 21 i
436 684 30 15 en
478 684 66 16 mera
555 677 107 29 aflägsen
674 677 95 23 framtid
781 677 83 22 kunna

114 713 87 23 tänkas
216 713 98 23 komma
329 713 34 22 till
379 713 132 27 utförande,
528 713 43 22 och
587 713 30 22 då
634 713 120 23 Utskottet
770 713 25 23 af
805 713 58 22 flere

114 749 52 22 skäl
183 749 64 23 ställt
263 749 77 22 banan
358 749 280 30 Suolahti—Suonnejoki
650 749 99 22 framom
761 756 28 15 en
801 749 63 22 bana

114 785 35 22 till
165 785 159 27 Pieksämäki,
344 785 42 22 har
402 785 78 23 denna
499 791 83 17 senare
599 786 90 21 ansetts
708 785 54 22 böra
778 785 24 22 få
819 784 45 23 för-

115 821 62 22 falla.
208 821 44 22 För
268 821 46 23 den
330 821 126 22 omordade
474 821 317 28 sammanbindningsbanan
804 821 60 22 åter-

114 857 49 22 står
179 857 100 22 sålunda
295 857 24 22 af
334 857 28 22 de
378 864 33 16 nu
426 857 168 29 petitionerade
611 857 198 28 sträckningarna
825 863 38 16 en-

115 892 53 23 dast
184 900 34 19 en,
236 892 192 29 Jyväskylä—St.
447 893 91 22 Michel.

186 928 79 23 Ehuru
276 929 79 22 denna
365 928 57 30 linje
434 929 75 23 mäste
520 928 118 23 erkännas
650 928 71 23 hafva
730 935 28 15 en
771 928 92 23 mindre

114 971 117 23 gynnsam
247 964 106 29 riktning
369 965 26 22 sä
411 964 35 23 till
457 964 62 28 vida,
532 965 33 21 att
577 964 139 23 densamma
732 964 76 23 bildar
823 964 41 22 vid

114 1000 35 23 S:t
157 1000 83 23 Michel
256 1007 30 16 en
302 1001 89 29 spetsig
406 1000 81 23 vinkel
500 1000 53 23 med
565 1000 113 23 Savolaks
695 1000 85 28 banan,
792 1006 71 22 synes

114 1036 78 23 denna
215 1036 125 29 olägenhet
364 1036 72 23 likväl
454 1038 121 28 uppvägas
595 1036 74 27 däraf,
686 1037 35 21 att
736 1036 76 29 sagda
829 1038 35 20 ort

114 1072 120 23 sannolikt
256 1073 8 21 i
288 1079 28 16 en
339 1072 96 22 framtid
460 1072 44 23 blir
527 1072 153 29 slutpunkten
703 1072 35 22 för
757 1079 29 15 en
802 1078 61 16 sam-

114 1108 248 28 manbindningsbana
389 1108 60 23 ifrån
465 1108 94 29 Nyslott
580 1108 34 22 till
635 1108 113 22 Savolaks
776 1108 85 28 banan,

113 1144 97 22 hvarom
234 1144 72 23 redan
329 1144 38 22 vid
384 1144 79 23 denna
479 1144 114 29 landtdag
609 1144 116 22 särskilda
742 1144 119 28 petitions-

115 1180 119 23 memorial
258 1182 40 21 äro
321 1180 143 23 inlämnade.
496 1180 54 23 Men
573 1180 32 23 St.
630 1180 83 23 Michel
737 1187 56 22 eger
812 1179 50 23 där-

111 1217 75 28 jämte
204 1223 29 16 en
249 1216 92 23 förmän
365 1223 49 16 som
441 1217 34 22 uti
494 1215 153 24 förevarande
664 1216 41 23 fall
722 1215 40 23 bör
778 1216 84 22 tillmä-

114 1255 36 20 tas
173 1259 29 16 en
227 1252 128 29 afgörande
378 1252 129 29 betydelse.
540 1251 31 24 St.
597 1251 83 24 Michel
696 1253 68 28 utgör
781 1251 82 23 nämli-

114 1295 51 22 gen,
175 1289 77 22 säsom
270 1288 90 29 egande
377 1288 242 29 sjökommunikation
636 1287 65 23 öfver
713 1287 95 23 Saimen
820 1287 42 23 och

113 1331 85 22 genom
214 1324 80 23 Saima
310 1323 71 23 kanal
398 1323 63 23 ända
479 1325 25 21 ut
520 1323 34 23 till
571 1323 88 23 Finska
676 1323 76 28 viken,
764 1323 45 23 den
826 1325 36 20 ort

114 1366 49 16 som
180 1360 7 22 i
204 1367 29 15 en
249 1359 97 23 framtid
370 1360 75 22 måste
469 1359 87 23 tänkas
581 1359 71 23 blifva
673 1359 137 29 stapelplats
827 1359 35 22 för

113 1396 186 29 sjötransporten
323 1395 56 23 eller
402 1395 45 23 den
474 1395 166 23 kombinerade
665 1396 43 29 sjö-
725 1395 43 22 och
784 1395 78 22 lands-

113 1432 148 29 transporten
286 1431 101 23 emellan
411 1431 33 23 St.
466 1431 143 29 Petersburg
625 1431 44 22 och
685 1431 107 29 sydöstra
808 1431 54 22 Fin-

112 1467 56 22 land
184 1468 14 22 &
214 1473 45 16 ena
276 1467 68 23 sidan
360 1468 63 21 samt
442 1467 164 23 Keski-Suomi
622 1467 43 22 och
681 1467 97 22 därmed
793 1467 7 22 i
817 1467 45 22 för-

183 1515 185 23 Järnvägsutskottets
380 1514 112 19 betänkande
504 1515 35 18 N:o
551 1516 18 17 2.
