1111 1778
349 158 218 18 Motionsbetänkande
580 158 37 19 N:o
629 158 15 19 1.
838 159 33 17 111

123 217 44 22 den
183 217 130 27 bestämma,
334 218 90 22 säframt
442 218 131 22 densamma
592 218 56 22 blott
663 218 37 22 vill
716 218 104 29 begagna
836 219 36 28 sig

123 253 21 22 af
161 253 72 23 denna
249 255 50 25 rätt;
316 253 25 23 sä
357 254 74 22 kunna
448 254 163 22 kommunerna
627 254 58 22 hvad
700 254 69 29 angär
779 254 92 23 bränvin

123 289 44 22 och
188 290 146 29 spritdrycker
354 290 44 22 helt
418 290 44 22 och
478 290 66 22 hållet
559 290 104 28 förbjuda
679 290 28 22 all
723 290 81 22 handel
820 290 51 22 med

123 325 45 22 och
185 326 148 28 utskänkning
349 326 21 22 af
386 326 91 22 sådana.
518 325 140 23 Beträffande
672 326 62 22 viner
752 327 44 21 och
811 326 61 22 malt-

123 361 94 29 drycker
232 361 69 22 mäste
317 361 36 22 väl
368 361 76 29 nägon
456 361 52 22 eller
518 361 69 28 nägra
599 361 73 29 dylika
680 361 127 29 rättigheter
816 361 56 23 före-

122 397 83 27 finnas;
216 403 51 16 men
284 397 137 22 kommunen
438 397 39 22 har
492 397 6 22 i
514 397 34 22 sin
565 397 60 22 makt
636 398 30 21 att
676 397 105 23 fastställa
792 397 81 23 antalet

123 432 22 23 af
161 432 51 23 dem
229 433 43 22 och
289 433 85 28 platsen
391 433 87 22 hvarest
494 433 29 22 de
539 433 21 22 få
575 433 87 22 utöfvas
674 433 116 22 äfvensom
801 434 30 21 att
842 434 30 21 in-

125 468 68 28 draga
214 469 115 22 desamma
349 469 7 22 i
376 469 108 22 händelse
503 469 158 22 innehaifvaren
678 469 21 22 af
714 469 41 22 slik
771 469 102 28 rättighet

124 504 28 29 på
178 505 68 28 något
269 506 42 21 sätt
334 505 133 22 missbrukat
488 505 34 22 sin
539 506 39 21 rätt
598 505 52 22 eller
670 505 45 22 låtit
739 505 78 22 oskick
835 505 37 22 vid

127 540 98 23 rörelsen
237 541 91 22 komma
339 541 35 28 sig
384 541 30 22 till
426 541 46 22 last.
481 553 29 3 —
522 540 98 23 Sålunda
630 541 75 22 kunna
712 541 161 22 kommunerna

125 576 67 23 redan
212 577 51 22 med
280 577 51 22 stöd
348 577 21 22 af
384 583 30 16 nu
430 576 104 29 gällande
550 576 37 29 lag
603 577 91 22 komma
710 577 86 28 ganska
812 577 61 28 långt

124 612 29 29 på
170 612 222 29 inskränkningarnas
414 612 99 23 område.
530 625 29 2 —
576 613 35 22 De
627 613 127 22 nuvarande
770 613 103 22 utskänk-

125 648 75 28 nings-
224 649 43 22 och
291 649 276 28 utminuteringsbolagen,
591 655 51 16 som
666 651 38 20 äro
728 648 93 29 byggda
845 648 28 29 på

125 683 67 23 dessa
208 685 110 28 principer
333 685 44 21 och
394 685 72 22 hvilka
482 684 34 23 för
532 684 136 23 närvarande
684 684 71 23 finnas
767 684 106 23 inrättade

125 720 6 21 i
148 720 102 28 samtliga
266 720 86 22 landets
367 720 80 27 städer,
462 720 65 22 hafva
538 720 161 28 otvifvelaktigt
709 720 56 22 visat
776 721 35 27 sig
822 726 51 16 vara

127 755 97 22 särdeles
245 756 83 28 nyttiga
352 756 44 21 och
418 756 136 28 välgörande
575 756 149 28 inrättningar,
747 756 44 21 och
808 756 65 21 hafva

126 791 66 22 dessa
215 791 124 29 säkerligen
365 792 85 22 utöfvat
476 798 27 15 en
528 791 182 29 fruktbringande
734 791 140 22 verksamhet

124 826 37 22 vid
179 827 113 22 odnandet
307 827 22 22 af
344 827 165 29 ifrågavarande
526 827 101 22 handels-
643 827 44 22 och
704 827 169 28 utskänknings-

125 862 82 23 rörelse
231 864 6 21 i
261 863 154 29 nykterhetens
436 864 99 21 intresse.
556 875 27 4 —
603 863 76 22 Dertill
700 863 64 22 hafva
788 869 85 22 genom

126 898 64 22 deras
211 899 132 22 vinstmedel
364 899 82 29 mänga
466 899 69 28 goda,
555 899 177 28 folkbildnings-,
756 899 117 28 välgören-

126 935 57 21 hets-
206 935 43 22 och
273 935 68 22 andra
365 935 165 29 allmännyttiga
554 935 144 22 kommunala
720 935 87 28 företag
830 935 44 22 och

127 970 102 23 ändamäl
249 971 83 22 kunnat
353 971 130 29 uppehällas
502 971 45 22 och
565 971 125 28 befrämjas,
715 970 72 23 hvilka
803 971 71 28 aldrig

126 1005 52 22 med
199 1007 150 22 kommunens
372 1007 107 22 ordinalie
500 1007 122 22 inkomster
641 1007 82 22 kunnat
739 1007 89 22 utföras.
845 1018 30 3 —

125 1042 71 22 Deras
219 1043 59 22 stora
301 1043 115 28 betydelse
440 1043 110 22 bekräftas
572 1043 64 22 äfven
661 1042 60 23 deraf
740 1043 29 21 att
788 1048 86 16 samma

126 1083 113 23 personer,
263 1084 50 16 som
335 1078 6 22 i
365 1078 118 22 allmänhet
507 1078 47 22 ifrat
576 1078 35 22 för
634 1078 149 22 kommunens
803 1078 71 25 bästa,

127 1114 125 22 merendels
273 1114 74 22 arbeta
369 1114 68 22 ocksä
459 1114 5 22 i
486 1114 66 22 dessa
571 1114 77 28 bolag,
668 1114 78 26 hvilka,
762 1113 112 23 verkande

125 1149 84 29 jemlikt
225 1150 48 22 sina
289 1150 89 28 stadgar
394 1151 5 21 i
416 1150 56 28 syfte
489 1151 29 21 att
530 1150 122 22 motarbeta
664 1150 154 28 dryckenskap
830 1148 45 22 och

127 1184 109 30 omättligt
252 1186 55 22 bruk
323 1186 21 22 af
359 1186 72 22 starka
448 1186 98 28 drycker,
561 1186 56 22 söka
633 1186 70 22 ordna
714 1185 96 22 handeln
822 1184 52 22 med

127 1221 43 22 och
180 1222 177 28 utskänkningen
367 1222 20 22 af
396 1222 61 29 sprit-
466 1222 44 22 och
520 1221 146 29 maltdrycker
674 1221 28 29 pä
714 1222 29 21 ett
751 1220 124 23 ändamäls-

127 1257 69 27 enligt
211 1258 44 22 och
272 1258 24 22 sä
313 1258 45 22 litet
373 1264 50 16 som
440 1258 88 28 möjligt
543 1256 206 29 förderfbringande
765 1258 42 20 sätt
818 1257 58 21 samt

125 1293 82 28 jemväl
227 1293 118 29 uppehälla
365 1294 83 22 sädana
468 1293 142 29 synnerligen
627 1293 83 29 nyttiga
726 1293 149 27 inrättningar,

126 1335 50 15 som
193 1336 52 15 rena
261 1329 236 29 nykterhetsvärdshus
514 1329 43 22 och
573 1329 99 22 folkkök.
689 1341 29 3 —

198 1365 54 22 Men
273 1371 38 16 om
332 1365 21 22 af
374 1366 27 21 de
422 1371 30 16 nu
473 1364 127 29 föreslagna
616 1364 110 28 bolagens
741 1363 134 23 vinstmedel

126 1401 30 21 ett
172 1400 24 22 sä
216 1400 135 29 begränsadt
372 1400 84 29 belopp
480 1407 51 16 som
552 1401 78 21 endast
646 1400 70 28 något
731 1400 62 22 öfver
811 1398 26 23 15
847 1398 28 29 %o

125 1435 200 29 tillgodokommer
341 1437 108 26 städerna,
466 1436 39 22 der
521 1436 98 28 bolagen
633 1436 76 22 utöfva
720 1435 33 22 sin
764 1435 112 22 verksam-

126 1472 44 25 het,
187 1472 42 22 kan
246 1472 136 28 naturligtvis
399 1472 19 28 ej
435 1472 29 28 pä
480 1472 62 28 längt
553 1474 38 20 när
603 1478 26 16 en
641 1472 43 21 lika
695 1470 181 29 fruktbringande

126 1507 141 23 verksamhet
288 1508 42 22 hos
351 1508 66 22 dessa
436 1514 51 16 som
504 1508 58 21 förut
578 1508 106 26 emotses,
700 1506 44 22 och
761 1506 70 22 mäste
848 1505 29 22 dä
