1114 1773
240 157 29 21 26
382 156 84 22 Ständ.
483 157 54 22 Pet.
555 169 26 3 —
597 156 174 23 Petitionsbet.
787 156 41 22 N:o
844 156 20 22 7.

240 226 146 28 Öfversättning.

519 266 117 26 Protokoll,
651 265 58 22 fördt
723 265 87 22 utanför
822 268 99 24 prostens
932 266 7 20 i
950 266 52 21 Gre-

449 294 157 22 kisk-katolska
620 294 154 28 församlingen
790 294 17 22 I.
824 293 178 28 Warfolomejeffs

450 323 96 21 bostad
536 318 12 36 i
561 322 68 22 första
645 323 122 21 stadsdelen
786 322 23 22 af
823 322 179 22 Villmanstrands

450 352 48 21 stad
520 352 40 21 den
578 352 26 21 12
619 352 103 21 Februari
739 352 55 21 1903
809 351 90 22 klockan
916 352 24 20 11
957 351 46 21 före

450 380 121 27 middagen.

603 439 46 26 18.

313 489 70 22 Sedan
406 490 140 27 Magistraten
563 489 30 22 uti
610 489 193 28 tjänsteskrifvelse
815 489 23 21 af
851 489 41 22 den
909 489 25 22 13
951 489 51 26 Sep-

241 519 84 21 tember
343 519 52 20 1901
413 519 40 20 N:o
471 519 54 20 1236
540 518 143 27 förständigat
698 519 43 26 mig
756 520 33 19 att
803 518 21 21 af
835 518 167 26 Kontraktspro-

242 549 49 20 sten
307 547 17 21 I.
340 547 173 26 Wartolomejeft,
529 547 27 26 på
571 547 70 26 grund
657 547 22 21 af
693 547 72 27 bilagd
778 547 124 22 debetsedel
912 545 91 22 indrifva

242 576 88 27 Nyslott
353 576 46 20 stad
423 575 128 22 tillbörande
573 575 138 22 kommunala
735 575 109 28 utskylder
860 575 32 22 för
908 575 23 21 år
948 576 40 20 190:

242 605 29 20 89
287 604 61 21 mark
364 604 27 21 65
406 604 65 27 penni
487 605 39 20 och
538 604 39 27 jag
592 605 48 20 med
661 604 117 27 anledning
794 603 60 22 däraf
868 604 40 21 den
924 603 28 22 20
967 603 35 22 de-

241 633 87 21 cember
350 633 54 21 1901
426 633 41 21 hos
482 633 92 21 Prosten
590 633 171 26 Warfolomejeff
774 633 8 21 i
797 634 44 19 mät
856 633 52 27 tagit
923 634 31 19 ett
969 638 33 15 or-

243 661 177 28 gelharmonium,
436 663 31 19 ett
482 662 59 25 bord,
558 661 27 21 14
600 662 66 21 stolar
681 661 40 22 och
736 668 26 15 en
780 661 133 27 ugnsskärm,
924 661 79 26 utlyste

239 690 40 27 jag
302 689 53 22 efter
378 690 94 21 erhållen
494 690 120 21 kännedom
631 697 34 14 om
681 692 32 19 att
727 690 93 21 Prosten
836 689 169 27 Warfolomejeff

243 719 41 21 hos
304 719 58 21 Herr
382 719 141 21 Guvernören
539 719 6 20 i
562 719 30 21 S:t
610 719 88 21 Michels
720 719 34 21 län
772 719 72 26 klagat
860 718 58 22 öfver
937 718 66 27 sagda

242 747 129 27 utmätning,
387 753 48 15 men
451 749 32 20 att
499 747 140 22 Guvernören
655 747 80 21 medels
750 748 42 21 den
810 748 25 20 15
846 747 40 26 juli
899 747 54 21 1903
964 746 38 27 gif-

242 778 38 19 vet
294 775 78 28 utslag,
388 782 46 15 som
450 775 93 22 därefter
565 777 76 20 vunnit
660 776 48 27 laga
723 775 63 26 kraft,
800 776 49 21 med
865 775 137 22 förkastande

242 804 24 21 af
280 805 92 21 berörda
392 805 83 26 klagan,
491 805 112 21 förordnat
617 807 32 19 att
665 805 149 26 utmätningen
830 804 68 21 skulle
913 804 32 21 till
960 803 43 22 slut

242 833 120 26 befordras,
378 833 88 21 auktion
483 833 12 21 å
509 833 141 22 omförmälda
665 833 105 27 egendom
786 835 32 19 att
828 833 94 27 försiggå
934 833 69 21 denna

243 862 43 26 dag
308 861 90 22 klockan
421 862 22 21 11
469 861 14 22 f.
498 869 35 19 m.;
556 861 39 22 och
617 862 27 21 då
663 862 38 27 jag
722 868 28 15 nu
767 861 75 22 infann
859 863 43 25 mig
918 860 84 23 utanför

242 890 93 22 Prosten
358 890 177 28 Warfolomejeffs
559 891 80 25 bostad,
663 891 38 21 där
722 891 110 26 menighet
853 890 55 22 hade
927 890 76 22 samlat

243 920 39 26 sig,
298 919 32 21 för
346 922 31 18 att
392 919 85 27 begifva
493 920 43 26 mig
551 920 21 20 in
587 920 7 20 i
610 920 38 21 och
663 919 33 21 för
715 920 129 20 auktionens
866 918 136 25 förrättande,

243 950 79 19 möttes
335 948 39 27 jag
388 948 28 27 på
431 950 90 25 trappan
538 948 22 21 af
573 948 180 26 Tjänstemannen
776 948 32 21 för
830 948 104 21 särskilda
951 954 51 20 upp-

244 977 54 26 drag
320 977 36 21 vid
378 976 303 28 Generalguvernörskansliet
703 976 119 27 löjtnanten
840 976 111 22 Gorainoff
964 976 40 21 och

243 1006 36 20 vid
302 1005 56 21 55:te
381 1005 131 22 Finländska
533 1006 222 26 Dragonregementet
778 1005 96 21 anstälde
890 1018 27 2 —
932 1017 28 3 —
976 1017 26 3 —

242 1046 29 2 —
288 1046 26 2 —
331 1033 23 22 af
374 1034 72 21 hvilka
469 1034 40 21 den
533 1034 132 21 sistnämnda
679 1033 49 21 fullt
743 1034 117 26 beväpnad,
876 1034 25 21 de
917 1034 37 21 där
970 1036 33 18 ut-

243 1062 77 22 trädde
335 1063 29 26 på
378 1065 91 24 trappan
485 1063 39 21 och
539 1062 137 22 förhindrade
691 1062 44 27 mig
750 1064 32 20 att
798 1063 88 25 inträda,
899 1062 52 21 hvar
961 1062 42 21 för-

243 1093 60 19 utom
326 1090 46 22 från
391 1091 113 27 förstugan
521 1091 73 21 utkom
611 1098 25 14 en
652 1091 160 27 dragonsoldat,
829 1097 46 15 som
891 1091 48 21 med
956 1091 48 21 dra-

244 1126 40 20 gen
301 1120 59 21 sabel
376 1120 84 26 förbjöd
476 1120 44 27 mig
529 1122 31 19 att
570 1120 88 21 inträda.
681 1120 102 21 Härefter
794 1120 125 21 meddelade
930 1119 73 22 Stads-

242 1148 91 22 fiskalen
348 1149 20 21 J.
383 1149 26 21 A.
426 1148 131 28 Karppinen,
572 1148 26 27 på
615 1149 42 20 min
676 1148 105 26 anhållan,
797 1148 97 22 bemälde
910 1147 92 22 officers-

242 1183 112 21 personer,
377 1180 31 18 att
423 1177 39 27 jag
480 1184 37 14 var
538 1177 147 27 Stadsfogden,
702 1177 39 21 och
757 1176 94 22 infunnit
866 1177 44 27 mig
924 1176 33 22 för
972 1179 32 19 att

243 1206 117 21 värkställa
383 1206 40 21 den
447 1205 23 21 af
490 1206 44 26 mig
549 1206 78 26 utlysta
642 1206 113 21 exekutiva
770 1205 122 26 auktionen,
907 1211 49 15 men
972 1211 31 16 er-

243 1234 44 21 höll
310 1234 32 21 till
365 1241 55 19 svar,
443 1236 32 19 att
497 1234 139 22 Guvernören
651 1234 104 27 förbjudit
771 1234 48 21 dem
835 1236 31 19 att
881 1234 67 21 tillåta
960 1234 45 27 mig

242 1262 92 22 förrätta
357 1263 66 27 sagda
442 1263 88 21 auktion
549 1265 56 19 samt
619 1263 116 21 hänvisade
751 1263 33 21 till
800 1269 26 14 en
842 1262 11 21 å
869 1263 77 21 dörren
962 1262 42 22 fäst

242 1291 132 27 kungörelse
389 1291 23 21 af
426 1291 140 22 Guvernören
582 1292 7 20 i
604 1292 93 26 Viborgs
713 1291 34 21 län
764 1291 27 21 N.
806 1290 137 28 Mjäsojädoff
956 1297 46 15 som

243 1320 39 21 här
298 1320 94 22 afskrefs
408 1320 124 27 sålydande:

555 1378 142 27 Kungörelse:

314 1429 49 21 Med
379 1429 100 21 afseende
495 1430 12 20 å
523 1430 60 20 Hans
599 1429 120 27 Kejserliga
734 1429 112 27 Majestäts
862 1429 41 21 den
919 1429 27 21 26
962 1428 42 22 De-

243 1458 87 21 cember
355 1458 55 21 1902
426 1458 21 27 (8
463 1458 89 21 Januari
576 1458 63 27 1903)
656 1458 92 21 Senaten
764 1458 34 21 för
813 1457 91 21 Finland
919 1457 85 21 medde-
