1114 1753
245 146 42 22 126
397 145 348 23 Petitionsbetänkande
760 146 52 22 N:o
829 146 26 22 7.

285 212 83 24 Utdrag
384 218 26 14 ur
426 212 179 21 undertecknads
622 212 164 26 sjukiournaler
802 212 34 21 för
853 212 25 21 år
896 213 62 21 1904.

316 277 47 21 Den
380 278 12 20 2
410 277 99 27 Augusti.

316 307 166 26 Suontakanen,
500 308 61 25 Emil,
579 308 29 20 24
624 308 31 26 år,
673 310 83 19 matros
772 308 29 27 på
812 309 103 27 galeasen
930 308 58 22 »Suo

244 337 51 20 mi».
328 336 62 21 Skall
407 338 7 20 i
429 336 39 27 går
492 338 58 20 kväll
575 338 71 20 blifvit
670 338 75 27 slagen
764 338 24 21 af
804 338 83 27 poliser
903 338 92 21 ombord

243 365 30 28 på
296 366 94 27 fartyget
417 369 57 18 samt
498 367 124 27 ytterligare
649 367 151 22 misshandlad
825 368 6 20 i
855 367 140 28 polishäktet.

243 396 90 21 Företer
357 399 31 18 ett
406 397 63 20 cirka
484 397 14 20 2
514 403 41 14 cm.
573 396 60 27 långt
649 397 161 27 skarpkantadt
825 397 37 21 sår
878 397 13 21 å
907 399 88 25 näsryg-

242 432 49 21 gen,
308 426 110 27 tillfogadt
438 427 81 26 tyligen
536 427 50 20 med
603 427 77 26 skarpt
695 433 79 21 vapen,
791 434 27 14 en
835 427 59 21 circa
911 434 27 15 en
954 433 41 15 cm.

243 455 52 28 lång
310 455 82 22 sårnad
409 456 63 21 öfver
482 459 90 18 venstra
585 457 47 20 öfre
644 457 138 26 ögonlocket,
794 457 126 26 sugillation
934 457 62 26 kring

242 488 90 23 venstra
348 487 58 25 ögat,
423 492 17 15 c.
465 487 7 20 6
488 493 35 14 cm
540 486 104 21 ofvanom
661 489 89 19 venstra
766 487 49 20 örat
831 489 29 19 ett
876 486 73 27 någon
960 493 34 14 cm

242 515 61 27 långt
318 515 63 28 ytligt
405 515 37 22 sår
466 516 49 21 med
532 516 122 25 rodnande,
674 517 92 25 svullen,
784 516 75 27 blodig
874 516 121 27 omgifning

242 547 59 19 samt
323 545 68 26 något
406 545 95 21 framom
518 546 138 21 sistnämnda
672 546 119 21 kontusion
808 553 28 14 en
853 546 85 21 svullen
955 546 38 20 röd

242 574 64 22 fläck.
338 570 68 26 Öfver
422 575 83 21 midten
522 575 22 21 af
560 576 108 20 hufvudet
686 575 66 27 något
767 576 33 20 till
816 576 68 26 höger
900 582 36 14 om
953 582 42 14 me-

242 604 107 22 dellinien
365 604 71 22 finnes
452 606 30 20 ett
498 604 47 22 litet
562 604 28 23 !/2
600 612 34 14 cm
647 604 59 28 långt
722 605 165 21 kontunderadt
898 604 37 22 sår
945 605 49 21 med

242 634 76 27 blodig
342 634 127 27 omgifning.
536 641 87 21 ryggen,
647 635 133 21 skuldrorna
797 635 41 21 och
856 635 139 21 sidodelarne

242 664 23 20 af
282 663 66 22 bålen
372 664 72 21 finnas
468 664 110 22 utbredda
594 665 48 21 dels
661 664 119 26 blåsvarta,
797 665 47 21 dels
861 665 55 21 röda
932 664 64 27 sugil-

243 694 101 25 lationer,
361 694 98 27 tydligen
475 694 114 27 tillfogade
606 695 83 20 medels
705 695 85 26 ganska
806 695 74 20 starka
897 695 52 26 slag.

316 741 47 21 Den
381 742 14 20 4
412 741 106 22 Oktober.

316 771 142 25 Laukkanen,
484 771 72 22 Petter
572 771 79 26 Johan,
668 771 28 22 58
713 771 31 26 år,
762 772 121 21 skräddare
900 772 6 20 i
923 771 73 27 Tegel-

244 801 84 20 bruket.
362 800 61 22 Skall
440 801 71 20 blifvit
528 801 75 27 slagen
620 804 88 19 senaste
723 803 49 20 natt
782 802 8 20 i
801 801 133 28 polishäktet
946 801 49 21 med

243 837 28 14 en
289 837 66 20 pamp
380 831 22 20 af
418 837 26 14 en
469 831 57 26 polis
543 831 41 21 och
601 831 40 21 bär
657 838 40 20 syn
713 831 35 21 för
764 833 74 25 sägen,
856 837 88 21 ryggen,
961 837 35 15 ax-

243 860 62 21 larne
329 860 43 21 och
396 866 102 15 armarne
522 861 128 21 fullbesatta
668 861 50 21 med
735 860 177 28 tvåfingerbreda
927 861 69 26 tjockt

243 889 95 26 svullna,
356 890 52 21 härs
426 890 42 21 och
485 892 59 19 tvärs
560 890 84 27 gående
662 890 92 22 blåröda
771 891 159 26 sugillationer,
948 897 49 20 syn-

243 919 101 27 barligen
360 919 148 22 åstadkomna
525 921 49 20 med
591 921 59 26 tjock
666 921 42 20 och
724 921 49 26 grof
790 927 72 20 pamp.

314 967 47 21 Den
378 967 14 21 4
408 967 104 22 Oktober.

317 997 115 24 Rissanen,
456 997 79 26 Johan,
560 998 28 21 28
612 997 31 26 år,
668 998 189 21 cementarbetare
879 998 7 21 i
903 997 92 22 Sorvali.

244 1026 62 22 Skall
322 1026 134 27 föregående
474 1027 57 21 kväll
548 1027 72 21 blifvit
635 1028 7 20 i
659 1027 87 21 Sorvali
768 1028 76 26 slagen
861 1027 22 21 af
901 1034 27 14 en
940 1027 56 27 polis

243 1056 52 21 med
312 1055 126 28 någotslags
454 1063 71 20 vapen
543 1057 5 20 i
565 1057 107 21 hufvudet
688 1057 24 21 så
728 1059 32 19 att
776 1057 44 21 han
836 1057 39 21 föll
891 1057 105 20 medvets-

244 1085 34 22 lös
303 1086 41 21 och
368 1085 70 28 derpå
454 1087 96 26 sparkad
572 1089 45 18 mot
632 1087 88 26 kinden;
737 1087 83 21 företer
836 1089 30 19 ett
882 1087 60 26 ytligt
960 1085 36 22 sår

243 1117 61 19 tvärs
321 1115 62 22 öfver
393 1115 115 26 hufvudet,
515 1118 93 19 venstra
619 1117 63 20 sidan
694 1117 22 20 af
728 1117 81 20 kinden
822 1117 69 20 starkt
902 1116 92 21 svullen.

315 1163 46 21 Den
378 1163 27 21 31
424 1163 127 22 December.

314 1193 104 26 Malinen,
435 1193 53 21 Karl
504 1193 85 25 Gustaf,
606 1194 28 21 22
651 1193 31 27 år,
699 1194 103 21 arbetare
819 1194 6 21 i
842 1194 93 21 Sorvali.

315 1223 119 26 Uppgifver
458 1225 32 19 att
505 1224 43 21 han
572 1223 133 27 föregående
722 1224 42 27 dag
781 1224 7 20 i
804 1224 38 21 sitt
858 1224 50 21 hem
925 1223 72 21 blifvit

243 1252 114 21 afhemtad
382 1253 22 20 af
420 1255 81 19 tvänne
518 1253 87 27 poliser,
629 1253 75 21 hvilka
725 1253 44 21 fört
785 1253 81 21 honom
883 1253 33 21 till
932 1253 65 27 polis-

242 1282 159 21 vaktkontoret
420 1283 41 20 och
478 1283 40 20 der
534 1283 64 26 slagit
614 1283 41 21 och
672 1283 91 27 sparkat
778 1283 84 21 honom
878 1283 7 20 i
902 1284 94 19 närvaro

243 1312 24 21 af
283 1311 72 28 någon
373 1312 58 27 slags
448 1313 185 26 öfverkonstapel;
651 1313 59 21 detta
722 1313 75 21 såsom
810 1313 43 20 han
865 1313 49 26 sjelf
926 1314 69 25 säger,

243 1342 33 20 till
293 1342 67 21 hämd
380 1342 35 21 för
431 1344 31 19 att
478 1342 44 21 han
538 1343 53 26 tagit
608 1343 5 20 i
630 1343 86 20 försvar
732 1349 27 14 en
777 1343 102 20 arbetare
897 1342 99 21 Pietikäi-

243 1378 51 18 nen,
312 1371 88 22 hvilken
417 1371 65 22 äfven
499 1372 34 21 för
550 1378 26 15 en
592 1372 31 21 tid
640 1372 69 21 sedan
726 1372 73 21 blifvit
810 1372 152 21 misshandlad
975 1371 22 21 af

243 1401 65 26 polis.
341 1401 94 21 Mannen
460 1401 82 21 företer
565 1408 27 14 en
616 1401 81 21 blånad
721 1402 32 20 till
771 1404 89 18 venster
876 1402 6 20 i
900 1407 96 21 pannan,

243 1436 28 15 en
296 1431 88 21 erosion
409 1431 49 21 med
476 1431 80 27 lindrig
576 1431 125 27 sugillation
718 1431 32 21 till
767 1432 69 26 höger
852 1432 6 20 i
876 1430 120 22 bakhufvu-

243 1460 44 26 det,
305 1460 28 27 på
349 1462 89 20 venstra
455 1460 89 22 klinkan
562 1468 28 14 en
606 1460 152 22 flathand-stor
769 1460 38 22 blå
818 1460 127 27 sugillation
956 1460 42 22 och

316 1502 58 17 Särsk,
389 1502 48 17 Besv,
450 1503 42 16 utsk,
506 1504 29 16 bet,
548 1503 35 16 N:o
596 1507 16 15 4.
