1111 1778
290 143 412 38 Sammapjämkningsbetnäkande.
861 149 13 20 7

123 215 165 22 tillförsäkrade
309 214 150 28 själfstyrelse,
476 221 48 15 som
540 213 95 23 sålunda
650 213 72 22 blifvit
738 213 136 28 väsentligen

125 245 141 26 undergräfd.
293 245 95 21 Domare
408 244 41 21 och
466 245 70 21 andra
551 244 139 27 tjenstemän,
707 250 48 15 som
771 244 34 21 sin
822 243 53 28 pligt

124 275 107 26 likmätigt
254 275 19 26 ej
297 274 85 21 kunnat
406 274 53 27 följa
475 274 81 27 påbud,
578 274 114 22 saknande
712 273 65 27 helgd
793 274 24 21 af
832 273 41 28 lag,

124 304 68 22 hafva
201 307 52 18 utan
260 304 136 27 ransakning
404 304 42 21 och
454 303 52 23 dom
515 304 155 21 förafskedats.
682 303 193 28 Myndigheternas

125 334 121 21 moraliska
255 334 111 21 anseende
374 333 41 22 har
426 340 79 20 genom
518 334 27 21 de
556 333 139 27 godtyckliga
706 333 109 27 åtgärder,
826 339 48 16 som

125 364 88 21 anlitats
230 364 35 21 för
281 366 30 19 att
327 364 133 26 framtvinga
474 363 167 22 underkastelse
652 364 71 21 under
733 363 142 27 värnepligts-

125 393 163 27 författningen,
310 393 140 27 betänkligen
466 394 98 21 rubbats.
597 393 46 22 Och
659 393 7 21 i
682 393 125 21 militäriskt
822 393 51 21 hän-

125 424 82 21 seende
230 424 41 20 har
294 424 43 20 den
358 422 95 22 sålunda
471 426 54 19 utan
541 423 136 22 Ständernas
692 422 63 21 bifall
770 423 105 26 vidtagna

125 453 194 22 militärreformen
335 453 19 26 ej
371 453 96 21 medfört
482 455 69 20 annat
566 452 114 27 skönjbart
694 452 98 26 resultat,
803 454 29 19 än
844 455 31 18 att

125 483 27 21 de
176 483 139 26 plikttrogna,
331 482 37 22 väl
391 483 80 21 öfvade
494 483 73 21 finska
589 485 120 24 trupperna
724 483 51 21 med
791 482 83 21 undan-

124 515 37 24 tag
181 513 23 21 af
225 512 208 28 gardesbataljonen
457 513 107 27 upplösts,
588 513 80 21 medan
692 512 83 22 antalet
800 512 23 22 af
846 511 27 23 de

125 542 29 27 på
174 543 71 26 grund
261 542 22 21 af
299 543 43 21 den
359 549 43 21 nya
418 543 122 27 ordningen
555 543 33 21 till
605 542 59 22 aktiv
679 543 68 26 tjänst
761 542 113 21 inkallade

124 572 78 27 blifvit,
223 573 7 21 i
246 572 56 27 syfte
319 574 31 20 att
366 572 124 22 underlätta
506 572 148 28 öfvergången
669 572 32 21 till
718 572 36 21 det
769 579 44 21 nya
829 578 44 21 sys-

124 605 68 19 temet
207 603 43 21 och
265 601 72 22 förmå
354 602 68 22 folket
433 604 31 19 att
474 603 51 21 med
537 603 70 21 större
619 602 166 26 beredvillighet
795 602 79 21 under-

125 632 71 22 ordna
211 633 33 26 sig
261 632 129 27 detsamma,
407 633 116 21 inskränkt
538 632 32 21 till
587 632 101 27 omkring
704 631 43 22 190
766 638 52 15 man
837 638 36 15 om

124 661 53 22 året.

196 692 41 21 Det
260 692 43 21 kan
327 691 121 22 emellertid
472 692 102 26 förutses,
595 694 31 19 att
642 693 58 20 ännu
716 691 52 22 vida
784 691 89 22 svårare

125 721 42 22 och
183 721 119 27 sorgligare
318 721 162 27 förvecklingar
496 722 70 21 skulle
583 720 87 29 uppstå,
686 728 36 14 om
738 721 135 27 regeringen,

125 751 120 22 skridande
269 751 32 21 till
321 751 39 21 full
384 752 139 26 tillämpning
546 751 23 22 af
592 752 42 21 den
651 758 43 21 nya
710 751 163 27 författningen,

125 780 96 28 påbjöde
245 781 133 27 utskrifning
400 781 23 21 af
447 782 109 26 manskap
577 782 35 21 för
627 781 60 21 aktiv
703 781 65 27 tjenst
784 782 7 20 i
807 780 67 28 ryska

124 813 97 25 trupper,
238 817 53 15 vare
307 811 34 27 sig
357 811 65 22 dessa
438 812 38 20 äro
493 811 101 27 förlagda
609 812 60 20 inom
685 811 53 21 eller
749 813 60 19 utom
826 810 47 22 Fin-

125 840 59 22 land.
208 840 121 28 Angående
346 840 70 22 sådan
431 843 47 20 mot
493 841 60 21 finsk
568 841 108 27 grundlag
691 840 113 22 stridande
820 840 55 22 mili-

123 870 102 27 tärtjenst
240 871 63 21 torde
320 870 124 22 Ständerna
460 870 61 22 finna
537 871 119 27 anledning
671 873 31 19 att
717 870 59 27 gifva
786 870 88 28 uttryck

123 900 23 22 åt
172 906 86 16 samma
283 900 140 28 uppfattning
449 902 42 20 och
523 901 109 27 farhågor,
659 907 48 15 som
736 901 89 21 uttalats
851 900 23 22 af

125 930 58 22 1899
208 930 37 22 års
270 931 81 21 urtima
377 930 105 28 landtdag
508 932 7 20 i
541 931 50 21 dess
613 937 51 15 svar
684 930 14 22 å
718 930 81 28 nådiga
826 936 48 21 pro-

123 960 126 27 positionen
265 960 114 27 angående
395 968 29 20 ny
440 961 178 27 värnepligtslag.
640 960 32 22 Då
688 960 76 27 frågan
779 966 36 16 om
826 961 47 20 vär-

123 989 111 28 nepligten
250 990 7 20 i
274 990 94 22 Finland
386 990 42 22 och
443 990 91 22 dermed
554 990 217 27 sammanhängande
787 989 86 28 angelä-

123 1020 104 26 genheter
249 1020 49 22 icke
321 1020 85 22 kunnat
429 1020 85 22 erhålla
532 1027 27 15 en
580 1020 87 22 hållbar
687 1020 86 27 lösning
794 1026 79 21 genom

122 1048 158 28 författningen
299 1050 23 21 af
339 1049 24 22 år
383 1050 63 25 1901,
466 1051 43 20 och
528 1050 28 21 då
574 1051 37 20 det
624 1050 35 21 för
676 1050 196 21 samhället
804 1044 12 36 i
826 1044 51 36 dess

123 1079 73 21 helhet
219 1080 26 20 är
263 1079 175 28 oundgängligen
452 1079 141 28 nödvändigt,
617 1081 32 20 att
672 1079 123 28 ytterligare
821 1079 51 22 kon-

123 1108 73 22 flikter
211 1109 42 21 och
276 1109 97 28 olyckor,
398 1116 48 15 som
466 1109 109 28 uppstode
591 1116 79 21 genom
689 1109 76 22 vidare
780 1109 92 27 tillämp-

124 1138 54 27 ning
202 1139 24 20 af
251 1139 69 27 sagda
341 1139 135 27 författning,
496 1139 67 22 måtte
584 1139 137 28 förebyggas,
742 1145 66 22 synes
829 1139 44 21 den

124 1168 149 28 förhoppning
303 1169 129 27 berättigad,
464 1171 32 20 att
529 1169 61 22 Hans
622 1169 120 27 Kejserliga
772 1169 101 26 Majestät

123 1198 85 22 täcktes
228 1199 7 20 i
252 1197 69 23 nåder
337 1199 113 26 förordna,
468 1201 33 20 att
516 1199 166 27 tillämpningen
698 1199 22 22 af
736 1199 43 22 den
797 1200 75 20 värne-

124 1228 201 27 pligtsförfattning,
341 1235 49 15 som
408 1228 110 22 utfärdats
532 1229 43 21 den
586 1229 27 22 12
630 1229 40 27 juli
686 1228 36 30 (29
736 1228 55 29 juni)
808 1228 63 26 1901,

123 1257 57 22 skall
196 1264 79 21 genom
291 1258 138 22 omedelbart
444 1259 133 22 inställande
594 1259 23 21 af
632 1259 118 27 uppbåden
771 1258 102 28 upphöra

125 1287 33 22 till
174 1287 51 22 dess
242 1290 31 19 att
288 1287 78 28 frågan
382 1295 36 15 om
434 1289 125 27 värnepligt
573 1289 8 21 i
591 1289 93 21 Finland
696 1288 71 22 blifvit
777 1289 7 21 i
795 1289 78 26 grund-

123 1317 108 28 lagsenlig
253 1319 42 26 väg
319 1318 92 27 afgjord,
436 1321 58 19 samt
518 1321 31 19 att
572 1319 27 22 de
620 1319 7 21 i
643 1319 118 26 anledning
776 1318 23 22 af
816 1317 55 22 1901

123 1347 37 22 års
176 1347 129 28 författning
321 1348 35 21 för
371 1348 153 22 uteblifvande
545 1348 49 22 från
611 1348 89 27 uppbåd
716 1348 53 21 eller
785 1349 7 20 i
808 1348 65 27 öfrigt

123 1377 36 21 för
181 1377 170 28 författningens
374 1378 175 27 genomförande
573 1378 113 28 påbjudna
704 1378 109 27 påföljder
831 1377 42 22 för-

124 1407 59 21 falla.
216 1407 47 21 Och
279 1407 30 21 då
323 1408 153 26 provisoriska
492 1408 102 27 åtgärder
609 1409 75 20 kunna
697 1414 54 15 vara
761 1408 23 21 af
799 1407 74 22 nöden

123 1436 72 22 under
218 1436 43 22 den
283 1437 38 26 tid,
347 1443 47 15 som
418 1437 92 22 förlider
534 1437 32 21 till
585 1438 51 21 dess
652 1437 158 27 militärfrågan
825 1443 48 16 var-

124 1466 40 21 der
186 1466 95 28 lagligen
305 1467 92 25 ordnad,
420 1467 63 22 torde
507 1466 67 29 nådig
599 1468 137 27 proposition
759 1466 114 28 angående

196 1507 61 19 Särsk.
270 1507 53 19 Besv.
336 1508 46 19 utsk.
395 1508 33 19 bet.
441 1508 35 19 N:o
489 1510 15 17 1.
