1114 1778
326 159 248 24 Petitionsbetänkande
591 159 37 23 N:o
645 159 24 22 4.
804 161 40 19 165

121 225 69 29 doga,
217 225 122 22 äfvensom
365 224 74 30 linjen
455 224 104 23 Värtsilä
570 223 304 30 --Korpiselkä—Ilomants

121 261 43 22 har
180 260 120 23 Utskottet
316 260 53 23 icke
385 261 94 22 kunnat
502 260 80 29 undgä
603 261 35 21 att
654 260 114 27 erkänna,
785 260 34 21 att
835 259 40 22 det

120 296 148 23 vidsträckta
284 296 157 23 ost-karelska
466 297 90 28 gebitet
580 295 54 23 med
651 295 111 23 afseende
780 295 13 22 ä
809 295 64 22 kom-

121 332 241 23 munikationsmedel
378 335 26 20 är
420 332 132 23 vanlottadt
566 331 115 29 jämfördt
698 331 52 22 med
763 331 29 22 de
804 331 70 22 flesta

121 367 74 24 andra
211 367 135 23 landsdelar
361 368 7 21 i
387 368 51 22 värt
454 368 62 22 land.
549 367 51 23 Med
621 367 98 23 hänsikt
736 366 78 23 härtill
831 366 43 22 och

121 404 30 22 de
167 404 119 28 naturliga
302 410 105 16 resurser
422 404 8 22 i
447 403 26 23 sä
489 404 38 22 väl
544 403 70 29 riklig
634 402 176 30 skogstillgäng
831 402 43 22 och

121 439 149 23 vattenkraft
286 446 50 16 som
353 439 69 22 äfven
448 439 153 23 mineraliska
616 439 141 26 rikedomar,
775 439 43 22 har
833 438 41 22 Ut-

121 476 91 22 skottet
228 476 78 22 ansett
322 474 153 24 landsdelens
493 475 68 23 behof
573 475 24 23 af
605 476 131 28 järnvägar
752 475 53 22 icke
817 474 57 22 böra

121 511 49 23 helt
194 511 44 23 och
264 510 72 23 hället
362 511 93 29 skjutas
479 512 24 22 ät
527 511 74 27 sidan,
625 512 58 22 utan
705 512 118 28 upptagas
839 510 35 22 till

122 546 170 24 förberedande
316 546 144 30 behandling
480 547 43 23 och
539 547 128 28 utredning
683 548 6 21 i
707 546 63 30 syfte
787 547 41 26 att,
845 545 30 23 dä

121 583 65 23 tiden
212 586 26 19 är
263 584 61 26 inne,
353 583 81 29 nödigt
462 583 106 23 material
592 582 73 23 mätte
689 582 130 23 förefinnas
839 582 35 22 till

121 619 55 23 dess
204 618 108 30 allsidiga
338 619 118 29 pröfning.
501 619 46 22 Det
570 619 73 22 första
667 619 77 28 steget
767 619 9 21 i
799 617 74 23 sådan

121 655 108 29 riktning
245 657 26 20 är
287 654 197 23 föranstaltandet
508 654 24 23 af
555 662 28 15 en
605 654 268 23 ekonomisk-statistisk

126 690 180 29 undersökning
323 690 24 23 af
362 690 29 23 de
406 690 80 23 lokala
502 690 177 23 förhallandena
691 690 60 23 efter
762 690 45 22 den
820 690 56 28 plan

122 733 51 16 som
190 733 42 16 var
249 726 177 23 bestämmande
443 726 36 22 för
496 727 45 22 den
558 727 48 22 ofta
622 726 87 22 nämda
733 726 63 22 stora
809 726 64 29 järn-

122 762 177 29 vägskomitöns
316 762 24 23 af
356 762 25 22 är
399 766 55 19 1897
474 762 87 23 arbete.

193 805 65 22 Inom
275 804 121 23 Utskottet
413 804 42 23 har
472 805 76 22 säsom
567 806 32 21 ett
622 804 112 23 framtida
747 805 127 28 järnvägs-

121 847 110 22 program
248 840 35 22 för
299 840 78 23 denna
399 840 107 23 landsdel
529 840 142 23 framhällits
695 840 50 22 dels
767 847 28 15 en
814 839 61 23 bana

122 876 118 29 utgående
256 876 53 23 från
324 876 127 23 Sordavala
469 877 94 22 trakten
579 876 55 23 med
650 876 140 29 sträckning
806 875 69 22 söder

122 919 38 16 om
176 912 130 29 Jänisjärvi
328 912 36 22 till
389 913 176 22 mineralfälten
587 912 40 23 vid
643 912 96 29 Ladoga
762 913 112 22 kusten
861 908 17 38 i

122 948 95 23 trakten
234 948 24 22 af
274 948 139 23 Pitkäranta
429 948 44 23 och
497 948 103 23 därifrän
618 949 49 21 mot
683 948 114 29 Suojärvi,
814 947 58 23 hvil-

122 984 48 22 ken
186 984 62 23 bana
264 985 7 21 i
288 985 73 22 sinom
386 984 34 22 tid
444 984 77 23 skulle
546 984 201 29 sammanbyggas
771 983 54 24 med
844 990 30 16 en

122 1027 79 16 annan
218 1027 57 22 gren
292 1027 58 20 som,
367 1020 120 29 utgäende
511 1020 50 23 frän
582 1020 95 23 trakten
694 1019 23 24 af
733 1019 142 30 Uimaharju

121 1056 40 22 vid
178 1055 46 23 den
241 1056 162 29 projekterade
420 1056 239 23 Joensuu—Nurmes
675 1056 72 29 linjen
765 1055 24 23 ät
805 1057 68 25 öster,

123 1092 94 22 komme
233 1092 34 22 att
283 1093 81 21 beröra
380 1092 109 22 forsarna
504 1092 8 22 i
523 1092 74 22 Koida
609 1091 32 23 älf
656 1092 34 22 till
701 1092 113 22 Ilomants
830 1091 43 22 och

121 1129 8 21 i
145 1127 79 23 denna
240 1127 87 23 socken
345 1127 102 30 belägna
463 1128 86 23 Möhkö
565 1127 124 30 järnbruk,
707 1127 49 23 dels
773 1128 51 22 äter
840 1128 35 21 att

119 1164 75 29 jämte
211 1163 147 23 förstnämda
381 1164 57 29 linje
463 1171 29 15 en
517 1171 78 16 annan
619 1163 76 23 skulle
718 1163 86 29 dragas
820 1163 53 22 frän

122 1199 104 23 Värtsilä
242 1199 24 23 ät
282 1199 96 23 nordost
394 1200 35 22 till
445 1199 119 24 Ilomants.
596 1200 80 22 Ehuru
699 1199 40 23 det
763 1202 65 20 ännu
848 1201 26 20 är

121 1235 36 22 för
172 1235 70 29 tidigt
266 1237 34 21 att
324 1236 75 22 uttala
425 1236 38 28 sig
487 1243 37 15 om
549 1235 69 23 dessa
637 1235 62 23 olika
714 1235 100 30 projekt,
831 1235 44 22 har

121 1271 122 22 Utskottet
260 1271 59 22 dock
336 1271 63 23 velat
416 1274 129 20 omnämna
561 1272 54 22 dem
631 1271 35 22 för
683 1273 34 21 att
732 1272 8 21 i
751 1272 49 22 viss
817 1271 56 22 män

123 1307 88 28 antyda
227 1307 29 22 de
272 1307 120 23 allmänna
408 1307 156 29 synpunkter,
574 1314 50 16 som
635 1307 40 23 vid
686 1307 88 23 nämda
789 1306 84 23 under-

122 1343 102 28 sökning
240 1343 72 22 borde
328 1343 97 23 komma
441 1343 37 23 till
495 1343 139 23 beaktande.

192 1379 9 22 I
228 1378 52 23 stöd
306 1379 24 22 af
356 1378 63 23 hvad
446 1379 102 23 sälunda
575 1379 88 24 anförts
690 1380 36 22 fär
751 1379 123 24 Utskottet

122 1414 120 22 vördsamt
256 1414 92 27 föreslä,
364 1414 40 23 det
414 1415 137 23 Ständerna
567 1416 53 22 ville
638 1415 81 23 förena
735 1416 39 28 sig
790 1422 36 16 om
844 1422 29 16 en

122 1449 148 29 underdänig
285 1451 98 29 petition
399 1450 103 23 därhän:

192 1527 186 23 Järnvägsutskottets
390 1528 113 19 betänkande
516 1529 33 18 N:o
561 1530 16 17 2.
