1114 1775
295 142 348 24 Petitionsbetänkande
658 141 54 24 N:o
729 143 27 21 7.
873 143 27 21 31

149 210 131 18 Transsumt.

436 257 87 27 Utdrag
551 264 27 14 ur
602 256 146 28 protokollet,
775 256 63 22 fördt
864 256 39 22 vid

366 286 225 27 Stadsfullmäktiges
608 286 6 21 i
631 286 86 27 Viborg
728 286 175 21 sammanträde

366 316 44 21 den
427 317 13 20 8
457 316 46 27 Maj
522 317 64 20 1903.

496 370 14 26 8
526 370 35 21 25.

224 424 126 27 Föredrogs
375 423 161 27 Magistratens
560 423 120 21 skrifvelse
704 423 25 21 af
751 423 45 21 den
821 424 14 20 6
857 423 46 27 Maj

153 454 57 21 1903
227 453 42 21 N:o
286 454 41 20 461
343 453 72 28 jämte
432 453 137 21 densamma
586 453 121 21 närslutna
723 453 83 26 utdrag
817 460 29 14 ur
857 453 45 21 Ma-

151 483 122 28 gistratens
289 483 45 21 den
350 484 28 19 22
395 483 153 26 förutgängne
564 483 63 27 April
644 483 74 21 under
732 483 13 26 8
757 484 13 19 4
782 483 124 21 tillkomna

153 513 124 28 protokoll,
294 513 88 21 hvilket
398 513 219 27 protokollsutdrag,
634 513 43 20 här
692 513 126 26 afskrifvet,
834 514 26 19 är
870 512 35 21 så-

153 543 113 28 lydande:

441 603 86 27 Utdrag
551 610 27 13 ur
601 603 159 27 Magistratens
785 602 7 21 i
810 602 96 26 Viborgs

370 633 51 20 stad
438 633 117 27 protokoll
571 633 35 21 för
622 633 45 21 den
683 634 28 19 22
728 632 63 28 April
809 632 64 21 1903.

504 692 50 26 84

227 746 62 20 Efter
311 746 110 20 anmälan
446 746 131 21 företrädde
592 748 16 19 t.
625 746 13 20 f.
656 746 181 21 Polismästaren
854 746 53 20 Kol-

155 776 173 26 legiiassessorn
352 776 77 20 Johan
454 776 124 27 Engelbert
595 776 105 20 Melartin
717 776 44 20 och
778 776 81 20 anhöll
875 777 33 19 att

155 806 128 26 nycklarna
307 805 34 21 till
365 805 109 21 festsalen
494 806 7 20 i
518 806 112 20 rådhuset
646 806 74 20 skulle
736 806 34 20 till
790 805 116 27 >polisen>

155 835 156 21 öfverlämnas
335 837 60 19 samt
419 836 136 20 meddelade
578 836 74 20 tillika
674 838 32 18 att
722 836 46 20 han
786 836 25 20 af
825 835 83 21 Guver-

155 866 73 20 nören
245 865 7 20 i
269 866 62 20 länet
347 865 91 21 erhällit
454 866 68 20 order
538 867 33 19 att
582 865 101 21 affordra
698 865 161 26 Magistratens
870 864 38 21 be-

156 895 69 20 rörda
241 895 103 26 nycklar.

228 924 75 21 Sedan
327 925 53 20 med
396 924 127 27 anledning
539 925 69 20 häraf
621 925 135 20 antecknats
772 926 34 19 att
822 924 86 21 Guver-

156 955 72 20 nören
254 954 33 21 uti
311 954 119 21 skrifvelse
455 955 26 20 af
499 955 45 20 den
570 955 23 20 11
612 954 157 21 innevarande
786 954 63 27 April
866 953 42 22 N:o

157 985 58 20 7216
239 983 116 22 meddelat
371 984 156 27 Magistraten,
544 986 33 19 att
592 985 54 26 han,
665 985 69 20 »enär
750 984 93 21 stadens
860 989 48 15 ma-

156 1013 85 28 gistrat,
266 1013 96 22 oaktadt
385 1014 38 21 tvä
439 1014 85 27 gänger
540 1014 77 21 därtill
634 1013 150 28 uppfordrad,
800 1013 51 22 icke
868 1019 40 15 an-

157 1043 84 21 skaffat
264 1043 63 21 lokal
352 1043 35 21 för
410 1044 38 21 det
467 1043 245 28 värnepligtsuppbäd,
729 1050 50 14 som
797 1043 111 21 bestämts

157 1075 33 19 att
205 1073 99 27 försiggä
320 1073 7 20 i
344 1073 97 27 Viborgs
458 1073 74 27 stad»,
548 1073 78 22 funnit
641 1073 54 27 godt
710 1073 118 26 förordna,
842 1075 33 19 att
886 1073 25 20 af

157 1103 93 21 stadens
266 1102 88 21 rädhus
370 1103 75 22 skulle
462 1103 52 22 frän
531 1104 44 21 och
594 1103 53 21 med
664 1103 75 21 denna
756 1103 44 27 dag
816 1103 36 20 för
868 1109 41 14 an-

156 1133 52 27 tydt
231 1133 109 20 ändamål
364 1133 108 28 upplåtas
491 1133 128 26 »festsalen,
636 1133 37 21 det
688 1133 107 21 därinvid
812 1133 97 26 belägna

157 1162 221 27 stadsfullmäktiges
395 1163 111 21 sessions-
524 1163 125 28 (rätteligen
665 1162 93 28 kansli-)
780 1169 52 14 rum
849 1164 61 19 samt

157 1192 159 26 förrummet»,
335 1199 52 15 men
404 1196 33 18 att
448 1193 221 27 Stadsfullmäktige,
681 1193 80 21 hvilka
772 1199 38 14 om
824 1192 85 21 Guver-

157 1223 85 20 nörens
265 1222 152 22 nästberörda
442 1223 136 26 förfogande
594 1223 25 21 af
632 1223 75 21 denne
721 1222 88 28 jämväl
826 1222 83 21 under-

157 1253 87 25 rättats,
268 1251 39 21 vid
334 1254 174 20 sammanträde
532 1254 45 20 den
603 1253 26 21 16
650 1252 157 22 innevarande
824 1251 86 22 månad

157 1281 101 27 beslutit,
275 1283 32 19 att
318 1282 155 22 omförmälda
485 1290 53 14 rum
550 1283 64 21 inom
626 1282 117 26 rådhuset,
755 1282 64 21 öfver
830 1281 78 21 hvilka

158 1312 149 21 Guvernören
332 1313 51 21 icke
399 1313 57 27 ägde
473 1313 69 26 laglig
558 1314 44 19 rätt
618 1314 32 19 att
666 1312 94 27 förfoga,
778 1312 77 20 såsom
872 1312 38 20 be-

157 1341 87 27 höfliga
261 1341 36 21 för
313 1343 73 21 andra
402 1343 118 25 ändamål,
537 1342 51 22 icke
604 1342 60 27 finge
682 1342 6 20 i
704 1341 82 28 antydt
802 1340 108 22 afseende

158 1371 127 24 användas,
303 1375 60 19 samt
380 1372 87 28 härom;
484 1373 144 21 underrättat
644 1372 156 25 Guvernören,
817 1370 93 22 medde-

157 1401 66 21 lades
247 1400 218 31 Kollegiiassessorn
490 1402 113 25 Melartin,
628 1404 32 19 att
679 1402 70 26 något
764 1401 108 21 afseende
888 1400 25 20 af

159 1431 149 26 Magistraten
331 1434 52 22 jcke
406 1432 80 22 kunde
510 1432 70 21 fästas
604 1432 38 20 vid
665 1432 60 20 hans
745 1430 166 27 ofvanangifna

158 1460 119 21 anhällan.

231 1501 58 16 Särsk.
302 1501 49 16 Besv.
364 1499 42 17 utsk.
420 1499 28 16 bet.
462 1498 36 17 N:o
511 1497 18 18 4.
