1114 1775
247 159 28 21 38
382 159 84 23 Ständ.
482 160 54 22 Pet.
553 173 28 3 —
598 160 172 23 Petitionsbet.
788 160 42 22 N:o
848 160 20 21 7.

317 228 138 27 Riktigheten
476 228 23 22 af
515 228 70 22 denna
599 228 85 22 afskrift
700 233 56 17 samt
770 232 34 18 att
817 228 141 22 länsmannen
974 228 34 21 W.

247 256 163 22 Jaakkimainen
426 257 7 21 i
448 257 117 27 anledning
584 256 23 22 af
627 257 59 21 detta
700 257 50 21 bref
762 256 72 23 anhöll
849 263 35 15 om
900 256 108 22 hällandet

247 284 24 22 af
283 284 217 23 kommunalstämma
514 285 33 22 för
562 288 32 19 att
608 285 70 23 införa
700 286 63 27 ryska
779 285 87 28 spräket
881 286 70 21 säsom
969 292 38 14 un-

248 313 202 28 dervisningsspräk
465 315 7 21 i
488 314 110 22 Soanlahti
620 314 115 22 kommuns
757 314 125 25 folkskolor,
904 320 49 15 men
976 316 33 19 att

247 342 36 21 vid
299 342 70 22 hällen
391 344 91 20 stämma
501 344 67 26 sagda
586 343 88 22 fordran
690 343 18 27 ej
725 343 85 21 erhällit
825 342 128 22 beslutfördt
969 349 38 15 un-

247 370 94 27 derstöd,
357 372 84 26 intygar

319 410 110 23 Soanlahti
446 412 40 21 den
503 412 26 20 18
542 412 86 26 januari
645 412 61 21 1905.

688 474 58 22 Onni
761 475 108 21 Partanen

615 508 189 18 Kommunalstämm.
816 508 48 18 ordf.
876 508 5 18 i
894 507 102 19 Soanlahti.

318 640 34 21 Då
368 641 23 21 år
408 641 55 21 1904
478 641 36 21 vid
528 641 217 22 kommunalstämma
760 641 7 21 i
784 641 109 21 Soanlahti
904 640 102 22 kommun

249 669 111 27 upptagits
376 669 31 21 till
423 669 122 22 diskussion
561 669 75 27 frägan
652 676 35 15 om
702 670 64 27 ryska
782 669 98 27 spräkets
895 669 112 22 införande

247 697 8 22 i
270 697 154 26 folkskolorna,
446 697 90 22 infunno
552 699 34 26 sig
600 698 32 21 till
648 699 70 20 denna
734 700 91 20 stämma
839 701 16 18 t.
870 697 13 22 f.
900 697 107 22 länsman-

247 732 42 15 nen
312 727 162 21 Jaakkimainen
489 727 7 21 i
512 727 92 21 uniform
628 729 56 19 samt
705 727 86 27 grekisk
806 727 98 21 katolska
919 728 88 25 prästen

247 755 93 26 Petsow,
355 755 72 21 hvilka
441 755 74 22 herrar
530 755 108 28 knappast
652 755 106 27 nägonsin
774 761 79 16 annars
868 757 90 19 närvara
971 755 37 21 vid

247 783 65 22 dessa
326 785 79 20 möten.
435 784 97 21 Emedan
547 785 66 20 redan
634 784 91 27 tidigare
740 784 55 21 hade
810 783 106 28 utspridts
932 783 75 28 ryktet,

246 814 33 19 att
294 812 71 21 denna
380 812 38 21 sak
433 813 110 27 upptagits
564 813 32 21 till
611 813 124 21 diskussion
752 813 28 27 pä
795 812 92 22 initiativ
902 811 24 22 af
938 812 69 27 Rege-

247 841 76 26 ringen
340 841 40 21 och
395 843 32 19 att
442 847 77 21 genom
542 843 31 20 ett
588 841 114 27 afböjande
718 841 22 21 af
752 841 105 26 förslaget
871 841 99 21 tillvaron
986 840 23 22 af

247 869 52 22 vära
321 869 73 22 skolor
418 869 68 22 skulle
502 869 126 29 äfventyras,
644 870 25 21 sä
684 869 150 29 öfvertygades
850 875 78 21 genom
944 869 64 22 dessa

247 898 66 21 ofvan
335 898 107 22 omtalade
463 905 115 21 personers
601 900 92 20 närvaro
710 899 38 21 och
763 900 75 26 pastor
853 898 97 22 Petsows
965 900 43 25 ytt-

246 927 82 21 randen
344 927 36 21 vid
402 928 106 20 stämman
530 927 148 22 sockneborna
697 928 124 26 ytterligare
837 933 35 15 om
888 927 119 27 sanningen

245 955 25 21 af
283 956 60 20 detta
364 956 68 27 rykte.
462 956 33 21 Dä
516 962 50 16 man
586 956 119 21 emellertid
720 956 69 21 under
805 956 152 21 diskussionen
972 956 37 20 vid

247 986 107 19 stämman
370 984 62 26 erfor,
447 984 107 22 hvarifrån
571 985 70 21 denna
656 984 39 22 sak
716 984 122 28 egentligen
854 984 100 22 härledde
970 984 38 27 sig,

246 1012 84 22 nekade
345 1013 135 27 majoriteten
496 1013 50 21 eller
562 1014 47 25 alla,
625 1019 47 15 som
688 1013 126 27 uppfattade
825 1013 69 21 denna
906 1012 39 22 sak
959 1012 48 22 frän

246 1041 52 21 dess
313 1043 57 19 rätta
386 1042 50 24 sida,
452 1044 32 19 att
498 1041 70 22 införa
582 1042 64 27 ryska
662 1042 87 27 spräket
764 1042 7 20 i
786 1042 52 21 vära
853 1041 79 22 skolor.
956 1040 52 22 T.f.

246 1069 143 22 länsmannen
410 1070 161 22 Jaakkimainen
592 1070 45 26 har,
661 1070 27 22 dä
706 1070 65 22 saken
788 1070 90 22 sälunda
892 1069 116 28 afgjordes,

247 1104 79 21 genom
341 1098 134 22 insamlande
490 1098 23 22 af
525 1105 71 20 namn,
612 1098 77 22 hvaraf
701 1099 41 21 han
758 1098 63 22 äfven
836 1098 41 22 fått
892 1098 71 27 några,
976 1098 32 21 till

245 1133 28 15 en
297 1127 75 22 adress
394 1127 84 22 försökt
500 1127 46 22 visa
567 1128 33 21 sin
622 1127 163 26 öfverordnade,
808 1129 32 20 att
859 1128 2 20 i
876 1127 131 21 kommunen

245 1155 65 22 äfven
326 1156 70 21 skulle
410 1155 70 23 finnas
496 1156 85 26 sådana,
597 1162 46 16 som
660 1156 17 27 ej
696 1158 89 20 motsatt
800 1156 34 27 sig
849 1156 73 22 saken.

317 1184 110 22 Soanlahti
443 1185 40 22 den
500 1185 26 22 18
539 1185 85 27 januari
640 1185 62 22 1904.

548 1242 22 22 S.
585 1242 126 27 Protkujeff.

567 1275 120 19 Handlande.

702 1333 43 22 Olli
761 1333 109 22 Suhonen.

622 1367 150 18 Häradsdomare
783 1366 33 19 vid
827 1366 134 19 häradsrätten.
