1114 1756
269 139 347 23 Petitionsbetänkande
633 139 51 23 N:o
701 141 27 21 7.
839 141 41 20 115

127 205 81 22 månad
234 207 33 20 för
291 206 70 21 andra
384 205 85 27 gången
494 206 151 23 internerades
670 207 5 20 i
692 207 187 26 länsfängelset,
867 201 15 36 i

127 235 84 22 hvilket
225 236 37 26 jag
278 237 60 20 ännu
354 236 43 21 den
413 236 43 26 dag
472 242 47 15 som
537 237 25 20 är
578 236 102 21 befinner
696 237 43 26 mig
756 237 6 20 i
773 236 106 21 afvaktan

127 265 29 28 på
172 265 58 22 hvad
247 272 47 15 som
311 265 89 21 komma
416 265 62 21 skall.

199 295 42 21 Det
263 297 26 19 är
312 295 44 26 mig
376 295 100 27 omöjligt
492 297 31 19 att
539 296 110 26 utgrunda
665 295 71 22 under
752 296 88 21 hvilken
857 295 23 22 af

128 324 145 27 Strafflagens
297 325 129 27 paragrafer
449 325 168 22 vederbörande
641 325 100 22 förestält
757 326 33 26 sig
806 328 31 19 att
853 326 27 20 de

128 355 137 26 handlingar,
290 361 48 14 som
362 355 55 26 lagts
441 355 45 26 mig
508 355 33 21 till
566 355 48 26 last,
640 355 68 21 borde
729 355 150 21 subsumeras.

128 383 30 22 Så
174 385 88 27 mycket
277 386 25 19 är
318 385 122 21 emellertid
456 385 78 26 tydligt
550 387 37 23 att,
609 385 70 21 därest
691 385 36 30 lag
739 385 66 26 följts,
819 385 61 21 häkt-

128 414 51 27 ning
203 414 92 21 alldeles
319 415 49 20 icke
385 414 49 21 bort
450 415 77 20 kunna
543 416 42 25 äga
601 421 55 14 rum.
674 411 33 24 Än
724 415 86 21 mindre
822 415 57 20 hade

127 445 42 26 jag,
194 444 71 21 sedan
287 444 105 27 häktning
411 444 63 25 skett,
493 444 49 21 bort
557 444 27 27 gå
601 445 63 20 miste
681 451 35 14 om
733 445 43 20 den
792 443 87 23 förmån

127 473 15 28 8
165 473 29 22 26
213 474 7 21 i
239 473 54 22 Nåd.
326 474 166 27 Förordningen
509 481 35 14 om
562 474 116 21 införande
694 474 24 21 af
733 481 29 21 ny
778 474 102 27 strafflag

128 503 143 22 tillförsäkrat
294 503 82 22 häktad
401 510 90 21 person:
509 506 31 19 att
556 504 59 21 inom
632 505 7 20 i
656 505 68 26 sagda
740 505 85 26 lagrum
842 511 38 14 an-

128 533 73 27 gifven
225 533 30 21 tid
280 533 76 22 ställas
380 533 58 22 inför
462 533 49 27 laga
535 534 102 21 domstol.
670 534 125 21 Emellertid
812 534 68 21 hafva

127 562 107 22 månader
265 563 93 21 förflutit
386 563 69 22 sedan
481 564 48 21 mitt
552 564 136 27 fängslande,
713 566 53 19 utan
787 566 31 19 att
834 564 44 20 min

127 593 40 20 sak
183 595 120 19 avancerat
319 593 36 22 det
372 593 54 21 allra
443 593 88 21 minsta.

198 623 41 26 Jag
262 622 100 27 påkallar
386 623 43 21 den
454 623 163 27 embetsåtgärd
634 623 48 22 från
700 624 54 21 Herr
772 623 106 21 Prokura-

127 655 61 18 torns
212 653 55 26 sida,
291 653 87 20 hvartill
402 653 160 21 ofvanstående
584 653 87 27 jämlikt
687 653 34 27 lag
737 653 42 22 och
795 653 83 21 författ-

127 682 78 27 ningar
221 682 40 22 bör
278 683 120 21 föranleda.
431 683 83 27 Viborg
530 683 43 21 den
590 683 28 21 28
635 683 124 27 september
777 683 63 21 1904.

604 737 69 21 Reino
690 737 109 21 Drockila.

669 786 42 19 g:m

621 815 63 21 Ernst
700 814 99 22 Gråsten.

593 850 100 22 Advokat
709 851 6 21 i
731 850 88 27 Viborg.

127 923 150 25 Öfversättning.

195 980 126 18 Guvernören

252 1010 6 11 1

190 1028 81 22 Viborgs
284 1029 37 17 län.

216 1082 76 22 Viborg.

178 1105 23 17 28
210 1106 112 22 September

191 1136 20 16 11
225 1135 85 18 Oktober

203 1159 34 17 N:o
251 1160 51 16 1612.

127 1120 38 17 den
333 1121 50 17 1904.

199 1218 41 21 Till
276 1219 292 27 Prokuratorsepeditionen
603 1220 6 20 i
638 1220 121 26 Kejserliga
784 1220 96 21 Senaten

127 1248 35 21 för
178 1248 101 22 Finland.

197 1314 8 21 I
221 1314 54 26 följd
291 1314 23 21 af
330 1315 132 20 skrifvelsen
480 1315 34 21 för
530 1315 43 21 den
590 1315 14 20 4
620 1315 98 21 Oktober
729 1315 151 22 innevarande

126 1342 25 22 år
175 1343 40 22 N:o
239 1344 43 21 676
299 1344 40 21 har
354 1345 36 26 jag
406 1346 62 23 äran,
486 1345 50 20 med
554 1344 156 22 återställande
727 1345 23 21 af
766 1345 114 21 öfversätt-

125 1373 81 27 ningen
231 1374 22 21 af
277 1373 70 22 Reino
371 1374 116 21 Drockilas
511 1375 137 26 klagoskrift,
674 1375 102 21 meddela
797 1377 37 24 att,
852 1374 28 27 på

125 1403 71 27 grund
213 1403 22 21 af
243 1403 92 27 Nådigst
344 1404 117 21 faststälda
478 1404 162 21 instruktionen
657 1405 34 20 för
703 1405 27 20 de
741 1405 36 20 vid
790 1404 92 21 Afdelta

125 1432 181 22 Gendarmkåren
323 1433 7 21 i
347 1433 93 21 Finland
458 1434 103 21 anstälda
578 1441 104 20 personer
698 1434 24 21 af
738 1434 43 21 den
798 1434 28 21 28
838 1433 41 22 Ok-

125 1462 63 21 tober
205 1462 36 28 (10
258 1463 132 28 November)
409 1463 64 26 1903,
491 1464 40 21 hos
549 1464 102 21 Drockila
668 1465 6 20 i
686 1463 70 22 Kotka
768 1464 56 25 stad,
838 1464 42 21 den

197 1504 58 17 Särsk.
267 1505 49 16 Besv.
329 1505 45 18 utsk,
388 1505 31 17 bet,
432 1505 37 17 N:o
482 1510 18 15 4.
