<?xml version="1.0" encoding="UTF-8"?>
<alto xmlns="http://www.loc.gov/standards/alto/ns-v3#" xmlns:xlink="http://www.w3.org/1999/xlink" xmlns:xsi="http://www.w3.org/2001/XMLSchema-instance" xsi:schemaLocation="http://www.loc.gov/standards/alto/ns-v3# http://www.loc.gov/alto/v3/alto-3-0.xsd">
	<Description>
		<MeasurementUnit>pixel</MeasurementUnit>
		<sourceImageInformation>
			<fileName>/tmp/tess_aoxu45ld_input.PNG</fileName>
		</sourceImageInformation>
		<OCRProcessing ID="OCR_0">
			<ocrProcessingStep>
				<processingSoftware>
					<softwareName>tesseract 5.3.4</softwareName>
				</processingSoftware>
			</ocrProcessingStep>
		</OCRProcessing>
	</Description>
	<Layout>
		<Page WIDTH="1106" HEIGHT="1778" PHYSICAL_IMG_NR="0" ID="page_0">
			<PrintSpace HPOS="0" VPOS="0" WIDTH="1106" HEIGHT="1778">
				<ComposedBlock ID="cblock_0" HPOS="339" VPOS="161" WIDTH="295" HEIGHT="20">
					<TextBlock ID="block_0" HPOS="339" VPOS="161" WIDTH="295" HEIGHT="20">
						<TextLine ID="line_0" HPOS="339" VPOS="161" WIDTH="295" HEIGHT="20">
							<String ID="string_0" HPOS="339" VPOS="162" WIDTH="216" HEIGHT="19" WC="0.92" CONTENT="Motionsbetänkande"/><SP WIDTH="13" VPOS="162" HPOS="555"/>
							<String ID="string_1" HPOS="568" VPOS="162" WIDTH="37" HEIGHT="18" WC="0.90" CONTENT="N:o"/><SP WIDTH="13" VPOS="162" HPOS="605"/>
							<String ID="string_2" HPOS="618" VPOS="161" WIDTH="16" HEIGHT="19" WC="0.94" CONTENT="1."/>
						</TextLine>
					</TextBlock>
				</ComposedBlock>
				<ComposedBlock ID="cblock_1" HPOS="324" VPOS="476" WIDTH="538" HEIGHT="283">
					<TextBlock ID="block_1" HPOS="324" VPOS="476" WIDTH="538" HEIGHT="283">
						<TextLine ID="line_1" HPOS="397" VPOS="476" WIDTH="464" HEIGHT="25">
							<String ID="string_3" HPOS="397" VPOS="477" WIDTH="219" HEIGHT="24" WC="0.92" CONTENT="Ekonomiutskottets"/><SP WIDTH="16" VPOS="477" HPOS="616"/>
							<String ID="string_4" HPOS="632" VPOS="477" WIDTH="136" HEIGHT="23" WC="0.96" CONTENT="betänkande"/><SP WIDTH="12" VPOS="477" HPOS="768"/>
							<String ID="string_5" HPOS="780" VPOS="477" WIDTH="40" HEIGHT="23" WC="0.93" CONTENT="N:o"/><SP WIDTH="8" VPOS="477" HPOS="820"/>
							<String ID="string_6" HPOS="828" VPOS="477" WIDTH="14" HEIGHT="23" WC="0.93" CONTENT="2"/><SP WIDTH="13" VPOS="477" HPOS="842"/>
							<String ID="string_7" HPOS="855" VPOS="476" WIDTH="6" HEIGHT="23" WC="0.96" CONTENT="i"/>
						</TextLine>
						<TextLine ID="line_2" HPOS="325" VPOS="512" WIDTH="536" HEIGHT="31">
							<String ID="string_8" HPOS="325" VPOS="513" WIDTH="117" HEIGHT="30" WC="0.95" CONTENT="anledning"/><SP WIDTH="15" VPOS="513" HPOS="442"/>
							<String ID="string_9" HPOS="457" VPOS="513" WIDTH="24" HEIGHT="23" WC="0.96" CONTENT="af"/><SP WIDTH="14" VPOS="513" HPOS="481"/>
							<String ID="string_10" HPOS="495" VPOS="514" WIDTH="78" HEIGHT="23" WC="0.96" CONTENT="tvenne"/><SP WIDTH="15" VPOS="514" HPOS="573"/>
							<String ID="string_11" HPOS="588" VPOS="513" WIDTH="33" HEIGHT="23" WC="0.93" CONTENT="till"/><SP WIDTH="15" VPOS="513" HPOS="621"/>
							<String ID="string_12" HPOS="636" VPOS="513" WIDTH="80" HEIGHT="23" WC="0.92" CONTENT="Preste-"/><SP WIDTH="10" VPOS="513" HPOS="716"/>
							<String ID="string_13" HPOS="726" VPOS="513" WIDTH="42" HEIGHT="23" WC="0.93" CONTENT="och"/><SP WIDTH="12" VPOS="513" HPOS="768"/>
							<String ID="string_14" HPOS="780" VPOS="512" WIDTH="81" HEIGHT="24" WC="0.91" CONTENT="Bonde-"/>
						</TextLine>
						<TextLine ID="line_3" HPOS="325" VPOS="548" WIDTH="536" HEIGHT="24">
							<String ID="string_15" HPOS="325" VPOS="548" WIDTH="90" HEIGHT="24" WC="0.92" CONTENT="stånden"/><SP WIDTH="24" VPOS="548" HPOS="415"/>
							<String ID="string_16" HPOS="439" VPOS="549" WIDTH="122" HEIGHT="23" WC="0.91" CONTENT="inlemnade"/><SP WIDTH="24" VPOS="549" HPOS="561"/>
							<String ID="string_17" HPOS="585" VPOS="549" WIDTH="206" HEIGHT="23" WC="0.92" CONTENT="motionsmemorial"/><SP WIDTH="22" VPOS="549" HPOS="791"/>
							<String ID="string_18" HPOS="813" VPOS="548" WIDTH="48" HEIGHT="24" WC="0.96" CONTENT="med"/>
						</TextLine>
						<TextLine ID="line_4" HPOS="324" VPOS="584" WIDTH="538" HEIGHT="30">
							<String ID="string_19" HPOS="324" VPOS="584" WIDTH="84" HEIGHT="30" WC="0.96" CONTENT="förslag"/><SP WIDTH="15" VPOS="584" HPOS="408"/>
							<String ID="string_20" HPOS="423" VPOS="585" WIDTH="31" HEIGHT="23" WC="0.96" CONTENT="till"/><SP WIDTH="14" VPOS="585" HPOS="454"/>
							<String ID="string_21" HPOS="468" VPOS="584" WIDTH="130" HEIGHT="30" WC="0.95" CONTENT="förordning"/><SP WIDTH="10" VPOS="584" HPOS="598"/>
							<String ID="string_22" HPOS="608" VPOS="584" WIDTH="113" HEIGHT="30" WC="0.96" CONTENT="angående"/><SP WIDTH="10" VPOS="584" HPOS="721"/>
							<String ID="string_23" HPOS="731" VPOS="584" WIDTH="131" HEIGHT="30" WC="0.95" CONTENT="försäljning"/>
						</TextLine>
						<TextLine ID="line_5" HPOS="325" VPOS="620" WIDTH="537" HEIGHT="30">
							<String ID="string_24" HPOS="325" VPOS="621" WIDTH="41" HEIGHT="23" WC="0.93" CONTENT="och"/><SP WIDTH="16" VPOS="621" HPOS="366"/>
							<String ID="string_25" HPOS="382" VPOS="620" WIDTH="93" HEIGHT="30" WC="0.91" CONTENT="forsling"/><SP WIDTH="15" VPOS="620" HPOS="475"/>
							<String ID="string_26" HPOS="490" VPOS="621" WIDTH="23" HEIGHT="23" WC="0.93" CONTENT="af"/><SP WIDTH="15" VPOS="621" HPOS="513"/>
							<String ID="string_27" HPOS="528" VPOS="620" WIDTH="135" HEIGHT="30" WC="0.91" CONTENT="rusdrycker,"/><SP WIDTH="17" VPOS="620" HPOS="663"/>
							<String ID="string_28" HPOS="680" VPOS="620" WIDTH="130" HEIGHT="30" WC="0.93" CONTENT="förordning"/><SP WIDTH="16" VPOS="620" HPOS="810"/>
							<String ID="string_29" HPOS="826" VPOS="626" WIDTH="36" HEIGHT="17" WC="0.92" CONTENT="an-"/>
						</TextLine>
						<TextLine ID="line_6" HPOS="325" VPOS="656" WIDTH="537" HEIGHT="30">
							<String ID="string_30" HPOS="325" VPOS="656" WIDTH="83" HEIGHT="30" WC="0.95" CONTENT="gående"/><SP WIDTH="19" VPOS="656" HPOS="408"/>
							<String ID="string_31" HPOS="427" VPOS="656" WIDTH="84" HEIGHT="24" WC="0.96" CONTENT="inlösen"/><SP WIDTH="16" VPOS="656" HPOS="511"/>
							<String ID="string_32" HPOS="527" VPOS="656" WIDTH="24" HEIGHT="24" WC="0.93" CONTENT="af"/><SP WIDTH="15" VPOS="656" HPOS="551"/>
							<String ID="string_33" HPOS="566" VPOS="656" WIDTH="214" HEIGHT="30" WC="0.91" CONTENT="rusdrycksfabriker"/><SP WIDTH="15" VPOS="656" HPOS="780"/>
							<String ID="string_34" HPOS="795" VPOS="656" WIDTH="7" HEIGHT="22" WC="0.93" CONTENT="i"/><SP WIDTH="16" VPOS="656" HPOS="802"/>
							<String ID="string_35" HPOS="818" VPOS="656" WIDTH="44" HEIGHT="23" WC="0.93" CONTENT="sär-"/>
						</TextLine>
						<TextLine ID="line_7" HPOS="325" VPOS="691" WIDTH="537" HEIGHT="30">
							<String ID="string_36" HPOS="325" VPOS="692" WIDTH="71" HEIGHT="23" WC="0.96" CONTENT="skilda"/><SP WIDTH="15" VPOS="692" HPOS="396"/>
							<String ID="string_37" HPOS="411" VPOS="692" WIDTH="38" HEIGHT="23" WC="0.96" CONTENT="fall"/><SP WIDTH="20" VPOS="692" HPOS="449"/>
							<String ID="string_38" HPOS="469" VPOS="693" WIDTH="55" HEIGHT="22" WC="0.96" CONTENT="samt"/><SP WIDTH="18" VPOS="693" HPOS="524"/>
							<String ID="string_39" HPOS="542" VPOS="692" WIDTH="130" HEIGHT="29" WC="0.96" CONTENT="förordning"/><SP WIDTH="18" VPOS="692" HPOS="672"/>
							<String ID="string_40" HPOS="690" VPOS="692" WIDTH="114" HEIGHT="29" WC="0.92" CONTENT="angående"/><SP WIDTH="18" VPOS="692" HPOS="804"/>
							<String ID="string_41" HPOS="822" VPOS="691" WIDTH="40" HEIGHT="23" WC="0.91" CONTENT="till-"/>
						</TextLine>
						<TextLine ID="line_8" HPOS="325" VPOS="727" WIDTH="497" HEIGHT="32">
							<String ID="string_42" HPOS="325" VPOS="727" WIDTH="62" HEIGHT="24" WC="0.96" CONTENT="stånd"/><SP WIDTH="16" VPOS="727" HPOS="387"/>
							<String ID="string_43" HPOS="403" VPOS="728" WIDTH="32" HEIGHT="23" WC="0.96" CONTENT="till"/><SP WIDTH="17" VPOS="728" HPOS="435"/>
							<String ID="string_44" HPOS="452" VPOS="728" WIDTH="121" HEIGHT="23" WC="0.96" CONTENT="inrättande"/><SP WIDTH="15" VPOS="728" HPOS="573"/>
							<String ID="string_45" HPOS="588" VPOS="728" WIDTH="24" HEIGHT="31" WC="0.93" CONTENT="af"/><SP WIDTH="15" VPOS="728" HPOS="612"/>
							<String ID="string_46" HPOS="627" VPOS="727" WIDTH="195" HEIGHT="30" WC="0.93" CONTENT="rusdrycksfabrik."/>
						</TextLine>
					</TextBlock>
				</ComposedBlock>
				<ComposedBlock ID="cblock_2" HPOS="110" VPOS="835" WIDTH="752" HEIGHT="130">
					<TextBlock ID="block_2" HPOS="110" VPOS="835" WIDTH="752" HEIGHT="130">
						<TextLine ID="line_9" HPOS="182" VPOS="835" WIDTH="679" HEIGHT="29">
							<String ID="string_47" HPOS="182" VPOS="835" WIDTH="87" HEIGHT="22" WC="0.93" CONTENT="Preste-"/><SP WIDTH="16" VPOS="835" HPOS="269"/>
							<String ID="string_48" HPOS="285" VPOS="835" WIDTH="41" HEIGHT="22" WC="0.93" CONTENT="och"/><SP WIDTH="16" VPOS="835" HPOS="326"/>
							<String ID="string_49" HPOS="342" VPOS="835" WIDTH="173" HEIGHT="22" WC="0.91" CONTENT="Bondestånden"/><SP WIDTH="23" VPOS="835" HPOS="515"/>
							<String ID="string_50" HPOS="538" VPOS="835" WIDTH="72" HEIGHT="22" WC="0.96" CONTENT="hafva"/><SP WIDTH="23" VPOS="835" HPOS="610"/>
							<String ID="string_51" HPOS="633" VPOS="841" WIDTH="79" HEIGHT="22" WC="0.91" CONTENT="genom"/><SP WIDTH="20" VPOS="841" HPOS="712"/>
							<String ID="string_52" HPOS="732" VPOS="835" WIDTH="129" HEIGHT="29" WC="0.91" CONTENT="protokolls-"/>
						</TextLine>
						<TextLine ID="line_10" HPOS="110" VPOS="870" WIDTH="752" HEIGHT="29">
							<String ID="string_53" HPOS="110" VPOS="871" WIDTH="82" HEIGHT="28" WC="0.95" CONTENT="utdrag"/><SP WIDTH="31" VPOS="871" HPOS="192"/>
							<String ID="string_54" HPOS="223" VPOS="870" WIDTH="24" HEIGHT="23" WC="0.95" CONTENT="af"/><SP WIDTH="25" VPOS="870" HPOS="247"/>
							<String ID="string_55" HPOS="272" VPOS="870" WIDTH="41" HEIGHT="23" WC="0.96" CONTENT="den"/><SP WIDTH="20" VPOS="870" HPOS="313"/>
							<String ID="string_56" HPOS="333" VPOS="871" WIDTH="30" HEIGHT="21" WC="0.96" CONTENT="20"/><SP WIDTH="18" VPOS="871" HPOS="363"/>
							<String ID="string_57" HPOS="381" VPOS="870" WIDTH="41" HEIGHT="22" WC="0.96" CONTENT="och"/><SP WIDTH="24" VPOS="870" HPOS="422"/>
							<String ID="string_58" HPOS="446" VPOS="871" WIDTH="43" HEIGHT="22" WC="0.96" CONTENT="den"/><SP WIDTH="24" VPOS="871" HPOS="489"/>
							<String ID="string_59" HPOS="513" VPOS="871" WIDTH="27" HEIGHT="22" WC="0.91" CONTENT="21"/><SP WIDTH="24" VPOS="871" HPOS="540"/>
							<String ID="string_60" HPOS="564" VPOS="870" WIDTH="102" HEIGHT="23" WC="0.91" CONTENT="sistlidne"/><SP WIDTH="23" VPOS="870" HPOS="666"/>
							<String ID="string_61" HPOS="689" VPOS="870" WIDTH="117" HEIGHT="23" WC="0.95" CONTENT="december"/><SP WIDTH="22" VPOS="870" HPOS="806"/>
							<String ID="string_62" HPOS="828" VPOS="870" WIDTH="34" HEIGHT="23" WC="0.95" CONTENT="till"/>
						</TextLine>
						<TextLine ID="line_11" HPOS="110" VPOS="906" WIDTH="752" HEIGHT="29">
							<String ID="string_63" HPOS="110" VPOS="906" WIDTH="234" HEIGHT="23" WC="0.91" CONTENT="Ekonomiutskottets"/><SP WIDTH="15" VPOS="906" HPOS="344"/>
							<String ID="string_64" HPOS="359" VPOS="906" WIDTH="139" HEIGHT="29" WC="0.93" CONTENT="behandling"/><SP WIDTH="10" VPOS="906" HPOS="498"/>
							<String ID="string_65" HPOS="508" VPOS="906" WIDTH="129" HEIGHT="29" WC="0.91" CONTENT="hänskjutit"/><SP WIDTH="9" VPOS="906" HPOS="637"/>
							<String ID="string_66" HPOS="646" VPOS="906" WIDTH="98" HEIGHT="29" WC="0.93" CONTENT="följande"/><SP WIDTH="12" VPOS="906" HPOS="744"/>
							<String ID="string_67" HPOS="756" VPOS="907" WIDTH="106" HEIGHT="22" WC="0.91" CONTENT="motions-"/>
						</TextLine>
						<TextLine ID="line_12" HPOS="111" VPOS="942" WIDTH="124" HEIGHT="23">
							<String ID="string_68" HPOS="111" VPOS="942" WIDTH="124" HEIGHT="23" WC="0.95" CONTENT="memorial:"/>
						</TextLine>
					</TextBlock>
				</ComposedBlock>
				<ComposedBlock ID="cblock_3" HPOS="631" VPOS="1009" WIDTH="159" HEIGHT="28">
					<TextBlock ID="block_3" HPOS="631" VPOS="1009" WIDTH="159" HEIGHT="28">
						<TextLine ID="line_13" HPOS="631" VPOS="1009" WIDTH="159" HEIGHT="28">
							<String ID="string_69" HPOS="631" VPOS="1009" WIDTH="159" HEIGHT="28" WC="0.91" CONTENT="(Öfversättning.)"/>
						</TextLine>
					</TextBlock>
				</ComposedBlock>
				<ComposedBlock ID="cblock_4" HPOS="218" VPOS="1075" WIDTH="536" HEIGHT="25">
					<TextBlock ID="block_4" HPOS="218" VPOS="1075" WIDTH="536" HEIGHT="25">
						<TextLine ID="line_14" HPOS="218" VPOS="1075" WIDTH="536" HEIGHT="25">
							<String ID="string_70" HPOS="218" VPOS="1075" WIDTH="61" HEIGHT="19" WC="0.90" CONTENT="Till"/><SP WIDTH="16" VPOS="1075" HPOS="279"/>
							<String ID="string_71" HPOS="295" VPOS="1075" WIDTH="195" HEIGHT="25" WC="0.89" CONTENT="Högvördiga"/><SP WIDTH="15" VPOS="1075" HPOS="490"/>
							<String ID="string_72" HPOS="505" VPOS="1075" WIDTH="249" HEIGHT="20" WC="0.87" CONTENT="Presteståndet."/>
						</TextLine>
					</TextBlock>
				</ComposedBlock>
				<ComposedBlock ID="cblock_5" HPOS="109" VPOS="1147" WIDTH="753" HEIGHT="319">
					<TextBlock ID="block_5" HPOS="109" VPOS="1147" WIDTH="753" HEIGHT="319">
						<TextLine ID="line_15" HPOS="182" VPOS="1147" WIDTH="677" HEIGHT="25">
							<String ID="string_73" HPOS="182" VPOS="1147" WIDTH="114" HEIGHT="25" WC="0.96" CONTENT="Kraftigare"/><SP WIDTH="21" VPOS="1147" HPOS="296"/>
							<String ID="string_74" HPOS="317" VPOS="1148" WIDTH="27" HEIGHT="18" WC="0.96" CONTENT="än"/><SP WIDTH="22" VPOS="1148" HPOS="344"/>
							<String ID="string_75" HPOS="366" VPOS="1147" WIDTH="64" HEIGHT="20" WC="0.96" CONTENT="under"/><SP WIDTH="15" VPOS="1147" HPOS="430"/>
							<String ID="string_76" HPOS="445" VPOS="1147" WIDTH="64" HEIGHT="25" WC="0.96" CONTENT="något"/><SP WIDTH="15" VPOS="1147" HPOS="509"/>
							<String ID="string_77" HPOS="524" VPOS="1147" WIDTH="122" HEIGHT="25" WC="0.92" CONTENT="föregående"/><SP WIDTH="16" VPOS="1147" HPOS="646"/>
							<String ID="string_78" HPOS="662" VPOS="1147" WIDTH="101" HEIGHT="19" WC="0.91" CONTENT="tidehvarf"/><SP WIDTH="15" VPOS="1147" HPOS="763"/>
							<String ID="string_79" HPOS="778" VPOS="1147" WIDTH="81" HEIGHT="24" WC="0.94" CONTENT="kämpar"/>
						</TextLine>
						<TextLine ID="line_16" HPOS="110" VPOS="1177" WIDTH="752" HEIGHT="25">
							<String ID="string_80" HPOS="110" VPOS="1183" WIDTH="46" HEIGHT="14" WC="0.95" CONTENT="man"/><SP WIDTH="16" VPOS="1183" HPOS="156"/>
							<String ID="string_81" HPOS="172" VPOS="1177" WIDTH="7" HEIGHT="19" WC="0.96" CONTENT="i"/><SP WIDTH="16" VPOS="1177" HPOS="179"/>
							<String ID="string_82" HPOS="195" VPOS="1177" WIDTH="36" HEIGHT="20" WC="0.96" CONTENT="vår"/><SP WIDTH="15" VPOS="1177" HPOS="231"/>
							<String ID="string_83" HPOS="246" VPOS="1177" WIDTH="30" HEIGHT="19" WC="0.96" CONTENT="tid"/><SP WIDTH="15" VPOS="1177" HPOS="276"/>
							<String ID="string_84" HPOS="291" VPOS="1177" WIDTH="7" HEIGHT="19" WC="0.96" CONTENT="i"/><SP WIDTH="16" VPOS="1177" HPOS="298"/>
							<String ID="string_85" HPOS="314" VPOS="1177" WIDTH="41" HEIGHT="19" WC="0.93" CONTENT="alla"/><SP WIDTH="22" VPOS="1177" HPOS="355"/>
							<String ID="string_86" HPOS="377" VPOS="1177" WIDTH="139" HEIGHT="20" WC="0.92" CONTENT="kulturländer"/><SP WIDTH="20" VPOS="1177" HPOS="516"/>
							<String ID="string_87" HPOS="536" VPOS="1179" WIDTH="43" HEIGHT="18" WC="0.95" CONTENT="mot"/><SP WIDTH="21" VPOS="1179" HPOS="579"/>
							<String ID="string_88" HPOS="600" VPOS="1177" WIDTH="24" HEIGHT="19" WC="0.92" CONTENT="de"/><SP WIDTH="22" VPOS="1177" HPOS="624"/>
							<String ID="string_89" HPOS="646" VPOS="1177" WIDTH="94" HEIGHT="25" WC="0.92" CONTENT="plågoris,"/><SP WIDTH="18" VPOS="1177" HPOS="740"/>
							<String ID="string_90" HPOS="758" VPOS="1183" WIDTH="43" HEIGHT="13" WC="0.91" CONTENT="som"/><SP WIDTH="16" VPOS="1183" HPOS="801"/>
							<String ID="string_91" HPOS="817" VPOS="1177" WIDTH="45" HEIGHT="18" WC="0.91" CONTENT="tära"/>
						</TextLine>
						<TextLine ID="line_17" HPOS="110" VPOS="1207" WIDTH="752" HEIGHT="25">
							<String ID="string_92" HPOS="110" VPOS="1207" WIDTH="27" HEIGHT="25" WC="0.96" CONTENT="på"/><SP WIDTH="15" VPOS="1207" HPOS="137"/>
							<String ID="string_93" HPOS="152" VPOS="1207" WIDTH="81" HEIGHT="20" WC="0.93" CONTENT="folkens"/><SP WIDTH="15" VPOS="1207" HPOS="233"/>
							<String ID="string_94" HPOS="248" VPOS="1207" WIDTH="95" HEIGHT="20" WC="0.92" CONTENT="lifskraft."/><SP WIDTH="30" VPOS="1207" HPOS="343"/>
							<String ID="string_95" HPOS="373" VPOS="1207" WIDTH="76" HEIGHT="24" WC="0.96" CONTENT="Många"/><SP WIDTH="14" VPOS="1207" HPOS="449"/>
							<String ID="string_96" HPOS="463" VPOS="1207" WIDTH="138" HEIGHT="20" WC="0.96" CONTENT="framstående"/><SP WIDTH="10" VPOS="1207" HPOS="601"/>
							<String ID="string_97" HPOS="611" VPOS="1207" WIDTH="160" HEIGHT="25" WC="0.96" CONTENT="representanter"/><SP WIDTH="10" VPOS="1207" HPOS="771"/>
							<String ID="string_98" HPOS="781" VPOS="1207" WIDTH="31" HEIGHT="18" WC="0.96" CONTENT="för"/><SP WIDTH="12" VPOS="1207" HPOS="812"/>
							<String ID="string_99" HPOS="824" VPOS="1207" WIDTH="38" HEIGHT="18" WC="0.96" CONTENT="den"/>
						</TextLine>
						<TextLine ID="line_18" HPOS="110" VPOS="1237" WIDTH="752" HEIGHT="28">
							<String ID="string_100" HPOS="110" VPOS="1237" WIDTH="125" HEIGHT="20" WC="0.95" CONTENT="medicinska"/><SP WIDTH="14" VPOS="1237" HPOS="235"/>
							<String ID="string_101" HPOS="249" VPOS="1237" WIDTH="145" HEIGHT="28" WC="0.95" CONTENT="vetenskapen"/><SP WIDTH="22" VPOS="1237" HPOS="394"/>
							<String ID="string_102" HPOS="416" VPOS="1237" WIDTH="96" HEIGHT="23" WC="0.95" CONTENT="erkänna,"/><SP WIDTH="18" VPOS="1237" HPOS="512"/>
							<String ID="string_103" HPOS="530" VPOS="1238" WIDTH="30" HEIGHT="18" WC="0.96" CONTENT="att"/><SP WIDTH="21" VPOS="1238" HPOS="560"/>
							<String ID="string_104" HPOS="581" VPOS="1237" WIDTH="61" HEIGHT="25" WC="0.96" CONTENT="högst"/><SP WIDTH="18" VPOS="1237" HPOS="642"/>
							<String ID="string_105" HPOS="660" VPOS="1237" WIDTH="36" HEIGHT="19" WC="0.96" CONTENT="två"/><SP WIDTH="16" VPOS="1237" HPOS="696"/>
							<String ID="string_106" HPOS="712" VPOS="1237" WIDTH="150" HEIGHT="19" WC="0.96" CONTENT="smittosamma"/>
						</TextLine>
						<TextLine ID="line_19" HPOS="110" VPOS="1265" WIDTH="752" HEIGHT="27">
							<String ID="string_107" HPOS="110" VPOS="1267" WIDTH="118" HEIGHT="25" WC="0.96" CONTENT="sjukdomar"/><SP WIDTH="14" VPOS="1267" HPOS="228"/>
							<String ID="string_108" HPOS="242" VPOS="1267" WIDTH="77" HEIGHT="22" WC="0.96" CONTENT="kunna,"/><SP WIDTH="17" VPOS="1267" HPOS="319"/>
							<String ID="string_109" HPOS="336" VPOS="1267" WIDTH="55" HEIGHT="20" WC="0.96" CONTENT="hvad"/><SP WIDTH="16" VPOS="1267" HPOS="391"/>
							<String ID="string_110" HPOS="407" VPOS="1267" WIDTH="85" HEIGHT="20" WC="0.93" CONTENT="hälsans"/><SP WIDTH="15" VPOS="1267" HPOS="492"/>
							<String ID="string_111" HPOS="507" VPOS="1267" WIDTH="176" HEIGHT="24" WC="0.91" CONTENT="undergräfvande"/><SP WIDTH="13" VPOS="1267" HPOS="683"/>
							<String ID="string_112" HPOS="696" VPOS="1266" WIDTH="103" HEIGHT="23" WC="0.93" CONTENT="beträffar,"/><SP WIDTH="13" VPOS="1266" HPOS="799"/>
							<String ID="string_113" HPOS="812" VPOS="1265" WIDTH="50" HEIGHT="20" WC="0.92" CONTENT="stäl-"/>
						</TextLine>
						<TextLine ID="line_20" HPOS="109" VPOS="1295" WIDTH="753" HEIGHT="26">
							<String ID="string_114" HPOS="109" VPOS="1297" WIDTH="32" HEIGHT="19" WC="0.96" CONTENT="las"/><SP WIDTH="15" VPOS="1297" HPOS="141"/>
							<String ID="string_115" HPOS="156" VPOS="1297" WIDTH="7" HEIGHT="19" WC="0.93" CONTENT="i"/><SP WIDTH="15" VPOS="1297" HPOS="163"/>
							<String ID="string_116" HPOS="178" VPOS="1297" WIDTH="119" HEIGHT="24" WC="0.92" CONTENT="jemnbredd"/><SP WIDTH="23" VPOS="1297" HPOS="297"/>
							<String ID="string_117" HPOS="320" VPOS="1297" WIDTH="44" HEIGHT="19" WC="0.93" CONTENT="med"/><SP WIDTH="25" VPOS="1297" HPOS="364"/>
							<String ID="string_118" HPOS="389" VPOS="1297" WIDTH="153" HEIGHT="22" WC="0.91" CONTENT="alkoholismen,"/><SP WIDTH="22" VPOS="1297" HPOS="542"/>
							<String ID="string_119" HPOS="564" VPOS="1296" WIDTH="102" HEIGHT="25" WC="0.95" CONTENT="nämligen"/><SP WIDTH="20" VPOS="1296" HPOS="666"/>
							<String ID="string_120" HPOS="686" VPOS="1295" WIDTH="118" HEIGHT="20" WC="0.95" CONTENT="tuberkulos"/><SP WIDTH="20" VPOS="1295" HPOS="804"/>
							<String ID="string_121" HPOS="824" VPOS="1295" WIDTH="38" HEIGHT="20" WC="0.96" CONTENT="och"/>
						</TextLine>
						<TextLine ID="line_21" HPOS="110" VPOS="1325" WIDTH="752" HEIGHT="27">
							<String ID="string_122" HPOS="110" VPOS="1326" WIDTH="71" HEIGHT="26" WC="0.90" CONTENT="syfilis."/><SP WIDTH="30" VPOS="1326" HPOS="181"/>
							<String ID="string_123" HPOS="211" VPOS="1327" WIDTH="47" HEIGHT="19" WC="0.90" CONTENT="Men"/><SP WIDTH="22" VPOS="1327" HPOS="258"/>
							<String ID="string_124" HPOS="280" VPOS="1327" WIDTH="95" HEIGHT="24" WC="0.90" CONTENT="derjemte"/><SP WIDTH="16" VPOS="1327" HPOS="375"/>
							<String ID="string_125" HPOS="391" VPOS="1333" WIDTH="64" HEIGHT="19" WC="0.93" CONTENT="synas"/><SP WIDTH="15" VPOS="1333" HPOS="455"/>
							<String ID="string_126" HPOS="470" VPOS="1327" WIDTH="107" HEIGHT="19" WC="0.91" CONTENT="forskarne"/><SP WIDTH="15" VPOS="1327" HPOS="577"/>
							<String ID="string_127" HPOS="592" VPOS="1326" WIDTH="65" HEIGHT="20" WC="0.96" CONTENT="blifva"/><SP WIDTH="16" VPOS="1326" HPOS="657"/>
							<String ID="string_128" HPOS="673" VPOS="1332" WIDTH="47" HEIGHT="13" WC="0.96" CONTENT="ense"/><SP WIDTH="20" VPOS="1332" HPOS="720"/>
							<String ID="string_129" HPOS="740" VPOS="1326" WIDTH="74" HEIGHT="22" WC="0.96" CONTENT="derom,"/><SP WIDTH="17" VPOS="1326" HPOS="814"/>
							<String ID="string_130" HPOS="831" VPOS="1325" WIDTH="31" HEIGHT="19" WC="0.96" CONTENT="att"/>
						</TextLine>
						<TextLine ID="line_22" HPOS="109" VPOS="1355" WIDTH="752" HEIGHT="26">
							<String ID="string_131" HPOS="109" VPOS="1355" WIDTH="147" HEIGHT="22" WC="0.90" CONTENT="alkoholismen"/><SP WIDTH="23" VPOS="1355" HPOS="256"/>
							<String ID="string_132" HPOS="279" VPOS="1357" WIDTH="27" HEIGHT="24" WC="0.96" CONTENT="på"/><SP WIDTH="24" VPOS="1357" HPOS="306"/>
							<String ID="string_133" HPOS="330" VPOS="1357" WIDTH="34" HEIGHT="19" WC="0.96" CONTENT="det"/><SP WIDTH="23" VPOS="1357" HPOS="364"/>
							<String ID="string_134" HPOS="387" VPOS="1357" WIDTH="121" HEIGHT="24" WC="0.96" CONTENT="kraftigaste"/><SP WIDTH="23" VPOS="1357" HPOS="508"/>
							<String ID="string_135" HPOS="531" VPOS="1356" WIDTH="104" HEIGHT="20" WC="0.96" CONTENT="befordrar"/><SP WIDTH="21" VPOS="1356" HPOS="635"/>
							<String ID="string_136" HPOS="656" VPOS="1356" WIDTH="60" HEIGHT="19" WC="0.96" CONTENT="dessa"/><SP WIDTH="23" VPOS="1356" HPOS="716"/>
							<String ID="string_137" HPOS="739" VPOS="1355" WIDTH="122" HEIGHT="26" WC="0.96" CONTENT="sjukdomar."/>
						</TextLine>
						<TextLine ID="line_23" HPOS="109" VPOS="1385" WIDTH="752" HEIGHT="27">
							<String ID="string_138" HPOS="109" VPOS="1387" WIDTH="124" HEIGHT="24" WC="0.90" CONTENT="Noggranna"/><SP WIDTH="24" VPOS="1387" HPOS="233"/>
							<String ID="string_139" HPOS="257" VPOS="1386" WIDTH="100" HEIGHT="26" WC="0.95" CONTENT="uppgifter"/><SP WIDTH="24" VPOS="1386" HPOS="357"/>
							<String ID="string_140" HPOS="381" VPOS="1392" WIDTH="32" HEIGHT="15" WC="0.95" CONTENT="om"/><SP WIDTH="24" VPOS="1392" HPOS="413"/>
							<String ID="string_141" HPOS="437" VPOS="1387" WIDTH="35" HEIGHT="19" WC="0.95" CONTENT="det"/><SP WIDTH="24" VPOS="1387" HPOS="472"/>
							<String ID="string_142" HPOS="496" VPOS="1387" WIDTH="78" HEIGHT="19" WC="0.95" CONTENT="direkta"/><SP WIDTH="20" VPOS="1387" HPOS="574"/>
							<String ID="string_143" HPOS="594" VPOS="1386" WIDTH="79" HEIGHT="19" WC="0.95" CONTENT="antalet"/><SP WIDTH="15" VPOS="1386" HPOS="673"/>
							<String ID="string_144" HPOS="688" VPOS="1385" WIDTH="51" HEIGHT="20" WC="0.96" CONTENT="offer"/><SP WIDTH="15" VPOS="1385" HPOS="739"/>
							<String ID="string_145" HPOS="754" VPOS="1385" WIDTH="107" HEIGHT="20" WC="0.96" CONTENT="alkoholen"/>
						</TextLine>
						<TextLine ID="line_24" HPOS="110" VPOS="1415" WIDTH="752" HEIGHT="26">
							<String ID="string_146" HPOS="110" VPOS="1416" WIDTH="76" HEIGHT="25" WC="0.93" CONTENT="årligen"/><SP WIDTH="15" VPOS="1416" HPOS="186"/>
							<String ID="string_147" HPOS="201" VPOS="1416" WIDTH="88" HEIGHT="23" WC="0.91" CONTENT="kräfver,"/><SP WIDTH="17" VPOS="1416" HPOS="289"/>
							<String ID="string_148" HPOS="306" VPOS="1416" WIDTH="68" HEIGHT="20" WC="0.96" CONTENT="finnas"/><SP WIDTH="16" VPOS="1416" HPOS="374"/>
							<String ID="string_149" HPOS="390" VPOS="1416" WIDTH="120" HEIGHT="24" WC="0.96" CONTENT="visserligen"/><SP WIDTH="15" VPOS="1416" HPOS="510"/>
							<String ID="string_150" HPOS="525" VPOS="1417" WIDTH="45" HEIGHT="18" WC="0.96" CONTENT="icke"/><SP WIDTH="15" VPOS="1417" HPOS="570"/>
							<String ID="string_151" HPOS="585" VPOS="1416" WIDTH="32" HEIGHT="20" WC="0.96" CONTENT="för"/><SP WIDTH="15" VPOS="1416" HPOS="617"/>
							<String ID="string_152" HPOS="632" VPOS="1415" WIDTH="47" HEIGHT="20" WC="0.96" CONTENT="vårt"/><SP WIDTH="15" VPOS="1415" HPOS="679"/>
							<String ID="string_153" HPOS="694" VPOS="1417" WIDTH="45" HEIGHT="23" WC="0.96" CONTENT="eget"/><SP WIDTH="9" VPOS="1417" HPOS="739"/>
							<String ID="string_154" HPOS="748" VPOS="1415" WIDTH="55" HEIGHT="22" WC="0.96" CONTENT="land,"/><SP WIDTH="13" VPOS="1415" HPOS="803"/>
							<String ID="string_155" HPOS="816" VPOS="1420" WIDTH="46" HEIGHT="14" WC="0.96" CONTENT="men"/>
						</TextLine>
						<TextLine ID="line_25" HPOS="112" VPOS="1444" WIDTH="749" HEIGHT="22">
							<String ID="string_156" HPOS="112" VPOS="1446" WIDTH="38" HEIGHT="20" WC="0.96" CONTENT="den"/><SP WIDTH="25" VPOS="1446" HPOS="150"/>
							<String ID="string_157" HPOS="175" VPOS="1445" WIDTH="96" HEIGHT="20" WC="0.87" CONTENT="officiella"/><SP WIDTH="24" VPOS="1445" HPOS="271"/>
							<String ID="string_158" HPOS="295" VPOS="1446" WIDTH="117" HEIGHT="20" WC="0.96" CONTENT="statistiken"/><SP WIDTH="21" VPOS="1446" HPOS="412"/>
							<String ID="string_159" HPOS="433" VPOS="1446" WIDTH="32" HEIGHT="20" WC="0.96" CONTENT="för"/><SP WIDTH="20" VPOS="1446" HPOS="465"/>
							<String ID="string_160" HPOS="485" VPOS="1446" WIDTH="104" HEIGHT="19" WC="0.96" CONTENT="Danmark"/><SP WIDTH="20" VPOS="1446" HPOS="589"/>
							<String ID="string_161" HPOS="609" VPOS="1446" WIDTH="39" HEIGHT="19" WC="0.96" CONTENT="och"/><SP WIDTH="23" VPOS="1446" HPOS="648"/>
							<String ID="string_162" HPOS="671" VPOS="1445" WIDTH="90" HEIGHT="19" WC="0.93" CONTENT="Schweiz"/><SP WIDTH="15" VPOS="1445" HPOS="761"/>
							<String ID="string_163" HPOS="776" VPOS="1444" WIDTH="85" HEIGHT="22" WC="0.96" CONTENT="utvisar,"/>
						</TextLine>
					</TextBlock>
				</ComposedBlock>
				<GraphicalElement ID="cblock_6" HPOS="696" VPOS="1776" WIDTH="304" HEIGHT="2"></GraphicalElement >
			</PrintSpace>
		</Page>
	</Layout>
</alto>
