1111 1773
287 158 28 19 36
463 156 249 22 Petitionsbetänkande
728 156 37 23 N:o
781 155 24 23 4.

331 220 98 19 Stödande
449 222 41 22 mig
511 220 25 24 pä
554 221 83 18 berörda
657 221 98 18 landsdels
776 220 58 19 behof
850 221 20 18 af
890 220 119 19 förbättrade

260 250 189 19 kommunikationer
461 251 51 18 samt
525 251 25 23 pä
562 251 36 18 här
611 251 86 23 antydda
717 250 162 24 förutsättningar
892 250 30 18 för
934 250 75 18 banans

257 280 121 19 räntabilitet
391 280 36 19 och
441 281 92 23 slutligen
553 281 25 23 pä
599 281 32 18 det
644 281 103 18 välkomna
761 280 141 19 trafiktillskott
914 280 96 24 ifrägava-

259 310 61 18 rande
332 310 72 19 bibana
416 310 75 19 komme
505 311 29 17 att
547 311 73 18 tillföra
632 310 121 23 stambanan,
767 311 62 23 vägar
838 311 36 23 jag
888 311 77 18 anhälla
979 315 30 13 om

258 340 125 18 Hedervärda
401 340 155 19 Bondeständets
574 340 120 19 medvärkan
713 340 70 22 därtill,:
809 341 28 17 att
849 345 31 19 mu
893 340 116 19 församlade

259 370 84 18 Ständer
363 371 44 17 ville
428 370 36 19 hos
485 371 53 17 Hans
551 370 108 24 Kejserliga
672 371 89 23 Majestät
774 371 122 22 petitionera,

473 419 29 17 att
512 418 56 18 Hans
586 418 102 24 Kejserliga
702 418 87 24 Majestät
810 418 66 18 täcktes
895 418 40 23 före
956 419 54 17 nästa

403 454 87 23 landtdag
502 454 39 18 låta
557 454 99 18 värkställa
677 454 104 23 ekonomiski
793 454 31 18 och
836 454 128 18 instrumental
977 459 33 12 un-

402 490 107 23 dersökning
526 490 31 23 för
577 496 22 12 en
620 490 104 23 bredspärig
748 490 71 22 bibana,
832 490 70 18 hvilken
923 490 87 23 utgående

401 526 47 23 från
470 526 84 22 Vilppula
574 526 69 18 station
663 526 31 18 vid
716 526 197 23 Tammerfors—Vasa
929 526 81 23 järnväg

402 562 59 18 leddes
481 562 51 23 öfver
553 562 75 18 Mänttä
648 562 101 24 fabriksort
769 562 31 18 och
819 567 63 17 genom
900 561 110 19 Kuorehvesi

401 597 72 19 sockens
486 603 56 13 norra
554 598 28 18 del
595 598 28 18 till
636 598 139 22 Jämsänkoski;
787 599 49 17 samt

473 634 28 18 att
521 634 56 23 nådig
595 634 115 22 proposition
730 640 29 12 om
780 634 70 18 banans
867 633 90 24 byggande
969 633 41 18 med

404 670 102 17 statsmedel
518 670 56 23 blefve
587 670 58 22 härpå
657 670 82 23 följande
752 670 120 18 ständermöte
885 670 89 22 förelagda

330 729 120 23 Helsingfors
464 730 38 17 den
514 729 22 17 21
551 729 100 19 december
666 730 50 17 1904.

704 789 22 23 E.
743 790 54 28 Aug.
814 789 88 27 Ekman,

616 825 134 23 representant
763 824 30 19 för
805 824 68 18 Jämsä
887 825 100 23 domsaga.

332 878 46 19 Häri
392 878 78 19 förenar
483 880 30 22 sig

704 915 23 22 K.
744 916 22 22 R.
785 915 117 23 Häkkinen.

776 1090 160 26 (Öfrersättning.)

613 1158 41 20 22.

401 1266 53 18 Till
475 1266 171 18 Hedervärda
665 1266 207 18 Bondeständet.

330 1324 8 18 I
351 1324 37 18 den
407 1330 42 13 mon
468 1324 132 19 stambanorna
615 1325 7 17 i
638 1325 40 17 värt
688 1325 123 22 järnvägsnät
823 1325 115 22 smäningom
952 1324 61 18 blifvit

259 1354 7 18 i
281 1353 106 19 hufvudsak
400 1354 76 18 utförda
489 1354 34 18 och
536 1354 73 22 betjäna
623 1353 79 19 trafiken
715 1359 39 13 som
765 1354 24 17 de
796 1354 146 21 hufvudsträtar,
949 1354 63 17 hvilka

263 1382 108 18 underlätta
389 1383 41 17 värt
443 1383 54 17 lands
510 1383 130 18 intellektuela
652 1383 34 18 och
700 1383 97 18 materiela
810 1382 100 22 förkofran,
923 1384 6 17 i
943 1387 69 13 samma

261 1417 43 12 mon
318 1412 34 17 har
364 1417 42 12 man
419 1412 54 23 vägat
485 1412 29 22 sig
526 1413 24 21 pä
562 1414 26 15 att
600 1412 108 23 projektera
717 1412 201 22 sammanbindnings-,
924 1414 47 16 tvär-
977 1412 35 17 och

261 1440 79 18 bibanor
359 1440 42 18 med
414 1441 87 18 ändamål
513 1443 27 15 att
552 1441 76 22 utvidga
641 1443 53 16 nätet
706 1441 33 17 och
752 1443 46 20 göra
810 1440 32 19 det
854 1443 60 16 tätare
926 1443 48 16 samt
986 1442 27 16 att

259 1469 87 23 jämnare
365 1470 72 18 fördela
450 1470 23 18 de
485 1470 81 18 fördelar
576 1470 127 22 järnvägarna
715 1470 90 18 medföra.
830 1470 81 18 Härmed
923 1470 35 18 har
970 1474 42 13 man

334 1511 185 23 Järnvägsutskottets
532 1511 109 18 betänkande
655 1512 32 17 N:o
699 1512 17 17 2.
