1114 1775
314 152 248 24 Petitionsbetänkande
578 153 38 23 N:o
632 153 24 22 4.
808 156 41 19 169

126 218 83 24 dessa
233 218 86 23 banor
343 217 93 24 skulle
456 217 164 24 observeras
636 218 9 22 i
661 217 165 23 förberörda
841 219 38 21 ut-

126 254 126 29 redning.

197 290 28 22 D.
247 290 9 22 I
271 291 40 21 två
327 290 42 22 fall
385 289 51 29 (sid.
456 293 40 20 139
514 290 43 22 och
574 290 42 22 sid.
636 291 50 26 166)
703 289 43 23 har
758 289 122 24 Utskottet

126 325 104 24 förordat
241 332 30 17 en
282 325 270 23 ekonomisk-statistisk
563 325 180 29 undersökning
754 325 25 22 af
792 327 88 20 tvänne

127 361 120 28 områden,
271 361 35 23 till
329 361 83 23 hvilka
427 363 105 28 järnväg
552 362 8 21 i
580 361 118 23 särskilda
719 361 161 30 petitionsme-

127 397 82 23 morial
232 397 103 29 begärts.
374 397 9 22 I
408 397 140 30 anslutning
570 397 79 23 härtill
674 396 43 23 och
741 396 55 23 med
823 396 57 23 hän-

127 433 48 23 sikt
198 433 35 22 till
249 433 39 22 det
308 439 72 23 gagn,
397 432 47 23 den
460 433 50 23 ofta
526 432 102 24 citerade
645 434 63 21 stora
720 432 160 30 järnvägsko-

127 469 86 23 miténs
231 469 25 23 af
271 469 26 23 år
315 472 55 20 1897
388 469 118 28 ingående
522 469 152 23 betänkande
685 469 61 22 varit
757 468 27 23 så
795 468 39 23 väl
845 467 36 24 för

127 505 152 29 petitionärer
304 511 51 17 som
380 504 130 29 Utskottet,
536 511 56 16 men
618 504 30 24 då
674 505 29 22 de
727 504 79 23 siffror
830 504 51 23 däri

128 540 120 24 meddelas
266 540 76 23 under
365 541 182 30 utvecklingens
563 541 66 29 gång
644 540 151 30 småningom
811 539 69 24 förål-

128 577 62 27 dras,
214 577 43 23 och
273 576 137 30 öppnandet
426 577 24 23 af
467 583 47 23 nya
528 577 140 23 trafikleder
684 576 50 24 ofta
749 577 49 23 rätt
813 579 68 20 snart

128 613 74 23 ändra
228 612 63 24 förut
314 612 104 24 rådande
443 612 164 24 förhållanden
623 613 8 23 i
647 619 28 17 en
693 612 71 29 trakt,
781 613 43 23 har
840 612 40 23 Ut-

128 650 89 22 skottet
235 649 61 23 velat
311 649 79 23 såsom
407 649 34 23 ett
456 648 182 30 önskningsmål
653 648 82 24 uttala:

343 698 38 22 att
409 697 39 23 tid
473 697 62 23 efter
559 704 91 16 annan
673 697 208 23 ekonomisk-sta-

272 733 102 23 tistiska
400 733 229 29 undersökningar
656 733 32 23 af
710 733 103 29 antydd
840 734 41 21 art

271 769 77 23 måtte
380 769 172 23 föranstaltas
579 769 11 22 i
616 769 50 23 den
692 768 187 30 utsträckning,

267 805 445 29 järnvägsbyggnadsprogrammet
744 804 42 24 för
809 804 72 23 tiden

272 841 51 23 kan
335 840 120 30 påkalla.

201 959 36 24 Då
260 959 161 30 föreliggande
446 960 151 23 betänkande
621 966 41 16 var
686 962 97 27 uppsatt
806 959 44 24 och
874 960 8 22 i

129 995 125 24 korrektur
272 995 91 30 förelåg
381 995 35 23 till
432 996 85 29 slutlig
529 997 121 29 justering
665 996 81 29 ingick
763 996 34 22 till
814 996 67 23 Stän-

129 1032 72 23 derna
218 1031 104 30 påbudet
338 1038 37 16 om
391 1031 159 30 landtdagens
567 1031 133 24 afslutande
716 1031 46 23 den
778 1035 26 19 15
816 1033 65 21 inne-

129 1067 103 23 varande
256 1067 64 30 april.
351 1067 10 22 I
384 1067 58 30 följd
468 1067 68 24 häraf
556 1067 91 30 nödgas
663 1067 121 24 Utskottet
800 1074 32 16 nu
849 1067 32 23 af-

131 1103 67 29 bryta
218 1105 52 21 sina
286 1103 104 24 arbeten.
423 1103 138 24 Emellertid
576 1104 44 22 har
634 1103 128 28 Utskottet,
779 1103 79 23 såsom
874 1103 8 22 i

129 1139 124 23 skrifvelse
271 1140 24 22 af
309 1139 79 23 denna
404 1139 48 29 dag
466 1139 92 30 jämväl
575 1139 34 23 till
626 1139 130 23 Ständerna
771 1139 110 27 anmälts,

131 1175 95 23 beslutit
250 1175 109 23 befordra
382 1175 66 23 detta
472 1177 42 21 sitt
536 1175 151 23 betänkande
710 1176 8 22 i
742 1175 40 23 det
805 1175 77 27 skick,

129 1211 67 23 hvari
219 1211 41 23 det
282 1218 33 16 nu
339 1211 133 29 föreligger,
498 1212 34 22 till
556 1211 134 30 tryckning,
709 1212 35 22 för
768 1213 36 21 att
828 1210 53 24 med

129 1247 303 29 landtdagshandlingarna
447 1248 139 22 införlifvas.

200 1283 9 22 I
226 1283 55 29 följd
300 1283 24 23 af
340 1282 104 24 arbetets
459 1284 111 28 plötsliga
582 1282 140 30 afbrytande
736 1283 71 23 hafva
818 1284 64 21 emot

129 1318 118 24 särskilda
269 1318 103 30 punkter
393 1318 114 24 anmälda
527 1320 169 22 reservationer
716 1318 52 24 icke
790 1318 93 23 kunnat

131 1355 102 29 afgifvas
252 1355 43 22 och
311 1354 91 24 således
418 1354 54 23 icke
490 1355 73 23 häller
578 1355 35 22 till
629 1354 162 23 betänkandet
806 1354 75 29 fogas.

200 1522 186 23 Järnvägsutskottets
397 1522 114 19 betänkande
523 1523 35 18 N:o
570 1523 17 18 2.
