1114 1778
237 179 28 21 16
312 178 107 23 —Ständer,
436 177 52 24 Pet.
505 191 28 3 —
550 177 268 24 Petitionsbetänkande
834 178 44 23 N:o
896 177 18 23 1.

233 247 51 19 tens
306 244 78 27 politik
407 245 70 20 under
493 245 42 20 den
552 245 38 25 tid,
607 245 91 21 hvarom
715 245 41 20 här
772 246 24 19 är
812 244 68 27 fräga.
912 245 78 21 Denna

234 275 152 26 förhoppning
406 275 75 20 stöder
497 275 34 26 sig
551 274 66 21 äfven
634 274 76 27 därpä,
728 277 31 18 att
775 274 122 27 Rysslands
914 275 76 21 intres-

233 310 49 19 sen,
299 311 53 14 vare
368 304 33 27 sig
417 305 7 20 i
441 304 192 27 utrikespolitiken
654 304 54 21 eller
727 305 3 20 i
747 304 179 27 Kejsaredömets
942 305 48 21 inre

234 334 102 27 styrelse,
360 334 71 21 under
454 334 28 21 de
506 335 64 20 nittio
593 333 54 22 ären
673 334 153 25 1809-—1899,
852 335 69 26 aldrig
942 335 48 20 lidit

234 363 72 21 skada
324 363 53 21 eller
396 364 117 26 olägenhet
529 370 79 20 genom
632 364 182 26 respekterandet
838 364 23 21 af
884 364 106 21 Finlands

234 394 136 26 rättigheter.
396 392 40 22 Om
461 394 41 20 ock
527 400 27 14 en
578 400 74 14 annan
673 394 141 26 uppfattning
834 394 22 21 af
880 394 27 21 de
923 394 67 27 ryska

235 423 137 21 intressenas
389 423 49 21 kraf
454 423 97 22 därefter
567 424 56 26 gjort
639 423 34 27 sig
688 423 109 27 gällande,
814 423 25 21 sä
850 423 65 27 följer
926 424 64 21 häraf

234 454 28 26 ej,
288 455 31 19 att
343 453 37 21 det
403 459 52 15 vore
481 454 120 26 rättmätigt
625 455 31 19 att
675 453 117 27 tillgodose
808 454 115 21 desamma
939 454 50 21 med

234 482 169 22 åsidosättande
420 483 22 21 af
459 483 106 21 Finlands
582 483 66 27 lagar.

308 512 156 28 Oföränderlig
487 514 25 20 är
535 513 65 26 ingen
620 512 109 28 mensklig
744 513 41 27 lag.
819 512 32 22 Då
867 513 74 27 giltiga
957 520 32 14 or-

234 543 68 21 saker
326 542 38 22 det
386 542 83 26 fordra,
492 543 43 21 kan
559 543 94 26 ändring
677 543 167 21 åstadkommas
860 544 7 20 i
883 543 106 21 Finlands

234 572 106 27 gällande
364 572 66 27 lagar.
463 573 49 21 Men
536 573 124 27 rättsgiltigt
685 572 44 21 kan
753 573 60 21 detta
832 573 39 21 ske
888 573 100 21 endast
977 568 14 36 i

233 602 73 21 sädan
322 602 101 27 ordning,
440 609 47 15 som
505 604 25 19 är
547 602 92 27 stadgad
655 602 7 21 i
679 602 106 21 Finiands
802 603 139 26 grundiagar,
956 602 33 22 så-

235 632 62 21 ledes
322 632 78 21 endast
424 632 49 22 med
499 632 42 21 den
564 632 71 22 finska
659 632 145 27 landtdagens
824 633 120 27 samtycke,
961 632 28 22 då

234 662 125 26 ändringen
383 662 59 21 afser
465 662 108 27 grundlag
597 662 53 21 eller
666 668 74 15 annan
757 662 41 27 lag,
816 669 47 15 som
880 662 108 22 utfärdats

234 692 51 20 med
302 691 137 22 Ständernas
455 692 69 21 bifall.

307 721 79 27 Kejsar
397 721 127 22 Alexander
535 721 8 21 I
554 721 41 21 har
605 721 145 22 tillförsäkrat
761 721 93 22 Finland
867 724 30 19 ett
908 722 80 21 konsti-

234 751 105 21 tutionelt
362 751 125 22 statsskick.
520 751 81 22 Därom
625 751 70 21 vittna
715 751 37 22 det
773 751 72 22 finska
861 751 128 22 statslifvets

234 781 122 21 historiska
379 781 122 27 verklighet
524 781 43 21 och
587 781 127 21 Alexander
737 781 28 21 I:s
789 787 55 21 egnu
865 781 54 27 "öga
935 783 53 20 utta-

234 810 94 22 landen:
360 810 77 21 »Detta
456 811 45 21 folk
518 813 25 20 är
559 811 34 21 för
609 811 118 21 framtiden
744 811 109 27 upphöjdt
869 811 67 22 vland
953 818 35 15 na-

233 840 115 21 tionernas
367 841 81 21 antal».
477 840 71 22 »Ifrån
567 841 42 21 den
626 841 72 25 stund,
716 840 34 26 dä,
768 847 78 20 genom
864 841 125 27 Försynens

234 870 119 26 skickelse,
373 870 106 22 Finlands
496 871 41 21 öde
554 870 45 21 blef
616 877 36 14 oss
669 870 131 26 anförtrodt,
817 871 41 21 har
874 870 45 22 Vär
934 871 54 21 före-

233 903 49 18 sats
306 901 57 20 varit
387 903 31 18 att
442 903 61 25 styra
523 901 60 21 detta
600 901 51 20 land
668 900 29 27 pä
713 903 30 18 ett
759 902 43 19 sätt
818 901 172 21 öfverensstäm-

234 930 82 21 mande
342 930 49 21 med
412 930 121 22 Nationens
549 931 66 20 frihet
631 930 41 21 och
689 930 34 25 de,
740 931 7 20 i
764 930 51 22 dess
832 930 156 27 Konstitution,

234 959 74 22 henne
324 959 118 22 förvarade
458 961 147 26 rättigheter.»
624 973 28 2 —
668 973 29 2 —
716 960 150 21 »Ständernas
881 967 107 15 samman-

234 989 106 22 kallande
356 989 32 22 till
405 996 27 15 en
451 990 82 21 allmän
547 990 111 26 landtdag,
675 990 149 27 inrättningen
840 990 23 21 af
879 997 27 14 en
923 991 66 26 Rege-

233 1019 148 27 ringskonselj
399 1020 7 21 i
422 1020 122 22 Nationens
563 1020 69 25 sköte,
649 1020 43 21 den
709 1020 145 27 lagskipande
871 1021 41 20 och
928 1021 61 20 värk-

232 1049 113 21 ställande
364 1049 102 22 maktens
483 1049 114 22 orubbade
613 1050 68 25 skick,
698 1062 29 3 —
743 1062 29 3 —
790 1050 101 21 försäkra
907 1050 83 21 Finska

232 1078 112 22 Nationen
356 1086 36 14 om
402 1079 51 21 dess
463 1080 105 26 politiska
576 1079 120 21 tillvarelse
707 1079 42 21 och
762 1080 26 20 de
800 1080 128 26 rättigheter
939 1080 50 21 den-

232 1115 88 15 samma
337 1108 97 28 åtfölja.»
464 1109 54 22 »Vid
533 1110 123 21 ordnandet
667 1109 23 21 af
701 1109 121 22 Findlands
834 1109 154 22 förhållanden

234 1138 42 21 har
300 1139 46 20 min
370 1139 66 27 afsigt
451 1140 58 21 varit
524 1142 31 19 att
571 1140 58 27 gifva
646 1139 59 22 detta
721 1139 47 22 folk
784 1139 90 27 politisk
890 1140 96 21 tillvaro:

233 1167 26 22 sä
279 1171 32 19 att
335 1169 37 21 det
388 1169 48 22 icke
453 1169 36 22 mä
506 1176 53 15 anse
576 1170 33 26 sig
625 1169 74 21 såsom
715 1169 24 21 af
755 1169 231 29 Rysslandferöfradt,

233 1200 54 19 utan
304 1198 75 21 säsom
396 1199 120 22 förbundet
531 1199 51 22 med
598 1199 123 21 detsamma
737 1205 80 21 genom
834 1199 34 21 sin
885 1206 54 20 egen
950 1206 38 21 up-

233 1227 101 28 penbara
351 1228 81 26 fördel;
450 1229 76 22 därför
542 1229 67 21 hafva
624 1229 49 21 icke
688 1229 95 21 allenast
794 1229 51 21 dess
857 1229 129 27 borgerliga,

232 1260 56 19 utan
304 1258 69 21 också
389 1258 51 22 dess
457 1259 96 27 poltiska
569 1259 61 27 lagar
645 1258 149 22 bibehållits».

307 1408 32 20 En
363 1407 105 28 ätergäng
484 1409 32 21 till
533 1409 42 21 den
592 1409 79 27 lagliga
687 1410 123 26 ordningen
826 1411 26 20 är
868 1410 48 21 icke
933 1410 54 20 före-

233 1438 45 20 nad
295 1438 51 21 med
362 1437 69 28 nägra
448 1438 84 22 sädana
549 1438 134 28 svärigheter
703 1440 54 21 eller
776 1440 169 26 förvecklingar,
958 1441 31 19 att

231 1466 30 22 de
278 1467 35 21 för
329 1467 130 22 densamme
475 1469 144 27 erforderliga
635 1468 133 28 ätgärderna
780 1469 24 21 af
814 1469 115 27 praktiska
940 1469 48 21 skäl

231 1496 72 22 borde
327 1497 97 22 fördelas
449 1498 29 27 pä
501 1505 27 15 en
547 1498 75 27 längre
637 1499 106 26 tidsföljd.
777 1499 41 21 Det
833 1499 44 21 kan
893 1500 94 20 tvärtom
