1111 1778
340 149 216 19 Motionsbetänkande
569 150 37 18 N:o
619 150 15 18 1.
839 151 23 17 89

111 209 52 22 stad
186 208 206 29 stadsfullmäktige
415 208 41 23 och
479 211 29 27 pä
532 209 77 23 landet
631 209 230 23 kommunalstämma

111 244 73 23 dertill
199 245 67 28 gifvit
281 245 41 21 sitt
337 244 68 23 bifall.

182 281 19 22 2.
232 280 91 29 (Utesl.)

462 310 50 30 28.

181 364 81 22 Denna
284 364 134 29 förordning,
442 365 146 27 hvarigenom
609 365 10 21 1
641 372 64 15 mom.
725 365 13 21 2
754 365 14 30 8
784 365 7 21 i
806 365 54 29 Kej-

111 400 80 28 serliga
213 400 165 28 Förordningen
398 400 24 23 af
440 401 43 22 den
502 401 14 22 9
534 401 48 28 juni
604 401 56 22 1892
679 401 116 28 angäende
814 401 46 22 till-

110 435 109 28 verkning
241 436 41 22 och
305 436 131 29 distillering
459 437 24 22 af
506 436 102 28 bränvin,
632 437 117 22 äfvensom
768 437 9 22 1
795 444 65 15 mom.

112 471 44 30 18
177 472 7 21 i
204 471 123 30 Kejserliga
349 472 166 29 Förordningen
535 473 24 21 af
577 472 44 22 den
640 473 29 21 24
689 473 93 22 Januari
803 473 57 22 1902

110 507 117 28 angäende
255 507 131 30 försäljning
414 509 42 21 och
480 508 156 28 utskänkning
662 509 24 21 af
711 509 149 29 maltdrycker

110 543 132 29 upphäfves,
263 543 76 23 träder
354 544 7 22 i
376 544 104 28 gällande
501 544 61 22 kraft
578 544 43 23 den
739 545 120 22 19

181 656 168 23 Ofvanstäende
372 658 140 23 betänkande
536 659 67 28 jemte
627 659 46 22 deri
689 658 111 29 ingäende
816 658 42 23 för-

110 693 49 27 slag
174 693 31 21 till
220 693 156 29 förordningar
392 694 38 22 har
446 694 112 22 Utskottet
574 695 107 21 utarbetat
698 695 43 21 och
757 695 30 21 till
801 695 57 27 god-

109 728 117 22 kännande
243 729 21 21 af
275 728 121 24 Ständerna
408 730 114 29 föreslagit
532 730 71 22 under
614 730 43 22 den
666 730 191 28 förutsättningen,

109 765 29 20 att
160 764 43 22 den
227 764 83 29 lagliga
334 766 124 28 ordningen
483 766 6 21 i
513 766 74 22 landet
604 766 6 21 i
627 766 230 22 öiverensstämmelse

109 800 51 21 med
178 799 133 24 Ständernas
333 801 153 29 underdäniga
502 801 161 29 framställning
678 802 22 21 af
715 802 43 22 den
775 802 26 22 31
821 802 37 21 de-

109 835 89 23 cember
224 836 56 22 1904
304 836 72 23 blefve
400 837 117 22 återställd.
550 837 53 22 Men
628 837 95 22 emedan
743 837 60 22 tiden
824 837 35 23 för

108 871 133 23 Ständernas
263 878 155 17 sammanvaro
440 873 61 22 inom
522 874 49 21 kort
587 873 43 22 kan
646 873 29 29 gä
691 873 30 22 till
738 874 64 26 ända,
820 873 38 22 har

108 907 111 22 Utskottet
243 909 71 21 ansett
337 909 35 28 sig
396 909 54 22 böra
474 909 94 22 insända
589 910 35 21 sitt
644 909 140 22 betänkande
801 910 56 21 samt

107 943 30 22 till
154 943 110 23 Ständens
281 944 123 29 afgörande
420 945 114 22 vördsamt
551 945 145 22 öiverlemna:

321 986 117 23 huruvida
456 987 134 22 Ständerna
613 987 74 22 under
708 987 149 22 närvarande

244 1021 156 28 förhållande
417 1022 63 29 vilja
503 1023 83 22 skrida
605 1023 39 22 till
658 1023 85 28 slutlig
757 1023 99 22 behand-

250 1057 49 29 ling
317 1057 29 29 af
353 1057 162 29 förevarande
530 1059 87 22 ärende
632 1059 57 22 eller
704 1059 54 22 icke.

178 1170 36 22 Uti
231 1170 167 30 behandlingen
414 1172 21 22 af
451 1172 58 22 detta
526 1172 81 22 ärende
624 1172 64 22 haiva
705 1172 90 28 deltagit
806 1172 50 22 ord-

106 1205 107 23 föranden
237 1206 26 22 A.
289 1206 76 30 Späre,
390 1207 152 23 ledamöterna
565 1208 76 28 grefve
662 1208 25 22 C.
711 1208 26 22 A.
758 1208 97 26 Armielt,

106 1240 61 23 Alex.
187 1242 106 27 Aminoff,
313 1243 25 21 V.
357 1250 19 15 v.
394 1243 92 29 Wright,
504 1244 24 24 K.
547 1244 28 22 O.
593 1244 93 26 Fontell,
704 1244 28 22 O.
748 1244 25 22 A.
791 1244 65 22 Fors-

105 1278 76 26 ström,
206 1277 27 23 G.
257 1278 28 22 G.
311 1278 143 29 Rosengvist,
479 1279 27 23 G.
528 1280 33 22 W.
584 1280 98 26 Homen,
704 1280 25 24 K.
754 1280 101 26 Killinen,

106 1312 25 24 K.
144 1313 28 22 H.
190 1313 109 27 Renlund,
311 1314 23 22 Y.
347 1315 111 27 Halonen,
475 1315 27 23 N.
520 1316 24 22 E.
562 1316 138 29 Huoponen,
720 1316 23 22 T.
761 1316 94 26 Suokas,

105 1348 26 23 A.
139 1348 147 24 Tuomikoski
298 1352 57 20 samt
366 1352 172 28 suppleanterna
554 1352 127 22 friherrarne
691 1352 24 22 E.
724 1352 26 22 A.
760 1352 96 29 Ramsay

105 1385 43 21 och
169 1384 28 23 O.
224 1386 19 22 J.
265 1392 45 16 von
335 1386 99 28 Hellens,
458 1387 20 23 J.
502 1388 26 21 V.
552 1388 132 26 Vartiainen,
710 1388 21 22 S.
755 1388 100 29 Ingman,

103 1420 19 21 J.
131 1420 24 22 T.
167 1420 135 28 Durchman,
319 1422 25 21 E.
362 1422 71 27 Kalm,
450 1423 31 21 M.
500 1423 100 29 Haapala
611 1424 44 21 och
666 1423 25 25 K.
702 1423 27 22 H.
738 1423 116 23 Tiihonen.

176 1456 147 29 Helsingfors,
341 1457 43 22 den
404 1458 23 22 11
446 1458 54 28 april
519 1458 62 22 1905.
