1114 1775
313 158 246 23 Petitionsbetänkande
576 157 38 24 N:o
630 158 22 22 3.
799 160 26 20 79

103 223 165 24 bibehållande
292 224 24 22 af
337 224 36 22 sin
390 223 120 29 ställning,
529 222 89 24 hvilket
634 225 26 20 är
676 224 34 22 ett
726 223 26 23 så
768 224 88 21 utmär-

102 260 79 22 kande
198 259 59 29 drag
273 260 7 22 i
297 260 53 22 hela
366 258 42 24 vär
424 259 296 29 samhällsorganisation.*
753 259 9 23 1
783 259 72 29 enlig-

103 295 40 23 het
166 295 55 23 med
244 295 128 23 utskottets
395 295 89 29 förslag
508 294 93 24 anhöllo
626 294 132 24 Ständerna
783 294 73 23 bland

102 333 80 26 annat,
213 332 48 27 ,att
290 332 64 22 Hans
382 330 132 30 Kejserliga
543 331 112 29 Majestät
684 331 93 23 täcktes
807 330 49 23 låta

101 368 164 28 reorganisera
288 362 190 33 Öfverstyrelsen
500 367 36 23 för
560 366 167 24 skolväsendet
746 366 44 23 och
810 366 45 23 till-

103 405 62 21 sätta
191 402 54 23 dess
273 403 154 23 medlemmar
450 404 8 21 i
482 402 105 30 enlighet
614 402 53 23 med
693 402 40 23 det
759 402 95 29 förslag,

102 446 50 16 som
176 439 62 22 varit
261 439 93 22 landets
378 438 101 23 Ständer
503 439 26 22 år
555 442 55 19 1867
635 438 117 28 förelagdt
770 438 43 22 och
830 438 25 22 af

102 475 53 22 dem
172 476 7 21 i
195 475 121 29 principen
333 474 140 30 godkänts.”

174 510 155 30 Synbarligen
347 510 102 24 verkade
461 510 144 23 Ständernas
616 511 96 28 petition
725 512 7 21 i
744 511 35 22 sin
792 510 62 27 mån,

102 548 35 21 att
157 546 250 29 Skolöfverstyrelsens
429 545 219 30 sammansättning
664 546 43 22 och
723 546 130 29 ordningen

102 583 35 22 för
152 582 156 23 tillsättandet
320 582 24 23 af
357 582 161 23 ledamöterna
529 583 8 22 i
548 582 141 23 densamma
705 582 148 29 undergingo

102 626 30 15 en
157 618 106 29 betydlig
286 618 139 29 förändring
444 625 85 22 genom
546 618 93 29 Nådiga
655 618 159 29 kungörelsen
831 618 24 23 af

102 655 45 22 den
174 657 26 20 12
225 655 95 28 augusti
346 658 63 19 1874.
441 654 57 23 Däri
520 655 98 28 stadgas
635 654 71 23 bland
723 656 80 26 annat,
820 656 35 21 att

102 690 157 23 ordföranden
275 691 8 22 i
299 685 186 34 Öfverstyrelsen
503 691 42 22 och
567 697 28 16 en
618 690 25 23 af
666 690 28 23 de
718 690 136 27 ledamöter,

102 726 81 23 hvilka
206 726 117 23 härintills
348 726 77 23 blifvit
448 726 100 23 utsedde
574 725 73 23 bland
663 726 71 29 högre
751 726 102 23 ämbets-

103 765 55 20 män
175 764 8 21 i
198 762 87 27 landet,
303 762 127 23 framdeles
450 762 77 23 skulle
550 761 110 24 tillsättas
685 762 29 29 på
739 761 115 24 ordinarie

102 800 53 25 stat,
173 798 45 23 den
235 805 88 20 senare,
341 805 51 16 som
408 798 72 23 borde
497 805 45 22 ega
555 798 103 29 juridisk
680 798 108 29 bildning
811 798 43 22 och

102 834 322 27 ämbetsmannaerfarenhet,
447 834 53 23 med
522 834 68 23 titeln
610 833 90 30 adjoint
715 834 42 23 hos
774 828 79 29 Öfver-

101 870 132 22 direktören
244 871 26 26 !);
283 871 35 21 att
329 877 29 15 en
370 870 145 22 konsultativ
526 870 104 22 ledamot
640 869 76 23 skulle
734 870 118 27 anställas,

101 906 94 22 hvartill
219 905 36 23 för
278 905 123 23 obestämd
425 905 32 23 tid
483 906 79 28 någon
582 905 103 29 skicklig
702 906 43 22 och
762 905 91 23 erfaren

101 942 146 29 tjänsteman
263 941 71 23 borde
350 944 76 25 utses;
449 943 63 21 samt
537 943 34 21 att
594 942 132 28 ordningen
750 942 35 22 för
808 941 45 23 till-

102 977 120 23 sättandet
239 977 24 23 af
278 977 333 29 öfverinspektorstjänsterna
634 977 75 23 skulle
730 977 123 23 förändras

101 1013 98 27 därhän,
224 1015 35 21 att
281 1014 133 28 tjänsterna
438 1014 110 28 ansloges
570 1013 79 29 lediga
671 1013 43 23 och
737 1008 115 34 Öfversty-

101 1049 76 23 relsen
193 1049 99 23 insände
309 1050 195 28 ansökningarna
524 1050 36 22 till
581 1049 114 23 Senatens
716 1049 136 23 Ekonomie-

101 1085 168 29 departement,
287 1092 50 15 som
355 1086 72 28 därpå
444 1085 84 29 skulle,
542 1086 76 28 jämte
634 1084 218 24 rekommendation

100 1121 36 23 för
151 1121 46 22 den
213 1120 150 30 lämpligaste
380 1121 71 22 bland
468 1121 144 27 sökandena,
626 1121 145 22 öfverlämna
787 1123 66 19 ären-

101 1157 40 22 det
156 1157 34 22 till
207 1156 64 23 Hans
288 1157 131 30 Kejserliga
432 1157 122 30 Majestäts
570 1158 54 28 eget
640 1157 61 29 höga
718 1156 134 30 afgörande,

101 1193 81 22 därvid
197 1192 249 29 Generalguvernören
462 1194 8 21 i
487 1193 80 23 landet
580 1193 92 29 jämväl
688 1193 58 29 egde
764 1192 90 29 afgifva

100 1229 110 29 yttrande
227 1229 7 22 i
251 1228 81 23 saken.
366 1229 61 23 Utan
453 1230 35 21 att
512 1229 43 22 här
578 1229 56 29 ingä
655 1229 30 29 pä
702 1229 45 22 alla
762 1228 91 23 mindre

100 1265 92 28 viktiga
208 1264 166 29 förändringar
389 1265 8 22 i
414 1259 201 35 Öfverstyrelsens
638 1271 48 16 sam
693 1265 160 31 mansättning

101 1301 38 22 mä
163 1303 108 25 nämnas,
297 1302 34 21 att
355 1307 85 23 genom
465 1301 168 28 förordningen
655 1300 24 23 af
698 1300 44 23 den
762 1303 28 20 23
807 1299 46 30 juli

103 1340 55 19 1896
182 1336 105 23 infördes
311 1336 46 23 den
381 1336 139 30 förändring
535 1337 8 22 i
560 1336 151 23 besättandet
732 1336 24 23 af
779 1335 73 23 öfver-

100 1373 275 28 inspektorstjänsterna,
400 1374 35 21 att
460 1373 173 28 utnämningen
659 1372 25 23 af
709 1372 69 23 desse
804 1373 48 20 äm-

171 1487 15 23 1)
200 1486 93 23 Tjänsten
306 1487 80 23 indrogs
400 1492 70 17 genom
483 1487 139 22 förordningen
636 1487 20 17 af
669 1487 36 17 den
718 1482 17 32 30
730 1486 61 23 juni
800 1486 52 17 1887.

171 1528 100 18 Allmänna
285 1529 183 18 Petitionsutskottets
481 1529 111 18 betänkande
604 1528 35 19 N:o
652 1529 16 17 1.
