1114 1775
317 147 246 23 Petitionsbetänkande
580 147 37 23 N:o
633 148 22 22 3.
807 150 25 18 77

109 212 30 23 de
152 212 136 24 dävarande
300 212 208 29 skolstyrelsernas
519 212 147 26 ordförande,
677 212 78 23 skulle
767 211 25 23 af
802 212 64 22 Hans

111 248 133 30 Kejserliga
258 249 110 29 Majestät
384 250 65 21 utses
466 248 54 23 med
537 248 98 28 ledning
652 247 25 23 af
693 248 33 22 ett
743 247 30 30 pä
788 247 78 29 grund

110 284 24 23 af
150 284 39 23 val
205 284 127 29 uppgjordt
356 284 95 29 förslag,
467 285 9 21 i
492 284 92 22 hvilket
601 284 36 22 val
653 284 94 22 lärarne
764 283 40 23 vid
821 284 44 21 ele-

111 319 234 24 mentarläroverken
369 319 43 23 och
437 319 351 23 folkskollärareseminarierna
803 320 63 22 samt

111 355 286 30 distriktsinspektorerne
421 355 60 29 egde
505 355 102 29 deltaga.
640 355 86 22 Vidare
753 355 113 23 infordra-

111 392 41 22 des
178 391 139 23 utlätanden
344 391 24 23 af
395 391 168 30 domkapitlen,
588 391 25 22 af
638 391 81 23 hvilka
744 383 52 30 Äbo
822 391 44 22 och

111 427 78 30 Borgä
205 427 145 30 domkapitel
365 427 122 23 förordade
501 427 143 29 skyndsamt
656 427 134 22 inrättande
802 427 24 22 af
836 433 29 16 en

111 469 140 24 gemensam
270 463 152 29 skolstyrelse
437 464 9 22 i
462 463 107 29 enlighet
585 463 54 22 med
658 463 208 22 skolkommittens

112 500 43 22 och
172 499 236 23 skolläraremötenas
427 499 149 27 uttalanden,
593 498 86 23 medan
696 498 90 30 Kuopio
802 498 63 23 dom-

111 535 89 30 kapitel
217 535 101 29 föreslog
333 535 78 23 skilda
428 535 165 28 skolstyrelser
609 534 36 23 för
661 534 81 29 hvarje
761 534 105 29 biskops-

113 571 59 28 stift,
198 571 55 23 med
276 571 115 29 biskopen
415 577 52 17 som
485 570 147 28 ordförande,
649 570 151 30 domprosten
816 577 51 16 som

112 607 195 23 viceordförande
324 608 62 22 samt
402 608 80 22 såsom
497 606 131 23 ledamöter
644 613 28 16 en
685 607 72 29 jurist
772 606 42 24 och
826 606 40 22 två

113 644 24 22 af
160 643 145 23 skollärarne
328 650 86 22 genom
438 643 39 23 val
498 642 36 24 för
554 649 29 16 en
599 642 81 30 period
695 642 25 22 af
736 644 36 21 tre
789 643 26 22 år
830 643 36 21 ut-

113 679 75 23 sedda
203 679 109 23 skolmän
329 679 53 23 med
399 678 128 30 grundliga
542 678 181 30 vetenskapliga
742 678 101 22 insikter
859 679 8 21 i

112 715 171 30 pedagogiken.

185 751 52 23 Med
253 750 98 29 ledning
368 750 24 23 af
408 750 45 23 alla
470 750 70 23 dessa
556 750 90 29 förslag
669 750 80 29 gjorde
774 750 92 29 Kejser-

112 787 48 29 liga
178 787 103 23 Senaten
298 786 44 23 den
361 790 27 19 12
406 793 62 16 mars
487 790 56 19 1869
560 787 36 22 sin
614 786 166 28 underdåniga
795 786 71 22 fram-

113 823 121 29 ställning,
251 822 67 23 hvari
333 822 150 23 beträffande
500 822 181 29 skolstyrelsens
697 823 169 21 sammansätt-

113 860 59 27 ning
184 858 43 23 och
238 859 159 28 organisation
411 858 122 29 föreslogs,
553 859 34 22 att
604 858 169 28 skolstyrelsen
790 857 76 23 skulle

114 894 67 23 bestå
198 894 24 23 af
238 901 30 16 en
284 894 168 23 öfverdirektör
471 895 64 22 samt
559 894 76 22 såsom
661 893 130 23 ledamöter
814 893 53 29 fyra

113 930 219 29 öfverinspektorer.
374 924 213 33 Öfverdirektören,
617 936 50 16 som
698 929 72 23 borde
801 930 65 21 inne-

113 966 73 23 hafva
203 966 85 29 ,högre
309 965 166 30 vetenskaplig
501 965 107 29 bildning
627 966 76 29 jämte
726 965 74 22 insikt
824 964 43 23 och

114 1001 136 24 erfarenhet
265 1002 35 22 uti
316 1001 191 27 skolväsendet",
523 1001 77 22 skulle
617 1002 128 21 utnämnas
762 1000 24 23 af
802 1001 64 22 Hans

113 1037 133 30 Kejserliga
272 1038 111 29 Majestät
408 1038 30 28 på
464 1037 151 29 underdånig
641 1036 176 29 framställning
843 1036 24 23 af

114 1073 110 23 Senaten.
256 1073 32 23 Af
310 1073 169 27 ledamöterna,
500 1073 81 22 hvilka
602 1073 76 22 skulle
699 1073 127 22 utnämnas
844 1072 23 23 af

114 1109 65 23 Hans
196 1109 132 30 Kejserliga
343 1109 111 29 Majestät
470 1109 59 22 efter
543 1108 129 30 uppgjordt
684 1107 182 30 tjänsteförslag,

113 1145 72 22 borde
206 1152 28 15 en
256 1151 56 16 vara
333 1145 186 29 öfverinspektor
539 1145 35 22 för
593 1144 160 23 folkskolorna
772 1143 44 23 och
832 1145 34 21 tre

114 1181 215 29 öfverinspektorer
345 1181 35 23 för
397 1180 275 24 elementarläroverken.

186 1217 104 23 Senaten
306 1217 61 23 hade
383 1216 100 24 sålunda
499 1217 54 23 icke
569 1217 52 29 gått
637 1216 27 22 så
679 1216 72 28 långt,
770 1217 34 21 att
820 1216 46 22 den

114 1253 76 23 skulle
206 1253 72 23 hafva
294 1252 103 24 förordat
413 1252 214 23 öfverdirektörens
647 1252 114 23 utseende
780 1258 86 22 genom

114 1289 45 27 val,
177 1296 54 16 men
248 1289 65 22 öfver
329 1288 91 23 hufvud
437 1288 204 23 öfverensstämde
660 1288 133 22 utlåtandet
813 1287 54 23 med

114 1324 214 28 skolkommitténs,
364 1324 215 23 skolläraremötets
613 1324 44 23 och
693 1323 173 29 domkapitlens

113 1360 135 30 yttranden.
281 1360 44 23 Till
349 1360 87 23 allmän
461 1360 127 29 förvåning
605 1360 70 22 afvek
691 1360 73 22 likväl
781 1358 85 24 förord-

115 1398 90 27 ningen
228 1403 38 16 om
290 1396 146 23 inrättandet
460 1396 25 23 af
508 1403 29 15 en
562 1396 165 28 öfverstyrelse
749 1395 36 23 för
807 1394 60 24 skol-

114 1432 116 23 väsendet
246 1432 24 23 af
286 1432 46 22 den
348 1436 28 19 24
392 1432 131 22 november
544 1435 56 19 1869
621 1431 96 23 alldeles
738 1430 130 30 väsentligt

114 1468 66 22 såväl
203 1468 53 23 från
282 1468 45 22 alla
350 1468 100 29 tidigare
475 1468 106 22 uttalade
607 1466 182 29 önskningsmål
816 1473 51 16 som

186 1516 100 18 Allmänna
298 1515 185 18 Petitionsutskottets
495 1515 111 18 betänkande
618 1515 35 18 N:o
666 1516 15 17 1.
