1114 1778
243 151 28 20 16
437 149 279 24 Petitionsbetänkande
732 149 44 23 N:o
792 149 18 22 1.

242 216 23 21 af
283 216 27 21 12
327 216 99 27 punkten
443 216 7 21 i
467 215 158 28 förordningen
642 216 42 21 den
703 216 28 21 10
741 215 40 27 juli
794 215 56 22 1902
863 215 91 26 därhän,
968 217 31 20 att

242 246 73 21 finska
339 245 43 22 och
406 246 95 21 svenska
525 245 96 28 språken
646 245 47 22 åter
709 246 7 21 i
733 245 207 22 administrationen
956 245 42 21 och

243 275 166 28 lagstiftningen
428 275 85 22 erhålla
530 276 41 21 den
591 276 65 27 plats,
673 282 49 15 som
738 275 124 28 naturligen
879 275 42 21 och
936 277 62 20 rätts-

242 305 69 27 enligt
325 305 136 22 tillkommer
477 306 120 21 desamma.

315 335 43 21 6:0.
387 335 105 22 Revision
504 336 22 21 af
537 336 71 26 öfriga
619 336 7 20 i
637 335 74 22 denna
722 335 152 26 underdåniga
883 335 116 21 skrifvelse

243 365 43 21 och
311 364 74 22 därtill
409 365 80 27 fogade
512 365 74 27 bilaga
610 365 82 21 nämda
713 364 155 27 författningar
884 365 40 21 och
942 364 57 21 stad-

243 394 88 28 ganden
356 395 8 20 i
388 395 56 27 syfte
465 397 31 19 att
517 395 119 21 afvikelser
656 394 50 22 från
722 394 108 28 grundlag
846 394 54 22 eller
916 394 83 21 allmän

244 425 36 26 lag
296 424 37 21 må
349 425 70 20 varda
435 424 49 21 från
501 425 114 21 desamma
632 424 134 27 aflägsnade.

317 454 43 21 7:0.
393 454 187 27 Undanrödjande
591 454 23 21 af
624 454 92 26 sådana,
729 453 105 22 särskildt
844 460 79 21 genom
934 455 66 20 sättet

244 484 35 21 för
295 483 112 28 åtskilliga
423 485 113 21 embetens
546 485 41 20 och
602 485 104 26 tjänsters
718 483 132 22 besättande
861 483 138 25 föranledda,

246 513 218 26 missförhållanden,
496 521 48 14 som
576 514 117 21 framträdt
725 513 29 28 pä
779 514 220 21 administrationens

244 543 100 22 omräde.

317 573 29 21 Af
362 574 98 25 orsaker,
476 581 48 14 som
542 575 20 26 ej
578 574 64 21 torde
658 573 97 22 behöfva
772 573 104 21 särskildt
894 573 105 26 utläggas,

243 605 41 20 äro
308 610 28 14 en
357 603 39 26 del
419 605 8 20 i
447 604 67 21 ofvan
535 604 92 21 stående
643 603 198 27 sammanfatining
857 603 98 27 antydää
970 601 30 22 äi-

243 633 82 27 gärder
341 633 23 22 af
380 635 78 26 ytterst
473 633 141 22 brädskande
630 636 72 23 natur,
720 633 121 27 nämligen:
859 633 140 20 inställandet

245 663 23 21 af
291 663 307 27 värnepligtsförfattningens
621 663 147 27 tillämpning,
790 662 167 27 upphäfvandet
978 662 22 21 af

244 693 160 26 förordningen
421 693 44 21 den
481 693 13 21 2
506 693 55 27 april
578 693 58 21 1903
647 693 42 21 och
701 693 23 21 af
735 693 27 21 de
773 693 153 26 förfoganden,
937 692 63 21 hvar-

244 722 33 21 till
301 722 43 22 den
361 723 62 27 gifvit
446 723 125 27 avledning,
593 723 116 21 äfvensom
726 722 168 27 upphäfvandet
910 722 22 20 af
948 722 27 20 de
992 722 7 20 i

245 753 239 26 sammanfattningens
508 752 13 22 3
545 753 70 27 punkt
638 752 83 22 nämda
742 752 137 26 stadganden
900 751 42 21 och
958 752 42 20 för-

245 782 128 27 ordningar.
413 783 35 21 Ett
474 782 75 28 nädigt
574 782 126 22 beaktande
727 782 64 21 häraf
813 782 63 21 torde
901 781 49 22 med
975 780 25 22 sä

246 812 89 28 mycket
346 813 70 21 större
427 812 110 28 tillförsigt
549 813 75 21 kunna
636 815 103 23 emotses,
752 818 48 15 som
811 811 35 21 för
857 812 65 20 dessa
931 810 69 28 ätgär-

245 842 52 21 ders
313 842 134 27 vidtagande
463 842 68 27 nägra
547 842 163 22 förberedande
727 842 91 21 arbeten
833 841 53 21 eller
898 840 103 28 ätgärder

245 872 49 21 icke
311 873 39 20 äro
368 872 22 21 af
406 872 80 22 nöden.

318 902 55 21 Lika
396 902 163 27 oundgängliga
582 902 35 21 för
639 902 43 21 den
699 902 80 26 lagliga
795 901 135 27 ordningens
946 900 54 22 äter-

245 932 110 21 ställande
380 933 38 20 äro
442 932 66 22 äfven
530 932 70 27 öfriga
621 931 170 27 ifrägavarande
820 930 112 28 ätgärder;
949 937 51 15 men

245 960 30 22 dä
298 962 111 21 särskilda
425 962 23 21 af
472 962 49 22 dem
542 961 90 28 päkalla
652 968 26 15 en
695 961 45 21 viss
757 960 163 28 förberedning,
937 960 63 22 torde

245 991 32 21 till
302 992 61 20 Hans
388 992 122 26 Kejserliga
533 992 113 26 Majestäts
669 991 81 27 nädiga
766 990 163 27 öfvervägande
946 990 55 22 böra

245 1021 107 21 särskildt
370 1021 136 27 framhälias,
530 1022 120 21 huruledes
674 1022 43 21 det.
742 1021 50 21 med
817 1020 106 22 afseende
940 1020 60 26 derä,

245 1053 32 18 att
299 1051 72 21 under
390 1058 29 14 nu
444 1052 98 21 rädande
558 1051 155 22 förhällanden
730 1050 144 27 erforderliga
890 1050 110 21 förutsätt-

245 1081 80 26 ningar
345 1081 35 21 för
399 1083 30 20 ett
445 1081 95 22 normalt
556 1081 194 27 landtdagsarbete
766 1081 89 24 saknas,
873 1081 25 20 är
913 1080 23 21 af
952 1086 48 21 syn-

245 1111 71 26 nerlig
339 1111 45 26 vigt
408 1113 30 19 att
463 1111 130 26 Ständerna,
610 1111 26 21 sä
652 1113 62 18 snart
730 1110 218 27 omständigheterna
964 1110 36 21 det

246 1141 118 26 medgifva,
389 1141 57 27 finge
470 1143 110 25 emottaga
604 1141 36 21 det
656 1141 161 26 hugnesamma
838 1139 162 25 meddelandet,

245 1172 32 19 att
301 1171 62 20 Hans
387 1171 122 27 Kejserliga
532 1171 100 26 Majestät
656 1171 96 26 behagat
776 1171 6 20 i
803 1169 70 22 nåder
888 1169 114 22 anbefalla

246 1201 156 26 uppgörandet
424 1201 22 21 af
463 1201 26 21 de
506 1201 34 21 för
556 1200 128 22 ändamälet
700 1200 144 27 erforderliga
860 1199 83 27 förslag
959 1199 43 21 och

246 1229 137 22 utlätanden.

319 1260 59 21 Enär
398 1260 143 27 ätgärdernas
562 1261 97 26 riktning
675 1261 42 20 och
734 1260 56 27 syfte
806 1258 98 27 framgär
920 1259 22 21 af
958 1259 44 20 den

246 1289 135 27 föregäende
405 1290 197 27 framställningen,
623 1291 41 20 har
685 1289 67 28 nägot
768 1291 102 20 närmare
888 1288 114 22 uttalande

247 1319 115 27 angäende
379 1320 121 21 innehället
515 1320 23 21 af
554 1321 26 20 de
598 1320 218 33 lagstiftningsakter,
833 1325 79 20 genom
926 1318 77 21 hvilka

246 1349 111 28 behöfliga
378 1350 120 27 ändringar
516 1350 69 21 borde
602 1349 161 28 ävägabringas
779 1350 7 20 i
803 1349 27 21 de
839 1348 162 27 författningar,

246 1385 49 16 som
319 1380 41 21 här
381 1380 66 25 afses,
464 1380 48 21 icke
530 1382 82 19 ansetts
629 1379 121 28 päkalladt.
782 1379 79 21 Derest
877 1378 61 21 Hans
954 1377 49 28 Kej-

246 1409 81 27 serliga
343 1409 103 27 Majestät
461 1410 137 21 beträffande
614 1416 27 14 en
659 1409 35 21 del
710 1411 82 19 ämnen
808 1409 68 21 funne
891 1408 112 21 utfärdan-

247 1438 38 22 det
301 1439 22 21 af
340 1446 44 20 nya
400 1439 203 27 lagbestämmelser
620 1446 40 20 ega
676 1439 112 21 företräde
805 1438 94 21 framför
915 1437 27 21 de
953 1437 50 21 tidi-

246 1475 52 20 gare
315 1469 123 27 lagbudens
455 1469 184 22 äterförsättande
656 1469 7 21 i
682 1469 65 25 kraft,
764 1468 63 22 torde
844 1467 125 22 Ständerna
980 1466 23 22 fä

319 1510 63 19 Särsk.
395 1511 53 18 Besv.
461 1511 46 18 utsk.
520 1511 32 18 bet.
566 1510 35 19 N:o
614 1512 15 16 1.
