1111 1764
184 125 110 23 Ständer.
312 125 52 23 Pet.
382 138 28 2 —
427 124 274 24 Petitionsbetänkande
717 124 44 23 N:o
778 124 19 23 1.
856 125 14 21 9

118 196 66 16 anses
208 190 73 22 såsom
306 197 27 15 en
357 190 102 27 oafvislig
476 190 170 27 nödvändighet,
672 193 31 18 att
722 190 147 22 omförmälda

118 221 128 26 förordning
262 220 41 21 och
320 221 27 20 de
368 219 73 22 såsom
457 220 147 27 förklaringar
615 220 53 22 eller
684 220 75 28 tillägg
775 220 31 21 till
818 220 50 22 den-

119 256 85 16 samma
220 250 116 22 utfärdade
355 250 180 22 förordnandena
547 250 21 21 af
580 250 42 21 den
634 250 28 22 26
674 250 42 28 (13)
729 250 94 27 augusti,
841 250 29 21 10

118 280 117 22 december
260 280 34 28 (27
312 280 127 27 november)
455 280 42 21 och
515 280 26 20 17
558 280 28 28 (4)
604 280 116 21 december
739 280 56 21 1903
811 282 58 19 samt

118 310 13 21 3
154 311 86 26 januari
269 310 57 21 1904
349 309 34 29 (21
409 310 117 21 december
553 310 64 27 1903)
643 310 69 20 varda
730 310 138 21 omedelbart

117 340 114 27 upphäfda
255 340 40 20 och
317 342 31 18 att
369 339 70 22 tillika
463 340 193 26 verkställigheten
678 340 23 20 af
722 340 101 26 samtliga
839 339 29 27 på

117 370 70 27 grund
203 370 22 21 af
244 370 114 21 desamma
378 372 47 18 mot
444 370 101 21 enskilda
560 376 106 20 personer
684 370 41 20 och
737 370 132 21 kommuner

117 400 103 26 vidtagna
236 399 102 27 åtgärder
354 400 93 27 upphör.

191 430 41 21 Vid
255 429 64 21 sidan
336 430 22 20 af
374 429 27 21 de
417 429 66 22 svåra
499 430 129 26 pröfningar
644 429 105 22 Finlands
765 429 46 22 folk
827 429 40 21 fått

117 459 59 21 utstå
191 459 74 22 såsom
280 466 62 14 mera
352 460 54 20 eller
417 460 85 21 mindre
514 460 143 21 omedelbara
668 459 79 27 följder
758 460 23 21 af
791 461 76 20 värne-

117 489 234 28 pligtsförfattningens
377 489 112 26 tillkomst,
516 489 68 21 hafva
610 490 65 20 äfven
701 490 70 21 andra
794 490 7 20 i
822 490 45 20 lan-

118 520 48 21 dets
189 521 43 20 rätt
255 519 42 21 och
320 519 73 22 kultur
417 519 63 28 djupt
503 520 131 27 ingripande
650 519 101 27 ätgärder
767 519 49 28 fyllt
831 519 35 22 be-

117 549 127 27 folkningen
268 549 50 21 med
340 551 83 20 smärta
438 550 42 21 och
501 549 114 28 allvarliga
636 549 135 28 bekymmer.
803 549 63 22 Det
851 545 18 36 i

117 579 79 22 folkets
212 580 24 21 lif
248 579 154 27 epokgörande
419 579 84 22 arbetet
519 579 35 22 för
569 579 72 22 finska
657 579 99 27 språkets
770 579 97 27 höjande

117 609 41 22 och
182 609 125 22 insättande
331 610 6 20 i
362 610 49 21 sina
430 609 111 27 naturliga
556 610 127 26 rättigheter
699 609 29 27 pä
743 611 65 20 stats-
824 609 42 21 och

117 639 148 22 kulturlifvets
281 639 106 22 omräden
403 639 36 21 vid
457 640 64 21 sidan
533 639 22 21 af
566 639 36 22 det
613 639 96 22 svenska
719 645 78 21 genom
810 639 57 21 stad-

116 669 87 27 ganden
219 676 35 15 om
271 669 71 21 finska
358 668 101 28 spräkets
475 669 142 27 användning
632 669 36 21 vid
686 669 120 22 domstolar
824 669 42 21 och

117 699 138 22 embetsverk
280 701 56 19 samt
360 699 133 21 inrättandet
509 699 22 21 af
547 699 67 27 högre
631 699 160 25 läroanstalter,
808 699 58 21 hade

116 729 110 27 knappast
241 729 79 21 hunnit
335 729 35 21 sin
385 729 134 26 fullbordan,
537 729 67 21 innan
616 731 30 20 ett
657 728 74 27 päbud
743 729 46 21 blef
799 729 66 21 utfär-

117 759 59 25 dadt,
200 765 54 20 som,
279 758 47 21 ifall
342 759 36 21 det
395 759 18 26 ej
431 759 81 23 varder
527 759 101 26 ändradt,
646 759 55 20 skall
718 759 6 20 i
743 759 123 26 väsentliga

117 789 62 21 delar
194 789 95 21 förstöra
305 789 114 21 frukterna
435 789 22 20 af
473 789 82 21 nämda
571 789 163 21 fosterländska
744 789 88 21 reform.
856 788 9 21 I

116 819 126 21 manifestet
260 818 22 21 af
298 819 42 20 den
357 818 29 22 20
397 818 28 29 (7)
440 819 48 26 juni
506 818 57 22 1900
579 819 95 27 stadgas,
687 821 31 18 att
728 818 67 28 ryska
806 817 59 28 språ-

116 849 36 20 ket
168 849 55 20 skall
239 848 63 21 träda
319 849 7 20 i
342 849 207 26 nationalspråkens
566 849 63 21 ställe
645 849 36 20 vid
695 849 124 21 ärendenas
830 848 35 21 be-

115 878 106 27 handling
239 879 7 20 i
262 877 109 23 Senatens
387 878 275 28 Ekonomiedepartement
677 881 57 18 samt
749 879 8 20 i
773 878 28 21 de
817 885 48 14 cen-

115 908 57 21 trala
190 908 180 21 embetsverkens
386 908 42 21 och
443 909 198 26 länestyrelsernas
652 908 152 27 skriftvexling
815 908 50 21 med

115 937 233 28 Generalguvernören
372 938 42 22 och
440 938 103 22 Senaten.
579 938 64 22 Detta
669 937 74 29 påbud
769 938 96 21 kränker

115 968 104 22 Finlands
243 968 57 22 folks
324 968 145 28 oeftergifliga
493 968 101 27 rättighet
619 970 31 20 att
672 968 66 21 hafva
755 974 27 16 en
799 968 65 21 äfven

114 998 7 21 i
141 997 106 28 språkligt
270 998 127 22 hänseende
420 998 106 22 nationell
546 998 188 27 statsförvaltning
757 998 42 22 och
820 998 44 21 kan

113 1028 50 21 icke
179 1028 140 26 genomföras
336 1031 52 19 utan
405 1030 31 19 att
452 1028 118 22 framkalla
587 1028 68 21 oreda
671 1028 41 21 och
729 1028 115 26 stockning
857 1028 7 20 i

113 1058 124 20 ärendenas
254 1057 150 27 regelbundna
423 1058 57 27 gång
497 1060 57 19 samt
574 1058 175 26 otillförlitlighet
764 1058 42 20 och
823 1058 40 20 för-

113 1088 82 26 virring
210 1088 6 20 i
233 1088 174 26 förvaltningens
430 1088 178 21 handhafvande.
636 1088 31 27 Ty
688 1087 29 21 då
733 1087 66 21 bland
816 1087 48 21 Fin-

113 1117 64 21 lands
200 1117 101 27 omkring
324 1117 119 26 2,800,000
473 1117 183 22 mantalsskrifna
682 1117 105 21 invånare
809 1117 55 21 blott

113 1147 91 27 vidpass
229 1147 67 26 8,000
322 1153 106 21 personer
453 1148 68 21 hafva
554 1148 82 27 ryskan
662 1147 31 21 till
723 1146 140 26 modersmål,

113 1179 26 19 är
159 1183 26 15 en
206 1179 102 19 närmare
327 1177 150 27 förtrogenhet
493 1178 50 20 med
560 1178 60 21 detta
638 1176 66 28 språk
728 1178 39 20 här
794 1177 7 21 i
819 1176 44 22 lan-

113 1207 37 21 det
178 1207 92 27 sällsynt
292 1207 52 21 och
356 1207 65 21 äfven
441 1207 91 27 omöjlig
550 1210 31 18 att
600 1207 153 22 åstadkomma
769 1207 7 20 i
793 1206 69 22 sådan

113 1236 136 28 omfattning,
272 1239 32 19 att
326 1237 164 27 handläggning
506 1237 23 21 af
545 1238 113 21 ärendena
676 1237 6 21 i
701 1237 86 21 landets
803 1236 59 27 vigti-

113 1268 61 26 gaste
193 1266 176 22 administrativa
385 1267 53 21 verk
454 1267 75 21 kunde
545 1268 50 20 med
612 1267 92 27 behörig
717 1267 94 26 ordning
821 1266 42 21 och

113 1296 143 28 sakkunskap
272 1302 40 21 ega
328 1303 49 15 rum
394 1296 28 27 på
438 1297 67 27 ryska
517 1296 95 28 språket.
630 1296 35 23 Uti
677 1296 186 28 petitionsförslag

112 1326 126 22 inlemnade
257 1326 40 22 hos
314 1326 83 22 Präste-
414 1327 42 21 och
472 1326 172 22 Bondestånden
660 1327 41 21 har
716 1326 67 22 bland
795 1328 68 19 annat

111 1355 139 27 framhållits,
272 1358 30 19 att
321 1356 182 28 skriftväxlingen
521 1357 94 21 emellan
632 1356 167 22 embetsverken
815 1355 46 21 huf-

111 1385 145 28 vudsakligen
272 1386 81 21 hänför
368 1387 33 26 sig
418 1386 34 21 till
467 1386 105 27 ärenden,
588 1393 49 15 som
652 1386 56 28 angä
719 1386 143 21 kommuners

112 1416 41 21 och
171 1416 110 21 enskildes
297 1416 116 26 intressen,
430 1417 42 21 och
489 1419 31 20 att
540 1417 42 21 den
607 1417 64 21 äfven
696 1417 22 20 af
734 1417 60 20 detta
813 1415 49 22 skäl

112 1445 69 22 borde
196 1446 60 21 föras
273 1445 28 28 på
312 1446 87 21 landets
408 1446 73 27 språk.
504 1446 40 22 Det
555 1447 67 27 ryska
633 1445 101 28 språkets
745 1445 116 22 införande
