1114 1775
328 164 246 24 Petitionsbetänkande
591 164 38 23 N:o
645 165 22 22 3.
812 167 27 19 27

118 236 38 16 om
181 232 66 20 arten
273 230 24 22 af
321 229 202 29 undervisningen
543 230 8 22 i
570 229 73 29 ryska
659 229 96 29 språket
771 228 99 24 anförts:

120 266 59 27 »Det
203 266 98 23 oaktadt
325 266 42 22 har
391 265 40 23 det
454 266 67 29 synts
545 265 104 23 Senaten
673 266 34 22 att
723 265 40 22 vid
779 265 92 23 landets

117 302 129 28 reallyceer
269 301 85 28 kunde,
379 301 149 23 beträffande
553 301 202 30 undervisningen
776 303 7 20 i
799 301 73 29 ryska

118 337 103 30 språket,
230 337 89 23 införas
331 337 45 22 den
387 337 40 23 vid
435 337 79 23 finska
523 337 142 30 reallyceum
674 338 8 21 i
689 337 90 29 Viborg
788 337 45 22 den
843 340 28 19 28

115 374 96 29 januari
225 377 54 19 1891
294 373 123 23 faststälda
429 373 188 30 lektionsplanen
627 373 53 22 med
689 373 78 22 trettio
776 374 96 21 timmar

118 409 8 22 i
143 409 99 23 veckan.
266 409 45 23 Vid
328 408 93 23 landets
437 409 120 23 klassiska
573 409 78 29 lyceer
667 409 112 28 däremot,
791 409 81 22 hvilka

121 445 70 23 borde
210 445 128 23 bibehållas
354 444 77 23 såsom
449 445 114 23 anstalter
578 445 36 22 för
630 445 154 22 meddelande
796 444 25 23 af
831 445 39 22 all-

121 483 67 21 mänt
202 481 90 23 human
309 481 43 22 och
369 480 103 23 klassisk
488 481 110 29 bildning
613 481 43 22 och
672 482 35 21 uti
723 481 81 22 hvilka
819 480 52 23 lati-

119 518 42 21 net
183 519 70 27 utgör
277 518 33 21 ett
335 517 196 29 grundläggande
555 519 77 25 ämne,
657 517 75 22 skulle
751 516 40 23 det
808 518 63 21 möta

121 553 212 28 oöfvervinnerliga
349 553 147 28 svårigheter
513 554 34 21 att
562 553 76 22 införa
649 559 29 16 en
687 552 27 23 så
725 552 146 23 omfattande

119 588 57 24 kurs
193 590 8 22 i
217 589 70 29 ryska
305 588 96 30 språket
417 595 48 16 som
483 589 105 29 önskligt
604 595 61 16 vore.
695 588 66 23 Dock
778 589 43 22 har
831 588 40 23 det

119 627 68 27 synts
211 625 103 23 Senaten
331 625 91 29 möjligt
439 626 34 22 att
489 626 29 28 på
535 625 28 22 de
580 625 51 29 fyra
647 625 77 29 lägsta
739 624 131 27 klasserna,

119 661 14 23 å
156 661 81 23 hvilka
261 661 75 29 enligt
359 660 45 24 den
429 660 35 24 för
487 661 94 23 landets
598 660 119 24 klassiska
732 660 77 29 lyceer
825 660 46 23 den

120 700 26 20 19
163 697 96 29 augusti
277 700 56 19 1896
349 696 134 23 fastställda
501 696 188 30 lektionsplanen
701 696 171 29 undervisning

118 733 7 22 i
149 733 72 29 ryska
244 732 95 30 språket
363 732 36 24 för
418 732 149 24 närvarande
582 732 53 23 icke
653 732 125 28 meddelas,
796 732 75 22 skulle

118 768 36 24 för
178 768 75 30 sagda
276 768 71 30 språk
371 768 82 23 kunna
477 769 80 23 anslås
577 768 61 23 ända
654 768 34 23 till
704 769 31 22 tio
752 768 119 23 timmar
859 764 16 39 i

118 805 100 27 veckan,
242 805 153 29 hvarigenom
419 805 28 22 de
472 805 83 27 elever,
576 811 50 16 som
644 807 57 20 ärna
717 811 61 22 egna
795 805 36 28 sig
848 804 24 22 åt

120 841 131 29 teologiska
275 841 55 22 eller
345 841 134 28 filologiska
495 841 242 22 universitetsstudier
753 841 43 22 och
813 839 14 24 å
843 840 28 23 de

120 877 50 28 fyra
195 877 85 28 högsta
303 876 124 23 klasserna
443 877 85 28 utbyta
543 877 72 28 ryska
631 876 95 30 språket
742 878 63 21 emot
821 883 50 22 gre-

121 912 70 23 kiska
212 913 75 29 jämte
310 912 123 30 psykologi
449 913 44 22 och
509 913 71 29 logik,
597 913 72 22 likväl
686 912 94 23 komme
797 914 35 21 att
848 912 23 22 få

119 955 27 16 en
173 948 196 29 grundläggande
393 948 170 29 undervisning
586 949 8 22 i
613 948 162 23 förstnämnda
792 947 78 30 språk,

119 986 64 21 samt
199 984 28 23 de
245 985 76 22 elever
338 984 56 27 åter,
412 984 79 23 hvilka
508 985 13 22 å
537 984 29 23 de
583 984 84 29 högsta
683 984 124 23 klasserna
818 983 53 23 med

119 1020 78 23 därför
213 1021 116 28 anslagna
345 1021 68 28 tjugu
430 1022 97 21 timmar
543 1021 7 22 i
561 1020 92 23 veckan
665 1020 107 23 fortsatte
783 1019 88 23 studiet

119 1056 24 23 af
159 1056 73 29 ryska
248 1056 101 29 språket,
367 1056 76 23 skulle
461 1057 96 22 komma
573 1057 35 22 att
620 1056 107 23 inhämta
739 1055 133 24 detsamma

120 1092 151 29 synnerligen
295 1091 128 30 grundligt.
455 1092 58 23 Hela
533 1093 88 22 antalet
637 1093 96 22 timmar
748 1091 36 24 för
800 1091 72 29 ryska

119 1127 97 30 språket
232 1127 94 24 komme
343 1127 99 23 sålunda
454 1130 35 20 att
495 1128 93 29 jämväl
598 1127 40 23 vid
649 1128 92 22 landets
753 1127 119 23 klassiska

118 1163 77 30 lyceer
218 1164 80 29 uppgå
322 1163 62 23 ända
408 1163 34 23 till
466 1165 79 22 trettio
564 1165 8 21 i
588 1164 98 23 veckan.
718 1164 75 22 Dessa
809 1163 63 23 båda

119 1199 186 29 lektionsplaner
328 1200 77 22 skulle
429 1200 83 23 kunna
535 1200 118 29 påbjudas
676 1200 34 22 till
732 1199 139 23 efterlefnad

118 1236 72 22 redan
207 1236 51 22 från
276 1237 68 21 nästa
360 1236 88 22 läseårs
467 1236 103 30 början.”

190 1272 9 22 I
225 1271 105 29 enlighet
353 1272 53 22 med
431 1271 116 23 Senatens
571 1272 176 28 framställning
772 1270 100 30 påbjöds

119 1314 85 22 genom
221 1307 61 30 Kejs.
299 1308 92 22 brefvet
407 1307 34 23 till
461 1302 186 34 Öfverstyrelsen
659 1307 36 23 för
705 1307 168 23 skolväsendet

119 1343 124 29 angäende
267 1343 72 30 ryska
359 1343 276 30 spräkundervisningen
651 1343 39 22 vid
705 1343 92 23 landets
813 1343 58 22 real-

119 1379 43 23 och
186 1379 121 23 klassiska
329 1380 78 29 lyceer
429 1380 23 23 af
469 1379 46 23 den
532 1383 27 19 25
573 1379 46 30 juli
637 1383 63 25 1901,
719 1384 32 18 1:0
769 1380 34 22 att
819 1379 53 22 frän

120 1419 10 19 1
158 1415 133 30 september
311 1419 55 19 1901
392 1415 45 22 den
454 1415 36 23 för
506 1415 80 23 finska
602 1415 141 29 reallyceum
759 1416 8 21 i
782 1415 91 28 Viborg

119 1451 43 22 den
182 1455 27 18 28
223 1452 95 28 januari
336 1455 55 19 1891
409 1451 147 23 stadfästade
572 1451 187 29 lektionsplanen
777 1451 53 22 med
844 1454 28 19 30

119 1487 172 23 veckotimmar
306 1487 9 22 i
330 1487 72 29 ryska
413 1487 77 23 skulle
501 1487 135 23 utsträckas
648 1487 34 22 till
693 1487 111 28 samtliga
815 1487 56 22 real-

192 1535 100 18 Allmänna
304 1535 184 18 Petitionsutskottets
501 1535 110 18 betänkande
624 1535 33 18 N:o
670 1536 15 17 1.
