1111 1773
250 158 28 20 52
391 157 84 23 Ständ.
492 158 54 22 Pet.
561 170 29 3 —
605 157 173 23 Petitionsbet.
795 158 41 22 N:o
852 158 21 22 7.

322 226 20 21 2.
371 226 160 23 Prokuratorns
547 228 7 20 i
569 227 121 27 Kejserliga
705 227 92 21 Senaten
812 226 33 22 för
860 226 92 22 Finland
965 227 48 21 bref

250 260 37 16 om
303 254 66 22 saken
392 254 31 22 till
445 255 147 28 Domkapitlet
607 256 41 20 den
664 256 12 20 7
692 256 121 26 september
830 255 55 21 1904
900 256 40 21 N:o
959 256 50 26 600;

246 282 60 28 jmfr.
321 283 37 21 akt
374 283 131 27 1042/1904;
521 284 158 27 Domkapitlets
699 284 49 22 bref
760 284 41 21 N:o
817 284 60 21 1983.

320 312 19 21 3.
369 312 154 22 Guvernörens
545 314 7 20 i
567 313 83 27 Viborg
672 312 52 26 bref,
751 318 47 16 som
821 312 12 22 &
856 312 153 22 Guvernörens

250 342 82 24 vägnar
347 340 165 22 undertecknats
528 341 23 22 af
564 342 32 21 W.
613 341 75 27 Fuchs,
704 341 31 21 till
750 341 148 21 Prokuratorn
914 343 24 19 är
951 342 57 21 date-

249 368 50 22 radt
314 369 41 21 den
370 370 13 20 2
399 370 122 26 september
538 370 61 21 1904.
628 370 41 21 N:o
686 370 59 21 1055.

370 398 216 22 Kronolänsmannen
601 399 7 20 i
623 398 73 22 Mohla
711 399 39 21 och
765 398 102 27 Heinjoki
882 398 85 22 distrikt
982 398 26 22 A.

250 426 27 21 G.
292 426 77 21 Lundh
384 427 109 21 meddelar
509 428 7 19 i
531 426 133 23 embetsbref
677 428 39 21 sub
733 428 82 20 secreto
831 427 41 20 den
884 427 28 21 30
923 427 85 27 augusti

250 454 57 21 1904
322 454 40 22 N:o
378 454 42 23 750
434 455 7 21 i
456 455 116 27 anledning
592 455 23 22 af
629 456 152 21 Guvernörens
797 455 111 22 skrifvelse
924 455 31 22 till
970 455 37 21 ho-

248 489 52 14 nom
316 482 23 22 af
352 483 41 22 den
408 484 13 21 2
437 485 86 26 augusti
540 484 55 21 1904
610 484 40 21 N:o
666 485 46 25 926,
728 486 31 19 att
771 484 67 26 enligt
850 483 93 22 erhällen
955 490 53 21 upp-

248 511 87 27 lysning
350 511 8 22 i
372 512 72 21 Mohla
466 513 136 27 församlings
624 513 67 27 kyrka
712 513 18 26 ej
752 512 71 21 hällits
844 512 121 27 gudstjänst
980 513 27 20 H.

248 540 114 27 Majestäts
377 541 148 28 kröningsdag
539 541 42 22 den
596 542 26 20 27
639 541 40 27 maj
698 541 61 22 1904.

319 569 31 20 Pä
373 570 68 25 grund
464 570 22 21 af
506 570 129 27 föregäende
658 569 94 27 föresläs,
768 572 32 19 att
815 569 144 28 Domkapitlet
974 569 33 21 för

248 597 121 22 utredande
391 598 23 21 af
435 598 65 21 saken
523 599 40 21 och
585 599 49 21 dess
657 598 97 27 allsidiga
772 598 114 27 belysande
903 598 68 21 skulle
986 597 23 22 af

248 625 204 28 kontraktsprosten
474 627 49 22 Jon.
546 627 90 27 Ingman
659 627 98 22 infordra
772 628 31 20 ett
826 626 22 21 af
861 628 79 19 tvänne
955 627 52 21 eller

248 653 54 22 flere
318 655 35 21 vid
369 655 90 21 tillfället
474 656 132 21 närvarande
621 662 104 21 personer
741 655 118 26 skriftligen
876 654 87 28 afgifvet
975 655 31 21 in-

247 685 39 24 tyg
301 683 65 26 öfver,
381 685 32 20 att
427 685 150 20 bönestunden
592 684 161 27 ifrägavarande
767 683 148 28 kröningsdag
929 683 54 22 hölls
999 684 7 21 i

247 711 75 22 Mohla
336 711 71 28 kyrka.

318 740 195 28 Framställningen
533 741 129 27 godkändes.

318 802 131 23 Afskriftens
465 804 101 27 riktighet
581 804 111 28 bestyrkes
708 805 12 20 ä
735 804 147 27 Domkapitlet
897 805 7 20 i
919 804 87 27 Nyslott

246 832 44 21 den
306 832 28 21 20
349 832 94 22 februari
459 832 61 22 1905.

773 890 28 21 M.
817 890 25 21 N.
858 890 77 21 Lauha.

793 920 13 16 t.
818 918 13 18 f.
844 919 74 17 notarie.

245 1004 147 28 Öfversättning.

271 1037 88 18 Afskrift.

523 1085 84 27 Utdrag
622 1092 25 15 ur
663 1085 156 28 Domkapitlets
832 1085 7 20 i
849 1085 96 26 Nyslotts
959 1084 46 23 stift

454 1114 106 27 protokoll
575 1114 33 21 för
624 1115 41 21 den
680 1115 14 20 4
709 1114 117 21 november
842 1113 61 22 1904.

593 1178 11 26 8
620 1177 34 22 54.

316 1233 209 28 Kontraktsprosten
540 1235 48 21 Jon.
604 1235 91 27 Ingman
711 1235 125 21 ätersänder
850 1235 8 20 i
873 1234 133 22 ämbetsbref

245 1263 43 20 den
311 1263 26 20 21
362 1263 89 21 oktober
476 1263 55 21 1904
554 1263 39 22 N:o
616 1264 39 21 191
680 1264 26 20 de
728 1263 158 27 Domkapitlets
902 1262 49 22 bref
963 1263 41 21 N:o

244 1291 59 21 2202
324 1291 99 27 bifogade
443 1291 155 28 handlingarna
613 1294 55 19 samt
683 1291 82 28 bifogar
783 1294 30 19 ett
828 1291 22 22 af
863 1293 78 20 tvänne
957 1298 46 21 per-

244 1325 67 16 soner
334 1319 108 22 utfärdadt
464 1321 60 26 intyg
545 1320 63 26 öfver,
631 1322 31 20 att
684 1321 2 21 i
701 1320 72 22 Mohla
796 1320 66 27 kyrka
884 1320 70 22 hällits
977 1327 26 15 en

243 1348 126 21 bönestund
385 1349 41 20 den
442 1349 26 22 27
485 1349 40 27 maj
544 1349 60 22 1904.

315 1376 82 22 Sakens
413 1377 75 27 början
501 1378 7 20 i
523 1378 35 21 akt
575 1377 127 28 1126/1904.

315 1406 84 21 Helena
415 1406 104 21 Sintonen
535 1406 38 21 och
589 1407 55 20 Aina
659 1407 109 20 Mononen
785 1408 51 25 säga
851 1407 7 20 i
874 1406 36 21 det
924 1405 23 22 af
955 1406 49 21 dem

244 1434 42 21 den
303 1434 26 21 21
347 1434 89 22 oktober
453 1435 56 21 1904
523 1435 111 21 utfärdade
650 1435 86 27 intyget,
752 1437 32 19 att
799 1435 41 21 den
857 1435 26 20 27
894 1435 41 26 maj
949 1435 55 21 1904

243 1462 73 21 hällits
331 1463 123 21 bönestund
469 1464 7 20 i
491 1463 71 22 Mohla
577 1463 73 28 kyrka.
