1111 1775
307 128 242 24 Petitionsbetänkande
564 128 41 23 N:o
621 128 13 23 3
643 135 21 17 a.

395 464 141 24 Särskilda
548 465 263 24 Besvärsutskottets
823 465 37 24 be-

323 501 137 23 tänkande
484 501 40 23 N:o
548 502 13 22 5
584 502 7 22 i
610 501 118 30 anledning
743 501 24 24 af
781 501 78 24 flere
847 496 16 39 i

324 537 27 23 de
374 537 60 24 olika
457 537 91 23 stånden
572 537 78 24 väckta
672 537 188 30 petitionsförslag

325 573 94 24 rörande
434 573 110 24 särskilda
559 580 79 24 genom
654 574 27 23 de
697 575 86 22 senaste
794 574 66 23 årens

323 609 229 30 förvaltningssystem
586 609 144 24 framkallade
760 609 99 25 missför-

324 645 116 24 hållanden
456 646 28 29 på
499 646 167 23 skolväsendets
682 646 97 23 område.

154 712 39 21 Till
213 712 108 21 Särskilda
341 712 205 22 Besvärsutskottets
567 713 130 28 behandling
716 713 39 21 har
769 712 90 23 Ridder-

109 749 75 27 skapet
202 749 39 20 och
258 748 75 27 Adeln,
349 749 65 26 jämte
429 749 192 28 protokollsutdrag
637 750 21 20 af
674 749 41 21 den
731 749 29 21 24
774 748 86 28 januari

109 784 145 22 innevarande
270 785 29 26 år,
321 785 117 21 remitterat
456 786 29 20 ett
500 785 212 28 petitionsmemorial
727 785 22 22 af
765 785 94 28 följande

108 821 92 27 lydelse:

257 900 39 20 Till
311 900 106 26 höglofliga
432 900 143 26 Ridderskapet
590 900 37 20 och
642 899 69 21 Adeln.

575 953 105 21 Vördsamt
695 952 104 22 memorial.

154 1008 10 19 I
179 1007 42 20 vårt
236 1008 57 20 lands
309 1008 236 25 undervisningsväsende
560 1008 76 25 intager
651 1008 37 20 den
704 1007 75 26 privata
792 1007 67 20 skolan

109 1044 24 13 en
157 1038 56 25 plats,
236 1038 59 20 hvars
317 1038 102 25 betydelse
441 1038 43 20 icke
505 1038 56 20 torde
583 1038 65 20 kunna
668 1037 66 20 anslås
753 1043 38 20 nog
807 1038 52 24 högt.

109 1067 39 19 Till
167 1067 79 20 hvilken
267 1068 48 25 grad
334 1067 64 21 denna
412 1068 110 19 institution
538 1068 63 19 under
615 1068 25 20 de
655 1069 77 19 senaste
747 1067 114 20 årtiondena

109 1098 103 24 uppburits
227 1098 20 19 af
262 1098 142 20 allmänhetens
420 1097 86 25 ständigt
521 1097 88 20 växande
620 1097 108 27 sympatier
738 1098 36 19 och
784 1096 76 21 kunnat

109 1126 85 26 päräkna
214 1127 47 20 dess
281 1128 128 25 beredrvilliga
428 1122 112 36 understöd,
555 1122 85 36 framgår
656 1128 51 19 klart
722 1127 58 20 redan
795 1133 25 13 ur
835 1133 24 14 en

109 1157 72 25 flyktig
200 1157 51 20 blick
271 1156 26 27 pä
311 1158 25 19 de
351 1157 75 26 ärligen
441 1158 124 25 publicerade
581 1157 107 21 statistiska
703 1157 158 26 redogörelserna

109 1187 30 20 för
154 1188 230 20 elemantarläroverkens
399 1187 90 20 tillständ
505 1188 37 19 och
557 1188 129 20 verksamhet.
710 1187 38 20 Det
758 1189 21 18 är
790 1187 70 20 främst

109 1223 23 14 en
149 1219 35 24 typ
199 1217 20 20 af
235 1218 63 20 skola:
315 1218 38 19 den
369 1218 132 25 fullständiga,
516 1217 33 20 till
563 1217 137 21 universitetet
715 1217 82 20 ledande
808 1223 51 14 sam-

109 1247 72 25 skolan,
198 1253 46 19 som,
261 1249 49 18 trots
325 1248 39 20 alla
378 1249 7 18 i
401 1248 65 25 början
482 1247 130 20 framkastade
624 1247 160 26 betänkligheter,
797 1247 64 20 under

109 1283 24 14 en
148 1278 141 25 jämförelsevis
311 1278 43 19 kort
369 1278 29 19 tid
413 1277 99 21 utvecklat
528 1277 31 26 sig
573 1278 32 19 till
620 1277 43 20 värt
678 1277 56 20 lands
749 1278 45 19 utan
811 1283 47 19 gen-

109 1307 76 25 sägelse
204 1309 51 18 mest
271 1308 94 25 populära
379 1307 155 20 läroverksform.
565 1307 38 20 För
617 1307 119 21 närvarande
750 1309 22 18 är
786 1307 74 20 antalet

109 1337 127 26 fullständiga
261 1337 57 26 (eller
339 1338 7 19 i
370 1338 34 19 det
426 1339 98 18 närmaste
547 1337 133 26 fullständiga)
703 1337 59 26 högre
785 1337 76 26 privata

109 1373 56 19 goss-
188 1367 36 20 och
247 1367 107 20 samskolor
375 1369 6 18 i
402 1368 66 19 landet
484 1368 90 25 omkring
590 1368 27 19 30
633 1368 37 19 och
684 1367 73 20 antalet
771 1367 66 20 elever
852 1366 8 20 i

109 1397 98 20 desamma
222 1403 16 14 c.
256 1398 63 25 5,000
337 1409 27 4 —
380 1399 29 19 ett
424 1398 32 25 tal,
472 1403 41 15 som
530 1398 42 20 icke
588 1397 6 20 i
610 1397 106 20 nämnvärd
732 1397 43 20 män
788 1396 72 20 under-

109 1427 63 26 stiger
196 1427 117 20 elevantalet
336 1428 6 19 i
365 1429 74 19 statens
462 1428 91 25 samtliga
575 1427 97 21 klassiska
690 1427 37 20 och
747 1427 113 25 reallyceer.

110 1457 69 26 Villigt
199 1457 62 20 måste
281 1458 101 25 erkännas,
400 1459 29 18 att
444 1459 64 19 staten
523 1464 70 19 genom
609 1456 107 27 pekuniära
731 1457 73 25 bidrag,
820 1458 41 18 mot

181 1497 90 18 Särskilda
283 1498 157 17 Besvärsutskottets
452 1498 104 18 betänkande
568 1497 35 18 N:o
616 1499 18 16 5.
