1106 1775
285 139 349 25 Petitionsbetänkande
649 141 51 23 N.o
718 142 26 22 7.
853 144 28 20 81

469 427 69 21 XVI.

200 492 37 21 Att
259 487 198 32 Öfverkonstapeln
479 492 35 21 vid
536 492 207 28 polisinrättningen
761 493 8 21 i
784 492 94 28 Viborgs

130 522 48 20 stad
200 522 81 26 Andrej
299 522 108 25 Suhareff,
425 528 48 14 som
489 522 42 21 den
548 522 28 21 22
593 523 100 21 sistlidne
710 522 130 27 September
855 523 24 21 af

128 551 244 27 Telegrafmekanikern
391 552 131 21 Konstantin
539 552 113 21 Backman
669 552 117 27 åberopats
803 552 74 21 såsom

129 582 67 21 vittne
220 582 31 21 uti
275 584 30 19 ett
329 582 66 27 sagde
420 582 42 27 dag
485 582 36 21 vid
543 581 209 22 Rådstufvurättens
773 582 6 21 i
795 582 83 27 Viborg

128 611 71 21 andra
229 611 112 28 afdelning
369 612 121 26 handlagdt
515 611 44 22 mål
576 612 114 27 angående
707 613 171 26 egenhandsrätt

128 641 82 21 mellan
233 641 246 27 Telegrafmekanikern
502 641 121 26 Backman,
643 642 114 27 klagande,
775 643 42 20 och
832 642 44 21 kol

128 672 104 25 portören
256 671 73 22 Petter
352 671 105 26 Silainen,
482 672 116 25 svarande,
624 672 48 21 icke
696 671 71 22 blifvit
786 673 7 20 i
809 672 67 27 sagde

128 701 111 26 egenskap
255 701 7 21 i
279 701 67 21 målet
366 701 85 22 afhörd,
471 703 54 20 enär
541 701 82 27 Andrej
641 701 103 22 Suhareff
759 702 47 21 icke
823 701 53 22 kun-

128 733 37 18 nat
185 732 52 25 göra
259 732 32 25 sig
310 731 99 21 förstådd
429 731 28 27 på
473 731 121 26 någotdera
610 731 23 21 af
648 731 86 22 landets
751 731 66 27 språk
833 732 42 21 och

128 759 207 23 Rådstufvurättens
351 761 120 21 translator
487 761 34 21 för
537 761 66 26 ryska
620 761 90 27 språket
725 762 19 26 ej
759 761 69 22 heller
840 768 35 14 va-

127 790 27 21 rit
170 790 104 21 tillhands
291 791 34 20 för
341 793 31 18 att
388 791 87 21 biträda
491 791 35 20 vid
544 790 82 28 Andrej
644 791 112 21 Suhareffs
768 791 105 26 hörande,

126 820 91 27 intygar,
227 820 89 27 Viborg,
333 821 42 21 den
393 821 27 20 15
437 820 121 22 December
576 821 62 21 1904.

572 881 82 21 Miliam
670 881 131 27 Malmqvist.

570 910 230 27 Vicehäradshöfding

555 940 205 22 Brottmålsnotarie
778 940 35 21 vid

517 969 209 23 Rådstufvurättens
743 970 7 21 i
766 970 82 26 Viborg

577 1000 70 21 andra
663 1000 118 26 afdelning.

191 1100 34 21 Uti
243 1102 30 19 ett
289 1100 22 22 af
328 1100 167 27 Stadsfiskalen,
512 1101 253 27 Kollegiesekreteraren
780 1101 92 21 Frithiof

122 1129 48 21 Ritz
186 1130 36 20 vid
239 1130 139 22 härvarande
395 1130 179 22 Rådstufvurätts
591 1132 69 26 tredje
677 1131 112 27 afdelning
800 1131 71 21 denne

120 1159 43 27 dag
182 1161 59 19 emot
261 1159 127 28 Månglaren
404 1160 88 22 Michail
508 1161 144 28 Golubovsky
669 1161 83 21 utfördt
767 1160 51 27 mål,
835 1167 36 15 an-

121 1189 85 26 gående
223 1195 80 16 ansvar
319 1190 35 21 för
369 1191 136 22 misshandel
522 1191 13 21 å
551 1197 87 21 person,
656 1191 123 27 uppträdde
796 1190 73 22 såsom

121 1218 142 27 målsegande
287 1220 193 27 Poliskonstapeln
504 1221 75 26 Sergei
603 1221 83 25 Hasoff,
707 1221 89 21 hvilken
812 1221 58 20 inför

121 1249 65 21 Rätta
207 1250 83 26 uppgaf
310 1250 33 27 sig
359 1250 75 21 kunna
450 1251 98 21 hvarken
565 1250 70 22 förstå
651 1251 53 21 eller
720 1251 100 27 uttrycka
837 1251 33 26 sig

120 1278 29 27 på
172 1279 95 21 svenska
291 1279 54 22 eller
363 1280 71 21 finska
450 1280 103 27 språken,
570 1281 83 21 hvilket
668 1281 90 21 härmed
776 1281 91 26 intygas.

118 1308 89 27 Viborg,
225 1309 42 21 den
286 1309 26 21 15
329 1309 121 22 December
467 1310 63 21 1904.

165 1368 24 21 K.
207 1369 34 20 W.
259 1369 115 27 Lindberg.
566 1370 76 27 Birger
658 1370 45 21 Jarl
721 1370 97 21 Floman.

118 1397 181 22 Justitierääman
315 1399 37 21 vid
369 1399 55 21 Räd-
546 1402 14 19 t.
573 1400 13 21 f.
599 1399 181 23 Justitierädman
796 1400 36 21 vid

126 1427 159 22 stufvurättens
301 1429 7 20 i
324 1429 94 26 Viborgs
518 1429 208 22 Rädstufvurättens
744 1430 7 21 i
767 1429 93 27 Viborgs

136 1457 48 21 stad
200 1458 70 27 tredje
287 1458 118 27 afdelning.
555 1459 48 21 stad
620 1460 69 26 tredje
706 1459 118 27 afdelning.

189 1499 58 18 Särsk.
260 1500 49 19 Besv,
322 1501 43 17 utsk,
379 1501 30 17 bet,
422 1501 36 16 N:o
470 1500 18 18 4.
696 1523 2 2 N
784 1501 10 17 6
