1111 1773
321 150 244 24 Petitionsbetänkande
583 150 38 23 N:o
637 150 24 22 4.
809 152 27 19 47

686 212 157 26 (Öfversättning.)

236 371 56 18 Till
310 371 187 18 Hedervärda
516 370 231 18 Bondeståndet.

190 455 27 19 Då
238 455 240 24 järnvägsanläggningarna
500 455 34 18 hos
547 460 30 12 oss
591 454 90 18 allaredan
694 454 38 18 nått
745 454 36 18 den
794 454 74 18 utveck-

117 486 44 23 ling,
175 486 26 18 att
213 485 146 18 stambanenätet
380 485 35 18 kan
436 490 54 13 anses
512 484 89 24 nöjaktigt
613 484 115 21 fullbordadt,
741 484 82 18 kommer
836 484 32 18 det

118 516 83 18 framtida
221 515 155 23 järnvägsarbetet
396 514 161 24 hufvudsakligast
577 515 26 17 att
623 514 39 18 afse
675 514 23 18 de
711 514 103 21 sidobanor,
827 519 41 13 som

118 545 138 19 sammanbinda
278 545 126 18 stambanorna
426 545 42 18 med
489 544 106 19 hvarandra.
623 544 27 18 En
671 544 105 24 utveckling
789 545 5 17 i
807 544 61 18 denna

118 576 80 23 riktning
211 578 18 15 är
241 574 34 19 ock
288 575 36 18 den
337 575 123 23 naturligaste,
474 575 23 18 då
510 575 19 23 ju
543 574 38 18 vårt
592 575 118 23 järnvägsnät
722 576 48 16 ännu
779 574 33 18 har
820 574 48 18 stora

118 606 63 18 luckor
198 606 34 17 och
245 604 58 19 alltför
315 605 42 18 vida
370 605 78 18 maskor.
461 604 80 19 Sålunda
554 604 59 18 lämna
626 604 138 18 bansträckorna
778 604 91 24 Hangö—

119 635 86 24 Hyvinge
218 635 34 18 och
265 630 132 28 Åbo—Toijala
410 636 6 16 i
429 640 23 12 en
473 635 18 18 af
511 634 39 18 vårt
570 634 52 18 lands
643 634 104 24 bördigaste
768 634 34 18 och
823 634 46 18 folk-

121 665 65 19 rikaste
200 665 63 23 nejder
276 670 22 12 en
311 665 58 21 lucka,
382 664 54 18 hvars
449 664 120 24 aflägsnande
583 664 55 18 redan
659 664 54 24 länge
726 664 44 18 varit
783 664 18 18 af
813 664 56 24 högst

119 694 160 24 maktpåliggande
293 695 30 17 art.
349 695 26 23 Ty
387 694 77 22 oafsedt,
478 696 26 17 att
516 694 24 18 de
559 694 107 19 utvecklade
685 694 135 18 förhållandena
833 694 35 18 och

118 724 120 19 folktätheten
251 725 63 23 utgöra
328 724 68 24 garanti
409 724 27 18 för
449 730 23 12 en
485 724 92 24 möjligast
590 725 37 17 stor
639 724 34 18 och
692 724 53 18 säker
759 724 110 18 räntabilitet

119 754 18 19 af
149 760 24 12 en
186 760 67 18 genom
265 754 60 18 denna
343 755 47 18 trakt
411 754 69 24 dragen
500 756 81 22 järnväg,
594 755 59 17 utvisa
666 754 24 18 de
702 754 56 18 tillika
772 754 31 18 allt
815 754 54 24 tydli-

120 790 47 19 gare,
181 785 45 17 huru
239 784 110 24 oumbärligt
369 784 33 18 och
416 784 18 18 af
455 785 87 18 behofvet
563 784 91 24 påkalladt
672 784 26 18 ett
711 784 94 24 tidsenligt
818 784 51 18 kom-

119 814 184 19 munikationsmedel
323 816 18 16 är
359 814 27 18 för
404 814 60 18 denna
478 814 89 18 landsdel.
592 814 63 18 Härtill
668 814 61 18 kunna
741 815 18 17 vi
773 816 48 16 ännu
834 814 35 18 till-

119 845 60 23 lägga,
192 845 26 17 att
231 844 75 18 naturen
319 844 143 24 mångenstädes
483 846 50 16 inom
555 844 49 18 detta
624 844 74 18 område
718 844 84 23 erbjuder
821 844 47 18 stora

119 874 77 19 fördelar
221 879 66 19 genom
308 874 100 22 vattenfall,
429 880 40 13 som
490 874 84 19 använda
593 875 6 18 i
611 874 99 19 industrins
730 874 56 23 tjänst
807 874 62 19 kunna

120 905 125 18 åstadkomma
261 905 86 21 storvärk,
361 910 42 13 men
416 910 24 12 nu
454 905 5 18 i
472 905 45 18 brist
530 905 22 22 på
565 904 176 19 kommunikationer
753 904 75 19 förslösa
841 905 28 18 sin

120 934 45 19 kraft
178 935 43 17 utan
234 935 55 23 nytta.
315 935 44 18 Med
372 935 54 18 dessa
433 934 153 24 förutsättningar,
600 940 39 13 som
653 935 103 18 säkerställa
769 934 100 24 företagets

120 964 118 19 ekonomiska
251 964 45 21 sida,
317 965 59 23 ingafs
398 964 55 18 första
475 965 73 24 gången
569 965 55 18 redan
637 964 31 18 vid
682 964 43 18 1891
740 965 27 18 års
781 964 88 24 landtdag

119 994 77 24 petition
208 999 30 13 om
252 999 23 13 en
287 996 75 22 järnväg
374 994 38 19 från
425 994 98 19 Nummela
539 995 66 18 station
623 995 5 18 å
641 994 126 23 Hangöbanan
780 994 26 18 till
820 994 49 23 Kyrö

121 1024 65 19 station
207 1024 2 17 å
223 1019 133 28 Åbo—Toijala
369 1025 65 18 banan.
460 1024 106 19 Sedermera
578 1025 32 17 har
622 1029 69 14 samma
704 1025 76 22 petition
789 1024 80 23 förnyats

120 1054 31 18 vid
165 1053 33 18 alla
211 1054 80 23 följande
305 1055 136 18 ständermöten
454 1055 34 17 och
502 1055 62 18 senast
577 1054 18 18 år
609 1054 51 21 1900,
673 1054 23 18 då
709 1054 36 18 den
757 1054 54 18 äfven
821 1059 48 13 vann

119 1084 184 22 järnvägsutskottets
322 1084 121 18 erkännande.
468 1085 44 18 Med
526 1084 114 23 åberopande
653 1084 18 17 af
683 1084 53 18 dessa
750 1085 5 17 i
767 1084 63 23 frågan
843 1085 26 17 in-

121 1113 49 24 gifna
183 1114 96 22 petitioner
291 1114 34 17 och
339 1114 151 23 motiveringarna
504 1114 17 18 af
535 1114 93 18 desamma
642 1114 46 17 samt
697 1114 17 17 af
726 1114 143 23 järnvägskomi-

120 1143 41 18 téns
174 1143 106 18 utlåtanden
293 1148 44 13 anse
356 1144 18 18 vi
387 1143 31 18 det
431 1144 5 17 i
449 1144 38 23 hög
509 1144 44 23 grad
575 1143 103 21 önskvärdt,
699 1144 26 18 att
738 1144 49 18 detta
799 1143 71 25 företag

121 1178 24 13 nu
158 1172 60 18 blefve
231 1172 38 19 ledt
289 1173 26 18 till
335 1173 26 18 ett
382 1174 99 22 gynnsamt
502 1173 104 23 afgörande,
627 1174 34 18 och
682 1174 42 23 taga
736 1174 18 18 vi
767 1178 31 13 oss
811 1174 60 18 därför

120 1203 76 18 friheten
221 1203 100 21 hemställa,
343 1204 26 17 att
389 1203 31 18 vid
441 1203 149 19 bestämmandet
609 1204 17 17 af
644 1204 103 23 riktningen
765 1203 28 18 för
805 1203 64 24 ifräga-

120 1233 79 18 varande
211 1232 67 18 bandel
291 1232 79 24 följande
383 1233 68 23 förslag
463 1234 21 17 så
497 1233 39 19 vidt
549 1234 71 23 möjligt
632 1233 56 18 måtte
701 1234 111 23 godkännas.

191 1262 63 18 Banan
265 1263 58 17 borde
335 1263 43 23 utgå
391 1262 39 18 från
443 1263 62 23 någon
517 1263 76 23 lämplig
608 1263 58 23 punkt
678 1264 6 17 i
696 1264 88 17 närheten
797 1263 17 18 af
827 1263 43 19 Hel-

121 1292 78 24 singfors
217 1293 34 17 och
265 1292 50 18 ledas
333 1293 26 18 till
372 1293 71 18 trakten
456 1293 18 18 af
486 1293 98 18 Nummela
601 1293 9 18 å
623 1293 132 23 Hangöbanan,
768 1293 72 18 likvisst
852 1294 17 22 ej

121 1327 38 13 mer
171 1322 68 18 österut
252 1324 23 16 än
287 1322 26 18 till
327 1322 97 24 Otalampi,
438 1324 48 17 samt
499 1322 76 19 därifrån
585 1323 60 18 såsom
659 1323 35 17 den
708 1323 29 18 del
749 1323 18 18 af
779 1328 91 13 samman-

120 1352 165 23 bindningsbanan,
299 1352 73 18 hvilken
386 1352 150 24 skyndsammast
548 1353 57 18 borde
617 1353 27 18 fås
657 1353 26 17 till
696 1353 59 21 stånd,
763 1353 27 17 till
799 1353 71 18 Vichtis

120 1382 34 18 och
167 1381 66 19 Pusula
247 1382 94 24 kyrkbyar,
355 1382 75 18 därifrån
444 1382 38 18 åter
494 1383 54 23 längs
561 1383 52 17 södra
626 1382 85 18 stranden
724 1383 17 17 af
754 1383 117 23 Oinasjärvi
864 1377 11 33 i

121 1412 114 18 Sommarnäs
248 1412 26 18 till
287 1412 75 18 Somero
375 1412 70 23 kyrkby
458 1413 34 17 och
505 1412 61 19 vidare
583 1412 25 18 till
622 1412 66 20 Koskis
695 1413 74 23 kyrkby,
777 1412 27 18 för
809 1413 26 17 att
842 1418 28 13 se-

121 1442 36 17 dan
169 1441 61 18 förena
243 1443 29 21 sig
286 1442 42 18 med
341 1438 134 27 Äbo—Toijala
488 1443 60 17 banan
561 1442 20 18 sä
595 1445 40 15 nära
648 1448 40 12 som
702 1443 71 23 möjligt
785 1442 27 18 till
821 1443 49 18 Aura

122 1472 71 17 station.

192 1513 186 23 Järnvägsutskottets
390 1514 111 18 betänkande
514 1514 33 18 N:o
560 1515 17 17 2.
