1111 1773
264 143 27 20 54
441 141 246 28 Petitionsbetänkande
704 142 37 22 N:o
757 141 23 23 4.

233 205 89 18 utlofvats
337 206 21 18 af
368 206 129 18 nedannämda
509 206 110 18 kommuner
630 206 30 18 till
673 206 111 19 vidstående
797 207 74 22 belopp,
885 207 101 22 nämligen:

233 231 41 21 Åbo
286 235 44 18 stad
346 235 76 21 800,000
433 235 58 22 mark,
504 235 70 23 Nystad
586 235 76 22 400,000
673 236 59 20 mark,
744 235 98 18 Nådendal
854 235 63 21 75,000
928 236 59 20 mark,

233 263 111 18 Nådendals
360 264 167 22 landsförsamling
539 265 51 21 5,000
602 264 57 21 mark,
672 265 70 17 Vehmo
755 265 85 17 kommun
855 265 22 17 10
888 265 57 22 penni
957 264 30 18 för

233 293 112 17 uttaxeradt
358 293 89 21 skattöre,
459 293 103 22 utgörande
574 293 53 18 cirka
640 294 62 21 10,000
715 293 56 22 mark,
785 289 54 30 samt:
849 289 50 30 Virmo
912 293 75 20 socken,

233 321 49 18 dock
302 321 42 18 med
361 321 92 18 förbehäll
472 323 27 16 att
517 322 61 17 banan
596 322 67 23 drages
682 325 85 15 närmare
783 323 64 17 Virmo
866 322 72 23 kyrkby
957 321 29 18 till

234 350 32 18 det
278 350 97 18 säkallade
389 351 126 17 Kukonkallio
528 351 33 17 och
574 351 69 18 station
658 351 60 18 blefve
731 351 34 18 där
777 351 72 23 anlagd,
858 351 61 21 15,000
928 351 58 17 mark.

233 379 29 18 De
282 379 91 18 kontanta
392 379 90 23 bidragen
502 381 61 22 uppgä
581 380 92 18 sämedels
692 381 30 17 till
741 380 137 23 sammanlagdt
897 380 90 21 1,305,000

234 409 59 20 mark,
306 409 21 17 af
338 408 73 18 hvilket
423 409 68 22 belopp
505 409 90 21 1,280,000
608 409 52 18 mark
672 409 73 18 komme
757 411 28 16 att
796 409 29 18 till
839 409 112 18 statsvärket
960 411 27 15 ut-

233 437 61 23 gifvas
313 437 74 18 säsnart
405 437 60 18 banan
485 438 91 22 upplåtits
590 437 30 18 för
632 438 55 18 trafik
701 440 48 16 samt
761 439 107 17 återstoden
880 439 50 16 inom
941 438 45 21 jäm-

233 466 99 18 förelsevis
351 466 42 18 kort
411 467 28 17 tid
458 467 87 18 därefter.
572 467 116 18 Förenämda
700 467 67 23 bidrag
779 467 54 18 hafva
845 467 86 18 utlofvats
944 465 42 19 med

234 495 74 22 villkor,
326 497 27 16 att
372 495 135 19 meraberörda
523 497 78 22 järnväg
613 496 73 18 komme
700 499 27 15 att
740 498 43 15 utan
797 495 91 19 särskildt
900 495 86 23 dröjsmål

234 525 72 18 utföras
324 525 31 18 för
373 525 122 18 statsvärkets
513 525 81 23 räkning
612 525 42 18 med
673 525 67 21 medel,
755 531 39 12 som
807 525 20 18 af
838 531 25 12 nu
876 524 111 19 församlade

234 553 84 18 Ständer
332 554 60 18 skulle
407 554 29 18 för
449 553 107 19 ändamälet
569 554 79 21 anvisas,
662 557 47 15 samt
722 555 59 17 under
793 554 92 18 förbehäll
899 555 26 16 att
935 554 51 22 järn-

234 585 60 15 vägen
316 583 71 18 erhölle
407 588 23 13 en
448 582 98 19 Nådendal
564 583 28 23 sig
605 583 103 18 närmande
720 583 108 23 sträckning
841 583 35 18 och
889 583 29 17 för
930 582 57 23 öfrigt

234 611 80 18 anlades
334 613 7 16 i
361 611 133 23 hufvudsaklig
513 611 182 19 öfverenstämmelse
713 611 43 19 med
773 612 81 23 tidigare
866 611 121 18 omförmälda

236 641 80 22 projekt,
336 641 112 18 statsvärket
467 641 48 17 dock
533 641 87 23 obetaget
631 643 32 19 att,
676 641 64 18 därest
752 641 31 17 vid
795 641 36 18 den
846 640 96 19 definitiva
955 646 32 12 un-

236 669 141 23 dersökningen
391 669 20 18 af
420 670 114 22 järnvägens
547 669 109 24 sträckning
668 670 92 17 befunnes
772 669 115 24 lämpligare,
897 669 46 18 eller
949 675 38 12 om-

236 699 157 22 ständigheterna
410 699 48 22 eljes
476 699 61 18 skulle
556 699 66 18 sädant
640 699 81 22 päkalla,
736 699 85 22 förlägga
834 698 96 23 banlinjen
943 703 44 13 norr

234 733 30 12 om
283 728 77 18 Mietois
378 728 59 23 kyrka
454 727 80 18 emellan
550 728 66 23 Pajula
634 728 34 17 och
680 728 67 18 Juttila
759 727 51 24 byar,
825 730 85 15 närmare
923 727 63 18 Virmo

236 756 74 24 kyrkby
322 759 23 16 än
360 757 48 17 hvad
420 757 110 23 ingeniören
543 757 60 18 Sonck
615 756 101 24 föreslagit.

308 792 77 18 Utöfver
397 792 109 18 förenämda
518 792 163 23 penningebidrag
694 792 53 18 hafva
761 797 80 17 egarena
854 792 20 17 af
886 792 35 17 den
929 792 58 19 mark,

236 826 39 12 som
294 821 73 17 komme
385 823 27 15 att
427 823 52 21 tagas
491 821 7 17 i
511 822 81 22 anspräk
605 820 29 18 för
644 821 187 23 järnvägsföretaget,
843 820 98 18 förbundit
953 821 34 22 sig,

234 850 25 22 pä
273 851 38 16 sätt
325 850 64 18 därom
407 850 103 23 uppgjorda
523 850 94 18 bindande
630 850 88 18 kontrakt
731 850 65 20 utvisa,
808 852 26 16 att
846 849 48 18 afstä
906 849 82 23 antydda

238 879 54 17 mark
306 879 24 22 pä
342 879 120 23 synnerligen
475 878 112 24 förmänliga
599 879 73 21 villkor,
684 880 6 17 i
704 879 32 19 det
747 881 28 16 att
786 879 58 18 sädan
854 878 87 18 utlofvats
947 878 41 18 dels

235 910 46 15 utan
301 908 83 23 anspräk
403 909 27 22 päj
442 909 60 22 nägon
515 913 38 13 som
567 909 49 17 hälst
628 908 118 23 godtgörelse
759 908 40 18 dels
812 911 37 15 mot
861 908 21 17 sä
894 908 53 21 ringa
960 913 27 12 er-

236 937 89 22 sättning,
344 939 27 15 att
390 937 101 24 motstycke
511 937 63 18 därtill
592 937 42 18 icke
653 937 54 18 torde
720 937 30 18 vid
764 942 66 13 senare
843 937 145 22 banbyggnader

231 966 38 18 hos
289 971 31 13 oss
341 965 125 23 förekommit,
485 966 117 23 hvarigenom
616 966 35 17 den
665 967 27 17 uti
705 965 179 23 kostnadsförslaget
896 965 29 18 för
935 965 52 23 jord-

235 995 55 18 lösen
309 995 108 18 beräknade
430 995 88 23 utgiften,
530 995 124 18 inberäknadt
667 995 104 22 ersättning
783 995 28 18 för
823 994 164 23 stängselskyldig-

236 1024 32 17 het
287 1025 54 22 längs
360 1024 60 17 banan
439 1025 35 17 och
493 1024 65 23 dylikt,
576 1024 74 18 komme
669 1026 27 15 att
716 1023 114 23 nedbringas
849 1023 41 18 med
904 1023 85 22 omkring

235 1053 76 21 200,000
327 1053 58 17 mark.
409 1053 183 22 Järnvägsföretaget
610 1053 73 17 komme
702 1053 92 18 sämedels
807 1055 27 16 att
846 1052 63 19 direkt
922 1052 66 18 under-

236 1082 63 17 stödas
320 1081 42 18 med
381 1084 26 16 ett
425 1082 165 18 sammanräknadt
608 1082 66 23 belopp
693 1082 20 18 af
728 1082 86 22 omkring
827 1081 92 22 1,500,000
931 1081 57 22 mark,

236 1116 45 16 som,
302 1111 24 18 dä
345 1111 57 17 totala
420 1111 104 18 kostnaden
543 1111 29 18 för
590 1111 139 22 anläggningen
745 1111 93 18 beräknas
856 1111 28 17 till
897 1110 92 22 5,001,000

236 1140 58 21 mark,
315 1140 93 23 uppginge
427 1141 29 17 till
475 1142 85 16 närmare
578 1145 23 13 en
621 1140 92 23 tredjedel
733 1139 20 18 af
771 1139 218 23 anläggningskapitalet.

236 1168 33 18 Att
281 1169 51 18 såväl
347 1169 110 18 kommuner
469 1173 39 14 som
519 1169 86 18 enskilda
614 1169 28 17 för
652 1168 164 19 ästadkommande
823 1169 20 17 af
848 1168 141 23 ifrågavarande

234 1198 80 22 järnväg
333 1197 60 18 iklädt
411 1198 28 23 sig
451 1199 20 17 sä
485 1197 104 24 betydande
602 1197 134 24 uppoffringar,
749 1198 75 17 bevisar
836 1198 24 22 pä
872 1200 28 15 ett
912 1197 77 18 släende

236 1228 38 16 sätt
292 1227 43 18 icke
355 1227 66 18 endast
439 1228 89 17 intresset
546 1227 28 18 för
592 1227 34 18 och
646 1227 32 18 det
694 1227 85 22 värkliga
791 1227 87 18 behofvet
888 1222 22 32 af
922 1226 67 20 banan,

236 1258 45 15 utan
301 1258 20 15 är
340 1255 54 18 äfven
413 1256 68 18 hittills
495 1256 114 17 enastående
622 1256 34 17 och
668 1256 64 17 tillika
742 1255 29 18 för
783 1255 101 18 framtiden
898 1255 91 23 exempel-

236 1284 90 23 gifvande
341 1285 7 17 i
362 1284 35 18 den
411 1285 84 22 riktning
508 1285 104 18 Ständerna
624 1285 30 17 vid
668 1285 46 18 1900
726 1285 30 17 års
769 1284 90 23 landtdag
871 1286 62 16 ansett
945 1284 46 17 böra

236 1313 61 18 insläs
320 1313 115 19 beträffande
454 1315 63 20 banor,
530 1314 62 17 hvilka
605 1315 33 16 äro
650 1313 78 19 afsedda
740 1316 27 15 att
780 1313 99 23 tillgodose
892 1319 39 12 mer
944 1313 46 18 eller

236 1343 74 17 mindre
329 1343 62 18 lokala
407 1343 61 19 behof.
493 1343 41 18 Den
548 1343 104 22 åberopade
666 1343 156 22 offervilligheten
835 1342 29 18 till
878 1342 71 18 förmån
962 1341 29 18 för

236 1367 138 28 Åbo—Nystad
392 1371 60 18 banan
471 1373 20 16 är
509 1373 20 16 sä
547 1372 74 23 mycket
639 1377 51 12 mera
708 1371 140 22 beaktansvärd,
862 1376 38 13 som
914 1371 28 18 till
955 1371 34 18 och

238 1401 42 17 med
294 1403 44 15 utan
355 1401 20 17 sä
392 1401 105 23 betydande
511 1401 132 22 uppoffringar,
656 1401 156 22 förutsättningar
822 1400 28 18 för
863 1400 71 18 banans
947 1400 43 23 byg-

236 1429 62 23 gande
317 1430 23 22 pä
355 1430 120 18 statsvärkets
488 1429 102 19 bekostnad
602 1429 60 23 enligt
674 1430 32 18 vär
720 1429 55 19 tanke
789 1429 101 18 förefinnas
905 1431 49 16 utom
967 1429 24 23 pä

237 1458 23 18 de
273 1458 21 18 af
304 1464 31 12 oss
352 1458 134 19 ofvananförda
498 1459 82 23 grunder
591 1458 69 24 jämväl
673 1459 7 17 i
693 1459 36 18 den
741 1458 169 23 omständigheten,
923 1460 26 16 att
961 1464 30 17 ge-

312 1500 185 23 Järnvägsutikottets
509 1500 109 18 betänkande
630 1500 34 18 N:o
676 1502 16 16 2.
