1114 1770
234 157 29 21 12
369 155 85 23 Ständ.
472 156 53 22 Pet.
543 168 26 3 —
585 155 175 23 Petitionsbet.
781 155 40 21 N:o
836 154 22 22 %.

298 214 140 27 Öfversättning.

299 252 89 18 Afskrift.

515 275 117 26 Protokoll,
647 275 58 22 fördt
720 276 35 21 vid
769 282 25 14 en
806 274 22 22 af
838 275 160 21 undertecknad

448 304 201 27 Fängelsedirektör
665 304 103 27 lördagen
784 304 40 21 den
840 304 11 21 7
867 304 59 21 Mars
943 304 55 21 1903

447 333 109 21 verkstäld
571 333 162 27 undersökning
743 333 7 20 i
761 332 115 27 anledning
885 332 23 21 af
916 338 26 15 en
954 332 47 22 utaf

446 360 118 28 fängelsets
580 362 145 21 vaktmästare
739 361 59 22 Elias
809 361 91 21 Mattero
910 360 28 22 kl.
950 361 48 27 21/,

446 390 29 26 på
497 392 73 19 natten
591 393 47 18 mot
659 390 66 27 sagda
741 390 42 27 dag
798 389 91 27 afgifven
904 391 94 25 rapport,

446 418 112 22 föranledd
574 418 89 26 därutaf,
682 421 31 19 att
728 418 219 27 poliskommissarien
962 418 36 21 vid

446 447 109 21 detektiva
575 447 135 27 afdelningen
726 447 7 20 i
749 447 93 26 Viborgs
861 446 47 22 stad
924 446 73 21 Kaito-

448 475 88 27 kangas,
557 475 27 27 på
606 475 116 28 befallning
742 475 24 21 af
786 475 138 22 Guvernören
939 475 7 21 i
962 475 36 21 Vi-

447 504 66 27 borgs
536 504 40 25 län,
592 504 7 21 i
614 504 100 21 frånvaro
735 504 41 21 och
797 505 51 20 utan
867 503 96 22 tillstånd
978 503 23 21 af

447 533 161 21 undertecknad
629 533 101 25 direktör,
751 532 122 21 ännämnda
892 534 48 19 natt
953 531 45 22 vid-

447 568 51 20 pass
513 561 28 21 kl.
564 562 6 20 2
587 561 79 27 nödgat
681 562 159 20 vaktmästaren
855 562 31 20 att
896 560 46 21 från
954 560 44 21 tän-

448 590 69 26 gelset
540 590 94 21 utlämna
656 589 35 21 för
714 589 56 22 stöld
785 589 91 21 häktade
891 588 108 22 Gårdfari-

446 618 136 22 handlanden
597 618 53 22 Ivan
667 618 59 22 Silin.

310 680 41 22 Till
372 680 54 22 först
446 680 78 22 hördes
539 680 235 27 fängelsebokhällaren
790 680 66 22 Arvid
872 680 126 26 Strählman,

241 714 47 16 som
304 709 117 26 berättade,
437 711 32 19 att
484 709 27 21 dä
526 709 47 24 han,
589 708 52 22 efter
657 711 31 19 att
703 708 63 22 hafva
781 708 105 28 aflägsnat
898 709 33 27 sig
940 709 59 21 hem-

240 737 56 21 ifrän
320 738 55 21 blott
394 738 32 21 för
451 738 25 21 sä
497 738 50 26 läng
562 738 35 25 tid,
615 744 46 15 som
677 738 135 22 erfordrades
827 737 33 21 för
874 738 79 20 honom
969 739 31 19 att

239 766 53 26 följa
307 767 33 21 sin
356 767 74 21 moder
446 766 33 21 till
494 766 81 26 staden,
590 766 36 22 vid
641 772 51 22 pass
707 767 28 21 kl.
751 767 25 20 11
794 773 17 14 e.
826 772 28 15 m.
864 766 41 21 den
916 766 13 21 6
941 766 59 21 Mars

240 794 117 22 ätervände
380 795 54 25 hem,
457 795 78 21 räkade
558 795 41 21 han
621 794 84 22 utanför
721 795 127 27 palissaden,
864 800 46 16 som
926 800 74 21 omger

239 822 113 28 fängelset,
368 823 46 27 fyra
430 825 55 24 män,
501 823 23 21 af
536 823 71 22 hvilka
622 830 25 15 en
669 823 116 22 förestälde
800 824 33 26 sig
848 824 70 20 säsom
934 823 65 27 polis-

237 851 167 23 kommissarien
425 852 148 27 Kaitokangas
588 852 45 25 och,
654 853 49 21 med
718 852 104 22 förmälan
838 854 31 19 att
883 851 117 27 fängelsets

238 880 96 21 direktör
357 880 18 27 ej
400 881 48 21 stod
473 882 30 19 att
525 880 78 25 träffas,
626 880 85 27 yrkade,
734 881 67 26 enligt
820 880 144 21 förordnande
978 880 24 21 af

239 908 142 22 Guvernören
398 909 7 21 i
420 909 95 27 Viborgs
530 909 41 26 län,
587 911 32 19 att
634 915 25 15 ur
670 909 107 28 fängelset
787 908 45 22 utfä
844 909 91 20 häktade
946 909 52 20 Ivan

240 937 60 26 Silin,
322 937 80 22 hvilket
424 937 95 27 yrkande
538 937 137 22 bokhällaren
693 937 120 22 Strählman
829 937 63 22 likväl
908 937 6 21 i
930 937 70 22 direk-

240 967 75 20 törens
337 965 100 22 fränvaro
461 966 18 27 ej
495 966 67 27 ansäg
577 966 33 27 sig
624 966 73 21 kunna
713 966 134 27 tillmötesgä,
863 965 85 22 hvarför
962 971 38 21 po-

240 993 195 23 liskommissarien
449 995 146 27 Kaitokangas
605 994 231 28 uppmärksamgjorde
846 994 79 21 honom
935 994 67 27 därpä

240 1025 33 19 att
288 1023 138 21 bokhällaren
439 1023 25 27 ju
480 1024 7 20 i
503 1023 132 21 direktörens
650 1023 101 21 fränvaro
765 1023 71 21 sköter
847 1023 80 21 dennes
938 1024 62 26 göro-

239 1050 51 22 mäl.
320 1051 143 21 Bokhällaren
491 1052 120 21 Strählman
633 1052 125 21 meddelade
781 1051 219 27 poliskommissarien

240 1079 149 27 Kaitokangas
408 1082 32 19 att
461 1080 40 22 den
523 1080 78 22 äskade
622 1080 102 28 ätgärden
740 1087 39 14 var
794 1079 22 22 af
830 1080 41 21 den
886 1082 68 21 natur,
970 1081 31 19 att

236 1108 50 26 han,
311 1108 127 25 Strählman,
462 1109 27 21 dä
511 1109 119 21 direktören
655 1109 50 27 själf
723 1116 38 14 var
776 1109 7 21 i
798 1108 71 27 tjänst,
884 1108 68 22 ehuru
967 1108 33 21 för

238 1136 94 22 tillfället
346 1137 7 21 i
370 1138 81 26 staden,
468 1138 45 21 icke
528 1138 7 20 i
551 1138 57 21 detta
623 1138 35 21 fall
674 1138 71 21 kunde
756 1138 101 26 ingripa
847 1132 13 37 i
868 1137 132 21 direktörens

240 1165 179 27 tjänstegöromäl
435 1166 40 21 och
491 1166 117 22 anmodade
623 1166 80 22 honom
719 1168 30 20 att
765 1167 87 20 invänta
868 1166 132 21 direktörens

240 1194 126 22 äterkomst.

310 1222 266 28 Fängelsevaktmästaren
594 1223 60 22 Elias
669 1224 99 25 Mattero,
784 1224 8 20 i
807 1222 66 22 saken
888 1222 60 26 hörd,
965 1222 36 21 be-

238 1251 86 21 rättade
338 1250 107 28 följande
434 1246 13 37 :

310 1280 93 26 Vidpass
425 1280 28 21 kl.
476 1281 24 21 11
517 1280 28 27 pä
560 1280 85 22 aftonen
662 1280 41 21 den
719 1281 13 21 6
747 1280 59 22 Mars
822 1280 86 21 väcktes
923 1280 41 20 han
980 1279 23 21 af

241 1308 34 21 sin
292 1308 84 26 hustru,
393 1314 46 15 som
456 1309 124 21 meddelade
598 1311 31 19 att
644 1315 25 15 en
686 1309 206 26 poliskommissarie
907 1308 95 21 önskade

238 1336 55 21 räka
319 1337 166 26 vaktmästaren,
509 1337 86 22 hvarför
617 1338 74 25 denne,
717 1337 55 22 efter
794 1339 32 20 att
847 1336 62 22 hafva
930 1337 71 21 kastat

239 1364 81 22 rocken
336 1365 28 27 pä
380 1366 38 26 sig,
434 1365 109 28 skyndade
564 1368 27 23 ut,
607 1366 38 21 där
661 1372 26 15 en
703 1372 86 21 person,
804 1365 144 22 framvisande
962 1371 38 20 po-

238 1393 108 27 lisbricka,
365 1393 117 23 förestälde
500 1395 33 26 sig
555 1395 70 21 såsom
648 1395 221 27 poliskommissarien
885 1393 116 22 Kaitokan-

241 1428 39 21 gas
296 1422 40 21 och
353 1423 51 21 sade
420 1423 33 26 sig
468 1423 23 21 af
503 1423 68 21 länets
588 1423 113 22 Guvernör
716 1423 64 21 hafva
795 1423 100 27 mottagit
910 1421 91 28 skriftlig

239 1450 66 21 order
321 1454 32 19 att
368 1457 25 15 ur
408 1451 107 27 fängelset
529 1454 74 24 uttaga
617 1458 26 15 en
659 1452 45 21 viss
714 1458 88 21 person.
826 1451 50 22 Med
887 1451 114 26 anledning
