1111 1778
354 167 218 20 Motionsbetänkande
585 168 37 19 N:o
636 168 16 19 1.
858 170 22 16 99

128 228 69 29 lighet
213 229 170 26 vidkommmer,
401 229 44 22 och
462 228 88 23 hvilken
566 229 6 21 i
589 228 42 23 alla
648 228 118 23 händelser
777 231 22 20 är
811 228 71 23 alltför

130 264 54 29 hög.

201 300 49 22 Den
267 300 204 28 omständigheten,
487 301 31 21 att
533 300 81 29 jämväl
630 300 41 28 gift
686 300 81 23 kvinna
785 301 38 21 vid
833 299 48 23 råd-

130 336 137 22 husstämma
280 336 78 22 kunde
374 337 56 27 göra
446 336 33 21 sin
496 337 47 21 röst
559 336 63 26 hörd,
638 335 54 23 talar
708 336 6 21 i
730 336 33 22 sin
780 336 51 22 mån
847 335 35 23 för

129 371 111 28 ärendets'
256 371 123 29 afgörande
403 371 14 22 å
431 370 194 31 rådhusstämma.
662 371 34 22 En
719 371 163 29 familjemoder

131 407 60 27 lider,
215 413 38 16 om
277 407 83 29 någon,
382 407 21 22 af
421 408 177 22 alkoholismens
618 407 87 28 följder,
722 408 43 21 och
783 414 37 15 om
837 407 43 22 den

131 442 53 22 brist
200 442 28 29 på
244 443 120 28 inflytande
381 443 6 22 i
403 443 124 26 samhället,
544 443 88 22 hvilken
644 443 46 22 hon
702 443 73 22 hittills
786 443 39 22 fått
835 443 47 22 vid-

133 478 91 27 kännas,
241 481 23 20 är
279 480 30 21 att
324 485 55 16 anse
396 479 76 22 såsom
494 485 28 16 en
539 479 110 26 orättvisa,
666 479 127 22 framträder
809 479 73 22 denna

131 515 104 22 orättvisa
256 516 59 21 ännu
331 521 47 16 mer
394 515 103 22 skriande
513 515 44 28 just
573 515 6 22 i
596 515 74 22 denna
686 514 68 29 fråga,
771 515 87 22 hvilken
876 515 6 22 i

131 549 25 22 så
176 550 110 29 väsentlig
309 551 55 28 grad
380 551 67 22 berör
462 551 85 22 hennes
564 557 59 22 egen
640 551 45 22 och
701 551 85 22 hennes
801 550 81 29 familjs

132 585 77 23 fördel.

204 622 43 22 Det
262 623 39 22 har
316 623 110 26 invändts,
443 624 30 21 att
489 629 28 16 en
529 623 62 22 hvart
600 622 70 29 tredje
682 622 12 23 å
705 622 177 23 rådhusstämma

132 657 115 29 företagen
263 658 190 29 folkomröstning
468 658 71 23 skulle
555 659 90 22 försätta
662 658 116 23 lidelserna
795 659 4 21 i
808 658 75 23 alltför

133 693 69 29 häftig
220 695 88 21 rörelse.
340 694 114 22 Måhända
475 694 70 22 skulle
562 693 44 23 ock
622 694 74 22 denna
712 695 124 27 skuggsida
852 694 30 22 till

131 735 29 15 en
177 729 77 29 början
269 736 61 22 yppa
346 730 41 28 sig.
418 730 55 22 Men
489 730 62 22 inom
567 730 49 22 kort
632 730 71 22 skulle
720 730 162 28 medborgarne

132 766 65 28 vänja
221 766 35 28 sig
279 766 36 22 vid
338 767 30 21 att
391 766 64 28 lugnt
470 766 105 28 begagna
591 766 34 22 sin
642 766 131 22 vidsträckta
789 766 93 26 rösträtt,

132 802 44 20 och
193 801 91 23 komme
301 802 66 22 dessa
378 802 13 22 å
402 801 117 23 bestämda
533 802 56 22 tider
600 801 73 23 hållna
684 802 198 25 rådhusstämmor,

132 837 38 22 vid
194 836 72 24 hvilka
286 838 42 22 lika
347 838 86 22 rösträtt
453 837 73 23 blefve
541 837 121 29 tillämpad,
680 838 29 22 att
725 844 42 22 ega
784 844 27 15 en
828 843 54 23 upp-

133 872 113 23 fostrande
273 873 115 29 betydelse
415 874 34 22 för
477 873 280 23 rösträttsförhållandenas
782 873 102 22 framtida

134 908 144 29 reformering
293 910 6 21 i
316 916 27 16 en
363 910 111 22 rättvisare
491 910 44 22 och
552 915 47 16 mer
615 909 150 22 demokratisk
781 909 101 28 riktning.

205 944 53 23 Man
281 945 65 22 torde
369 945 65 23 äfven
457 945 108 27 förmena,
589 946 30 21 att
643 945 129 22 utöfvandet
795 945 22 22 af
840 944 43 22 den

134 980 143 23 kommunala
300 981 162 22 förbudsrätten
483 981 136 22 beträffande
636 980 173 29 alkoholhaltiga
822 981 61 28 dryc-

134 1016 44 27 ker,
202 1016 74 22 derest
299 1017 132 28 afgörandet
458 1017 178 22 öfverlämnades
657 1016 22 22 åt
700 1016 184 26 rådhusstämma,

133 1052 71 21 skulle
220 1052 6 21 i
243 1052 71 23 alltför
330 1053 48 28 hög
393 1053 55 28 grad
465 1053 67 22 blifva
544 1052 114 23 beroende
669 1053 22 21 af
701 1052 106 28 tillfälliga
818 1053 66 27 dags-

133 1088 125 27 opinioner.
289 1088 98 27 Tvänne,
405 1089 54 22 efter
482 1088 123 23 hvarandra
621 1088 99 28 följande
736 1088 149 22 rädhusstäm-

134 1129 49 16 mor
199 1123 75 23 kunde
289 1124 52 22 fatta
359 1125 103 21 motsatta
479 1124 79 25 beslut,
576 1124 45 22 och
636 1124 86 28 följden
738 1124 60 22 häraf
813 1123 71 23 skulle

134 1159 67 22 blifva
218 1160 68 21 oreda
302 1160 44 22 och
363 1161 118 21 osäkerhet
496 1161 2 21 i
510 1160 28 22 de
555 1160 145 22 kommunala
711 1159 172 23 förhållandena.

134 1195 42 22 Vid
201 1196 29 21 ett
253 1198 100 20 närmare
377 1195 167 29 öfvervägande
560 1196 21 22 af
596 1195 77 29 frägan
694 1195 101 23 befinnes
811 1195 74 22 denna

133 1231 91 28 farhäga
242 1232 59 21 dock
317 1231 122 29 obefogad.
472 1231 50 23 Den
539 1231 144 28 nödvändiga
695 1231 189 29 röstpluraliteten,

135 1266 28 29 2/3
183 1267 21 22 af
224 1267 102 29 samtliga
349 1267 112 27 röstande,
482 1270 23 19 är
521 1267 24 22 sä
562 1269 52 25 stor,
631 1268 30 21 att
678 1267 43 22 den
738 1267 47 22 icke
801 1267 85 22 lämnar

135 1309 47 15 rum
198 1302 35 23 för
248 1303 105 28 plötsliga
373 1303 193 28 öfverraskningar
582 1303 52 22 eller
652 1303 105 28 tillfälliga
774 1303 89 28 omslag
879 1303 6 21 i

135 1339 44 21 den
203 1339 109 22 allmänna
337 1339 129 29 opinionen.
499 1339 56 22 Vida
576 1340 69 21 större
665 1339 69 22 skada
750 1339 34 22 för
799 1339 87 22 förvalt-

135 1375 82 28 ningen
230 1375 21 22 af
262 1375 28 22 de
306 1375 145 22 kommunala
467 1375 218 29 angelägenheterna
700 1375 73 22 kunde
785 1375 101 22 deremot

135 1410 68 22 vällas
228 1411 66 26 deraf,
318 1412 31 21 att
372 1411 130 22 utöfvandet
522 1411 21 21 af
559 1411 44 21 den
620 1411 143 21 kommunala
783 1410 103 22 förbuds-

134 1447 70 21 rätten
227 1446 73 22 blefve
323 1446 116 23 förstärkta
463 1446 200 29 stadsfullmäktige
679 1446 72 28 älagd.
783 1446 7 22 I
807 1445 80 23 sådant

135 1482 36 21 fall
195 1482 73 22 blefve
283 1482 81 28 jämväl
380 1482 65 22 valen
461 1482 22 22 af
499 1482 110 22 ordinarie
625 1482 198 28 stadsfullmäktige
839 1482 47 21 tvif-

134 1518 101 22 velsutan
251 1518 94 22 föremål
360 1518 35 22 för
411 1524 27 16 en
455 1518 70 29 häftig
541 1518 114 28 agitation.
687 1518 199 28 Stadsfullmäktig-
