1114 1775
323 151 247 23 Petitionsbetänkande
587 151 38 23 N:o
641 151 24 21 4.
802 153 40 19 167

120 217 114 23 Uleäborg—
242 213 62 32 Vaala

119 248 66 18 banan
202 260 111 4 .......
326 246 116 18 subvention
452 246 53 18 Fmk.
517 246 98 21 1,578,500,
626 246 83 18 statslän
717 246 53 17 Fmk.
780 246 94 21 1,800,000

121 277 120 24 Björneborg
246 287 12 2 —
266 277 49 18 Kan-

120 307 92 22 kaanpää
224 307 64 18 banan
311 321 3 3 .
384 321 8 7 »
476 321 8 7 »
518 307 95 21 2,200,000
664 321 7 6 N
736 321 8 6 »
778 305 96 22 —2,500,000

348 343 78 18 Summa
451 343 53 17 Fmk.
519 343 94 21 3,778,500
711 342 53 17 Fmk.
778 341 96 22 4,300,000

192 390 45 23 För
260 390 46 23 den
330 390 112 23 händelse
469 391 34 21 att
522 390 70 23 dessa
616 389 88 29 förslag
725 389 148 29 godkännas,

122 427 42 22 bör
178 426 40 23 vid
234 426 164 29 uppgörandet
415 426 23 22 af
449 425 324 23 kommunikationsfondens
785 425 90 28 budget

121 463 37 22 för
183 462 191 29 finansperioden
405 465 114 20 1905-07
545 461 138 23 observeras
708 461 42 22 här
776 461 99 22 anförda

122 498 89 29 belopp,
227 498 121 29 nämligen

181 545 35 23 för
232 546 28 22 de
276 545 74 23 under
367 546 20 22 A
403 545 89 23 nämda
507 545 102 30 linjerna
626 545 58 22 Fmk
702 549 117 23 5,700,000

368 581 18 23 B
559 600 10 10 »”
653 600 10 9 »
702 585 118 23 3,778,500

510 624 98 22 Summa
625 624 60 22 Fmk
702 627 118 23 9,478,500

196 601 10 9 ”
241 601 11 9 »
311 601 9 9 ”

194 684 25 23 C.
251 684 99 23 Utöfver
366 684 70 22 dessa
451 684 90 29 förslag
557 684 42 22 har
613 683 121 24 Utskottet
746 683 128 23 beträffan-

127 720 29 23 de
172 720 76 28 öfriga
263 721 8 21 i
287 720 118 22 särskildä
422 720 120 22 memorial
559 713 152 29 framkomna
729 719 98 29 projekt,
845 720 30 28 pä

124 756 52 23 skäl
192 762 51 16 som
259 756 8 22 i
282 756 154 28 inledningen
454 756 36 22 till
506 756 65 22 detta
587 755 149 23 betänkande
754 755 52 28 (sid.
824 757 51 25 105)

125 792 96 27 anförts,
238 792 52 23 icke
307 792 79 23 funnit
402 792 109 29 lämpligt
527 792 34 22 att
575 791 99 28 förorda,
687 792 34 22 att
732 792 143 29 proposition

125 828 123 29 angäende
275 828 44 23 den
346 835 45 16 ena
417 828 57 22 eller
499 828 74 23 andra
592 827 91 23 banans
701 827 126 29 byggande
844 834 33 15 nu

125 865 75 22 skulle
217 865 106 28 begäras,
341 871 53 16 men
412 864 38 22 väl
467 865 36 21 att
518 863 99 23 rörande
634 870 29 16 en
681 863 37 22 del
730 863 24 23 af
765 863 53 23 dem
831 863 45 22 den

125 903 107 20 närmare
252 900 134 29 utredning,
412 906 50 16 som
487 901 8 21 i
515 899 116 23 särskilda
649 899 229 28 resolutionsförslag

126 936 120 29 angifvits,
270 936 76 23 skulle
370 935 125 24 anskaffas
516 935 35 23 för
572 937 34 20 att
622 935 39 22 vid
677 936 70 21 nästa
762 935 116 28 landtdag

125 973 85 28 utgöra
234 973 33 21 ett
284 972 80 22 säkert
380 971 117 29 underlag
512 971 35 23 för
563 971 30 22 dä
609 971 148 22 förestäende
774 971 103 22 behand-

126 1008 50 29 ling
193 1007 24 23 af
233 1007 61 23 dem.
326 1008 77 22 Dessa
421 1007 74 23 banor
511 1010 49 19 äro:

127 1057 14 16 1.
168 1055 266 23 Suolahti-Gamlakarleby,
443 1056 28 17 al-

168 1087 93 17 ternativt
270 1086 82 21 Bennäs,
357 1086 61 23 jämte
428 1085 44 18 där-

168 1116 28 17 till
208 1116 86 18 hörande
307 1116 123 22 anknytning
441 1115 30 18 till

168 1146 110 18 farlederna
293 1147 7 16 i
316 1145 93 24 Kivijärvi
429 1145 42 18 vat-

168 1175 82 24 tondräk.
268 1190 23 4 va
306 1190 166 4 sumaa
393 1171 9 32 a
412 1171 30 32 mä
449 1171 27 32 aa
486 1175 110 23 ungefärlig
609 1175 81 18 kostnad
705 1175 52 17 Fmk.
773 1174 105 22 17,700,000

127 1206 16 17 2.
168 1200 140 28 Äbo-Nystad
324 1219 147 4 .........
548 1220 8 6 »
652 1219 8 7 »
725 1219 7 7 »
754 1194 18 40 =
784 1204 95 22 5,001,000

127 1236 16 17 3.
169 1236 161 18 Lahti-Heinola
342 1250 130 3 ........
547 1250 8 7 =
651 1232 11 30 »”
721 1232 12 30 »”
784 1234 95 22 3,930,000

127 1266 16 17 4.
169 1266 27 18 St.
213 1266 81 18 Michel-
304 1261 108 32 Jyväskylä
432 1279 41 4 ...
548 1279 7 7 5
655 1279 8 7 5
724 1279 8 7 »
772 1264 107 22 10,220,000

127 1296 16 17 5.
169 1296 27 17 St.
210 1296 170 22 Michel-Nyslott
397 1309 76 4 .....
549 1310 8 6 5
656 1309 8 7 5
725 1308 8 8 -
784 1294 96 22 8,334,000

127 1327 16 16 6.
169 1325 122 19 Pieksämäki
325 1325 149 19 Jorois—Var-

169 1356 49 18 kaus
238 1369 235 5 nn
544 1352 12 29 »”
655 1369 8 7 »
725 1369 8 7 »
784 1354 96 20 3,600,000

130 1386 15 17 7.
172 1386 193 18 Sairala-Kexholm
380 1399 95 4 ......
549 1399 8 8 5
657 1399 8 7 »
727 1399 8 6 5
786 1384 94 21 5,320,000

199 1439 52 23 Den
280 1440 181 29 approximativt
488 1438 135 24 beräknade
649 1438 72 23 totala
746 1437 132 23 kostnaden

129 1475 34 23 för
179 1475 111 29 samtliga
306 1475 70 23 dessa
388 1476 133 28 järnvägar
537 1475 73 28 stiger
626 1475 7 21 i
649 1474 71 22 rundt
731 1473 33 23 tal
776 1474 35 21 till
823 1480 18 15 c.
852 1477 28 18 54

199 1523 186 23 Järnvägsutskottets
398 1523 111 17 betänkande
524 1522 32 18 N:o
568 1523 17 17 2.
