1111 1761
273 154 347 23 Petitionsbetänkande
635 153 51 23 N:o
703 155 27 21 7.
847 155 28 21 79

123 221 7 20 i
147 221 95 21 främsta
259 223 101 18 rummet
375 227 54 15 vore
446 223 33 18 att
490 221 76 26 föregå
578 221 71 21 folket
661 221 52 20 med
726 221 104 26 exempel
842 221 30 28 på

123 251 81 26 sedligt
216 251 106 26 lefverne,
335 251 99 26 iakttaga
446 253 31 18 ett
488 253 95 19 motsatt
595 250 150 28 uppförande.
770 251 104 20 Sålunda

123 281 113 20 anmältes
252 283 15 18 t.
283 287 33 14 ex.
329 281 37 19 vid
378 280 115 21 läsförhör
505 283 90 18 senaste
607 280 75 21 vinter
692 287 39 14 om
743 283 78 18 ortens
832 287 41 14 nu-

122 310 102 21 varande
252 311 108 20 länsman
386 310 86 20 Arthur
499 310 116 21 Fabritius
641 312 33 18 att
696 310 48 21 han
760 310 114 27 offentligt

122 340 120 27 ådagalagt
258 339 127 28 osedlighet
401 340 44 20 och
461 340 96 27 uppfört
568 340 34 27 sig
614 340 92 26 mycket
717 340 155 27 oanständigt,

122 370 95 20 hvilken
242 370 110 20 anmälan
376 370 25 20 af
422 370 252 26 Kyrkoherdeembetet
693 370 129 21 befordrats
838 370 35 20 till

123 400 59 20 Herr
198 399 162 21 Guvernörens
376 399 134 21 kännedom
527 400 7 20 i
551 399 108 22 afseende
676 400 13 20 å
700 400 138 26 vidtagande
850 400 23 20 af

122 430 28 20 de
167 429 112 26 åtgärder,
295 429 93 21 hvartill
405 430 228 27 omständigheterna
650 429 78 22 kunde
745 429 127 22 föranleda.

123 459 144 21 Polisförhör
282 459 43 21 har
341 460 52 20 med
409 459 126 28 anledning
551 460 69 21 häraf
634 459 84 26 hållits,
731 466 52 15 men
796 459 76 27 någon

122 489 106 28 praktisk
244 489 87 27 påföljd
348 489 67 21 däraf
429 490 42 20 har
488 491 65 19 ännu
570 489 18 27 ej
605 489 60 22 visat
681 489 40 27 sig.

195 549 115 21 Ruskeala
326 549 44 21 den
389 550 24 19 11
431 549 48 21 Juli
498 550 62 20 1902.

604 615 19 21 J.
640 615 122 21 Jalkanen.

606 650 156 28 Kyrkoherde.

194 716 120 28 Utdragets
338 716 105 28 riktighet
467 718 131 26 bestyrker:
616 716 114 22 Ruskeala
746 716 46 22 den
809 718 12 20 7
835 717 35 27 ja-

121 747 66 20 nuari
207 748 63 20 1905.

639 777 20 21 J.
676 776 121 22 Jalkanen.

642 813 155 26 Kyrkoherde.

187 1514 58 19 Särsk,
258 1515 49 16 Besv.
320 1515 44 17 utsk.
376 1516 30 16 bet.
419 1515 34 18 N:o
465 1520 18 15 4.
