1114 1775
256 144 347 24 Petitionsbetänkande
619 144 54 23 N:o
690 144 33 23 7.
840 147 29 20 47

115 212 163 26 kyrkoherden
295 211 7 21 i
318 211 116 27 egenskap
459 212 26 20 af
506 211 127 21 klockaren
655 211 78 21 Johan
750 211 119 21 Suninens

115 242 118 20 närmaste
249 240 91 22 förman
356 240 74 27 aldrig
446 241 50 21 haft
514 241 52 21 skäl
582 243 33 18 att
631 247 41 15 ens
687 241 88 21 tilldela
792 241 78 21 denne

116 271 104 26 varning,
237 272 30 20 än
283 271 90 21 mindre
390 272 33 19 att
439 273 49 18 mot
504 271 89 20 honom
609 270 92 27 vidtaga
717 270 152 27 disciplinära

116 301 112 26 åtgärder,
245 301 55 20 enär
316 301 54 26 han,
387 300 62 20 hvad
465 300 111 21 lefvernet
592 300 115 26 beträffar,
725 301 25 20 är
766 307 28 14 en
807 300 60 21 oför-

115 330 65 27 vitlig
204 337 54 14 man
282 331 44 20 och
342 330 8 21 i
366 330 50 21 sina
448 329 223 28 tjänsteåligganden
698 330 98 27 ödmjuk
823 331 46 20 och

116 360 152 27 plikttrogen;
284 362 32 18 att
332 359 127 22 klockaren
479 359 106 22 Suninen
605 359 74 27 aldrig
694 360 73 27 glömt
783 360 28 21 de
827 367 42 14 an-

117 390 172 26 daktsstunder,
306 396 50 14 som
373 389 29 28 på
420 389 125 27 Kejserliga
565 389 165 27 högtidsdagar
746 389 58 21 böra
820 390 49 21 hål-

116 420 42 25 las,
171 421 41 19 "än
237 419 88 21 mindre
342 421 79 26 vägrat
440 421 33 19 att
492 419 4 21 i
512 419 53 21 dem
582 420 97 26 deltaga,
696 421 56 19 utan
768 421 101 19 tvärtom

117 449 65 21 alltid
206 449 30 28 på
259 451 71 19 utsatt
352 449 40 26 tid,
417 449 25 20 så
467 450 44 21 ock
528 449 29 27 på
574 449 65 21 Hans
656 449 125 27 Kejserliga
802 449 68 28 Maje-

116 480 57 20 stäts
197 479 59 27 höga
280 479 129 26 namnsdag
432 479 45 20 den
496 479 26 21 19
539 479 128 21 December
684 479 63 27 1903,
764 479 105 21 infunnit

117 509 34 27 sig
174 509 8 20 i
206 509 90 27 kyrkan
312 509 36 20 för
364 511 32 19 att
412 509 95 20 förrätta
524 509 36 20 sin
576 509 81 27 tjänst;
673 511 33 18 att
721 511 15 19 t.
753 509 15 20 f.
786 509 83 27 kyrko-

117 539 87 21 herden
228 539 142 20 beträffande
392 538 38 21 det
447 539 6 20 i
471 539 129 20 käromälet
616 539 103 21 nämnda
737 539 133 26 betydande

117 569 196 27 meningsutbytet
335 569 43 20 har
401 569 34 26 sig
451 568 58 21 intet
525 568 93 27 bekant,
635 568 88 21 hvilket
737 569 88 27 jämväl
843 570 27 19 är

117 599 118 27 naturligt,
259 599 98 21 emedan
380 598 76 27 nägon
482 599 70 21 orsak
574 598 77 22 därtill
675 598 19 28 ej
719 599 151 25 förefunnits;

117 631 61 19 samt
194 631 32 18 att
242 628 69 28 enligt
327 629 60 20 hans
403 628 152 28 öfvertygelse
570 628 45 22 den
627 628 54 22 eller
692 629 35 25 de,
739 635 51 14 som
802 629 68 20 kom-

117 658 43 21 mit
183 658 174 28 ifrågavarande
379 658 107 21 käromäl
502 659 73 24 åstad,
593 658 147 28 synbarligen
756 658 115 21 åsidosatt

117 688 29 21 all
168 688 163 27 anständighet
351 689 43 20 och
411 688 101 27 sanning
528 690 61 19 samt
605 688 52 21 med
675 688 50 20 sina
741 688 129 27 grundlösa

117 718 115 27 uppgifter
255 718 67 20 afsett
344 720 33 19 att
400 718 111 21 vilseleda
534 718 65 27 Höga
616 714 152 25 Öfverhetens
785 718 84 20 Befall-

117 748 185 27 ningshafvande
325 748 8 20 i
357 748 57 27 syfte
431 750 34 18 att
480 748 131 27 dymedelst
626 748 73 20 skada
715 754 29 14 en
760 748 108 20 medbor-

117 784 61 21 gare,
199 778 95 20 hvilken
310 778 7 20 i
333 778 122 20 årtionden
473 778 53 21 med
543 778 88 20 erkänd
648 777 156 28 oförvitlighet
819 784 51 14 ver-

118 808 39 20 kat
178 808 78 20 såsom
272 808 58 21 både
347 807 160 21 ecklesiastisk
523 808 44 20 och
580 808 138 20 kommunal
729 807 141 27 tjänsteman

119 838 13 20 å
148 840 72 18 orten.

191 868 9 19 I
225 868 169 25 sammanhang
415 867 99 20 härmed
536 866 35 21 får
587 866 158 27 Domkapitlet
761 866 35 21 för
812 872 57 21 egen

119 897 37 20 del
177 897 81 20 anföra
279 897 18 26 ej
315 897 97 25 mindre,
429 899 33 18 att
478 899 14 18 t.
510 896 14 21 f.
542 896 163 27 kyrkoherden
722 897 98 20 Kunnas
837 903 34 14 re-

119 927 46 20 dan
182 926 7 21 i
206 933 28 14 en
248 927 128 26 berättelse,
387 926 96 21 hvilken
495 926 141 27 uppgjordes
648 925 35 22 för
693 926 178 27 biskopsvisita-

118 956 80 21 tionen
215 957 7 20 i
244 957 112 20 Jontseno
372 955 62 23 4%—7/6
452 957 65 26 1902,
534 963 38 14 om
585 956 124 21 klockaren
722 955 104 22 Suninen
838 956 34 20 af-

118 985 40 28 gaf
180 986 37 21 det
241 985 93 26 vitsord,
359 987 33 20 att
414 986 49 20 han
487 986 20 21 »i
532 986 50 20 sina
607 985 220 28 tjänsteäligganden
845 987 27 19 är

119 1016 107 27 punktlig
250 1016 44 21 och
318 1016 147 26 omsorgsfull
490 1017 61 20 samt
574 1015 7 21 i
603 1016 38 20 sitt
656 1015 101 21 lefverne
773 1015 96 27 stadgad

119 1045 45 22 och
180 1045 136 27 oförvitlig»,
334 1047 29 19 än
380 1045 43 21 ock
440 1047 33 19 att
489 1045 40 22 vid
545 1052 91 14 samma
653 1045 218 27 biskopsvisitation

119 1075 77 21 säsom
221 1082 53 14 svar
297 1075 29 27 pä
350 1075 116 21 visitators
483 1075 71 26 fräga,
571 1075 116 21 huruvida
704 1075 165 26 församlingen

119 1105 55 21 eller
197 1105 170 27 prästerskapet
391 1104 78 21 funnit
493 1105 50 21 skäl
567 1105 34 20 till
622 1105 183 26 anmärkningar
821 1107 50 18 mot

119 1135 178 27 församlingens
320 1135 186 27 kyrkobetjänte,
531 1135 62 20 hvad
617 1135 66 20 deras
699 1135 101 20 lefverne
816 1135 56 20 eller

119 1165 233 27 tjänsteverksamhet
373 1165 115 26 beträffar,
506 1165 114 21 uttalades
637 1166 31 19 att
685 1164 7 21 i
708 1164 113 21 intetdera
838 1164 33 21 af-

119 1195 95 21 seendet
230 1195 50 21 skäl
296 1194 34 21 till
342 1194 117 27 klagomål
471 1194 144 27 förefunnos,
627 1194 119 21 äfvensom
759 1196 32 18 att
802 1194 70 20 hvar-

119 1225 46 20 ken
182 1225 43 20 hos
242 1224 172 21 undertecknad
431 1224 86 28 biskop
534 1224 55 21 eller
606 1225 42 20 hos
660 1224 159 27 Domkapitlet
829 1224 43 20 nä-

118 1254 84 27 gonsin
218 1254 70 28 gjorts
304 1254 77 27 nägon
397 1260 51 14 som
465 1254 62 21 hälst
543 1254 157 26 anmärkning
715 1256 50 18 mot
776 1254 94 20 klocka-

119 1290 40 14 ren
184 1284 112 26 Suninen,
320 1284 94 21 hvarför
436 1284 20 27 ej
481 1284 75 21 häller
575 1284 39 20 det
629 1283 100 27 ringaste
745 1284 51 20 skäl
812 1283 61 21 före-

119 1314 90 20 funnits
226 1316 31 18 att
274 1316 48 18 mot
338 1314 88 20 honom
443 1314 94 26 vidtaga
553 1314 150 27 disciplinära
719 1313 112 27 ätgärder.

150 1344 32 20 Ur
206 1344 38 20 det
266 1344 136 26 föregäende
426 1344 109 26 framgär,
557 1344 62 20 huru
643 1343 60 21 falsk
727 1344 44 20 och
795 1342 7 21 i
824 1343 48 20 allo

119 1373 112 27 grundlös
242 1374 44 20 den
301 1374 32 20 uti
342 1373 164 21 Guvernörens
515 1373 7 20 i
530 1373 108 27 Wiborgs
648 1373 37 20 län
695 1372 176 21 ofvannämnda

119 1402 121 22 skrifvelse
246 1403 147 27 synbarligen
401 1402 78 22 såsom
489 1405 32 19 ett
527 1403 138 26 tillförlitligt
670 1402 90 21 faktum
767 1402 105 21 nämnda

119 1432 121 28 uppgiften
264 1434 31 23 är,
320 1435 31 18 att
367 1432 128 21 klockaren
516 1432 105 21 Suninen
638 1432 132 28 upprepade
786 1432 88 27 gånger

119 1462 75 21 skulle
219 1464 78 25 vägrat
320 1462 89 27 deltaga
425 1462 7 20 i
448 1463 30 20 de
493 1462 162 27 gudstjänster,
673 1468 50 14 som
741 1463 37 26 ägt
794 1468 52 14 rum
863 1462 10 19 i

192 1503 57 17 Särsk.
262 1503 49 17 Besv.
324 1503 42 17 utsk.
379 1504 28 16 bet.
421 1502 33 19 N:o
467 1503 19 17 4.
