<?xml version="1.0" encoding="UTF-8"?>
<alto xmlns="http://www.loc.gov/standards/alto/ns-v3#" xmlns:xlink="http://www.w3.org/1999/xlink" xmlns:xsi="http://www.w3.org/2001/XMLSchema-instance" xsi:schemaLocation="http://www.loc.gov/standards/alto/ns-v3# http://www.loc.gov/alto/v3/alto-3-0.xsd">
	<Description>
		<MeasurementUnit>pixel</MeasurementUnit>
		<sourceImageInformation>
			<fileName>/tmp/tess_f8iafv57_input.PNG</fileName>
		</sourceImageInformation>
		<OCRProcessing ID="OCR_0">
			<ocrProcessingStep>
				<processingSoftware>
					<softwareName>tesseract 5.3.4</softwareName>
				</processingSoftware>
			</ocrProcessingStep>
		</OCRProcessing>
	</Description>
	<Layout>
		<Page WIDTH="1114" HEIGHT="1778" PHYSICAL_IMG_NR="0" ID="page_0">
			<PrintSpace HPOS="0" VPOS="0" WIDTH="1114" HEIGHT="1778">
				<ComposedBlock ID="cblock_0" HPOS="304" VPOS="160" WIDTH="566" HEIGHT="24">
					<TextBlock ID="block_0" HPOS="304" VPOS="160" WIDTH="566" HEIGHT="24">
						<TextLine ID="line_0" HPOS="304" VPOS="160" WIDTH="566" HEIGHT="24">
							<String ID="string_0" HPOS="304" VPOS="160" WIDTH="279" HEIGHT="24" WC="0.47" CONTENT="Petitionsbetänkande"/><SP WIDTH="16" VPOS="160" HPOS="583"/>
							<String ID="string_1" HPOS="599" VPOS="161" WIDTH="44" HEIGHT="23" WC="0.96" CONTENT="N:o"/><SP WIDTH="18" VPOS="161" HPOS="643"/>
							<String ID="string_2" HPOS="661" VPOS="160" WIDTH="18" HEIGHT="22" WC="0.96" CONTENT="1."/><SP WIDTH="163" VPOS="160" HPOS="679"/>
							<String ID="string_3" HPOS="842" VPOS="162" WIDTH="28" HEIGHT="20" WC="0.96" CONTENT="27"/>
						</TextLine>
					</TextBlock>
				</ComposedBlock>
				<ComposedBlock ID="cblock_1" HPOS="115" VPOS="226" WIDTH="759" HEIGHT="1280">
					<TextBlock ID="block_1" HPOS="115" VPOS="226" WIDTH="757" HEIGHT="147">
						<TextLine ID="line_1" HPOS="115" VPOS="226" WIDTH="756" HEIGHT="28">
							<String ID="string_4" HPOS="115" VPOS="226" WIDTH="68" HEIGHT="28" WC="0.91" CONTENT="spräk"/><SP WIDTH="27" VPOS="226" HPOS="183"/>
							<String ID="string_5" HPOS="210" VPOS="227" WIDTH="103" HEIGHT="21" WC="0.87" CONTENT="förvisats"/><SP WIDTH="24" VPOS="227" HPOS="313"/>
							<String ID="string_6" HPOS="337" VPOS="226" WIDTH="49" HEIGHT="22" WC="0.91" CONTENT="frän"/><SP WIDTH="24" VPOS="226" HPOS="386"/>
							<String ID="string_7" HPOS="410" VPOS="226" WIDTH="86" HEIGHT="22" WC="0.92" CONTENT="landets"/><SP WIDTH="27" VPOS="226" HPOS="496"/>
							<String ID="string_8" HPOS="523" VPOS="226" WIDTH="79" HEIGHT="27" WC="0.93" CONTENT="högsta"/><SP WIDTH="23" VPOS="226" HPOS="602"/>
							<String ID="string_9" HPOS="625" VPOS="227" WIDTH="99" HEIGHT="26" WC="0.92" CONTENT="styrelse,"/><SP WIDTH="18" VPOS="227" HPOS="724"/>
							<String ID="string_10" HPOS="742" VPOS="226" WIDTH="70" HEIGHT="22" WC="0.93" CONTENT="delvis"/><SP WIDTH="17" VPOS="226" HPOS="812"/>
							<String ID="string_11" HPOS="829" VPOS="227" WIDTH="42" HEIGHT="21" WC="0.90" CONTENT="ock"/>
						</TextLine>
						<TextLine ID="line_2" HPOS="115" VPOS="256" WIDTH="756" HEIGHT="25">
							<String ID="string_12" HPOS="115" VPOS="256" WIDTH="50" HEIGHT="22" WC="0.93" CONTENT="frän"/><SP WIDTH="25" VPOS="256" HPOS="165"/>
							<String ID="string_13" HPOS="190" VPOS="257" WIDTH="70" HEIGHT="21" WC="0.93" CONTENT="andra"/><SP WIDTH="16" VPOS="257" HPOS="260"/>
							<String ID="string_14" HPOS="276" VPOS="256" WIDTH="176" HEIGHT="22" WC="0.92" CONTENT="administrativa"/><SP WIDTH="17" VPOS="256" HPOS="452"/>
							<String ID="string_15" HPOS="469" VPOS="256" WIDTH="58" HEIGHT="25" WC="0.96" CONTENT="verk,"/><SP WIDTH="19" VPOS="256" HPOS="527"/>
							<String ID="string_16" HPOS="546" VPOS="257" WIDTH="42" HEIGHT="20" WC="0.96" CONTENT="och"/><SP WIDTH="17" VPOS="257" HPOS="588"/>
							<String ID="string_17" HPOS="605" VPOS="263" WIDTH="27" HEIGHT="15" WC="0.96" CONTENT="en"/><SP WIDTH="22" VPOS="263" HPOS="632"/>
							<String ID="string_18" HPOS="654" VPOS="256" WIDTH="35" HEIGHT="22" WC="0.96" CONTENT="del"/><SP WIDTH="22" VPOS="256" HPOS="689"/>
							<String ID="string_19" HPOS="711" VPOS="257" WIDTH="22" HEIGHT="21" WC="0.96" CONTENT="af"/><SP WIDTH="26" VPOS="257" HPOS="733"/>
							<String ID="string_20" HPOS="759" VPOS="256" WIDTH="27" HEIGHT="22" WC="0.93" CONTENT="de"/><SP WIDTH="27" VPOS="256" HPOS="786"/>
							<String ID="string_21" HPOS="813" VPOS="256" WIDTH="58" HEIGHT="22" WC="0.93" CONTENT="fruk-"/>
						</TextLine>
						<TextLine ID="line_3" HPOS="116" VPOS="286" WIDTH="756" HEIGHT="27">
							<String ID="string_22" HPOS="116" VPOS="290" WIDTH="40" HEIGHT="22" WC="0.96" CONTENT="ter,"/><SP WIDTH="25" VPOS="290" HPOS="156"/>
							<String ID="string_23" HPOS="181" VPOS="293" WIDTH="48" HEIGHT="15" WC="0.96" CONTENT="som"/><SP WIDTH="24" VPOS="293" HPOS="229"/>
							<String ID="string_24" HPOS="253" VPOS="292" WIDTH="51" HEIGHT="16" WC="0.93" CONTENT="man"/><SP WIDTH="24" VPOS="292" HPOS="304"/>
							<String ID="string_25" HPOS="328" VPOS="288" WIDTH="76" HEIGHT="20" WC="0.92" CONTENT="väntat"/><SP WIDTH="20" VPOS="288" HPOS="404"/>
							<String ID="string_26" HPOS="424" VPOS="286" WIDTH="34" HEIGHT="26" WC="0.96" CONTENT="sig"/><SP WIDTH="15" VPOS="286" HPOS="458"/>
							<String ID="string_27" HPOS="473" VPOS="286" WIDTH="23" HEIGHT="21" WC="0.96" CONTENT="af"/><SP WIDTH="16" VPOS="286" HPOS="496"/>
							<String ID="string_28" HPOS="512" VPOS="288" WIDTH="30" HEIGHT="19" WC="0.93" CONTENT="ett"/><SP WIDTH="17" VPOS="288" HPOS="542"/>
							<String ID="string_29" HPOS="559" VPOS="286" WIDTH="156" HEIGHT="27" WC="0.91" CONTENT="epokgörande"/><SP WIDTH="16" VPOS="286" HPOS="715"/>
							<String ID="string_30" HPOS="731" VPOS="286" WIDTH="82" HEIGHT="22" WC="0.91" CONTENT="kultur-"/><SP WIDTH="17" VPOS="286" HPOS="813"/>
							<String ID="string_31" HPOS="830" VPOS="286" WIDTH="42" HEIGHT="22" WC="0.97" CONTENT="och"/>
						</TextLine>
						<TextLine ID="line_4" HPOS="117" VPOS="316" WIDTH="754" HEIGHT="27">
							<String ID="string_32" HPOS="117" VPOS="316" WIDTH="159" HEIGHT="22" WC="0.91" CONTENT="reformarbete"/><SP WIDTH="18" VPOS="316" HPOS="276"/>
							<String ID="string_33" HPOS="294" VPOS="329" WIDTH="26" HEIGHT="3" WC="0.93" CONTENT="—"/><SP WIDTH="18" VPOS="329" HPOS="320"/>
							<String ID="string_34" HPOS="338" VPOS="316" WIDTH="84" HEIGHT="21" WC="0.96" CONTENT="arbetet"/><SP WIDTH="22" VPOS="316" HPOS="422"/>
							<String ID="string_35" HPOS="444" VPOS="316" WIDTH="29" HEIGHT="27" WC="0.96" CONTENT="pä"/><SP WIDTH="23" VPOS="316" HPOS="473"/>
							<String ID="string_36" HPOS="496" VPOS="316" WIDTH="37" HEIGHT="21" WC="0.96" CONTENT="det"/><SP WIDTH="24" VPOS="316" HPOS="533"/>
							<String ID="string_37" HPOS="557" VPOS="316" WIDTH="71" HEIGHT="21" WC="0.93" CONTENT="finska"/><SP WIDTH="24" VPOS="316" HPOS="628"/>
							<String ID="string_38" HPOS="652" VPOS="316" WIDTH="101" HEIGHT="27" WC="0.93" CONTENT="spräkets"/><SP WIDTH="21" VPOS="316" HPOS="753"/>
							<String ID="string_39" HPOS="774" VPOS="316" WIDTH="97" HEIGHT="27" WC="0.92" CONTENT="höjande"/>
						</TextLine>
						<TextLine ID="line_5" HPOS="117" VPOS="346" WIDTH="715" HEIGHT="27">
							<String ID="string_40" HPOS="117" VPOS="346" WIDTH="43" HEIGHT="22" WC="0.93" CONTENT="och"/><SP WIDTH="16" VPOS="346" HPOS="160"/>
							<String ID="string_41" HPOS="176" VPOS="346" WIDTH="125" HEIGHT="21" WC="0.92" CONTENT="insättande"/><SP WIDTH="17" VPOS="346" HPOS="301"/>
							<String ID="string_42" HPOS="318" VPOS="346" WIDTH="6" HEIGHT="21" WC="0.96" CONTENT="i"/><SP WIDTH="16" VPOS="346" HPOS="324"/>
							<String ID="string_43" HPOS="340" VPOS="346" WIDTH="50" HEIGHT="21" WC="0.93" CONTENT="sina"/><SP WIDTH="16" VPOS="346" HPOS="390"/>
							<String ID="string_44" HPOS="406" VPOS="346" WIDTH="109" HEIGHT="27" WC="0.93" CONTENT="naturliga"/><SP WIDTH="16" VPOS="346" HPOS="515"/>
							<String ID="string_45" HPOS="531" VPOS="346" WIDTH="129" HEIGHT="26" WC="0.93" CONTENT="rättigheter"/><SP WIDTH="15" VPOS="346" HPOS="660"/>
							<String ID="string_46" HPOS="675" VPOS="358" WIDTH="29" HEIGHT="3" WC="0.92" CONTENT="—"/><SP WIDTH="16" VPOS="358" HPOS="704"/>
							<String ID="string_47" HPOS="720" VPOS="346" WIDTH="112" HEIGHT="21" WC="0.92" CONTENT="afskurits."/>
						</TextLine>
					</TextBlock>
					<TextBlock ID="block_2" HPOS="118" VPOS="375" WIDTH="754" HEIGHT="58">
						<TextLine ID="line_6" HPOS="191" VPOS="375" WIDTH="681" HEIGHT="28">
							<String ID="string_48" HPOS="191" VPOS="375" WIDTH="77" HEIGHT="22" WC="0.96" CONTENT="Denna"/><SP WIDTH="16" VPOS="375" HPOS="268"/>
							<String ID="string_49" HPOS="284" VPOS="375" WIDTH="163" HEIGHT="27" WC="0.96" CONTENT="framställning"/><SP WIDTH="16" VPOS="375" HPOS="447"/>
							<String ID="string_50" HPOS="463" VPOS="375" WIDTH="71" HEIGHT="22" WC="0.96" CONTENT="skulle"/><SP WIDTH="17" VPOS="375" HPOS="534"/>
							<String ID="string_51" HPOS="551" VPOS="382" WIDTH="53" HEIGHT="15" WC="0.93" CONTENT="vara"/><SP WIDTH="17" VPOS="382" HPOS="604"/>
							<String ID="string_52" HPOS="621" VPOS="375" WIDTH="86" HEIGHT="28" WC="0.92" CONTENT="ensidig"/><SP WIDTH="13" VPOS="375" HPOS="707"/>
							<String ID="string_53" HPOS="720" VPOS="382" WIDTH="36" HEIGHT="15" WC="0.96" CONTENT="om"/><SP WIDTH="12" VPOS="382" HPOS="756"/>
							<String ID="string_54" HPOS="768" VPOS="375" WIDTH="44" HEIGHT="22" WC="0.93" CONTENT="den"/><SP WIDTH="11" VPOS="375" HPOS="812"/>
							<String ID="string_55" HPOS="823" VPOS="375" WIDTH="49" HEIGHT="22" WC="0.92" CONTENT="icke"/>
						</TextLine>
						<TextLine ID="line_7" HPOS="118" VPOS="405" WIDTH="693" HEIGHT="28">
							<String ID="string_56" HPOS="118" VPOS="405" WIDTH="64" HEIGHT="28" WC="0.92" CONTENT="gäfve"/><SP WIDTH="25" VPOS="405" HPOS="182"/>
							<String ID="string_57" HPOS="207" VPOS="406" WIDTH="37" HEIGHT="21" WC="0.93" CONTENT="vid"/><SP WIDTH="24" VPOS="406" HPOS="244"/>
							<String ID="string_58" HPOS="268" VPOS="405" WIDTH="88" HEIGHT="22" WC="0.96" CONTENT="handen"/><SP WIDTH="24" VPOS="405" HPOS="356"/>
							<String ID="string_59" HPOS="380" VPOS="407" WIDTH="32" HEIGHT="19" WC="0.93" CONTENT="att"/><SP WIDTH="15" VPOS="407" HPOS="412"/>
							<String ID="string_60" HPOS="427" VPOS="405" WIDTH="66" HEIGHT="22" WC="0.93" CONTENT="äfven"/><SP WIDTH="17" VPOS="405" HPOS="493"/>
							<String ID="string_61" HPOS="510" VPOS="405" WIDTH="135" HEIGHT="27" WC="0.92" CONTENT="oordningar"/><SP WIDTH="18" VPOS="405" HPOS="645"/>
							<String ID="string_62" HPOS="663" VPOS="405" WIDTH="148" HEIGHT="22" WC="0.96" CONTENT="förekommit."/>
						</TextLine>
					</TextBlock>
					<TextBlock ID="block_3" HPOS="117" VPOS="435" WIDTH="756" HEIGHT="415">
						<TextLine ID="line_8" HPOS="188" VPOS="435" WIDTH="684" HEIGHT="28">
							<String ID="string_63" HPOS="188" VPOS="435" WIDTH="49" HEIGHT="22" WC="0.91" CONTENT="Men"/><SP WIDTH="25" VPOS="435" HPOS="237"/>
							<String ID="string_64" HPOS="262" VPOS="435" WIDTH="74" HEIGHT="28" WC="0.91" CONTENT="dylika"/><SP WIDTH="22" VPOS="435" HPOS="336"/>
							<String ID="string_65" HPOS="358" VPOS="435" WIDTH="135" HEIGHT="27" WC="0.92" CONTENT="förirringar,"/><SP WIDTH="24" VPOS="435" HPOS="493"/>
							<String ID="string_66" HPOS="517" VPOS="435" WIDTH="75" HEIGHT="21" WC="0.91" CONTENT="hvilka"/><SP WIDTH="24" VPOS="435" HPOS="592"/>
							<String ID="string_67" HPOS="616" VPOS="435" WIDTH="35" HEIGHT="22" WC="0.93" CONTENT="för"/><SP WIDTH="16" VPOS="435" HPOS="651"/>
							<String ID="string_68" HPOS="667" VPOS="437" WIDTH="73" HEIGHT="20" WC="0.93" CONTENT="resten"/><SP WIDTH="15" VPOS="437" HPOS="740"/>
							<String ID="string_69" HPOS="755" VPOS="435" WIDTH="49" HEIGHT="22" WC="0.92" CONTENT="icke"/><SP WIDTH="11" VPOS="435" HPOS="804"/>
							<String ID="string_70" HPOS="815" VPOS="436" WIDTH="57" HEIGHT="21" WC="0.96" CONTENT="varit"/>
						</TextLine>
						<TextLine ID="line_9" HPOS="117" VPOS="465" WIDTH="755" HEIGHT="27">
							<String ID="string_71" HPOS="117" VPOS="465" WIDTH="23" HEIGHT="22" WC="0.91" CONTENT="af"/><SP WIDTH="24" VPOS="465" HPOS="140"/>
							<String ID="string_72" HPOS="164" VPOS="465" WIDTH="174" HEIGHT="22" WC="0.91" CONTENT="alvarsammare"/><SP WIDTH="24" VPOS="465" HPOS="338"/>
							<String ID="string_73" HPOS="362" VPOS="467" WIDTH="39" HEIGHT="23" WC="0.93" CONTENT="art,"/><SP WIDTH="17" VPOS="467" HPOS="401"/>
							<String ID="string_74" HPOS="418" VPOS="465" WIDTH="56" HEIGHT="21" WC="0.92" CONTENT="höra"/><SP WIDTH="15" VPOS="465" HPOS="474"/>
							<String ID="string_75" HPOS="489" VPOS="465" WIDTH="33" HEIGHT="21" WC="0.96" CONTENT="till"/><SP WIDTH="17" VPOS="465" HPOS="522"/>
							<String ID="string_76" HPOS="539" VPOS="465" WIDTH="27" HEIGHT="22" WC="0.93" CONTENT="de"/><SP WIDTH="16" VPOS="465" HPOS="566"/>
							<String ID="string_77" HPOS="582" VPOS="465" WIDTH="125" HEIGHT="27" WC="0.91" CONTENT="beklagliga"/><SP WIDTH="16" VPOS="465" HPOS="707"/>
							<String ID="string_78" HPOS="723" VPOS="465" WIDTH="110" HEIGHT="27" WC="0.87" CONTENT="följderna"/><SP WIDTH="17" VPOS="465" HPOS="833"/>
							<String ID="string_79" HPOS="850" VPOS="465" WIDTH="22" HEIGHT="21" WC="0.97" CONTENT="af"/>
						</TextLine>
						<TextLine ID="line_10" HPOS="117" VPOS="495" WIDTH="754" HEIGHT="27">
							<String ID="string_80" HPOS="117" VPOS="497" WIDTH="31" HEIGHT="20" WC="0.94" CONTENT="ett"/><SP WIDTH="16" VPOS="497" HPOS="148"/>
							<String ID="string_81" HPOS="164" VPOS="497" WIDTH="88" HEIGHT="25" WC="0.96" CONTENT="system,"/><SP WIDTH="23" VPOS="497" HPOS="252"/>
							<String ID="string_82" HPOS="275" VPOS="495" WIDTH="70" HEIGHT="22" WC="0.93" CONTENT="under"/><SP WIDTH="21" VPOS="495" HPOS="345"/>
							<String ID="string_83" HPOS="366" VPOS="495" WIDTH="83" HEIGHT="21" WC="0.92" CONTENT="hvilket"/><SP WIDTH="14" VPOS="495" HPOS="449"/>
							<String ID="string_84" HPOS="463" VPOS="495" WIDTH="42" HEIGHT="21" WC="0.93" CONTENT="den"/><SP WIDTH="12" VPOS="495" HPOS="505"/>
							<String ID="string_85" HPOS="517" VPOS="495" WIDTH="82" HEIGHT="27" WC="0.92" CONTENT="lagliga"/><SP WIDTH="10" VPOS="495" HPOS="599"/>
							<String ID="string_86" HPOS="609" VPOS="495" WIDTH="121" HEIGHT="27" WC="0.92" CONTENT="ordningen"/><SP WIDTH="12" VPOS="495" HPOS="730"/>
							<String ID="string_87" HPOS="742" VPOS="495" WIDTH="59" HEIGHT="26" WC="0.93" CONTENT="legat"/><SP WIDTH="11" VPOS="495" HPOS="801"/>
							<String ID="string_88" HPOS="812" VPOS="501" WIDTH="59" HEIGHT="15" WC="0.96" CONTENT="nere."/>
						</TextLine>
						<TextLine ID="line_11" HPOS="118" VPOS="525" WIDTH="754" HEIGHT="26">
							<String ID="string_89" HPOS="118" VPOS="525" WIDTH="58" HEIGHT="22" WC="0.92" CONTENT="Utan"/><SP WIDTH="26" VPOS="525" HPOS="176"/>
							<String ID="string_90" HPOS="202" VPOS="525" WIDTH="104" HEIGHT="22" WC="0.90" CONTENT="afseende"/><SP WIDTH="21" VPOS="525" HPOS="306"/>
							<String ID="string_91" HPOS="327" VPOS="525" WIDTH="55" HEIGHT="22" WC="0.91" CONTENT="härä"/><SP WIDTH="23" VPOS="525" HPOS="382"/>
							<String ID="string_92" HPOS="405" VPOS="525" WIDTH="42" HEIGHT="21" WC="0.96" CONTENT="och"/><SP WIDTH="16" VPOS="525" HPOS="447"/>
							<String ID="string_93" HPOS="463" VPOS="527" WIDTH="54" HEIGHT="19" WC="0.97" CONTENT="utan"/><SP WIDTH="16" VPOS="527" HPOS="517"/>
							<String ID="string_94" HPOS="533" VPOS="527" WIDTH="32" HEIGHT="19" WC="0.93" CONTENT="att"/><SP WIDTH="16" VPOS="527" HPOS="565"/>
							<String ID="string_95" HPOS="581" VPOS="525" WIDTH="93" HEIGHT="21" WC="0.92" CONTENT="besinna"/><SP WIDTH="16" VPOS="525" HPOS="674"/>
							<String ID="string_96" HPOS="690" VPOS="525" WIDTH="58" HEIGHT="21" WC="0.91" CONTENT="hvad"/><SP WIDTH="16" VPOS="525" HPOS="748"/>
							<String ID="string_97" HPOS="764" VPOS="525" WIDTH="108" HEIGHT="26" WC="0.90" CONTENT="grundbe-"/>
						</TextLine>
						<TextLine ID="line_12" HPOS="119" VPOS="555" WIDTH="753" HEIGHT="28">
							<String ID="string_98" HPOS="119" VPOS="555" WIDTH="108" HEIGHT="27" WC="0.93" CONTENT="tingelsen"/><SP WIDTH="17" VPOS="555" HPOS="227"/>
							<String ID="string_99" HPOS="244" VPOS="555" WIDTH="34" HEIGHT="21" WC="0.96" CONTENT="för"/><SP WIDTH="16" VPOS="555" HPOS="278"/>
							<String ID="string_100" HPOS="294" VPOS="555" WIDTH="39" HEIGHT="21" WC="0.93" CONTENT="allt"/><SP WIDTH="16" VPOS="555" HPOS="333"/>
							<String ID="string_101" HPOS="349" VPOS="555" WIDTH="117" HEIGHT="26" WC="0.92" CONTENT="menskligt"/><SP WIDTH="16" VPOS="555" HPOS="466"/>
							<String ID="string_102" HPOS="482" VPOS="555" WIDTH="75" HEIGHT="21" WC="0.92" CONTENT="samlif"/><SP WIDTH="16" VPOS="555" HPOS="557"/>
							<String ID="string_103" HPOS="573" VPOS="557" WIDTH="25" HEIGHT="19" WC="0.93" CONTENT="är"/><SP WIDTH="15" VPOS="557" HPOS="598"/>
							<String ID="string_104" HPOS="613" VPOS="555" WIDTH="104" HEIGHT="28" WC="0.92" CONTENT="lyckades"/><SP WIDTH="12" VPOS="555" HPOS="717"/>
							<String ID="string_105" HPOS="729" VPOS="561" WIDTH="52" HEIGHT="15" WC="0.96" CONTENT="man"/><SP WIDTH="11" VPOS="561" HPOS="781"/>
							<String ID="string_106" HPOS="792" VPOS="561" WIDTH="80" HEIGHT="21" WC="0.96" CONTENT="genom"/>
						</TextLine>
						<TextLine ID="line_13" HPOS="118" VPOS="585" WIDTH="754" HEIGHT="27">
							<String ID="string_107" HPOS="118" VPOS="591" WIDTH="27" HEIGHT="16" WC="0.96" CONTENT="en"/><SP WIDTH="25" VPOS="591" HPOS="145"/>
							<String ID="string_108" HPOS="170" VPOS="585" WIDTH="162" HEIGHT="27" WC="0.95" CONTENT="framställning"/><SP WIDTH="24" VPOS="585" HPOS="332"/>
							<String ID="string_109" HPOS="356" VPOS="591" WIDTH="35" HEIGHT="15" WC="0.96" CONTENT="om"/><SP WIDTH="24" VPOS="591" HPOS="391"/>
							<String ID="string_110" HPOS="415" VPOS="585" WIDTH="65" HEIGHT="21" WC="0.93" CONTENT="dessa"/><SP WIDTH="25" VPOS="585" HPOS="480"/>
							<String ID="string_111" HPOS="505" VPOS="585" WIDTH="140" HEIGHT="27" WC="0.92" CONTENT="oordningar,"/><SP WIDTH="22" VPOS="585" HPOS="645"/>
							<String ID="string_112" HPOS="667" VPOS="591" WIDTH="48" HEIGHT="15" WC="0.93" CONTENT="som"/><SP WIDTH="16" VPOS="591" HPOS="715"/>
							<String ID="string_113" HPOS="731" VPOS="585" WIDTH="49" HEIGHT="21" WC="0.92" CONTENT="icke"/><SP WIDTH="17" VPOS="585" HPOS="780"/>
							<String ID="string_114" HPOS="797" VPOS="585" WIDTH="75" HEIGHT="21" WC="0.96" CONTENT="kunde"/>
						</TextLine>
						<TextLine ID="line_14" HPOS="117" VPOS="614" WIDTH="754" HEIGHT="27">
							<String ID="string_115" HPOS="117" VPOS="621" WIDTH="55" HEIGHT="15" WC="0.96" CONTENT="vara"/><SP WIDTH="24" VPOS="621" HPOS="172"/>
							<String ID="string_116" HPOS="196" VPOS="617" WIDTH="68" HEIGHT="19" WC="0.96" CONTENT="annat"/><SP WIDTH="26" VPOS="617" HPOS="264"/>
							<String ID="string_117" HPOS="290" VPOS="616" WIDTH="38" HEIGHT="20" WC="0.22" CONTENT="än"/><SP WIDTH="14" VPOS="616" HPOS="328"/>
							<String ID="string_118" HPOS="342" VPOS="615" WIDTH="92" HEIGHT="26" WC="0.93" CONTENT="ensidig,"/><SP WIDTH="24" VPOS="615" HPOS="434"/>
							<String ID="string_119" HPOS="458" VPOS="615" WIDTH="41" HEIGHT="21" WC="0.93" CONTENT="hos"/><SP WIDTH="24" VPOS="615" HPOS="499"/>
							<String ID="string_120" HPOS="523" VPOS="614" WIDTH="69" HEIGHT="22" WC="0.91" CONTENT="Eders"/><SP WIDTH="23" VPOS="614" HPOS="592"/>
							<String ID="string_121" HPOS="615" VPOS="615" WIDTH="101" HEIGHT="26" WC="0.96" CONTENT="Majestät"/><SP WIDTH="23" VPOS="615" HPOS="716"/>
							<String ID="string_122" HPOS="739" VPOS="615" WIDTH="23" HEIGHT="21" WC="0.93" CONTENT="ät"/><SP WIDTH="23" VPOS="615" HPOS="762"/>
							<String ID="string_123" HPOS="785" VPOS="614" WIDTH="86" HEIGHT="22" WC="0.96" CONTENT="landets"/>
						</TextLine>
						<TextLine ID="line_15" HPOS="117" VPOS="645" WIDTH="755" HEIGHT="27">
							<String ID="string_124" HPOS="117" VPOS="645" WIDTH="202" HEIGHT="27" WC="0.92" CONTENT="generalguvernör"/><SP WIDTH="15" VPOS="645" HPOS="319"/>
							<String ID="string_125" HPOS="334" VPOS="645" WIDTH="93" HEIGHT="21" WC="0.92" CONTENT="utverka"/><SP WIDTH="15" VPOS="645" HPOS="427"/>
							<String ID="string_126" HPOS="442" VPOS="651" WIDTH="28" HEIGHT="14" WC="0.96" CONTENT="en"/><SP WIDTH="17" VPOS="651" HPOS="470"/>
							<String ID="string_127" HPOS="487" VPOS="645" WIDTH="66" HEIGHT="25" WC="0.96" CONTENT="makt,"/><SP WIDTH="18" VPOS="645" HPOS="553"/>
							<String ID="string_128" HPOS="571" VPOS="651" WIDTH="48" HEIGHT="15" WC="0.96" CONTENT="som"/><SP WIDTH="17" VPOS="651" HPOS="619"/>
							<String ID="string_129" HPOS="636" VPOS="645" WIDTH="64" HEIGHT="26" WC="0.92" CONTENT="ingen"/><SP WIDTH="17" VPOS="645" HPOS="700"/>
							<String ID="string_130" HPOS="717" VPOS="645" WIDTH="59" HEIGHT="20" WC="0.92" CONTENT="förut"/><SP WIDTH="16" VPOS="645" HPOS="776"/>
							<String ID="string_131" HPOS="792" VPOS="645" WIDTH="7" HEIGHT="20" WC="0.96" CONTENT="i"/><SP WIDTH="13" VPOS="645" HPOS="799"/>
							<String ID="string_132" HPOS="812" VPOS="645" WIDTH="60" HEIGHT="20" WC="0.96" CONTENT="detta"/>
						</TextLine>
						<TextLine ID="line_16" HPOS="118" VPOS="673" WIDTH="754" HEIGHT="28">
							<String ID="string_133" HPOS="118" VPOS="675" WIDTH="51" HEIGHT="21" WC="0.89" CONTENT="land"/><SP WIDTH="25" VPOS="675" HPOS="169"/>
							<String ID="string_134" HPOS="194" VPOS="675" WIDTH="106" HEIGHT="25" WC="0.96" CONTENT="innehaft,"/><SP WIDTH="25" VPOS="675" HPOS="300"/>
							<String ID="string_135" HPOS="325" VPOS="675" WIDTH="41" HEIGHT="21" WC="0.96" CONTENT="och"/><SP WIDTH="24" VPOS="675" HPOS="366"/>
							<String ID="string_136" HPOS="390" VPOS="681" WIDTH="49" HEIGHT="14" WC="0.93" CONTENT="som"/><SP WIDTH="24" VPOS="681" HPOS="439"/>
							<String ID="string_137" HPOS="463" VPOS="677" WIDTH="43" HEIGHT="18" WC="0.96" CONTENT="satt"/><SP WIDTH="23" VPOS="677" HPOS="506"/>
							<String ID="string_138" HPOS="529" VPOS="675" WIDTH="83" HEIGHT="21" WC="0.96" CONTENT="honom"/><SP WIDTH="23" VPOS="675" HPOS="612"/>
							<String ID="string_139" HPOS="635" VPOS="675" WIDTH="6" HEIGHT="20" WC="0.87" CONTENT="i"/><SP WIDTH="17" VPOS="675" HPOS="641"/>
							<String ID="string_140" HPOS="658" VPOS="673" WIDTH="64" HEIGHT="22" WC="0.96" CONTENT="stånd"/><SP WIDTH="17" VPOS="673" HPOS="722"/>
							<String ID="string_141" HPOS="739" VPOS="677" WIDTH="31" HEIGHT="18" WC="0.93" CONTENT="att"/><SP WIDTH="16" VPOS="677" HPOS="770"/>
							<String ID="string_142" HPOS="786" VPOS="674" WIDTH="86" HEIGHT="27" WC="0.96" CONTENT="förfoga"/>
						</TextLine>
						<TextLine ID="line_17" HPOS="119" VPOS="704" WIDTH="753" HEIGHT="27">
							<String ID="string_143" HPOS="119" VPOS="705" WIDTH="61" HEIGHT="21" WC="0.96" CONTENT="öfver"/><SP WIDTH="18" VPOS="705" HPOS="180"/>
							<String ID="string_144" HPOS="198" VPOS="704" WIDTH="174" HEIGHT="27" WC="0.95" CONTENT="medborgerliga"/><SP WIDTH="24" VPOS="704" HPOS="372"/>
							<String ID="string_145" HPOS="396" VPOS="705" WIDTH="133" HEIGHT="25" WC="0.93" CONTENT="rättigheter,"/><SP WIDTH="21" VPOS="705" HPOS="529"/>
							<String ID="string_146" HPOS="550" VPOS="704" WIDTH="75" HEIGHT="21" WC="0.96" CONTENT="hvilka"/><SP WIDTH="16" VPOS="704" HPOS="625"/>
							<String ID="string_147" HPOS="641" VPOS="704" WIDTH="7" HEIGHT="20" WC="0.95" CONTENT="i"/><SP WIDTH="17" VPOS="704" HPOS="648"/>
							<String ID="string_148" HPOS="665" VPOS="706" WIDTH="30" HEIGHT="19" WC="0.93" CONTENT="ett"/><SP WIDTH="10" VPOS="706" HPOS="695"/>
							<String ID="string_149" HPOS="705" VPOS="704" WIDTH="95" HEIGHT="22" WC="0.91" CONTENT="ordnadt"/><SP WIDTH="17" VPOS="704" HPOS="800"/>
							<String ID="string_150" HPOS="817" VPOS="710" WIDTH="55" HEIGHT="14" WC="0.91" CONTENT="sam-"/>
						</TextLine>
						<TextLine ID="line_18" HPOS="117" VPOS="734" WIDTH="755" HEIGHT="27">
							<String ID="string_151" HPOS="117" VPOS="734" WIDTH="59" HEIGHT="21" WC="0.93" CONTENT="hälle"/><SP WIDTH="22" VPOS="734" HPOS="176"/>
							<String ID="string_152" HPOS="198" VPOS="734" WIDTH="82" HEIGHT="21" WC="0.91" CONTENT="räknas"/><SP WIDTH="24" VPOS="734" HPOS="280"/>
							<String ID="string_153" HPOS="304" VPOS="734" WIDTH="32" HEIGHT="21" WC="0.92" CONTENT="till"/><SP WIDTH="24" VPOS="734" HPOS="336"/>
							<String ID="string_154" HPOS="360" VPOS="734" WIDTH="27" HEIGHT="22" WC="0.93" CONTENT="de"/><SP WIDTH="25" VPOS="734" HPOS="387"/>
							<String ID="string_155" HPOS="412" VPOS="734" WIDTH="136" HEIGHT="27" WC="0.90" CONTENT="dyrbaraste,"/><SP WIDTH="18" VPOS="734" HPOS="548"/>
							<String ID="string_156" HPOS="566" VPOS="734" WIDTH="63" HEIGHT="21" WC="0.93" CONTENT="öfver"/><SP WIDTH="16" VPOS="734" HPOS="629"/>
							<String ID="string_157" HPOS="645" VPOS="734" WIDTH="138" HEIGHT="21" WC="0.92" CONTENT="industriella"/><SP WIDTH="15" VPOS="734" HPOS="783"/>
							<String ID="string_158" HPOS="798" VPOS="734" WIDTH="74" HEIGHT="21" WC="0.92" CONTENT="inrätt-"/>
						</TextLine>
						<TextLine ID="line_19" HPOS="119" VPOS="763" WIDTH="753" HEIGHT="27">
							<String ID="string_159" HPOS="119" VPOS="764" WIDTH="79" HEIGHT="26" WC="0.91" CONTENT="ningar"/><SP WIDTH="16" VPOS="764" HPOS="198"/>
							<String ID="string_160" HPOS="214" VPOS="764" WIDTH="42" HEIGHT="21" WC="0.93" CONTENT="och"/><SP WIDTH="16" VPOS="764" HPOS="256"/>
							<String ID="string_161" HPOS="272" VPOS="764" WIDTH="159" HEIGHT="26" WC="0.91" CONTENT="affärsföretag,"/><SP WIDTH="15" VPOS="764" HPOS="431"/>
							<String ID="string_162" HPOS="446" VPOS="764" WIDTH="63" HEIGHT="21" WC="0.84" CONTENT="öfver"/><SP WIDTH="10" VPOS="764" HPOS="509"/>
							<String ID="string_163" HPOS="519" VPOS="763" WIDTH="144" HEIGHT="22" WC="0.93" CONTENT="kommunala"/><SP WIDTH="11" VPOS="763" HPOS="663"/>
							<String ID="string_164" HPOS="674" VPOS="764" WIDTH="146" HEIGHT="26" WC="0.92" CONTENT="inrättningar"/><SP WIDTH="11" VPOS="764" HPOS="820"/>
							<String ID="string_165" HPOS="831" VPOS="764" WIDTH="41" HEIGHT="20" WC="0.96" CONTENT="och"/>
						</TextLine>
						<TextLine ID="line_20" HPOS="118" VPOS="792" WIDTH="755" HEIGHT="28">
							<String ID="string_166" HPOS="118" VPOS="793" WIDTH="176" HEIGHT="27" WC="0.92" CONTENT="medborgerliga"/><SP WIDTH="16" VPOS="793" HPOS="294"/>
							<String ID="string_167" HPOS="310" VPOS="793" WIDTH="127" HEIGHT="27" WC="0.92" CONTENT="föreningar"/><SP WIDTH="16" VPOS="793" HPOS="437"/>
							<String ID="string_168" HPOS="453" VPOS="800" WIDTH="28" HEIGHT="15" WC="0.93" CONTENT="m."/><SP WIDTH="19" VPOS="800" HPOS="481"/>
							<String ID="string_169" HPOS="500" VPOS="800" WIDTH="34" HEIGHT="19" WC="0.91" CONTENT="m.,"/><SP WIDTH="15" VPOS="800" HPOS="534"/>
							<String ID="string_170" HPOS="549" VPOS="792" WIDTH="28" HEIGHT="28" WC="0.96" CONTENT="pä"/><SP WIDTH="17" VPOS="792" HPOS="577"/>
							<String ID="string_171" HPOS="594" VPOS="795" WIDTH="30" HEIGHT="20" WC="0.96" CONTENT="ett"/><SP WIDTH="16" VPOS="795" HPOS="624"/>
							<String ID="string_172" HPOS="640" VPOS="795" WIDTH="49" HEIGHT="24" WC="0.96" CONTENT="sätt,"/><SP WIDTH="17" VPOS="795" HPOS="689"/>
							<String ID="string_173" HPOS="706" VPOS="799" WIDTH="48" HEIGHT="16" WC="0.93" CONTENT="som"/><SP WIDTH="16" VPOS="799" HPOS="754"/>
							<String ID="string_174" HPOS="770" VPOS="793" WIDTH="103" HEIGHT="21" WC="0.87" CONTENT="öfverallt"/>
						</TextLine>
						<TextLine ID="line_21" HPOS="119" VPOS="823" WIDTH="600" HEIGHT="27">
							<String ID="string_175" HPOS="119" VPOS="824" WIDTH="6" HEIGHT="20" WC="0.96" CONTENT="i"/><SP WIDTH="16" VPOS="824" HPOS="125"/>
							<String ID="string_176" HPOS="141" VPOS="823" WIDTH="76" HEIGHT="22" WC="0.93" CONTENT="landet"/><SP WIDTH="16" VPOS="823" HPOS="217"/>
							<String ID="string_177" HPOS="233" VPOS="823" WIDTH="127" HEIGHT="22" WC="0.94" CONTENT="framkallat"/><SP WIDTH="16" VPOS="823" HPOS="360"/>
							<String ID="string_178" HPOS="376" VPOS="823" WIDTH="53" HEIGHT="27" WC="0.96" CONTENT="djup"/><SP WIDTH="17" VPOS="823" HPOS="429"/>
							<String ID="string_179" HPOS="446" VPOS="823" WIDTH="125" HEIGHT="27" WC="0.96" CONTENT="förbittring"/><SP WIDTH="16" VPOS="823" HPOS="571"/>
							<String ID="string_180" HPOS="587" VPOS="823" WIDTH="42" HEIGHT="22" WC="0.93" CONTENT="och"/><SP WIDTH="17" VPOS="823" HPOS="629"/>
							<String ID="string_181" HPOS="646" VPOS="823" WIDTH="73" HEIGHT="26" WC="0.95" CONTENT="ovilja."/>
						</TextLine>
					</TextBlock>
					<TextBlock ID="block_4" HPOS="117" VPOS="853" WIDTH="757" HEIGHT="469">
						<TextLine ID="line_22" HPOS="190" VPOS="853" WIDTH="682" HEIGHT="27">
							<String ID="string_182" HPOS="190" VPOS="853" WIDTH="117" HEIGHT="27" WC="0.96" CONTENT="Följderna"/><SP WIDTH="23" VPOS="853" HPOS="307"/>
							<String ID="string_183" HPOS="330" VPOS="853" WIDTH="68" HEIGHT="22" WC="0.96" CONTENT="hafva"/><SP WIDTH="24" VPOS="853" HPOS="398"/>
							<String ID="string_184" HPOS="422" VPOS="854" WIDTH="65" HEIGHT="20" WC="0.96" CONTENT="varit:"/><SP WIDTH="26" VPOS="854" HPOS="487"/>
							<String ID="string_185" HPOS="513" VPOS="859" WIDTH="27" HEIGHT="15" WC="0.96" CONTENT="en"/><SP WIDTH="20" VPOS="859" HPOS="540"/>
							<String ID="string_186" HPOS="560" VPOS="853" WIDTH="82" HEIGHT="21" WC="0.96" CONTENT="allmän"/><SP WIDTH="17" VPOS="853" HPOS="642"/>
							<String ID="string_187" HPOS="659" VPOS="853" WIDTH="118" HEIGHT="22" WC="0.93" CONTENT="osäkerhet"/><SP WIDTH="16" VPOS="853" HPOS="777"/>
							<String ID="string_188" HPOS="793" VPOS="853" WIDTH="79" HEIGHT="21" WC="0.92" CONTENT="beträf-"/>
						</TextLine>
						<TextLine ID="line_23" HPOS="117" VPOS="883" WIDTH="755" HEIGHT="27">
							<String ID="string_189" HPOS="117" VPOS="883" WIDTH="67" HEIGHT="21" WC="0.91" CONTENT="fande"/><SP WIDTH="22" VPOS="883" HPOS="184"/>
							<String ID="string_190" HPOS="206" VPOS="883" WIDTH="96" HEIGHT="27" WC="0.96" CONTENT="dyrbara"/><SP WIDTH="21" VPOS="883" HPOS="302"/>
							<String ID="string_191" HPOS="323" VPOS="883" WIDTH="126" HEIGHT="27" WC="0.95" CONTENT="personliga"/><SP WIDTH="18" VPOS="883" HPOS="449"/>
							<String ID="string_192" HPOS="467" VPOS="883" WIDTH="134" HEIGHT="27" WC="0.95" CONTENT="rättigheter,"/><SP WIDTH="18" VPOS="883" HPOS="601"/>
							<String ID="string_193" HPOS="619" VPOS="889" WIDTH="27" HEIGHT="15" WC="0.96" CONTENT="en"/><SP WIDTH="16" VPOS="889" HPOS="646"/>
							<String ID="string_194" HPOS="662" VPOS="883" WIDTH="147" HEIGHT="27" WC="0.93" CONTENT="begynnande"/><SP WIDTH="17" VPOS="883" HPOS="809"/>
							<String ID="string_195" HPOS="826" VPOS="883" WIDTH="46" HEIGHT="21" WC="0.93" CONTENT="des-"/>
						</TextLine>
						<TextLine ID="line_24" HPOS="119" VPOS="913" WIDTH="753" HEIGHT="26">
							<String ID="string_196" HPOS="119" VPOS="913" WIDTH="151" HEIGHT="26" WC="0.96" CONTENT="organisation"/><SP WIDTH="24" VPOS="913" HPOS="270"/>
							<String ID="string_197" HPOS="294" VPOS="913" WIDTH="41" HEIGHT="21" WC="0.96" CONTENT="och"/><SP WIDTH="25" VPOS="913" HPOS="335"/>
							<String ID="string_198" HPOS="360" VPOS="913" WIDTH="119" HEIGHT="26" WC="0.96" CONTENT="förstöring"/><SP WIDTH="24" VPOS="913" HPOS="479"/>
							<String ID="string_199" HPOS="503" VPOS="913" WIDTH="22" HEIGHT="21" WC="0.95" CONTENT="af"/><SP WIDTH="23" VPOS="913" HPOS="525"/>
							<String ID="string_200" HPOS="548" VPOS="919" WIDTH="27" HEIGHT="15" WC="0.93" CONTENT="en"/><SP WIDTH="20" VPOS="919" HPOS="575"/>
							<String ID="string_201" HPOS="595" VPOS="913" WIDTH="160" HEIGHT="26" WC="0.92" CONTENT="jemförelsevis"/><SP WIDTH="17" VPOS="913" HPOS="755"/>
							<String ID="string_202" HPOS="772" VPOS="913" WIDTH="42" HEIGHT="26" WC="0.93" CONTENT="god"/><SP WIDTH="17" VPOS="913" HPOS="814"/>
							<String ID="string_203" HPOS="831" VPOS="913" WIDTH="41" HEIGHT="21" WC="0.92" CONTENT="för-"/>
						</TextLine>
						<TextLine ID="line_25" HPOS="118" VPOS="942" WIDTH="754" HEIGHT="28">
							<String ID="string_204" HPOS="118" VPOS="943" WIDTH="104" HEIGHT="26" WC="0.90" CONTENT="valtning,"/><SP WIDTH="24" VPOS="943" HPOS="222"/>
							<String ID="string_205" HPOS="246" VPOS="943" WIDTH="115" HEIGHT="27" WC="0.96" CONTENT="grundade"/><SP WIDTH="16" VPOS="943" HPOS="361"/>
							<String ID="string_206" HPOS="377" VPOS="942" WIDTH="104" HEIGHT="27" WC="0.96" CONTENT="farhågor"/><SP WIDTH="16" VPOS="942" HPOS="481"/>
							<String ID="string_207" HPOS="497" VPOS="943" WIDTH="35" HEIGHT="21" WC="0.96" CONTENT="för"/><SP WIDTH="16" VPOS="943" HPOS="532"/>
							<String ID="string_208" HPOS="548" VPOS="944" WIDTH="31" HEIGHT="19" WC="0.96" CONTENT="att"/><SP WIDTH="16" VPOS="944" HPOS="579"/>
							<String ID="string_209" HPOS="595" VPOS="943" WIDTH="65" HEIGHT="21" WC="0.93" CONTENT="äfven"/><SP WIDTH="17" VPOS="943" HPOS="660"/>
							<String ID="string_210" HPOS="677" VPOS="943" WIDTH="195" HEIGHT="26" WC="0.91" CONTENT="rättsskipningen,"/>
						</TextLine>
						<TextLine ID="line_26" HPOS="121" VPOS="972" WIDTH="751" HEIGHT="27">
							<String ID="string_211" HPOS="121" VPOS="972" WIDTH="73" HEIGHT="22" WC="0.96" CONTENT="denna"/><SP WIDTH="17" VPOS="972" HPOS="194"/>
							<String ID="string_212" HPOS="211" VPOS="973" WIDTH="42" HEIGHT="21" WC="0.96" CONTENT="den"/><SP WIDTH="17" VPOS="973" HPOS="253"/>
							<String ID="string_213" HPOS="270" VPOS="973" WIDTH="73" HEIGHT="21" WC="0.96" CONTENT="äldsta"/><SP WIDTH="15" VPOS="973" HPOS="343"/>
							<String ID="string_214" HPOS="358" VPOS="973" WIDTH="42" HEIGHT="21" WC="0.96" CONTENT="och"/><SP WIDTH="17" VPOS="973" HPOS="400"/>
							<String ID="string_215" HPOS="417" VPOS="973" WIDTH="69" HEIGHT="21" WC="0.96" CONTENT="första"/><SP WIDTH="17" VPOS="973" HPOS="486"/>
							<String ID="string_216" HPOS="503" VPOS="973" WIDTH="22" HEIGHT="21" WC="0.96" CONTENT="af"/><SP WIDTH="16" VPOS="973" HPOS="525"/>
							<String ID="string_217" HPOS="541" VPOS="973" WIDTH="129" HEIGHT="21" WC="0.96" CONTENT="samhällets"/><SP WIDTH="17" VPOS="973" HPOS="670"/>
							<String ID="string_218" HPOS="687" VPOS="973" WIDTH="116" HEIGHT="26" WC="0.96" CONTENT="uppgifter,"/><SP WIDTH="13" VPOS="973" HPOS="803"/>
							<String ID="string_219" HPOS="816" VPOS="972" WIDTH="56" HEIGHT="21" WC="0.96" CONTENT="skall"/>
						</TextLine>
						<TextLine ID="line_27" HPOS="117" VPOS="1001" WIDTH="756" HEIGHT="28">
							<String ID="string_220" HPOS="117" VPOS="1005" WIDTH="53" HEIGHT="24" WC="0.96" CONTENT="taga"/><SP WIDTH="22" VPOS="1005" HPOS="170"/>
							<String ID="string_221" HPOS="192" VPOS="1009" WIDTH="29" HEIGHT="14" WC="0.96" CONTENT="en"/><SP WIDTH="23" VPOS="1009" HPOS="221"/>
							<String ID="string_222" HPOS="244" VPOS="1001" WIDTH="51" HEIGHT="22" WC="0.96" CONTENT="svår"/><SP WIDTH="24" VPOS="1001" HPOS="295"/>
							<String ID="string_223" HPOS="319" VPOS="1003" WIDTH="76" HEIGHT="25" WC="0.96" CONTENT="skada,"/><SP WIDTH="24" VPOS="1003" HPOS="395"/>
							<String ID="string_224" HPOS="419" VPOS="1009" WIDTH="28" HEIGHT="15" WC="0.96" CONTENT="en"/><SP WIDTH="24" VPOS="1009" HPOS="447"/>
							<String ID="string_225" HPOS="471" VPOS="1003" WIDTH="53" HEIGHT="26" WC="0.93" CONTENT="djup"/><SP WIDTH="25" VPOS="1003" HPOS="524"/>
							<String ID="string_226" HPOS="549" VPOS="1002" WIDTH="142" HEIGHT="22" WC="0.91" CONTENT="samvetsnöd"/><SP WIDTH="17" VPOS="1002" HPOS="691"/>
							<String ID="string_227" HPOS="708" VPOS="1003" WIDTH="40" HEIGHT="20" WC="0.96" CONTENT="hos"/><SP WIDTH="16" VPOS="1003" HPOS="748"/>
							<String ID="string_228" HPOS="764" VPOS="1004" WIDTH="32" HEIGHT="19" WC="0.96" CONTENT="ett"/><SP WIDTH="22" VPOS="1004" HPOS="796"/>
							<String ID="string_229" HPOS="818" VPOS="1004" WIDTH="55" HEIGHT="19" WC="0.96" CONTENT="stort"/>
						</TextLine>
						<TextLine ID="line_28" HPOS="119" VPOS="1032" WIDTH="754" HEIGHT="27">
							<String ID="string_230" HPOS="119" VPOS="1032" WIDTH="59" HEIGHT="21" WC="0.95" CONTENT="antal"/><SP WIDTH="23" VPOS="1032" HPOS="178"/>
							<String ID="string_231" HPOS="201" VPOS="1032" WIDTH="23" HEIGHT="21" WC="0.95" CONTENT="af"/><SP WIDTH="20" VPOS="1032" HPOS="224"/>
							<String ID="string_232" HPOS="244" VPOS="1032" WIDTH="57" HEIGHT="26" WC="0.96" CONTENT="dem,"/><SP WIDTH="18" VPOS="1032" HPOS="301"/>
							<String ID="string_233" HPOS="319" VPOS="1039" WIDTH="47" HEIGHT="15" WC="0.96" CONTENT="som"/><SP WIDTH="18" VPOS="1039" HPOS="366"/>
							<String ID="string_234" HPOS="384" VPOS="1032" WIDTH="70" HEIGHT="21" WC="0.95" CONTENT="måste"/><SP WIDTH="16" VPOS="1032" HPOS="454"/>
							<String ID="string_235" HPOS="470" VPOS="1033" WIDTH="82" HEIGHT="20" WC="0.96" CONTENT="räknas"/><SP WIDTH="17" VPOS="1033" HPOS="552"/>
							<String ID="string_236" HPOS="569" VPOS="1032" WIDTH="32" HEIGHT="21" WC="0.96" CONTENT="till"/><SP WIDTH="17" VPOS="1032" HPOS="601"/>
							<String ID="string_237" HPOS="618" VPOS="1032" WIDTH="128" HEIGHT="21" WC="0.93" CONTENT="samhällets"/><SP WIDTH="17" VPOS="1032" HPOS="746"/>
							<String ID="string_238" HPOS="763" VPOS="1032" WIDTH="110" HEIGHT="27" WC="0.92" CONTENT="aktnings-"/>
						</TextLine>
						<TextLine ID="line_29" HPOS="119" VPOS="1061" WIDTH="753" HEIGHT="28">
							<String ID="string_239" HPOS="119" VPOS="1061" WIDTH="103" HEIGHT="22" WC="0.93" CONTENT="värdaste"/><SP WIDTH="24" VPOS="1061" HPOS="222"/>
							<String ID="string_240" HPOS="246" VPOS="1061" WIDTH="101" HEIGHT="27" WC="0.95" CONTENT="element,"/><SP WIDTH="25" VPOS="1061" HPOS="347"/>
							<String ID="string_241" HPOS="372" VPOS="1063" WIDTH="72" HEIGHT="20" WC="0.95" CONTENT="fastän"/><SP WIDTH="22" VPOS="1063" HPOS="444"/>
							<String ID="string_242" HPOS="466" VPOS="1063" WIDTH="27" HEIGHT="20" WC="0.96" CONTENT="de"/><SP WIDTH="16" VPOS="1063" HPOS="493"/>
							<String ID="string_243" HPOS="509" VPOS="1062" WIDTH="48" HEIGHT="21" WC="0.93" CONTENT="icke"/><SP WIDTH="16" VPOS="1062" HPOS="557"/>
							<String ID="string_244" HPOS="573" VPOS="1062" WIDTH="66" HEIGHT="27" WC="0.93" CONTENT="pläga"/><SP WIDTH="15" VPOS="1062" HPOS="639"/>
							<String ID="string_245" HPOS="654" VPOS="1063" WIDTH="54" HEIGHT="25" WC="0.97" CONTENT="göra"/><SP WIDTH="16" VPOS="1063" HPOS="708"/>
							<String ID="string_246" HPOS="724" VPOS="1062" WIDTH="33" HEIGHT="21" WC="0.96" CONTENT="sin"/><SP WIDTH="17" VPOS="1062" HPOS="757"/>
							<String ID="string_247" HPOS="774" VPOS="1063" WIDTH="46" HEIGHT="19" WC="0.92" CONTENT="röst"/><SP WIDTH="24" VPOS="1063" HPOS="820"/>
							<String ID="string_248" HPOS="844" VPOS="1063" WIDTH="28" HEIGHT="19" WC="0.92" CONTENT="vi-"/>
						</TextLine>
						<TextLine ID="line_30" HPOS="121" VPOS="1090" WIDTH="751" HEIGHT="29">
							<String ID="string_249" HPOS="121" VPOS="1091" WIDTH="53" HEIGHT="21" WC="0.96" CONTENT="dare"/><SP WIDTH="17" VPOS="1091" HPOS="174"/>
							<String ID="string_250" HPOS="191" VPOS="1092" WIDTH="62" HEIGHT="25" WC="0.95" CONTENT="hörd,"/><SP WIDTH="15" VPOS="1092" HPOS="253"/>
							<String ID="string_251" HPOS="268" VPOS="1098" WIDTH="48" HEIGHT="14" WC="0.96" CONTENT="som"/><SP WIDTH="12" VPOS="1098" HPOS="316"/>
							<String ID="string_252" HPOS="328" VPOS="1098" WIDTH="50" HEIGHT="15" WC="0.96" CONTENT="men"/><SP WIDTH="0" VPOS="1098" HPOS="378"/>
							<String ID="string_253" HPOS="378" VPOS="1086" WIDTH="12" HEIGHT="37" WC="0.96" CONTENT="i"/><SP WIDTH="18" VPOS="1086" HPOS="390"/>
							<String ID="string_254" HPOS="408" VPOS="1092" WIDTH="73" HEIGHT="21" WC="0.96" CONTENT="stället"/><SP WIDTH="10" VPOS="1092" HPOS="481"/>
							<String ID="string_255" HPOS="491" VPOS="1092" WIDTH="49" HEIGHT="21" WC="0.96" CONTENT="lidit"/><SP WIDTH="11" VPOS="1092" HPOS="540"/>
							<String ID="string_256" HPOS="551" VPOS="1090" WIDTH="24" HEIGHT="23" WC="0.96" CONTENT="så"/><SP WIDTH="11" VPOS="1090" HPOS="575"/>
							<String ID="string_257" HPOS="586" VPOS="1091" WIDTH="89" HEIGHT="28" WC="0.96" CONTENT="mycket"/><SP WIDTH="10" VPOS="1091" HPOS="675"/>
							<String ID="string_258" HPOS="685" VPOS="1092" WIDTH="62" HEIGHT="21" WC="0.95" CONTENT="mer"/><SP WIDTH="-13" VPOS="1092" HPOS="747"/>
							<String ID="string_259" HPOS="734" VPOS="1086" WIDTH="12" HEIGHT="37" WC="0.95" CONTENT="i"/><SP WIDTH="12" VPOS="1086" HPOS="746"/>
							<String ID="string_260" HPOS="758" VPOS="1091" WIDTH="36" HEIGHT="22" WC="0.96" CONTENT="det"/><SP WIDTH="11" VPOS="1091" HPOS="794"/>
							<String ID="string_261" HPOS="805" VPOS="1093" WIDTH="67" HEIGHT="25" WC="0.96" CONTENT="tysta;"/>
						</TextLine>
						<TextLine ID="line_31" HPOS="119" VPOS="1121" WIDTH="753" HEIGHT="27">
							<String ID="string_262" HPOS="119" VPOS="1123" WIDTH="58" HEIGHT="19" WC="0.96" CONTENT="samt"/><SP WIDTH="19" VPOS="1123" HPOS="177"/>
							<String ID="string_263" HPOS="196" VPOS="1121" WIDTH="28" HEIGHT="27" WC="0.96" CONTENT="på"/><SP WIDTH="22" VPOS="1121" HPOS="224"/>
							<String ID="string_264" HPOS="246" VPOS="1122" WIDTH="72" HEIGHT="20" WC="0.96" CONTENT="andra"/><SP WIDTH="19" VPOS="1122" HPOS="318"/>
							<String ID="string_265" HPOS="337" VPOS="1122" WIDTH="45" HEIGHT="21" WC="0.95" CONTENT="håll"/><SP WIDTH="16" VPOS="1122" HPOS="382"/>
							<String ID="string_266" HPOS="398" VPOS="1128" WIDTH="28" HEIGHT="15" WC="0.96" CONTENT="en"/><SP WIDTH="16" VPOS="1128" HPOS="426"/>
							<String ID="string_267" HPOS="442" VPOS="1122" WIDTH="63" HEIGHT="26" WC="0.96" CONTENT="kring"/><SP WIDTH="16" VPOS="1122" HPOS="505"/>
							<String ID="string_268" HPOS="521" VPOS="1122" WIDTH="33" HEIGHT="26" WC="0.96" CONTENT="sig"/><SP WIDTH="16" VPOS="1122" HPOS="554"/>
							<String ID="string_269" HPOS="570" VPOS="1122" WIDTH="106" HEIGHT="26" WC="0.93" CONTENT="gripande"/><SP WIDTH="16" VPOS="1122" HPOS="676"/>
							<String ID="string_270" HPOS="692" VPOS="1121" WIDTH="180" HEIGHT="22" WC="0.91" CONTENT="demoralisation"/>
						</TextLine>
						<TextLine ID="line_32" HPOS="119" VPOS="1150" WIDTH="754" HEIGHT="29">
							<String ID="string_271" HPOS="119" VPOS="1151" WIDTH="41" HEIGHT="21" WC="0.92" CONTENT="och"/><SP WIDTH="27" VPOS="1151" HPOS="160"/>
							<String ID="string_272" HPOS="187" VPOS="1151" WIDTH="144" HEIGHT="27" WC="0.91" CONTENT="depravation"/><SP WIDTH="29" VPOS="1151" HPOS="331"/>
							<String ID="string_273" HPOS="360" VPOS="1151" WIDTH="41" HEIGHT="22" WC="0.96" CONTENT="och"/><SP WIDTH="32" VPOS="1151" HPOS="401"/>
							<String ID="string_274" HPOS="433" VPOS="1154" WIDTH="30" HEIGHT="18" WC="0.93" CONTENT="ett"/><SP WIDTH="26" VPOS="1154" HPOS="463"/>
							<String ID="string_275" HPOS="489" VPOS="1151" WIDTH="132" HEIGHT="28" WC="0.92" CONTENT="lycksökeri,"/><SP WIDTH="30" VPOS="1151" HPOS="621"/>
							<String ID="string_276" HPOS="651" VPOS="1151" WIDTH="74" HEIGHT="21" WC="0.96" CONTENT="hvilka"/><SP WIDTH="32" VPOS="1151" HPOS="725"/>
							<String ID="string_277" HPOS="757" VPOS="1150" WIDTH="116" HEIGHT="28" WC="0.94" CONTENT="formligen"/>
						</TextLine>
						<TextLine ID="line_33" HPOS="121" VPOS="1180" WIDTH="752" HEIGHT="29">
							<String ID="string_278" HPOS="121" VPOS="1181" WIDTH="85" HEIGHT="21" WC="0.92" CONTENT="frodats"/><SP WIDTH="24" VPOS="1181" HPOS="206"/>
							<String ID="string_279" HPOS="230" VPOS="1181" WIDTH="71" HEIGHT="21" WC="0.96" CONTENT="under"/><SP WIDTH="16" VPOS="1181" HPOS="301"/>
							<String ID="string_280" HPOS="317" VPOS="1182" WIDTH="37" HEIGHT="20" WC="0.96" CONTENT="det"/><SP WIDTH="16" VPOS="1182" HPOS="354"/>
							<String ID="string_281" HPOS="370" VPOS="1182" WIDTH="67" HEIGHT="26" WC="0.93" CONTENT="djupa"/><SP WIDTH="16" VPOS="1182" HPOS="437"/>
							<String ID="string_282" HPOS="453" VPOS="1181" WIDTH="115" HEIGHT="28" WC="0.91" CONTENT="betrycket"/><SP WIDTH="16" VPOS="1181" HPOS="568"/>
							<String ID="string_283" HPOS="584" VPOS="1180" WIDTH="29" HEIGHT="28" WC="0.97" CONTENT="på"/><SP WIDTH="16" VPOS="1180" HPOS="613"/>
							<String ID="string_284" HPOS="629" VPOS="1181" WIDTH="69" HEIGHT="21" WC="0.96" CONTENT="andra"/><SP WIDTH="16" VPOS="1181" HPOS="698"/>
							<String ID="string_285" HPOS="714" VPOS="1180" WIDTH="56" HEIGHT="27" WC="0.95" CONTENT="håll;"/><SP WIDTH="18" VPOS="1180" HPOS="770"/>
							<String ID="string_286" HPOS="788" VPOS="1183" WIDTH="30" HEIGHT="19" WC="0.90" CONTENT="ett"/><SP WIDTH="15" VPOS="1183" HPOS="818"/>
							<String ID="string_287" HPOS="833" VPOS="1180" WIDTH="40" HEIGHT="22" WC="0.90" CONTENT="till-"/>
						</TextLine>
						<TextLine ID="line_34" HPOS="121" VPOS="1210" WIDTH="753" HEIGHT="28">
							<String ID="string_288" HPOS="121" VPOS="1211" WIDTH="95" HEIGHT="27" WC="0.95" CONTENT="tagande"/><SP WIDTH="24" VPOS="1211" HPOS="216"/>
							<String ID="string_289" HPOS="240" VPOS="1211" WIDTH="22" HEIGHT="21" WC="0.96" CONTENT="af"/><SP WIDTH="24" VPOS="1211" HPOS="262"/>
							<String ID="string_290" HPOS="286" VPOS="1211" WIDTH="86" HEIGHT="22" WC="0.96" CONTENT="brotten"/><SP WIDTH="24" VPOS="1211" HPOS="372"/>
							<String ID="string_291" HPOS="396" VPOS="1210" WIDTH="28" HEIGHT="28" WC="0.96" CONTENT="på"/><SP WIDTH="24" VPOS="1210" HPOS="424"/>
							<String ID="string_292" HPOS="448" VPOS="1214" WIDTH="65" HEIGHT="23" WC="0.94" CONTENT="orter,"/><SP WIDTH="25" VPOS="1214" HPOS="513"/>
							<String ID="string_293" HPOS="538" VPOS="1211" WIDTH="40" HEIGHT="21" WC="0.92" CONTENT="der"/><SP WIDTH="23" VPOS="1211" HPOS="578"/>
							<String ID="string_294" HPOS="601" VPOS="1211" WIDTH="148" HEIGHT="27" WC="0.92" CONTENT="polisstyrkan"/><SP WIDTH="19" VPOS="1211" HPOS="749"/>
							<String ID="string_295" HPOS="768" VPOS="1210" WIDTH="106" HEIGHT="28" WC="0.96" CONTENT="betydligt"/>
						</TextLine>
						<TextLine ID="line_35" HPOS="118" VPOS="1240" WIDTH="755" HEIGHT="28">
							<String ID="string_296" HPOS="118" VPOS="1240" WIDTH="80" HEIGHT="26" WC="0.82" CONTENT="ökats"/><SP WIDTH="-3" VPOS="1240" HPOS="198"/>
							<String ID="string_297" HPOS="195" VPOS="1236" WIDTH="12" HEIGHT="36" WC="0.82" CONTENT=";"/><SP WIDTH="9" VPOS="1236" HPOS="207"/>
							<String ID="string_298" HPOS="216" VPOS="1243" WIDTH="57" HEIGHT="19" WC="0.96" CONTENT="samt"/><SP WIDTH="22" VPOS="1243" HPOS="273"/>
							<String ID="string_299" HPOS="295" VPOS="1247" WIDTH="27" HEIGHT="15" WC="0.96" CONTENT="en"/><SP WIDTH="24" VPOS="1247" HPOS="322"/>
							<String ID="string_300" HPOS="346" VPOS="1240" WIDTH="78" HEIGHT="28" WC="0.93" CONTENT="tydligt"/><SP WIDTH="23" VPOS="1240" HPOS="424"/>
							<String ID="string_301" HPOS="447" VPOS="1240" WIDTH="106" HEIGHT="28" WC="0.92" CONTENT="skönjbar"/><SP WIDTH="20" VPOS="1240" HPOS="553"/>
							<String ID="string_302" HPOS="573" VPOS="1241" WIDTH="127" HEIGHT="27" WC="0.96" CONTENT="minskning"/><SP WIDTH="15" VPOS="1241" HPOS="700"/>
							<String ID="string_303" HPOS="715" VPOS="1241" WIDTH="23" HEIGHT="21" WC="0.93" CONTENT="af"/><SP WIDTH="16" VPOS="1241" HPOS="738"/>
							<String ID="string_304" HPOS="754" VPOS="1240" WIDTH="119" HEIGHT="27" WC="0.91" CONTENT="aktningen"/>
						</TextLine>
						<TextLine ID="line_36" HPOS="119" VPOS="1270" WIDTH="754" HEIGHT="27">
							<String ID="string_305" HPOS="119" VPOS="1271" WIDTH="35" HEIGHT="21" WC="0.95" CONTENT="för"/><SP WIDTH="18" VPOS="1271" HPOS="154"/>
							<String ID="string_306" HPOS="172" VPOS="1270" WIDTH="36" HEIGHT="27" WC="0.96" CONTENT="lag"/><SP WIDTH="16" VPOS="1270" HPOS="208"/>
							<String ID="string_307" HPOS="224" VPOS="1271" WIDTH="42" HEIGHT="21" WC="0.96" CONTENT="och"/><SP WIDTH="16" VPOS="1271" HPOS="266"/>
							<String ID="string_308" HPOS="282" VPOS="1272" WIDTH="48" HEIGHT="20" WC="0.96" CONTENT="rätt."/><SP WIDTH="34" VPOS="1272" HPOS="330"/>
							<String ID="string_309" HPOS="364" VPOS="1270" WIDTH="46" HEIGHT="22" WC="0.95" CONTENT="Och"/><SP WIDTH="16" VPOS="1270" HPOS="410"/>
							<String ID="string_310" HPOS="426" VPOS="1271" WIDTH="32" HEIGHT="21" WC="0.96" CONTENT="till"/><SP WIDTH="17" VPOS="1271" HPOS="458"/>
							<String ID="string_311" HPOS="475" VPOS="1271" WIDTH="66" HEIGHT="21" WC="0.93" CONTENT="dessa"/><SP WIDTH="16" VPOS="1271" HPOS="541"/>
							<String ID="string_312" HPOS="557" VPOS="1270" WIDTH="209" HEIGHT="22" WC="0.91" CONTENT="missförhällanden"/><SP WIDTH="18" VPOS="1270" HPOS="766"/>
							<String ID="string_313" HPOS="784" VPOS="1270" WIDTH="22" HEIGHT="21" WC="0.93" CONTENT="af"/><SP WIDTH="11" VPOS="1270" HPOS="806"/>
							<String ID="string_314" HPOS="817" VPOS="1270" WIDTH="56" HEIGHT="22" WC="0.92" CONTENT="etisk"/>
						</TextLine>
						<TextLine ID="line_37" HPOS="120" VPOS="1300" WIDTH="682" HEIGHT="22">
							<String ID="string_315" HPOS="120" VPOS="1303" WIDTH="35" HEIGHT="19" WC="0.93" CONTENT="art"/><SP WIDTH="16" VPOS="1303" HPOS="155"/>
							<String ID="string_316" HPOS="171" VPOS="1300" WIDTH="67" HEIGHT="21" WC="0.93" CONTENT="hafva"/><SP WIDTH="16" VPOS="1300" HPOS="238"/>
							<String ID="string_317" HPOS="254" VPOS="1300" WIDTH="93" HEIGHT="22" WC="0.93" CONTENT="kommit"/><SP WIDTH="16" VPOS="1300" HPOS="347"/>
							<String ID="string_318" HPOS="363" VPOS="1300" WIDTH="85" HEIGHT="22" WC="0.91" CONTENT="sädana"/><SP WIDTH="16" VPOS="1300" HPOS="448"/>
							<String ID="string_319" HPOS="464" VPOS="1300" WIDTH="65" HEIGHT="22" WC="0.92" CONTENT="äfven"/><SP WIDTH="17" VPOS="1300" HPOS="529"/>
							<String ID="string_320" HPOS="546" VPOS="1300" WIDTH="23" HEIGHT="22" WC="0.92" CONTENT="af"/><SP WIDTH="16" VPOS="1300" HPOS="569"/>
							<String ID="string_321" HPOS="585" VPOS="1300" WIDTH="130" HEIGHT="22" WC="0.92" CONTENT="ekonomisk"/><SP WIDTH="16" VPOS="1300" HPOS="715"/>
							<String ID="string_322" HPOS="731" VPOS="1302" WIDTH="71" HEIGHT="20" WC="0.96" CONTENT="natur."/>
						</TextLine>
					</TextBlock>
					<TextBlock ID="block_5" HPOS="118" VPOS="1330" WIDTH="756" HEIGHT="176">
						<TextLine ID="line_38" HPOS="193" VPOS="1330" WIDTH="681" HEIGHT="27">
							<String ID="string_323" HPOS="193" VPOS="1330" WIDTH="89" HEIGHT="22" WC="0.93" CONTENT="Liksom"/><SP WIDTH="24" VPOS="1330" HPOS="282"/>
							<String ID="string_324" HPOS="306" VPOS="1330" WIDTH="54" HEIGHT="22" WC="0.89" CONTENT="ären"/><SP WIDTH="26" VPOS="1330" HPOS="360"/>
							<String ID="string_325" HPOS="386" VPOS="1330" WIDTH="57" HEIGHT="22" WC="0.96" CONTENT="1894"/><SP WIDTH="23" VPOS="1330" HPOS="443"/>
							<String ID="string_326" HPOS="466" VPOS="1330" WIDTH="33" HEIGHT="22" WC="0.96" CONTENT="till"/><SP WIDTH="24" VPOS="1330" HPOS="499"/>
							<String ID="string_327" HPOS="523" VPOS="1330" WIDTH="41" HEIGHT="22" WC="0.96" CONTENT="och"/><SP WIDTH="17" VPOS="1330" HPOS="564"/>
							<String ID="string_328" HPOS="581" VPOS="1331" WIDTH="50" HEIGHT="21" WC="0.96" CONTENT="med"/><SP WIDTH="18" VPOS="1331" HPOS="631"/>
							<String ID="string_329" HPOS="649" VPOS="1330" WIDTH="57" HEIGHT="22" WC="0.93" CONTENT="1898"/><SP WIDTH="17" VPOS="1330" HPOS="706"/>
							<String ID="string_330" HPOS="723" VPOS="1330" WIDTH="101" HEIGHT="22" WC="0.92" CONTENT="utmärka"/><SP WIDTH="17" VPOS="1330" HPOS="824"/>
							<String ID="string_331" HPOS="841" VPOS="1331" WIDTH="33" HEIGHT="26" WC="0.96" CONTENT="sig"/>
						</TextLine>
						<TextLine ID="line_39" HPOS="118" VPOS="1359" WIDTH="755" HEIGHT="29">
							<String ID="string_332" HPOS="118" VPOS="1366" WIDTH="79" HEIGHT="21" WC="0.95" CONTENT="genom"/><SP WIDTH="24" VPOS="1366" HPOS="197"/>
							<String ID="string_333" HPOS="221" VPOS="1362" WIDTH="30" HEIGHT="19" WC="0.93" CONTENT="ett"/><SP WIDTH="23" VPOS="1362" HPOS="251"/>
							<String ID="string_334" HPOS="274" VPOS="1360" WIDTH="98" HEIGHT="28" WC="0.92" CONTENT="ovanligt"/><SP WIDTH="19" VPOS="1360" HPOS="372"/>
							<String ID="string_335" HPOS="391" VPOS="1360" WIDTH="110" HEIGHT="27" WC="0.92" CONTENT="uppsving"/><SP WIDTH="16" VPOS="1360" HPOS="501"/>
							<String ID="string_336" HPOS="517" VPOS="1359" WIDTH="29" HEIGHT="28" WC="0.93" CONTENT="pä"/><SP WIDTH="16" VPOS="1359" HPOS="546"/>
							<String ID="string_337" HPOS="562" VPOS="1360" WIDTH="164" HEIGHT="27" WC="0.92" CONTENT="näringslifvets"/><SP WIDTH="17" VPOS="1360" HPOS="726"/>
							<String ID="string_338" HPOS="743" VPOS="1360" WIDTH="44" HEIGHT="21" WC="0.93" CONTENT="alla"/><SP WIDTH="16" VPOS="1360" HPOS="787"/>
							<String ID="string_339" HPOS="803" VPOS="1359" WIDTH="70" HEIGHT="22" WC="0.90" CONTENT="omrä-"/>
						</TextLine>
						<TextLine ID="line_40" HPOS="119" VPOS="1389" WIDTH="754" HEIGHT="27">
							<String ID="string_340" HPOS="119" VPOS="1390" WIDTH="43" HEIGHT="21" WC="0.96" CONTENT="den"/><SP WIDTH="24" VPOS="1390" HPOS="162"/>
							<String ID="string_341" HPOS="186" VPOS="1390" WIDTH="41" HEIGHT="22" WC="0.95" CONTENT="och"/><SP WIDTH="20" VPOS="1390" HPOS="227"/>
							<String ID="string_342" HPOS="247" VPOS="1390" WIDTH="63" HEIGHT="22" WC="0.96" CONTENT="torde"/><SP WIDTH="17" VPOS="1390" HPOS="310"/>
							<String ID="string_343" HPOS="327" VPOS="1390" WIDTH="50" HEIGHT="22" WC="0.93" CONTENT="med"/><SP WIDTH="17" VPOS="1390" HPOS="377"/>
							<String ID="string_344" HPOS="394" VPOS="1390" WIDTH="107" HEIGHT="22" WC="0.93" CONTENT="afseende"/><SP WIDTH="16" VPOS="1390" HPOS="501"/>
							<String ID="string_345" HPOS="517" VPOS="1389" WIDTH="14" HEIGHT="22" WC="0.92" CONTENT="å"/><SP WIDTH="16" VPOS="1389" HPOS="531"/>
							<String ID="string_346" HPOS="547" VPOS="1390" WIDTH="250" HEIGHT="22" WC="0.86" CONTENT="affärsverksamhetens"/><SP WIDTH="16" VPOS="1390" HPOS="797"/>
							<String ID="string_347" HPOS="813" VPOS="1389" WIDTH="60" HEIGHT="27" WC="0.91" CONTENT="liflig-"/>
						</TextLine>
						<TextLine ID="line_41" HPOS="118" VPOS="1418" WIDTH="754" HEIGHT="28">
							<String ID="string_348" HPOS="118" VPOS="1420" WIDTH="38" HEIGHT="20" WC="0.94" CONTENT="het"/><SP WIDTH="25" VPOS="1420" HPOS="156"/>
							<String ID="string_349" HPOS="181" VPOS="1420" WIDTH="42" HEIGHT="20" WC="0.93" CONTENT="och"/><SP WIDTH="27" VPOS="1420" HPOS="223"/>
							<String ID="string_350" HPOS="250" VPOS="1419" WIDTH="181" HEIGHT="22" WC="0.90" CONTENT="arbetslönernas"/><SP WIDTH="31" VPOS="1419" HPOS="431"/>
							<String ID="string_351" HPOS="462" VPOS="1420" WIDTH="53" HEIGHT="26" WC="0.96" CONTENT="höjd"/><SP WIDTH="32" VPOS="1420" HPOS="515"/>
							<String ID="string_352" HPOS="547" VPOS="1420" WIDTH="76" HEIGHT="20" WC="0.93" CONTENT="kunna"/><SP WIDTH="26" VPOS="1420" HPOS="623"/>
							<String ID="string_353" HPOS="649" VPOS="1420" WIDTH="119" HEIGHT="20" WC="0.95" CONTENT="betecknas"/><SP WIDTH="30" VPOS="1420" HPOS="768"/>
							<String ID="string_354" HPOS="798" VPOS="1418" WIDTH="74" HEIGHT="22" WC="0.95" CONTENT="såsom"/>
						</TextLine>
						<TextLine ID="line_42" HPOS="119" VPOS="1448" WIDTH="755" HEIGHT="28">
							<String ID="string_355" HPOS="119" VPOS="1450" WIDTH="27" HEIGHT="20" WC="0.92" CONTENT="de"/><SP WIDTH="25" VPOS="1450" HPOS="146"/>
							<String ID="string_356" HPOS="171" VPOS="1452" WIDTH="180" HEIGHT="24" WC="0.90" CONTENT="gynnsammaste"/><SP WIDTH="24" VPOS="1452" HPOS="351"/>
							<String ID="string_357" HPOS="375" VPOS="1449" WIDTH="93" HEIGHT="21" WC="0.93" CONTENT="Finland"/><SP WIDTH="20" VPOS="1449" HPOS="468"/>
							<String ID="string_358" HPOS="488" VPOS="1449" WIDTH="108" HEIGHT="27" WC="0.92" CONTENT="nägonsin"/><SP WIDTH="25" VPOS="1449" HPOS="596"/>
							<String ID="string_359" HPOS="621" VPOS="1449" WIDTH="119" HEIGHT="27" WC="0.92" CONTENT="upplefvat,"/><SP WIDTH="24" VPOS="1449" HPOS="740"/>
							<String ID="string_360" HPOS="764" VPOS="1448" WIDTH="25" HEIGHT="22" WC="0.96" CONTENT="sä"/><SP WIDTH="21" VPOS="1448" HPOS="789"/>
							<String ID="string_361" HPOS="810" VPOS="1450" WIDTH="64" HEIGHT="25" WC="0.96" CONTENT="utgör"/>
						</TextLine>
						<TextLine ID="line_43" HPOS="119" VPOS="1478" WIDTH="755" HEIGHT="28">
							<String ID="string_362" HPOS="119" VPOS="1479" WIDTH="101" HEIGHT="21" WC="0.96" CONTENT="däremot"/><SP WIDTH="22" VPOS="1479" HPOS="220"/>
							<String ID="string_363" HPOS="242" VPOS="1481" WIDTH="30" HEIGHT="19" WC="0.92" CONTENT="ett"/><SP WIDTH="24" VPOS="1481" HPOS="272"/>
							<String ID="string_364" HPOS="296" VPOS="1479" WIDTH="88" HEIGHT="21" WC="0.92" CONTENT="fortsatt"/><SP WIDTH="20" VPOS="1479" HPOS="384"/>
							<String ID="string_365" HPOS="404" VPOS="1478" WIDTH="129" HEIGHT="28" WC="0.91" CONTENT="nedgäende"/><SP WIDTH="21" VPOS="1478" HPOS="533"/>
							<String ID="string_366" HPOS="554" VPOS="1479" WIDTH="54" HEIGHT="21" WC="0.92" CONTENT="eller"/><SP WIDTH="16" VPOS="1479" HPOS="608"/>
							<String ID="string_367" HPOS="624" VPOS="1478" WIDTH="90" HEIGHT="28" WC="0.92" CONTENT="betryck"/><SP WIDTH="17" VPOS="1478" HPOS="714"/>
							<String ID="string_368" HPOS="731" VPOS="1479" WIDTH="7" HEIGHT="21" WC="0.96" CONTENT="i"/><SP WIDTH="16" VPOS="1479" HPOS="738"/>
							<String ID="string_369" HPOS="754" VPOS="1478" WIDTH="120" HEIGHT="28" WC="0.96" CONTENT="synnerhet"/>
						</TextLine>
					</TextBlock>
				</ComposedBlock>
				<ComposedBlock ID="cblock_2" HPOS="190" VPOS="1520" WIDTH="313" HEIGHT="19">
					<TextBlock ID="block_6" HPOS="190" VPOS="1520" WIDTH="313" HEIGHT="19">
						<TextLine ID="line_44" HPOS="190" VPOS="1520" WIDTH="313" HEIGHT="19">
							<String ID="string_370" HPOS="190" VPOS="1520" WIDTH="62" HEIGHT="18" WC="0.90" CONTENT="Särsk."/><SP WIDTH="13" VPOS="1520" HPOS="252"/>
							<String ID="string_371" HPOS="265" VPOS="1520" WIDTH="53" HEIGHT="18" WC="0.93" CONTENT="Besv."/><SP WIDTH="14" VPOS="1520" HPOS="318"/>
							<String ID="string_372" HPOS="332" VPOS="1520" WIDTH="46" HEIGHT="18" WC="0.91" CONTENT="utsk."/><SP WIDTH="14" VPOS="1520" HPOS="378"/>
							<String ID="string_373" HPOS="392" VPOS="1520" WIDTH="34" HEIGHT="19" WC="0.96" CONTENT="bet."/><SP WIDTH="13" VPOS="1520" HPOS="426"/>
							<String ID="string_374" HPOS="439" VPOS="1520" WIDTH="36" HEIGHT="18" WC="0.96" CONTENT="N:o"/><SP WIDTH="12" VPOS="1520" HPOS="475"/>
							<String ID="string_375" HPOS="487" VPOS="1521" WIDTH="16" HEIGHT="17" WC="0.96" CONTENT="1."/>
						</TextLine>
					</TextBlock>
				</ComposedBlock>
			</PrintSpace>
		</Page>
	</Layout>
</alto>
