1111 1775
310 148 247 23 Petitionsbetänkande
573 148 38 24 N:o
628 149 24 22 4.
786 151 41 19 141

107 213 28 23 de
152 212 60 28 kraf,
229 219 51 17 som
296 213 82 23 ställas
395 212 24 24 af
436 213 74 23 andra
526 213 141 28 landsdelar,
683 213 81 23 hvilka
781 213 77 23 härin-

106 249 47 22 tills
169 248 53 23 icke
238 249 8 22 i
261 248 51 23 lika
328 248 59 30 grad
403 255 52 17 som
471 248 29 24 de
516 256 33 16 nu
564 250 8 22 i
588 248 69 30 fråga
672 249 104 23 varande
792 249 66 23 kom-

107 285 43 22 mit
165 285 8 22 i
189 284 141 30 åtnjutande
347 285 24 22 af
383 285 175 29 järnvägarnas
569 284 108 24 fördelar.
699 285 108 29 Påpekas
818 286 40 22 må

107 320 51 28 ock,
175 321 35 22 att
229 320 121 23 afståndet
365 320 54 23 från
436 320 119 24 områdets
571 320 78 24 skilda
665 320 65 23 delar
745 320 35 23 till
793 322 65 28 järn-

109 356 127 30 vägslinjer
255 358 25 20 är
296 356 56 23 vida
368 356 92 23 mindre
478 359 30 20 än
523 357 8 22 i
548 356 28 23 de
592 356 71 23 flesta
679 356 73 23 andra
767 356 92 23 trakter

107 392 24 22 af
171 392 87 27 landet,
299 392 122 23 äfvensom
463 393 35 21 att
530 380 328 46 Helsingfors—Karis—Åbo

107 428 87 27 banan,
218 427 97 23 hvilken
340 427 60 23 dock
424 428 67 22 berör
514 430 47 20 rätt
583 428 148 23 omfattande
752 428 66 22 delar
834 428 25 22 af

107 463 124 30 sydvestra
247 464 107 27 Finland,
371 463 59 23 blott
446 463 35 23 för
496 464 54 22 kort
565 464 34 23 tid
616 464 72 23 sedan
705 464 91 23 utförts.

177 499 10 22 I
210 499 53 23 stöd
290 499 24 23 af
344 499 63 23 hvad
434 500 101 22 sålunda
561 500 89 22 anförts
676 499 37 23 får
736 500 122 22 Utskottet

106 535 94 23 föreslå:

321 579 38 21 att
369 578 172 23 förevarande
545 578 225 29 petitionsförslag
779 577 79 23 måtte

250 613 40 23 för
308 614 85 22 denna
409 613 71 30 gång
498 614 115 23 förfalla.

368 829 230 27 Vilppula—Jämsä.

358 894 215 18 Petitionsmemorialet
586 894 29 18 21.

178 954 122 23 Utskottet
316 954 118 22 erkänner
449 954 36 22 till
495 954 57 22 fullo
563 955 84 28 nyttan
659 954 24 23 af
694 961 30 16 en
732 955 124 29 järnvägs-

106 989 144 23 förbindelse
266 990 88 22 mellan
369 991 81 21 vestra
466 990 109 22 stranden
593 990 25 22 af
634 990 114 30 Päijänne
764 990 35 30 sjö
813 990 44 22 och

106 1025 65 23 Vasa
186 1026 85 22 banan.
303 1026 54 22 Men
381 1026 7 22 i
412 1025 76 23 likhet
511 1026 54 22 med
582 1026 89 29 många
691 1026 73 22 andra
781 1026 75 22 måste

106 1060 71 24 äfven
193 1061 64 23 detta
270 1061 210 29 järnvägsprojekt
501 1061 68 23 träda
590 1061 99 23 tillbaka
704 1061 35 23 för
755 1061 29 23 de
799 1062 57 22 ban-

106 1097 113 27 sträckor,
244 1097 81 23 hvilka
348 1097 160 29 genomskära
526 1097 52 23 från
595 1098 180 29 järnvägsnätet
792 1104 65 16 mera

106 1132 110 30 aflägsna
231 1133 97 23 trakter.
359 1133 34 23 En
415 1133 99 29 lämplig
526 1133 137 29 jämförelse
680 1133 108 29 erbjuder
804 1133 52 23 här-

105 1168 40 23 vid
169 1168 39 23 det
232 1169 87 23 mellan
342 1168 65 24 Vasa
426 1168 78 24 banan
528 1169 43 23 och
587 1169 126 23 Bottniska
730 1169 72 23 viken
820 1169 35 23 be-

105 1204 74 29 lägna
194 1205 148 30 landskapet.

179 1240 119 24 Utskottet
314 1241 98 22 föreslår
428 1241 101 23 sålunda
545 1241 130 23 vördsamt:

320 1302 38 21 att
391 1301 208 29 ifrågavarande
631 1301 225 29 petitionstörslag

248 1337 54 22 icke
327 1336 78 23 måtte
430 1337 137 22 föranleda
592 1337 95 29 åtgärd
705 1337 60 22 från
783 1337 73 22 Stän-

249 1373 95 22 dernas
360 1373 66 22 sida.

176 1515 186 23 Järnvägsutskottets
374 1515 111 18 betänkande
497 1515 35 19 N:o
544 1517 16 16 2.
