1109 1773
304 148 247 23 Petitionsbetänkande
568 148 38 23 N:o
622 148 23 22 4.
792 150 28 20 65

98 215 32 25 sig
146 214 79 26 bekant,
249 214 124 26 Regeringen
395 217 78 17 snarast
494 214 79 26 möjligt
595 214 52 20 skall
665 214 112 26 framlägga
791 214 61 25 nådig

99 242 122 26 proposition
237 249 31 13 om
283 243 37 19 den
335 242 43 20 från
394 242 115 26 Jyväskylä
524 243 75 25 dragna
614 242 165 20 Suolahtibanans
803 242 48 20 fort-

98 271 89 25 sättning
202 272 31 18 till
249 271 120 25 Suonenjoki
384 272 79 24 station,
479 271 82 20 hvilken
577 272 189 24 fortsättningsbana
781 276 69 21 antag-

98 300 54 26 ligen
169 300 36 20 ock
221 300 53 20 skall
290 300 21 20 af
325 300 109 20 Ständerna
449 300 31 19 till
495 300 104 20 utförande
615 300 122 25 godkännas.

168 328 11 20 I
194 329 33 19 det
249 329 21 19 vi
289 328 83 20 sålunda
387 329 5 19 i
409 329 58 19 korta
482 328 37 20 och
535 328 96 20 rationela
646 329 49 25 drag
710 328 58 20 äfven
781 329 71 19 åskåd-

98 358 84 26 liggjort
206 357 95 20 behofvet
323 357 22 19 af
365 364 24 13 en
407 358 44 19 från
466 356 29 22 St.
511 357 74 20 Michel
601 357 31 20 till
647 357 115 26 Jyväskylä
777 357 74 26 dragen

97 386 86 26 järnväg
198 388 51 18 samt
263 386 37 20 den
315 386 164 26 utomordentliga
493 389 65 23 nytta,
569 393 40 13 som
621 386 43 20 dess
675 386 102 20 utförande
786 386 66 20 skulle

98 415 88 19 medföra
208 415 44 20 icke
274 415 84 19 allenast
380 415 31 19 för
434 415 36 19 den
487 415 113 25 landsända,
616 414 127 26 hvarigenom
759 415 36 20 den
811 415 40 19 för-

99 443 87 26 slagsvis
205 443 77 20 komme
297 445 30 18 att
341 443 32 26 gå,
388 445 47 18 utan
451 443 59 20 äfven
525 444 31 19 för
571 443 24 20 de
610 443 56 26 långt
681 443 42 20 från
739 443 113 20 hvarandra

99 472 86 26 belägna
199 471 133 24 landamären,
348 472 79 19 hvilkas
443 472 122 20 trafikbehof
578 472 36 20 den
630 473 65 19 skulle
708 473 86 25 betjäna,
805 476 47 22 taga

99 501 21 19 vi
135 507 32 14 oss
187 501 85 19 friheten
291 501 43 19 med
349 500 43 20 stöd
408 501 22 19 af
438 501 37 20 allt
491 501 52 20 hvad
559 501 21 19 vi
595 502 6 18 i
617 501 62 20 denna
694 501 36 19 sak
745 501 44 20 haft
803 503 48 18 äran

100 529 77 26 anföra,
200 529 79 20 anhålla
296 529 33 20 det
351 529 129 20 Hedervärda
501 529 147 20 Bondeståndet
663 529 48 20 ville
726 529 67 20 tillika
808 529 44 20 med

100 558 64 26 öfriga
181 557 58 20 stånd
254 557 35 20 hos
306 558 54 20 Hans
376 558 114 26 Kejserliga
500 559 94 25 Majestät
609 559 6 19 i
631 559 156 25 underdånighet
801 559 51 25 peti-

98 587 83 25 tionera,

307 617 27 16 att
349 615 35 23 för
403 615 105 24 byggandet
526 616 25 23 af
569 616 147 23 ifrågavarande
741 616 111 19 undersökta

235 648 166 23 järnvägssträcka
412 648 47 21 från
472 647 73 24 Nyslott
557 653 64 18 genom
635 648 24 17 St.
678 643 61 33 Michel
744 643 36 33 till
785 648 67 23 Jyväs-

238 679 43 24 kylä
303 679 60 18 redan
381 679 60 18 under
459 682 93 16 närmaste
565 680 129 24 finansperiod
710 680 100 19 anvisades
823 686 29 12 er-

234 711 107 24 forderliga
354 711 63 24 medel,
434 713 32 17 och
482 712 63 18 banan
558 712 109 18 omedelbart
679 712 74 19 belades
765 712 42 18 med
819 718 33 13 ar-

239 743 47 21 bete;
306 747 48 14 samt

307 778 32 17 att,
359 781 30 12 om
406 776 134 18 ständerbeslut
554 776 7 18 i
580 776 62 18 denna
661 777 79 22 riktning
757 776 32 18 vid
801 777 51 17 inne-

243 807 83 18 varande
339 807 91 24 landtdag
443 807 37 18 icke
493 808 61 17 kunde
565 808 140 21 åstadkommas,
713 808 57 18 Hans
776 808 77 23 Kejser-

239 839 38 23 liga
296 839 89 23 Majestät
404 840 67 17 täcktes
480 840 101 23 förelägga
594 842 55 16 nästa
661 840 121 19 ständermöte
795 841 59 23 nådig

235 871 116 24 proposition
363 872 8 18 i
379 871 80 24 frågan.

170 925 126 27 Helsingfors
311 926 36 20 den
363 926 25 20 21
406 927 102 20 december
524 926 62 22 1904.

173 977 70 30 Georg
260 979 126 27 Paunonen,
603 979 61 23 Matti
680 979 86 28 Ikonen,

127 1021 110 16 representant
246 1020 24 13 för
279 1020 58 14 Jockas
347 1020 78 17 domsaga.
519 1021 108 17 representant
637 1021 24 14 för
671 1021 20 14 St.
701 1021 64 14 Michels
775 1021 79 18 domsaga.

609 1148 174 32 (Öfversättning).

455 1199 43 20 34.

207 1265 62 20 Till
292 1266 193 25 Högvördiga
508 1266 238 20 Prästeständet.

172 1330 127 20 Hänvisande
315 1330 31 19 till
361 1331 47 19 flere
425 1331 117 24 föregäende
559 1330 126 26 landtdagars
695 1330 114 20 utlätanden
817 1331 37 20 och

101 1359 72 26 beslut,
197 1361 57 23 tager
275 1359 35 26 jag
331 1359 41 25 mig
394 1359 86 20 friheten
499 1359 102 20 vördsamt
615 1359 79 26 föreslä,
709 1362 30 17 att
752 1359 32 20 till
800 1359 54 20 Hans

101 1387 114 26 Kejserliga
231 1387 94 26 Majestät
340 1388 61 19 måtte
416 1388 88 25 ingifvas
514 1395 23 12 en
550 1388 121 25 underdänig
681 1388 82 26 petition
772 1388 82 25 därhän,

317 1437 30 18 att
370 1435 64 20 under
453 1436 89 25 byggnad
561 1435 88 20 varande
665 1435 189 26 Nyslott—Elisen-

245 1471 64 14 vaara
321 1465 90 25 järnväg
425 1466 106 24 fortsattes
548 1466 32 19 till
595 1466 128 24 Kronoborgs
733 1465 76 26 kyrkby
819 1465 36 20 och

173 1511 188 23 Järnvägsutskottets
372 1511 111 19 betänkande
495 1511 35 19 N:o
542 1512 19 18 2.
772 1511 10 17 5
