1111 1775
240 158 27 21 12
400 156 413 30 Sammanjämkningsbetänkande.

237 223 122 22 hällslifvet
382 226 58 19 samt
459 223 125 28 sysslandet
607 223 50 21 med
682 222 104 28 politiska
808 222 132 27 angifvelser
956 222 36 22 be-

239 255 54 26 gynt
308 254 8 21 i
332 254 43 27 hög
391 254 54 27 grad
461 255 97 26 upptaga
574 253 27 21 de
615 252 170 27 ifrägavarande
798 252 94 21 verkens
903 253 38 21 tid.
959 253 31 21 En

238 290 75 14 annan
337 283 66 22 orsak
426 285 25 20 är
475 285 31 19 att
526 283 42 22 den
585 283 59 21 förre
660 283 240 27 generalguvernörens
917 283 35 21 val
969 283 23 21 af

238 319 107 21 personer
368 313 33 21 till
425 313 98 28 fyllande
540 313 22 21 af
578 314 130 25 guvernörs-
724 313 41 20 och
781 312 211 22 landssekreterare-

238 345 105 25 posterna
367 345 57 19 samt
448 343 71 21 andra
535 343 66 27 högre
618 343 42 21 och
676 342 60 27 lägre
753 343 98 26 tjänster,
868 343 69 20 sedan
954 343 37 20 du-

238 373 72 26 gande
327 373 41 21 och
385 373 115 27 lagtrogna
516 374 51 20 män
583 372 72 21 blifvit
671 371 49 22 från
737 372 50 21 dem
805 371 132 28 aflägsnade,
954 374 36 19 nä-

238 404 49 19 stan
312 403 141 21 uteslutande
469 403 57 21 fallit
548 402 29 27 pä
601 408 112 21 personer,
733 408 49 15 som
798 402 48 21 icke
862 403 36 26 egt
914 402 26 21 de
957 403 34 20 för

238 433 67 20 dessa
320 432 103 21 embeten
439 433 82 26 nödiga
536 433 90 26 insigter
642 433 41 20 och
700 432 71 27 öfriga
781 432 143 27 egenskaper.
952 432 40 21 Det

238 463 25 20 är
287 463 136 26 exempelvis
447 463 48 20 icke
512 462 90 27 möjligt,
619 464 31 19 att
666 468 28 15 en
710 461 214 22 landssekreterares
941 461 50 28 älig-

237 492 95 27 ganden,
354 499 48 14 som
419 492 35 21 för
470 492 36 21 det
522 494 70 19 mesta
608 493 39 20 äro
669 491 23 22 af
712 491 93 27 juridisk
826 494 72 23 natur,
920 491 72 22 skulle

237 522 77 22 kunna
337 522 23 21 af
375 522 53 27 rysk
445 521 75 22 officer
536 521 54 22 eller
604 521 74 27 nägon
694 527 74 16 annan
785 521 50 22 med
851 521 57 21 finsk
924 521 65 27 lagfa-

237 552 79 21 renhet
332 551 97 22 obekant
439 558 81 21 person
531 551 145 27 försvarligen
687 551 146 21 handhafvas.
850 563 30 3 —
896 551 48 22 Med
961 551 30 22 af-

238 582 82 21 soende
336 581 14 22 &
366 582 43 22 den
425 581 126 28 synnerliga
566 582 74 26 vigten
654 581 70 25 däraf,
736 583 31 19 att
778 581 213 27 statsjernvägarnas

237 611 135 27 förvaltning
386 611 37 22 mä
433 612 63 21 ledas
507 611 50 22 med
568 612 72 26 insigt,
653 611 94 27 ordning
758 611 42 21 och
811 611 179 26 ansvarskänsia,

237 642 64 21 torde
318 641 126 22 Ständerna
459 648 41 21 ega
516 641 48 21 skäl
580 643 32 19 att
625 641 60 27 gifva
699 641 86 27 uttryck
797 640 23 22 ät
830 641 43 21 den
884 647 46 19 oro,
942 648 48 14 som

238 671 56 21 efter
317 672 27 20 de
369 674 88 19 senaste
481 672 185 26 utnämningarna
685 671 36 21 vid
738 671 73 21 denna
827 673 61 19 stora
903 671 86 21 förvalt-

237 701 120 27 ningsgren
383 701 71 27 spridt
477 702 33 26 sig
526 702 6 20 i
549 701 75 21 landet
647 701 51 21 med
722 700 120 27 anledning
857 700 23 22 af
896 701 30 21 alt
942 707 47 15 som

238 730 72 25 blifvit
327 731 69 21 kändt
409 737 36 15 om
462 731 117 27 ledningen
595 731 23 21 af
634 731 60 21 detta
710 731 59 21 verk.
789 743 15 2 —
817 730 174 22 Polisinrättnin-

238 766 70 22 garna
323 761 7 21 i
341 760 53 22 flere
411 760 22 22 af
449 760 86 22 landets
549 761 74 21 städer
634 760 67 22 hafva
712 760 95 27 orimligt
818 760 109 27 utvidgats
939 760 50 22 med

238 790 44 22 den
298 790 92 28 påföljd,
403 792 32 20 att
450 790 132 22 statsverket
597 790 42 22 och
655 790 162 22 kommunerna
833 790 35 21 för
884 790 49 21 dem
950 789 40 22 fått

238 821 125 21 vidkännas
379 821 95 26 oskäligt
490 821 67 27 dryga
573 821 126 21 kostnader.
732 820 126 21 Emellertid
874 821 42 20 har
926 820 64 27 polis-

237 849 85 22 vården
346 851 7 20 i
377 851 122 21 allmänhet
521 850 72 21 blifvit
616 852 80 24 sämre,
713 850 111 22 beroende
841 850 60 21 detta
920 850 69 25 däraf,

238 882 31 19 att
290 881 117 26 ledningen
430 881 127 20 anförtrotts
579 879 23 22 åt
620 880 120 27 olämpliga
756 886 106 21 personer
879 880 41 21 och
937 882 31 19 att
983 880 7 21 i

237 909 129 28 poliskåren
389 911 112 26 upptagits
525 910 69 21 delvis
617 910 32 21 till
674 910 42 21 och
740 910 51 21 med
813 910 114 21 moraliskt
949 909 41 22 för-

237 940 83 21 komna
336 940 111 21 individer
464 940 115 21 äfvensom
595 939 92 27 sådana,
704 940 75 21 hvilka
795 940 48 21 icke
860 946 39 15 ens
918 940 73 21 känna

237 969 89 22 landets
344 969 73 28 språk.

310 999 36 22 Ett
362 999 165 22 åsidosättande
539 999 21 22 af
571 999 107 22 Finlands
688 1001 44 20 rätt
743 999 33 22 till
787 999 47 21 inre
846 999 144 27 själfstyrelse

237 1030 42 21 har
295 1030 42 21 ock
354 1029 43 22 den
413 1029 77 28 åtgärd
506 1029 118 25 inneburit,
634 1031 31 20 att
681 1036 27 15 en
724 1029 53 28 rysk
793 1029 147 27 gendarmkår
956 1029 33 21 be-

238 1059 73 21 klädts
328 1059 50 22 med
395 1059 186 28 polismyndighet
599 1059 42 22 och
656 1065 75 16 annan
743 1059 222 26 tjensteverksamhet
983 1059 8 20 i

238 1089 102 26 Finland,
351 1089 152 22 hvarförutom
519 1089 65 22 äfven
601 1089 186 27 medborgarenes
803 1089 99 26 rättsliga
918 1089 72 21 säker-

237 1119 38 21 het
298 1121 93 20 utsättes
412 1119 35 21 för
462 1119 61 21 faror
537 1125 79 21 genom
632 1119 71 21 sådan
721 1119 224 26 tjenstevärksamhet
960 1121 31 18 ut-

238 1149 66 21 öfvad
316 1149 23 21 af
355 1155 113 21 personer,
480 1155 47 15 som
539 1149 48 21 icke
604 1150 39 20 äro
659 1149 164 21 underkastade
834 1148 57 21 finsk
903 1149 34 26 lag
949 1149 41 20 och

238 1179 68 27 enligt
330 1179 73 21 denna
427 1179 117 27 ansvariga
562 1179 35 21 för
613 1179 49 21 sina
677 1179 138 26 handlingar.
848 1178 46 22 Den
911 1178 79 27 lagliga

237 1208 136 28 ordningens
384 1208 157 22 återställande
553 1208 100 28 påkallar
664 1208 95 22 sålunda
771 1208 41 22 ock
824 1208 167 27 upphäfvandet

236 1238 24 21 af
283 1239 159 26 förordningen
466 1239 42 21 den
529 1239 27 21 10
573 1238 122 22 november
714 1238 35 28 (28
769 1238 99 28 oktober)
886 1238 57 21 1903
955 1244 35 16 an-

236 1267 86 28 gående
334 1268 154 22 fastställande
500 1268 23 22 af
533 1268 133 22 instruktion
677 1269 35 21 för
721 1268 83 22 afdelta
815 1268 175 27 gendarmkåren

237 1298 7 20 i
260 1298 96 21 Finland
373 1300 58 19 samt
441 1298 177 27 befallningarna
630 1298 22 22 af
663 1304 86 16 samma
761 1298 42 27 dag
819 1298 95 22 rörande
931 1298 60 21 vissa

237 1328 63 21 delar
316 1328 23 21 af
354 1327 189 28 gendarmkårens
559 1328 133 22 funktioner.

308 1358 9 21 I
341 1358 161 27 sammanhang
525 1358 50 21 med
596 1357 77 28 frågan
690 1365 36 14 om
742 1358 38 21 det
796 1359 48 24 sätt,
862 1357 85 27 hvarpå
963 1363 27 15 en

237 1388 81 27 mängd
339 1388 102 21 embeten
460 1388 42 21 och
517 1388 91 26 tjenster
624 1388 71 21 under
711 1388 27 21 de
754 1389 100 20 närmast
869 1387 122 27 förgångna

236 1417 54 22 åren
314 1417 73 22 blifvit
410 1417 93 27 besatta,
527 1417 94 22 återstår
640 1418 37 21 det
697 1419 60 20 ännu
778 1417 35 22 för
833 1417 106 22 utskottet
959 1419 31 19 att

235 1447 61 27 gifva
311 1447 87 28 uttryck
415 1447 23 22 åt
453 1448 27 21 de
496 1447 114 28 allvarliga
621 1447 135 28 bekymmer,
769 1453 48 16 som
828 1447 163 21 ministerstats-

236 1477 247 22 sekreterareembetets
508 1477 172 22 handhafvande
704 1477 23 22 af
742 1477 53 28 rysk
812 1483 51 15 man
880 1477 64 21 väckt
960 1476 30 21 öf-

309 1519 62 18 Särsk.
385 1518 52 19 Besv.
451 1519 46 18 utsk.
510 1519 32 18 bet.
554 1518 36 19 N:o
602 1520 16 17 1.
