1111 1773
311 141 245 23 Petitionsbetänkande
572 141 38 23 N:o
627 141 23 23 4.
800 144 27 19 41

179 207 61 17 Dessa
253 206 84 18 fördelar
349 206 62 18 måste
425 207 7 17 i
444 206 39 24 hög
496 206 49 23 grad
563 206 127 18 tillerkännas
703 211 24 13 en
740 206 56 22 bana,
810 207 46 18 hvil-

107 236 37 18 ken
157 236 95 23 utgående
266 236 44 18 från
322 236 111 23 Kangasala
454 237 73 17 station
540 237 32 17 vid
586 236 207 18 Tammerfors—Vasa
802 237 54 23 järn-

106 266 39 22 väg
164 266 66 18 leddes
250 266 72 18 nästan
334 267 6 17 i
353 266 31 18 rät
399 266 46 24 linje
458 266 28 18 till
499 266 57 18 Lahti
569 266 74 18 station
655 266 33 18 vid
700 266 154 24 Petersburgska

106 295 71 19 banan.
202 296 39 18 Den
263 296 74 18 komme
359 296 28 18 att
408 296 115 22 genomlöpa
544 296 116 22 Kangasala,
679 296 91 21 Pälkäne,
783 297 73 22 Hauho,

107 325 83 23 Tuulois,
216 326 83 22 Lampis,
320 326 69 18 Koskis
411 326 36 18 och
468 326 74 18 Hollola
555 326 88 22 socknar,
657 326 57 18 dessa
727 326 129 19 Tavastlands

107 356 64 18 äldsta
191 356 36 18 och
248 356 132 22 förmögnaste
403 357 56 17 orter.
485 356 75 18 Nämda
582 356 84 18 socknar
696 356 75 18 komme
795 356 61 24 jämte

106 386 95 23 Messuby,
221 386 107 20 Sahalahti,
349 386 90 22 Luopiois
461 386 50 18 samt
530 386 66 18 halfva
615 386 98 22 Tyrväntö
736 386 36 18 och
788 386 70 18 Sääks-

106 416 53 18 mäki
172 416 28 18 att
218 415 53 19 bilda
292 415 75 19 banans
386 416 99 18 närmaste
507 416 138 18 trafikområde
669 416 51 18 inom
734 416 27 18 ett
774 415 52 19 bälte
839 416 20 18 af

107 446 87 23 omkring
208 446 22 17 20
242 446 111 18 kilometers
366 446 65 22 bredd,
440 446 74 18 hvilket
527 446 139 22 genomskures
679 446 20 17 af
711 446 71 18 banan.
798 447 60 17 Area-

105 476 32 18 len
151 476 20 18 af
183 476 53 18 detta
249 476 77 18 område
339 476 63 18 blefve
415 476 52 21 3,178
481 475 40 18 km?
534 476 43 18 med
590 481 24 13 en
634 475 110 23 folkmängd
757 476 21 18 af
790 476 64 22 48,913

106 510 92 18 personer
211 506 45 17 eller
270 506 36 20 15,4
319 510 92 18 personer
423 511 34 17 per
469 505 45 19 km?,
547 506 34 18 Om
600 506 65 18 härtill
678 505 67 23 lägges
759 506 95 18 Tammer-

106 536 39 17 fors
159 536 36 18 och
208 536 67 18 Lahtis
288 536 115 23 folkmängd,
417 536 75 18 komme
511 536 36 18 den
566 536 98 18 tilltänkta
680 536 121 23 järnvägens
816 536 42 18 när-

106 566 62 18 maste
181 566 139 18 trafikområde
333 567 29 17 att
375 566 37 22 äga
425 566 65 21 84,000
503 566 124 18 innevånare.

178 595 83 18 Alldeles
274 596 54 17 invid
341 596 64 18 banan
424 596 75 18 komme
513 595 23 18 bl.
551 601 15 12 a.
580 596 86 23 följande
678 595 176 19 fabriksinrättnin-

106 630 43 18 gar:
163 626 10 16 2
187 626 103 22 ångsågar,
304 626 10 16 2
328 626 73 18 mindre
419 626 64 22 sågar,
505 626 130 22 ångkvarnar,
653 626 156 22 vattenkvarnar,
823 631 33 13 an-

83 668 2 2 +
106 655 134 23 delsmejerier,
254 661 24 13 en
290 656 122 22 orgelfabrik,
426 661 24 13 en
459 655 138 21 klädesfabrik,
608 656 28 17 ett
643 655 140 21 linskäktvärk,
792 656 63 22 några

106 685 99 23 tegelbruk
218 690 23 13 m.
255 691 24 12 m.
304 686 101 18 Dessutom
419 686 65 18 finnas
497 686 52 17 inom
562 686 28 18 ett
603 686 78 17 afständ
695 686 19 17 af
730 686 21 17 15
764 685 12 18 &
788 686 23 17 20
825 686 33 18 km

105 715 47 18 flere
173 715 171 23 säginrättningar,
359 716 129 18 Valkeakoski
507 715 137 23 pappersbruk,
659 716 57 17 Evois
729 716 126 18 forstinstitut

105 750 24 12 m.
143 750 23 13 m.
192 746 100 22 Antagligt
306 746 21 17 är
340 746 58 18 äfven
411 746 29 17 att
453 746 62 18 sedan
537 745 65 19 banan
621 745 63 18 blifvit
696 745 69 23 färdig,
789 746 69 18 storin-

107 775 91 18 dustriela
211 776 131 22 inrättningar
354 776 71 23 uppstä
437 776 32 17 vid
482 776 106 18 Vihavuosi
603 776 40 17 fors
656 776 7 17 i
676 775 73 19 Hauho.

177 805 33 18 Att
224 810 44 13 man
280 806 6 17 i
300 805 58 18 dessa
370 806 74 17 trakter
465 806 115 22 uppskattar
601 805 91 18 behofvet
705 805 35 18 och
753 806 70 21 nyttan
836 806 20 17 af

106 835 63 18 denna
179 835 85 24 järnväg
276 836 78 18 bevisar
367 836 37 17 den
421 836 148 22 omständighet,
590 836 29 16 att
647 836 22 17 de
688 836 70 17 nämda
771 836 85 17 kommu-

105 870 66 17 nerna,
185 870 69 19 genom
273 865 67 18 hvilka
357 866 63 18 banan
440 866 75 17 komme
535 866 29 17 att
576 865 31 23 gä,
622 866 5 17 i
641 866 88 23 förening
747 865 43 18 med
803 865 54 18 Tam-

105 896 81 17 merfors
207 896 43 17 stad
266 895 37 18 och
320 896 55 17 Lahti
388 895 73 24 köping
479 895 60 18 hafva
557 895 99 23 uppoffrat
675 895 63 21 17,000
758 895 56 18 mark
826 896 30 17 för

105 925 103 18 sträckans
221 926 147 17 instrumentala
381 926 146 22 undersökning
540 925 50 18 samt
607 925 29 18 för
650 925 127 18 anskaffande
793 926 20 17 af
824 926 33 17 rit-

105 956 75 22 ningar,
192 955 173 23 kostnadsförslag,
378 955 201 23 räntabilitetskalky!
593 960 17 13 o.
620 961 15 12 s.
644 961 18 12 v.

177 985 145 18 Bansträckans
341 985 58 24 längd
419 985 36 18 har
468 985 20 18 af
503 985 89 23 ingeniör
605 985 21 18 B.
639 990 38 13 von
690 985 110 22 Haartman,
814 990 41 13 som

104 1015 96 18 värkstält
212 1015 176 23 undersökningen,
395 1015 106 23 uppgifvits
511 1015 60 18 blifva
579 1016 49 21 115,5
636 1015 44 21 km.,
693 1015 77 18 hvadan
783 1015 73 18 afstän-

105 1045 33 18 det
150 1045 29 18 till
192 1045 28 18 S:t
232 1045 117 23 Petersburg
370 1045 44 18 frän
434 1045 77 18 landets
533 1045 109 23 nordligare
665 1045 52 18 delar
735 1045 121 18 förkortades

104 1075 44 18 med
161 1075 22 17 72
196 1075 32 17 km
247 1075 36 18 och
304 1075 43 18 från
366 1075 129 18 Tammerfors
516 1075 43 18 med
573 1075 23 17 46
609 1075 39 18 km.
673 1075 64 23 Enligt
755 1075 102 18 kostnads-

104 1104 94 24 förslaget
210 1104 75 19 komme
298 1104 65 19 banan
373 1104 61 24 jämte
448 1105 25 18 all
488 1104 65 18 därtill
566 1104 86 19 hörande
666 1105 86 17 materiel
762 1104 29 18 att
799 1104 57 18 kosta

104 1134 102 24 9,370,000)
218 1135 55 17 mark
286 1134 46 19 eller
342 1134 64 22 81,126
420 1135 56 17 mark
491 1140 34 17 per
541 1135 37 22 km,
595 1134 75 18 hvilket
683 1134 44 18 icke
747 1135 39 17 kan
799 1139 57 13 anses

105 1164 64 19 alltför
189 1164 48 23 högt
253 1164 94 24 jämfördt
365 1165 43 18 med
428 1165 133 18 kostnaderna
583 1164 29 18 för
628 1164 63 24 öfriga
703 1164 60 18 under
776 1165 79 17 senaste

104 1194 49 18 tider
167 1194 63 23 bygda
240 1194 109 24 järnvägar
361 1194 43 19 med
418 1194 75 18 normal
507 1194 99 23 spärvidd.

176 1219 57 23 Ännu
245 1225 95 22 tydligare
353 1224 92 18 framstår
457 1224 71 23 nyttan
541 1225 19 17 af
567 1225 64 17 denna
639 1224 59 22 bana,
706 1224 26 18 dä
739 1228 45 14 man
793 1224 63 18 måste

104 1254 48 22 inse,
172 1254 28 18 att
216 1254 110 24 järnvägen
345 1255 70 17 mellan
429 1254 129 18 Tammerfors
572 1254 36 18 och
620 1254 121 23 Helsingfors
753 1255 7 17 i
773 1258 24 13 en
811 1259 45 13 snar

103 1284 79 18 framtid
195 1284 34 18 bör
241 1284 63 18 förses
316 1285 44 17 med
373 1284 122 23 dubbelspär,
511 1284 61 18 sedan
594 1284 44 18 dess
660 1284 59 18 redan
732 1284 51 18 förut
795 1284 61 22 lifliga

103 1314 59 18 trafik
175 1314 113 23 ytterligare
301 1314 84 18 erhäller
398 1314 104 23 tillökning
515 1319 70 18 genom
598 1319 59 13 norra
670 1309 133 23 Österbottens
816 1318 40 18 nya

104 1343 65 19 banor.
196 1344 34 18 Om
243 1344 87 18 däremot
344 1344 36 18 den
393 1344 64 22 trafik,
471 1348 42 14 som
527 1344 43 18 frän
580 1338 123 24 Österbotten
712 1344 56 18 söker
777 1344 31 22 sig
816 1344 40 17 mot

104 1374 57 22 öster,
174 1374 60 18 redan
246 1379 78 13 norrom
336 1374 127 18 Tammerfors
473 1374 85 18 afleddes
569 1374 55 18 öfver
638 1374 63 20 Lahti,
716 1373 62 19 blefve
790 1373 66 23 anläg-

103 1404 63 22 gande
180 1404 20 18 af
212 1404 116 22 dubbelspär
347 1404 128 23 öfverflödigt.
508 1404 67 18 Denna
588 1404 144 22 omständighet
744 1403 111 19 framhäller

104 1434 60 18 ocksä
176 1434 170 24 nödvändigheten
360 1434 20 18 af
393 1434 28 18 att
435 1434 37 18 den
485 1434 112 23 föreslagna
610 1434 66 18 banan
684 1433 35 19 bör
728 1433 73 23 byggas
811 1438 43 13 nor-

104 1464 110 22 malspärig.

174 1505 186 24 Järnvägsutskottets
372 1506 111 18 betänkande
495 1505 34 19 N:o
542 1506 17 18 2.
