1111 1773
244 142 27 19 24
412 140 72 22 Ständ.
501 140 44 23 Pet.
561 152 28 2 —
604 139 145 23 Petitionsbet.
766 140 35 22 N:o
817 140 22 22 3.

243 211 47 22 den
308 210 111 24 lofvande
442 210 167 30 utvecklingen
632 211 24 22 af
674 210 128 23 detsamma
819 210 44 22 har
880 210 121 29 hämmats,

243 245 46 23 och
306 245 61 23 huru
385 244 123 30 ödesdigra
525 244 117 30 följderna
660 245 29 23 af
696 245 28 22 de
736 244 113 30 vidtagna
861 244 141 30 åtgärderna

243 280 10 21 i
271 280 103 29 längden
392 280 74 22 måste
484 280 73 22 blifva
575 280 36 22 för
629 280 121 22 skolornas
765 279 149 23 verksamhet
926 280 74 22 såsom

244 314 120 22 allmänna
382 314 233 30 bildningsanstalter
626 314 77 29 ligger
715 315 8 21 i
736 318 75 25 öppen
825 314 52 29 dag.
905 314 95 28 Skolan,

243 348 98 23 hvilken
360 347 40 23 det
418 348 80 23 tillhör
517 350 35 21 att
567 356 84 21 genom
664 349 35 21 sin
712 348 170 29 undervisning
894 348 106 22 befordra

244 383 169 28 utbildningen
432 383 22 22 af
472 383 29 22 de
519 382 64 23 olika
600 382 171 23 intellektuella
789 382 70 30 anlag
877 383 44 22 och
938 383 62 21 kraf-

244 419 44 26 ter,
305 425 50 15 som
372 421 40 18 äro
430 417 42 23 hos
490 417 148 23 individerna
655 417 123 28 nedlagda,
793 418 26 21 så
832 420 35 19 att
879 417 29 22 de
921 416 79 22 kunna

245 451 122 23 användas
384 451 36 22 för
437 452 51 22 sina
506 451 115 22 särskilda
638 451 115 28 ändamål,
772 451 88 30 nödgas
875 451 125 22 försumma

245 485 78 23 denna
341 485 37 22 sin
396 485 61 30 höga
474 486 94 29 uppgift
585 485 44 23 och
641 493 25 14 se
678 485 53 23 dess
743 485 188 30 förverkligande
943 487 58 20 mot-

245 520 110 22 arbetadt
378 520 44 22 och
445 520 138 28 försvåradt,
601 520 83 23 medan
703 521 28 21 de
750 520 171 23 intellektuella
939 519 61 22 kraf-

244 556 69 21 terna
339 557 67 26 tagas
430 555 8 22 i
463 555 100 29 anspråk
586 555 36 22 för
646 563 30 14 en
694 554 185 29 sysselsättning,
899 561 47 16 som
964 554 36 22 för

244 589 105 22 flertalet
367 589 52 22 icke
436 589 89 22 medför
542 591 79 27 någon
632 591 70 27 nytta
714 589 37 22 för
762 589 132 22 framtiden.
921 589 78 28 Några

245 623 86 29 giltiga
349 623 52 22 skäl
419 623 35 23 för
472 623 28 22 de
518 623 110 30 plötsliga
646 623 194 29 förändringarna
851 623 32 22 ha
895 623 20 29 ej
928 623 72 22 heller

245 657 93 23 kunnat
361 658 99 22 anföras.
497 655 157 32 Öfvertygade
679 665 37 15 om
740 660 35 19 att
799 657 40 22 det
864 658 8 21 i
890 658 60 21 intet
968 657 33 22 af-

244 692 86 22 seende
353 692 47 22 kan
424 693 36 21 stå
478 693 8 21 i
503 693 237 22 öfverensstämmelse
758 691 52 23 med
828 692 81 29 Ryska
927 691 72 22 rikets

243 726 163 22 välförstådda
429 727 121 27 intressen,
574 729 36 20 att
632 727 145 28 ungdomens
801 727 137 28 uppfostran
956 725 44 23 och

244 760 138 29 utbildning
406 761 8 22 i
436 761 113 22 Finlands
571 761 72 29 högre
661 761 108 22 läroverk
787 763 71 20 sättes
877 761 30 29 på
924 760 50 29 spel
992 761 8 21 i

244 795 117 29 föregifna
384 795 175 22 riksintressens
583 803 77 20 namn,
683 795 108 30 uppfylla
815 795 132 22 Ständerna
970 802 29 14 en

245 829 63 29 plikt
325 829 52 23 icke
396 829 88 23 mindre
502 832 48 20 mot
567 830 130 22 Monarken
716 834 29 18 än
763 831 50 20 mot
830 829 78 22 finska
920 829 80 28 folket,

245 863 32 22 då
295 863 29 23 de
342 863 94 23 anhålla
454 872 37 15 om
509 866 35 20 ett
561 864 161 23 återkallande
741 864 23 22 af
782 863 29 22 de
826 864 174 28 författningar,

246 898 83 23 hvilka
347 898 75 22 under
438 902 92 19 senaste
548 898 35 22 tid
601 899 149 29 omgestaltat
768 898 28 22 de
815 898 73 30 högre
900 899 100 21 lärover-

246 933 59 22 kens
323 932 293 30 undervisningsprogram.

317 967 131 22 Ständerna
470 968 58 28 hysa
552 968 89 21 således
660 967 45 22 den
724 967 97 28 åsikten,
841 970 36 19 att
894 974 29 14 en
942 967 58 21 åter-

246 1002 65 28 gång
328 1001 39 22 till
384 1001 177 23 förhållandena
577 1002 50 22 före
642 1002 63 22 1901
720 1001 52 23 med
784 1001 109 22 afseende
905 1002 14 21 å
930 1001 72 28 ryska

245 1036 109 29 språkets
380 1036 114 29 ställning
516 1037 9 21 i
547 1036 265 23 elementarläroverken
835 1035 44 23 och
903 1035 27 22 de
949 1035 52 22 med

245 1069 55 23 dem
323 1070 133 30 jämförliga
481 1071 215 29 privatläroverken
720 1074 25 19 är
763 1069 137 29 nödvändig
919 1070 35 21 för
972 1077 29 14 en

246 1104 91 30 lycklig
354 1105 137 30 utveckling
508 1105 24 22 af
549 1105 91 22 landets
659 1104 160 23 skolväsende.
844 1104 87 22 Tillika
943 1103 59 30 hysa

246 1139 134 22 Ständerna
405 1139 189 30 uppfattningen,
622 1142 35 19 att
684 1139 44 22 den
755 1138 247 29 undantagsställning

246 1174 64 22 vissa
333 1173 131 30 reallyceer,
489 1173 111 23 särskildt
623 1173 29 22 de
676 1174 77 29 bägge
770 1173 8 22 i
796 1173 148 29 Helsingfors
963 1180 39 15 va-

246 1208 80 28 rande,
345 1208 49 22 före
416 1208 62 22 1901
498 1209 86 28 intagit
601 1208 52 22 med
666 1209 91 28 hänsyn
771 1208 37 21 till
820 1207 40 22 det
871 1207 37 23 för
920 1207 83 22 under-

246 1243 127 28 visningen
396 1243 9 21 i
429 1243 69 28 ryska
520 1243 95 29 språket
633 1243 121 29 anslagna,
772 1242 150 23 öfverhöfvan
941 1241 62 29 höga

246 1277 135 22 timantalet
404 1277 72 22 måtte
499 1277 36 22 för
560 1277 126 22 framtiden
704 1277 111 30 upphöra.
852 1275 151 24 Beträffande

247 1311 28 22 de
291 1312 57 21 åren
363 1311 63 22 1903
440 1311 44 22 och
498 1311 65 23 1904
575 1311 151 29 nyinrättade
734 1310 269 23 fruntimmersskolorna

245 1353 58 15 anse
327 1346 37 28 sig
382 1345 131 23 Ständerna
530 1347 57 21 böra
604 1346 102 28 förorda,
724 1347 36 21 att
777 1345 29 22 de
825 1345 124 28 allmänna,
967 1345 37 22 för

244 1379 69 24 detta
331 1381 51 28 slag
401 1380 23 22 af
442 1380 77 23 skolor
537 1379 46 23 den
603 1381 29 21 19
652 1388 61 15 mars
734 1380 64 22 1886
810 1379 134 23 fastställda
955 1379 49 22 lek-

246 1415 178 29 tionsplanerna
442 1414 76 23 blefve
536 1415 86 29 jämväl
640 1415 41 22 vid
699 1413 180 30 ifrågavarande
896 1414 108 23 fruntim-

246 1449 142 22 mersskolor
406 1449 98 22 införda.
534 1449 37 22 Då
589 1449 144 22 sistnämnda
751 1448 106 29 yrkande
875 1447 129 24 medelbart
