1111 1775
267 166 14 19 4
445 162 245 24 Petitionsbetänkande
706 162 38 23 N:o
760 163 22 22 3.

310 228 74 21 Skolor,
396 228 7 18 i
416 228 67 18 hvilka
502 228 32 17 vid
553 228 125 23 uppgörande
697 228 20 17 af
729 227 178 23 lektionsplanerna
920 227 22 17 de
955 231 33 13 na-

238 258 76 18 tionellt
333 258 137 22 uppfostrande
490 258 146 22 synpunkterna
654 257 37 18 fått
710 257 46 18 vika
771 257 30 18 för
814 256 60 18 andra
886 256 102 22 intressen,

237 288 68 17 kunna
324 287 62 23 aldrig
405 288 47 22 fylla
466 288 23 17 de
502 288 109 22 fordringar
623 287 28 17 ett
663 287 40 17 folk
716 287 35 17 har
764 286 39 18 rätt
816 287 29 17 att
857 286 58 18 ställa
927 286 25 22 på
965 286 23 18 de

238 317 144 21 läroanstalter,
402 317 67 18 hvilka
488 317 56 18 skola
556 317 51 17 dana
621 317 89 22 dugande
723 316 130 23 medborgare.
878 316 48 18 Vårt
939 316 48 18 skol-

237 347 92 21 väsende,
347 352 41 12 som
407 347 61 17 under
488 352 67 13 senare
574 346 75 18 hälften
668 347 20 17 af
701 346 32 18 det
745 352 48 16 nyss
805 346 109 22 förgångna
927 346 61 17 seklet

237 377 76 17 kunnat
331 377 64 23 fröjda
414 378 30 22 sig
463 377 21 17 åt
502 382 25 12 en
545 376 29 18 rik
587 376 37 18 och
636 376 107 22 lifskraftig
755 376 158 22 uppblomstring,
927 375 60 18 måste

239 406 118 24 ohjälpligen
376 406 60 18 blifva
456 407 48 17 efter
517 406 37 18 den
567 406 96 18 allmänna
675 406 143 22 utvecklingen,
831 406 66 17 därest
909 405 41 18 icke
964 410 24 12 en

239 441 46 13 snar
304 436 96 23 återgång
418 436 28 18 till
465 436 83 23 tidigare
566 436 134 18 förhållanden
720 436 37 18 och
775 436 63 17 sunda
856 434 132 24 pedagogiska

238 466 97 22 principer
348 466 130 24 möjliggöres.

310 514 72 18 Hittills
402 514 36 18 har
450 514 60 22 ryska
522 514 78 22 språket
612 514 7 17 i
632 513 106 18 allmänhet
750 513 43 18 icke
806 513 63 23 ingått
882 514 7 17 i
901 513 86 17 fruntim-

238 544 154 18 mersskolornas
411 544 135 22 lektionsplan,
565 544 69 17 endast
650 544 6 16 i
668 543 63 23 några
749 542 21 18 få
788 543 75 17 sådana
875 542 65 18 skolor
952 542 36 18 har

239 574 54 18 detta
306 573 98 18 läroämne
417 574 52 17 varit
481 573 76 18 valbart
569 573 43 18 med
625 573 27 17 ett
662 573 144 23 jämförelsevis
819 573 56 22 ringa
883 572 53 18 antal
945 572 42 17 tim-

238 609 47 12 mar.
317 603 43 18 Men
378 605 8 16 i
405 605 23 16 de
447 603 201 21 fruntimmersskulur,
666 603 73 21 hvilka,
758 603 52 18 förut
840 603 69 21 privata,
928 601 60 18 under

239 633 55 18 detta
307 633 22 18 år
342 633 115 23 öfvertagits
470 633 20 18 af
503 633 64 18 staten
579 643 24 2 —
616 633 90 18 skolorna
719 633 7 17 i
738 632 123 18 Nikolaistad
874 632 36 18 och
920 631 68 18 Sorda-

238 663 45 18 vala
296 673 29 11 —,
338 663 36 18 har
393 663 85 18 nämnda
491 663 56 18 ämne
562 663 69 18 införts
644 663 43 17 med
700 663 43 17 icke
756 663 73 17 mindre
843 662 25 17 än
881 661 22 18 24
917 661 71 22 obliga-

238 693 77 18 toriska
335 693 76 18 timmar
428 693 6 17 i
447 693 81 18 veckan.
553 687 62 23 Äfven
634 692 157 23 privatskolorna
809 692 59 17 hafva
887 691 101 18 anbefallts

239 723 30 18 att
281 723 8 18 i
301 723 39 18 alla
360 723 105 18 afseenden
486 723 57 17 ställa
562 723 30 22 sig
611 723 22 17 de
653 722 30 18 för
701 722 131 22 reallyceerna
847 721 89 23 gällande
949 721 39 17 lek-

239 753 147 22 tionsplanerna
398 753 29 17 till
440 752 133 21 efterrättelse,
587 752 69 17 hvaraf
668 751 58 18 bland
739 752 60 17 annat
811 751 56 23 följer
879 751 29 18 att
916 751 72 22 ryskan

239 782 50 18 skall
302 787 49 13 vara
364 782 28 18 ett
404 781 136 24 obligatoriskt
552 782 98 17 läroämne
664 782 43 17 med
720 781 23 18 40
755 781 143 18 veckotimmar.

311 824 25 18 Vi
354 824 66 17 kunna
432 824 7 17 i
452 824 53 17 detta
518 824 138 22 sammanhang
669 825 17 22 ej
700 823 101 18 underlåta
813 823 77 21 nämna,
904 823 31 17 det
948 822 39 18 sär-

239 854 64 17 skilda
316 854 166 22 omständigheter
494 859 60 17 synas
570 854 78 22 antyda,
662 854 28 17 att
703 853 23 18 de
739 854 78 17 senaste
831 852 56 18 årens
901 852 87 23 skolpoli-

239 884 29 17 tik
281 884 6 17 i
301 883 71 23 själfva
391 883 69 18 verket
477 884 59 17 afsett
554 883 60 23 något
632 883 62 17 annat
710 882 35 18 och
763 887 52 13 mera
829 882 24 18 än
866 882 27 18 ett
906 887 22 12 ur
940 882 49 17 riks-

239 913 100 23 synpunkt
358 913 85 23 önskligt
461 912 92 19 befunnet
571 913 107 23 främjande
698 913 20 17 af
736 912 88 22 kunskap
843 912 7 18 i
868 912 63 22 ryska.
957 912 31 17 Ett

240 943 114 17 sträfvande
376 943 28 17 att
426 943 163 17 denationalisera
608 943 75 17 landets
699 942 76 18 bildade
788 942 84 22 ungdom
885 942 36 17 har
934 942 54 22 synts

239 973 54 22 ligga
312 973 29 17 till
359 973 62 22 grund
435 972 29 18 för
477 978 23 12 en
514 972 30 18 del
556 973 19 17 af
588 972 23 18 de
624 972 94 22 vidtagna
732 972 125 22 åtgärderna;
872 972 36 17 och
921 971 24 18 då
958 971 31 18 de-

240 1007 76 13 samma
335 1002 94 23 gestaltat
448 1002 31 23 sig
497 1002 29 18 till
545 1002 125 23 aktgifvande
683 1002 26 22 på
721 1002 111 18 förmodade
845 1001 89 23 politiska
947 1001 40 18 ten-

239 1032 70 18 denser
322 1033 7 17 i
342 1032 28 18 ett
386 1032 40 18 helt
446 1032 36 18 och
498 1032 61 18 hållet
571 1032 20 17 åt
603 1032 115 22 uppfostran
730 1032 72 22 egnadt
815 1031 70 22 arbete,
899 1031 22 17 så
934 1031 29 17 att
975 1031 13 17 t.

240 1067 17 13 0.
278 1067 25 13 m.
323 1062 85 18 cirkulär
420 1062 102 21 utfärdats,
535 1062 7 18 i
554 1062 67 18 hvilka
633 1062 101 17 skolornas
747 1061 133 18 föreståndare
893 1060 36 18 och
942 1060 48 18 före-

241 1092 139 18 ståndarinnor
399 1092 103 18 anmodats
521 1092 28 17 att
568 1096 62 18 ,noga
649 1092 51 17 vaka
716 1091 89 18 däröfver
819 1091 28 17 att
860 1090 55 18 såväl
926 1090 62 18 lärare

241 1126 42 13 som
296 1122 64 18 elever
373 1122 109 22 sorgfälligt
494 1122 72 17 afhålla
579 1122 31 22 sig
622 1121 43 17 från
678 1121 185 23 opinionsyttringar
870 1120 36 18 och
913 1120 75 18 demon-

241 1152 106 17 strationer
360 1152 127 18 öfverhufvud
501 1152 36 17 och
549 1151 113 22 isynnerhet
675 1151 43 17 från
732 1151 74 17 sådana
819 1151 20 17 af
851 1150 77 23 politisk
942 1151 46 21 art”,

240 1181 60 18 hafva
319 1182 65 22 dylika
404 1181 95 24 åtgärder,
519 1182 126 17 tillsammans
662 1181 42 18 med
718 1181 23 18 de
754 1180 42 19 täta
809 1180 161 23 förändringarna
982 1181 7 17 i

239 1211 186 23 lektionsplanerna,
444 1212 40 17 ledt
503 1211 28 18 till
550 1216 24 13 en
586 1212 7 17 i
606 1211 121 18 vidsträckta
746 1211 76 18 kretsar
839 1209 104 19 förnimbar
956 1215 33 14 oro

241 1241 37 18 och
291 1241 60 18 oreda
364 1242 51 17 samt
428 1241 80 23 menligt
520 1241 89 18 inverkat
621 1241 25 22 på
660 1241 36 18 den
710 1241 53 18 stora
771 1241 76 22 uppgift
855 1240 76 17 landets
940 1240 49 18 skol-

240 1271 90 18 lärarkår
343 1271 35 17 har
391 1271 31 22 sig
435 1271 119 18 anförtrodd:
568 1271 29 17 att
610 1271 68 17 arbeta
690 1270 26 23 på
728 1271 32 17 det
772 1270 128 23 uppväxande
909 1269 81 23 slägtets

241 1301 76 22 sedliga
336 1301 77 22 daning.
438 1301 37 18 Det
486 1301 36 17 har
540 1301 65 17 därför
623 1301 51 17 varit
692 1300 30 18 för
735 1305 32 13 oss
781 1305 24 12 en
818 1299 70 23 dyrbar
901 1300 47 22 pligt
962 1300 28 17 att

239 1330 37 18 hos
289 1331 77 17 landets
380 1331 79 17 ständer
476 1330 68 23 bringa
557 1331 6 17 i
577 1330 70 18 åtanke
661 1330 51 18 hvad
725 1330 138 18 fosterlandets
876 1329 32 18 väl
921 1329 69 18 härvid

240 1360 85 20 kräfver,
339 1361 34 17 och
388 1360 51 23 våga
453 1361 18 17 vi
484 1360 24 23 på
521 1361 61 22 grund
596 1361 19 16 af
627 1360 52 17 hvad
692 1365 26 12 nu
735 1359 74 18 anförts
822 1359 35 18 hos
871 1359 119 22 högvördiga

239 1389 149 19 Prästeståndet
406 1390 100 18 vördsamt
525 1390 82 21 anhålla,
625 1390 32 17 det
676 1390 77 17 ståndet
773 1389 120 23 gemensamt
912 1389 42 17 med
967 1389 23 17 de

240 1419 64 23 öfriga
320 1419 88 22 stånden,
422 1420 36 17 och
474 1420 60 17 under
550 1419 138 18 framhållande
702 1420 20 17 af
735 1420 36 17 den
784 1424 33 13 oro
831 1419 36 18 och
880 1418 74 23 störing
967 1419 23 17 de

240 1449 61 18 under
321 1450 78 17 senaste
418 1450 22 17 år
459 1450 94 22 vidtagna
572 1449 91 23 åtgärder
679 1450 52 17 inom
744 1449 76 18 landets
833 1449 157 22 undervisnings-

240 1479 87 18 väsende
340 1479 116 22 framkallat,
470 1479 42 18 ville
526 1479 114 23 petitionera
654 1479 71 21 därom,

313 1521 99 17 Allmänna
426 1521 181 18 Petitionsutskottets
620 1521 110 17 betänkande
743 1520 33 18 N:o
789 1521 16 17 1.

476 1549 10 8 N
