1111 1773
276 162 42 19 148
454 153 247 28 Petitionsbetänkande
718 158 37 23 N:o
771 158 24 22 4.

243 230 46 16 nar
304 223 120 27 hänföras,
442 223 101 23 emedan
558 223 74 30 linjen
649 223 94 23 komme
761 225 34 21 att
811 223 115 23 förmedla
940 223 56 22 stör-

246 261 37 21 sta
299 259 69 24 delen
393 259 25 23 af
442 259 69 23 dessa
534 259 102 22 trakters
660 259 93 23 rörelse.
785 259 98 22 Heinola
903 258 53 23 stad
972 261 26 20 är

246 296 140 29 visserligen
408 295 53 23 icke
485 295 134 29 betydande
634 309 29 2 —
680 295 54 23 dess
754 295 244 27 handelsomsättning

246 331 43 23 har
306 331 129 23 beräknats
458 332 80 29 uppgå
561 331 35 22 till
621 338 17 15 c.
661 335 13 18 2
691 331 108 29 miljoner
815 331 67 22 mark
898 344 29 3 —
944 337 53 15 men

244 367 47 22 den
309 370 26 20 är
350 367 61 22 dock
435 367 77 29 egnad
533 368 34 21 att
583 367 81 22 stärka
680 367 104 22 trafiken
801 366 77 23 såsom
895 365 102 24 varande

245 403 229 30 samlingspunkten
497 403 37 22 för
556 402 29 23 de
606 402 151 29 omgifvande
772 402 176 23 landsorternas
963 402 34 22 in-

245 439 101 27 tressen,
363 440 63 21 samt
442 445 29 16 en
489 439 38 22 väl
544 438 168 23 frekventerad
728 438 59 23 skol-
804 438 43 23 och
862 438 90 23 badort.

317 486 115 29 Längden
457 487 24 22 af
496 487 198 22 Lahti—Heinola
706 487 106 29 järnväg
828 488 26 21 är
870 490 55 23 35,7
941 485 56 23 kilo-

248 523 80 27 meter,
345 522 44 23 och
412 522 54 23 dess
486 522 100 23 kostnad
604 522 43 23 har
662 522 152 30 uppskattats
830 522 34 23 till
881 525 117 24 3,930,000

247 559 70 22 mark
341 558 56 23 eller
420 565 42 22 per
486 559 124 22 kilometer
635 562 93 23 109,930
752 558 75 23 mark.
860 558 44 23 För
920 564 28 16 en
966 557 31 22 bi-

247 594 64 23 bana
333 594 36 23 till
388 594 140 23 Vierumäki
551 594 128 29 skjutplan,
703 594 118 29 utgäende
845 594 52 23 frän
917 594 80 22 Vieru-

249 630 66 23 mäki
340 631 87 22 station
452 630 14 23 ä
490 630 46 23 den
562 629 134 30 föreslagna
722 630 72 29 linjen
825 630 43 22 och
891 631 8 21 i
927 629 71 29 längd

248 669 42 24 4,82
317 666 130 27 kilometer,
472 666 84 30 belöpa
581 667 38 28 sig
651 665 160 24 kostnaderna
842 666 34 22 till
905 669 93 23 171,000

248 702 75 23 mark.
356 702 64 22 Enär
443 702 46 23 den
506 709 33 16 nu
554 702 122 22 förordade
692 702 80 23 banan
788 702 129 22 tillsvidare
933 701 65 29 finge

248 738 37 22 sin
303 738 133 29 afslutning
452 739 7 21 i
475 738 98 22 Heinola
589 738 52 22 stad
658 738 42 22 och
716 738 78 22 denna
805 739 47 21 orts
864 737 70 23 behof
944 744 54 16 vore

247 774 39 22 väl
311 774 150 28 tillgodosedt
485 774 70 22 äfven
579 780 38 16 om
644 774 43 22 den
712 775 211 28 järnvägsstation,
948 780 49 16 som

247 810 80 22 blefve
349 809 91 23 banans
465 809 132 30 ändpunkt,
621 810 101 22 förlades
745 810 31 28 pä
799 809 69 23 södra
891 809 68 23 sidan
976 809 23 23 af

248 846 133 29 Kymmene
406 845 38 27 älf,
470 846 42 22 har
529 852 28 16 en
574 845 64 29 dylik
656 845 138 29 förändring
810 846 34 22 uti
862 845 136 29 banprojek-

248 882 34 22 tet
298 882 35 22 för
357 881 121 23 Utskottet
501 881 139 29 föreslagits.
672 882 51 22 Den
749 881 249 30 kostnadsbesparing,

249 924 52 16 som
318 918 138 28 härigenom
473 924 99 21 vunnes,
582 917 42 23 har
634 918 128 22 beräknats
774 917 35 22 till
819 921 96 23 400,000
924 917 73 22 mark.

249 953 67 23 Dock
337 953 43 23 har
396 953 127 28 Utskottet,
540 954 7 21 i
569 953 116 23 anseende
701 953 35 23 till
753 953 111 22 behofvet
881 953 24 23 af
921 959 28 16 en
966 953 32 22 öf-

247 991 108 28 vergäng
372 991 63 20 öfver
450 989 132 29 Kymmene
604 989 32 22 älf
652 989 39 22 vid
710 989 90 22 banans
817 989 111 22 framtida
944 989 54 22 fort-

248 1026 109 28 sättning
372 1027 88 24 norrut,
472 1025 53 22 icke
540 1026 55 21 trott
611 1026 37 28 sig
664 1025 57 22 böra
732 1024 140 29 obetingadt
882 1024 117 29 tillstyrka

249 1061 79 22 denna
352 1060 145 30 förändring,
522 1067 50 16 som
587 1061 8 22 i
612 1061 80 29 hvarje
710 1061 40 23 fall
767 1061 114 22 innebure
897 1061 35 22 för
947 1061 51 22 Hei-

249 1097 54 22 nola
320 1096 53 23 stad
390 1103 28 16 en
435 1097 127 22 bestäende
579 1097 132 29 olägenhet,
723 1098 58 21 utan
793 1097 8 22 i
813 1096 64 23 detta
889 1096 109 23 afseende

247 1133 65 22 velat
329 1132 147 23 öfverlämna
492 1133 84 29 frågan
593 1133 33 22 till
643 1133 137 28 sakkunnig
795 1133 117 29 pröfning.
937 1132 62 23 Enär

248 1168 77 23 tillika
349 1168 98 23 Heinola
470 1168 184 23 landskommun
678 1168 113 23 förklarat
815 1169 37 28 sig
875 1169 65 28 villig
964 1170 35 21 att

249 1211 70 16 svara
343 1204 35 23 för
401 1204 248 29 expropriationslösen
671 1205 36 22 för
723 1204 44 22 den
785 1204 67 23 mark
869 1211 50 16 som
935 1205 63 22 inom

249 1240 147 23 kommunen
420 1240 117 23 erfordras
553 1240 34 22 till
601 1241 140 28 järnvägen,
759 1240 42 22 och
820 1239 29 24 dä
865 1240 84 29 bidrag
964 1240 35 23 till

248 1275 135 24 kostnaden
407 1276 35 22 för
466 1276 79 23 banan
568 1276 112 23 utlofvats
696 1277 27 22 sä
738 1276 39 22 väl
794 1275 24 23 af
833 1276 98 23 Heinola
946 1276 53 23 stad

248 1318 51 16 som
317 1312 24 23 af
365 1312 130 28 Kymmene
520 1312 140 30 aktiebolag,
680 1312 76 23 skulle
772 1312 226 23 kostnadssumman

247 1348 85 22 kunna
349 1348 145 28 nedbringas
510 1348 35 22 till
556 1354 18 16 c.
584 1352 117 23 3,700,000
717 1354 60 23 resp.
790 1351 117 24 3,300,000
924 1348 74 22 mark.

248 1383 83 29 Enligt
353 1383 23 23 af
400 1384 137 29 sakkunnig
559 1390 85 22 person
666 1383 122 23 verkstäld
804 1383 195 23 räntabilitetsbe-

249 1420 106 28 räkning
370 1419 82 23 kunna
468 1419 236 23 trafikinkomsterna
719 1420 35 22 för
771 1419 80 23 banan
868 1421 7 21 i
891 1420 46 22 den
949 1422 50 20 när-

249 1456 77 22 maste
342 1455 128 23 framtiden
488 1456 78 22 ansläs
583 1455 34 23 till
634 1462 18 16 c.
672 1459 94 24 122,000
784 1455 75 28 mark,
869 1455 84 23 medan
964 1457 34 21 ut-

321 1527 186 23 Järnvägsutskottets
519 1527 109 18 betänkande
641 1528 34 17 N:o
688 1529 16 17 2.
