1114 1775
242 162 12 20 6
416 160 73 23 Ständ.
505 160 45 23 Pet.
566 174 27 3 -—
609 160 146 23 Petitionsbet.
772 160 35 23 N:o
823 160 20 22 3.

240 232 190 29 lektionsplanen
454 232 53 22 icke
531 232 75 22 skulle
629 232 65 29 gälla
717 232 29 22 de
765 232 61 22 båda
844 232 158 29 reallyceerna

240 266 10 22 i
267 266 155 29 Helsingfors.
452 266 55 22 Med
525 266 72 23 sådan
616 266 169 30 skyndsamhet
803 266 44 22 och
865 267 138 29 ouppmärk-

242 300 90 22 samhet
349 300 61 23 hade
428 300 89 22 således
535 300 29 23 de
582 308 48 22 nya
645 301 206 22 bestämmelserna
863 300 139 29 utarbetats,

242 336 36 21 att
300 342 29 14 en
353 335 101 22 särskild
477 335 142 29 författning
642 336 73 21 måste
733 335 107 23 utfärdas
858 336 35 22 för
911 338 35 20 att
963 336 41 22 be-

241 373 86 25 gränsa
348 368 29 24 de
396 369 101 30 tidigare
515 369 136 23 utfärdades
668 370 119 29 giltighet.
824 370 49 22 Och
892 370 25 22 sä
935 370 68 22 bråd-

242 403 102 23 störtadt
362 404 163 29 genomfördes
544 404 45 22 den
601 404 120 30 påbjudna
733 404 169 30 förändringen
915 404 8 22 i
930 404 74 29 ryska

241 438 272 30 språkundervisningen
531 438 41 22 vid
584 438 159 30 reallyceerna
757 441 41 26 att,
809 438 73 22 ehuru
891 438 111 23 lektions-

241 473 87 29 planen
355 472 126 23 stadfästes
507 473 58 23 först
588 479 85 23 genom
695 473 89 29 nådiga
808 473 90 22 brefvet
922 473 44 22 den
987 473 15 22 6

242 507 130 30 september
398 507 73 28 1901,
493 507 59 22 efter
569 508 182 22 höstterminens
770 508 90 29 början,
880 507 44 22 den
943 507 59 23 dock

242 542 24 22 af
284 542 104 22 Senaten
405 542 126 22 föreskrefs
549 542 38 22 till
605 542 123 22 införande
746 542 31 30 på
789 542 110 29 samtliga
914 542 90 22 klasser

242 575 73 23 rodan
333 576 75 23 under
425 576 122 29 pågående
564 576 81 23 läseår.

311 610 47 23 För
376 611 187 29 privatskolorna
580 611 99 22 innebar
697 610 44 23 den
759 618 49 21 nya
824 611 178 28 författningen,

241 645 75 22 såsom
341 645 102 22 Senaten
468 645 129 23 sedermera
621 645 137 30 tillämpade
777 645 140 28 densamma,
935 645 67 29 bety-

242 679 76 22 dande
341 679 165 30 förändringar
529 680 9 21 i
561 680 164 29 läroplanerna
748 682 61 20 samt
828 679 146 29 rubbningar
992 679 9 22 i

241 713 201 30 undervisningen
461 713 44 23 och
523 714 150 23 läroverkens
692 714 115 22 ekonomi.
834 713 98 23 Antalet
950 714 53 21 tim-

242 756 51 15 mar
316 748 8 22 i
342 749 78 29 ryska,
438 749 93 22 hvilket
548 749 142 22 åtminstone
707 749 10 21 i
734 748 187 23 hufvudstadens
939 750 64 20 stora

241 783 158 29 privatskolor
421 783 63 22 varit
508 783 32 22 20
564 783 17 27 (i
604 791 29 14 en
658 783 67 22 skola
749 783 40 26 19)
806 783 81 28 höjdes
906 782 37 22 till
962 783 40 28 30,

241 817 132 30 hvarjämte
396 817 95 29 ryskan,
515 825 49 15 som
581 818 9 21 i
607 818 58 21 flere
683 817 25 23 af
725 817 53 22 dem
796 817 92 22 kunnat
904 817 97 29 utbytas

242 854 48 19 mot
314 859 29 14 en
364 852 94 22 kortare
476 852 55 22 kurs
548 853 8 21 i
574 852 67 28 latin,
659 859 33 14 nu
709 851 50 23 blef
777 851 165 30 obligatoriskt
959 859 43 14 un-

242 885 225 31 dervisningsämne.
502 886 66 23 Dock
586 885 156 31 påtvingades
760 886 195 29 förändringarna
973 885 29 23 de

242 921 93 29 privata
352 921 137 22 läroverken
507 921 53 22 icke
577 924 90 26 genast,
685 923 58 20 utan
762 921 59 22 först
833 928 84 22 genom
930 920 72 22 Sena-

241 958 52 19 tens
311 955 52 23 bref
381 955 37 22 till
436 955 239 30 Skolöfverstyrelsen
685 955 26 22 af
722 954 46 24 den
779 956 31 21 23
822 955 92 29 januari
929 955 72 28 1903,

241 989 68 23 hvari
333 989 150 23 förordnades
507 992 49 27 ,att
571 990 203 29 undervisningen
792 990 9 22 i
818 989 71 29 ryska
907 990 96 29 språket

240 1024 42 22 vid
305 1024 110 29 samtliga
440 1024 28 22 de
492 1025 93 29 privata
605 1024 115 28 läroverk,
739 1032 49 14 som
808 1024 92 29 åtnjuta
916 1024 85 22 under-

241 1058 52 23 stöd
310 1066 28 14 ur
357 1059 118 23 allmänna
492 1058 81 29 medel,
592 1059 67 28 skall,
676 1059 8 21 i
696 1058 238 23 öfverensstämmelse
947 1058 53 22 med

240 1092 88 30 nådiga
352 1094 91 22 brefvet
467 1093 37 22 till
528 1090 184 32 Öfverstyrelsen
736 1094 38 22 för
794 1093 165 22 skolväsendet
977 1092 23 22 af

241 1127 45 23 den
306 1128 31 22 25
356 1128 43 29 juli
418 1128 73 28 1901,
510 1128 93 22 anvisas
622 1128 32 22 30
672 1127 189 28 veckotimmar,"
881 1127 119 22 äfvensom

240 1164 36 20 att
294 1162 28 22 de
341 1162 9 22 i
368 1162 238 23 öfverensstämmelse
624 1162 96 23 härmed
738 1162 113 23 särskildt
869 1162 35 22 för
919 1161 82 30 hvarje

240 1197 24 22 af
288 1197 67 23 dessa
378 1197 109 22 läroverk
508 1197 131 30 uppgjorda
657 1197 44 22 och
721 1197 127 28 behörigen
866 1195 134 23 fastställda

239 1231 217 30 lektionsplanerna
479 1231 76 22 skulle
575 1231 54 23 med
646 1232 63 22 vissa
727 1235 105 19 närmare
851 1230 97 30 angifna
966 1231 35 21 in-

240 1265 174 30 skränkningar
430 1265 144 24 omedelbart
585 1266 68 22 träda
667 1266 9 21 i
688 1265 111 30 gällande
811 1265 70 22 kraft.
909 1264 91 29 Skolor,

239 1307 49 15 som
306 1299 72 24 redan
396 1300 95 22 erhållit
508 1300 187 23 statsunderstöd
714 1301 30 28 pä
762 1299 78 30 grund
858 1300 24 22 af
899 1299 101 30 tidigare

239 1334 127 30 godkända
383 1334 191 30 lektionsplaner,
587 1335 78 22 blefvo
678 1334 100 23 sålunda
790 1334 60 22 midt
861 1333 74 23 under
947 1333 54 23 sub-

239 1369 175 22 ventionstiden
432 1369 135 23 nödsakade
585 1372 36 20 att
639 1369 73 22 ändra
730 1369 74 22 dessa.

308 1403 50 23 Den
378 1403 151 30 tillämpning
547 1404 100 22 Senaten
661 1403 84 22 härvid
759 1403 41 30 gaf
812 1402 87 30 nådiga
908 1402 93 23 brefvet

239 1438 24 21 af
281 1437 46 23 den
346 1439 32 22 25
396 1438 44 29 juli
462 1438 70 27 1901,
551 1439 8 21 i
577 1438 70 23 hvars
667 1439 13 20 3
699 1438 79 29 punkt
789 1437 52 22 icke
854 1441 95 18 nämnes
962 1443 38 16 om

238 1472 86 28 skolor,
344 1473 24 22 åt
386 1472 82 23 hvilka
486 1471 187 24 statsunderstöd
685 1473 31 29 på
729 1473 48 22 viss
790 1471 34 23 tid
838 1471 71 23 redan
920 1471 80 22 blifvit
