1109 1775
346 143 218 19 Motionsbetänkande
576 143 38 19 N:o
627 143 16 18 1.
850 142 22 18 15

466 205 30 27 19
509 204 19 27 3.

192 265 120 20 Handlande
338 266 38 18 och
400 265 69 23 andra,
494 271 45 14 som
562 264 55 20 hålla
634 266 65 24 öppen
715 264 93 23 salubod,
825 270 48 14 vare

120 295 104 25 förbjudet
247 296 31 18 att
299 295 105 20 derstädes
420 301 44 14 som
479 295 63 25 gåfva
558 295 80 24 utgifva
652 295 120 25 rusdrycker
787 294 30 19 till
833 294 40 20 för-

120 326 68 24 täring
203 325 13 19 å
232 325 73 20 stället.

466 397 28 20 20
510 396 20 27 8.

197 457 17 19 1.
245 457 143 20 Lackfernissa
411 457 47 19 eller
480 457 76 25 politur
579 457 38 20 och
632 457 103 19 inhemskt
750 456 122 21 luktvatten,

122 487 70 19 hvilka
215 487 87 20 tillredts
318 487 21 19 af
355 487 56 25 sprit,
428 493 44 13 som
488 487 18 25 ej
523 487 141 19 denaturerats
680 486 26 25 pä
722 487 42 18 sätt
780 485 94 26 gällande

122 517 117 24 förordning
256 517 67 19 derom
340 517 88 24 stadgar,
446 517 33 19 må
495 517 17 25 ej
529 517 30 18 till
576 517 45 19 salu
637 516 71 20 hållas.

195 547 19 18 2.
244 547 110 24 Angående
371 547 119 24 försäljning
506 547 22 19 af
544 547 144 19 denatureradt
703 546 85 19 bränvin
799 547 22 18 är
832 547 42 18 sär-

122 576 62 20 skildt
200 577 102 25 stadgadt.

468 648 26 20 21
512 647 19 27 8.

198 709 17 19 1.
246 703 18 25 Å
288 709 74 25 apotek
384 708 34 20 må
440 708 98 26 rusdryck
561 708 47 20 eller
632 710 41 18 eter
688 708 44 19 icke
748 708 127 19 annorlunda

122 738 96 25 försäljas
241 740 27 18 än
291 739 32 19 för
339 738 119 20 medicinskt
474 738 95 20 ändamål
586 738 50 20 efter
651 738 83 24 behörig
749 738 81 19 läkares
845 743 31 13 re-

123 769 51 25 cept,
191 768 77 20 hvilket
290 769 37 19 bör
347 768 13 19 å
376 768 96 26 apoteket
487 768 99 23 förvaras,
604 769 18 24 ej
638 768 62 20 heller
715 768 115 19 utskänkas
846 767 30 19 till

122 798 99 25 förtäring
237 798 26 25 på
282 798 74 20 stället.

195 828 19 19 2.
245 829 111 24 Angående
378 828 121 25 försäljning
520 829 21 18 af
557 828 79 19 sådana
652 828 116 22 läkemedel,
786 833 44 14 som
846 827 30 19 in-

123 858 82 20 nehålla
228 859 56 24 sprit,
309 859 52 24 gälle
384 859 54 19 hvad
455 858 278 25 medicinalförfattningarna
748 857 127 20 föreskrifva.

122 888 57 19 Dock
195 888 33 19 må
244 889 109 24 apotekare
369 889 43 19 icke
428 888 80 25 utgifva
524 889 64 25 dylikt
603 888 118 23 läkemedel,
739 888 35 19 der
788 888 42 19 han
840 887 37 19 har

123 918 109 25 anledning
248 919 32 18 att
295 919 98 22 förmoda,
411 919 31 18 att
458 919 113 19 detsamma
588 918 54 20 afses
659 919 31 18 att
706 918 107 19 användas
832 923 44 14 som

122 948 104 25 rusdryck.

470 1014 27 19 22
514 1013 19 27 8.

198 1073 18 18 1.
247 1073 60 19 Utom
324 1073 44 22 den,
386 1079 44 14 som
445 1073 77 25 jemlikt
538 1073 142 25 stadgandena
696 1073 6 19 i
718 1073 66 19 denna
799 1073 78 19 förord-

124 1103 48 24 ning
195 1104 23 18 är
240 1103 115 24 berättigad
371 1104 31 18 att
417 1103 85 25 försälja
518 1103 47 19 eller
580 1103 105 20 utskänka
700 1103 126 25 rusdrycker,
845 1102 33 19 mä

123 1133 60 24 ingen
206 1133 64 19 under
294 1133 68 24 nägon
378 1139 44 13 som
439 1133 54 19 hälst
508 1133 148 24 förevändning
672 1133 53 25 sälja
740 1133 47 19 eller
803 1132 22 19 ät
841 1138 37 13 an-

124 1168 41 13 nan
188 1164 28 17 än
232 1162 150 26 äterförsäljare
397 1163 31 19 till
444 1163 45 19 salu
504 1163 88 25 utbjuda
607 1163 125 25 rusdrycker.
763 1162 114 26 Byteshan-

124 1192 31 20 del
176 1193 45 19 med
238 1193 46 19 eller
300 1193 130 25 längifvande
446 1193 22 19 af
482 1194 126 24 rusdrycker,
625 1193 165 19 bortskänkande
807 1192 23 20 af
845 1192 33 19 sä-

124 1222 54 20 dana
194 1222 120 20 annorledes
331 1224 26 18 än
373 1223 7 19 i
395 1223 52 19 form
463 1223 21 19 af
500 1223 118 25 undfägnad
634 1223 25 19 sä
675 1224 38 18 ock
729 1223 59 19 deras
800 1223 78 19 använ-

124 1252 66 19 dande
206 1252 26 25 pä
248 1254 43 18 sätt
307 1253 47 19 eller
370 1254 64 18 annat
450 1253 70 19 säsom
534 1253 96 25 vederlag
648 1253 32 19 för
695 1253 111 25 penningar
817 1258 61 13 anses

123 1282 41 19 lika
180 1282 46 19 med
241 1282 126 26 försäljning.

196 1312 18 19 2.
247 1312 39 19 Vill
309 1312 68 25 någon
400 1313 12 19 å
431 1314 64 18 annat
519 1313 59 19 ställe
599 1314 27 18 än
642 1312 63 20 ofvan
721 1313 6 19 i
745 1312 33 23 18,
797 1312 26 20 19
840 1312 39 19 och

124 1342 26 19 21
176 1341 27 28 88
227 1343 136 22 omförmäles,
388 1343 69 19 såsom
480 1343 35 19 vid
530 1343 78 25 bröllop
626 1343 47 19 eller
688 1344 64 18 annat
767 1342 110 25 gästabud,

123 1372 56 25 gifva
194 1373 98 25 rusdryck
308 1373 7 19 i
330 1373 125 24 undfägnad,
473 1373 33 19 mä
524 1373 128 25 godtgörelse
668 1373 22 19 af
700 1373 54 19 hvad
766 1379 61 12 namn
840 1373 38 18 den

122 1408 51 13 vara
188 1402 34 19 mä
238 1402 66 20 derför
320 1403 43 19 icke
380 1404 121 23 emottagas,
519 1405 48 18 enär
583 1403 6 19 i
605 1403 64 19 annat
688 1403 35 19 fall
738 1403 76 24 jemväl
830 1402 48 19 slikt

123 1432 145 25 undfägnande
284 1433 42 19 lika
342 1433 44 19 med
416 1433 58 24 loflig
489 1433 121 25 försäljning
626 1438 69 15 anses.
