1111 1775
318 168 276 23 Petitlonsbetänkande
612 168 42 22 N:o
671 169 19 21 7.
852 170 28 21 19

128 234 42 22 och
194 234 117 21 namnlösa
334 234 137 27 angifvelser.
505 234 74 22 Under
602 234 25 21 år
652 234 57 22 1904
732 234 67 22 hafva
825 234 55 22 flere

129 264 75 27 dylika
227 264 38 20 fall
289 264 147 26 förekommit,
461 264 114 26 angående
598 264 47 21 vidt
661 264 60 21 olika
736 264 71 22 saker.
840 264 37 22 Så-

129 294 68 21 lunda
217 294 41 20 har
281 294 6 20 i
311 297 30 18 ett
364 294 39 21 fall
424 294 119 21 infordrats
560 294 122 26 förklaring
698 294 22 21 af
735 296 13 19 t.
766 294 13 21 f.
798 294 77 27 kyrko-

129 323 82 21 herden
237 323 7 20 i
264 323 88 27 Viborg,
377 323 104 21 däröfver
507 326 31 19 att
568 323 71 22 under
662 323 113 27 pägäende
799 323 77 28 kyrko-

128 353 69 27 parad
226 353 41 21 och
298 353 111 26 samtidigt
435 353 28 21 dä
489 353 170 27 kejsarhymnen
684 353 102 27 spelades
809 353 6 21 i
839 360 36 15 an-

128 383 89 26 ledning
233 383 22 20 af
271 383 89 21 Hennes
381 383 100 26 Majestät
503 383 146 27 Kejsarinnan
671 383 126 21 Alexandra
824 383 52 21 Feo-

129 413 117 21 dorownas
272 413 129 26 namnsdag,
429 412 49 22 från
503 413 89 22 stadens
616 413 120 27 kyrkotorn
760 413 68 26 hörts,
845 412 33 22 sä-

129 449 47 14 som
200 442 37 21 det
253 443 125 26 uppgifvits,
399 443 165 27 själaringning,
582 443 80 21 medan
678 443 7 20 i
706 443 79 26 själfva
801 443 77 21 värket

128 472 129 27 ringningen
284 473 65 21 afsett
372 475 32 19 att
430 473 59 20 kalla
512 473 158 26 församlingen
696 473 32 20 till
754 479 27 15 en
812 473 67 21 hböne-

128 503 65 20 stund
218 503 6 20 i
248 502 120 27 anledning
391 502 22 21 af
429 503 43 20 den
489 503 57 26 höga
562 503 158 26 namnsdagen.
752 502 31 21 En
803 509 75 14 annan

127 531 58 28 gång
200 532 41 20 har
256 532 119 21 klockaren
393 532 6 21 i
416 538 27 15 en
460 532 196 27 landsförsamling
672 532 101 27 angifvits
790 532 36 21 för
842 532 36 21 det

128 562 51 25 han,
203 568 47 14 som
278 562 142 27 >upprepade
443 561 82 28 gånger
547 564 78 24 vägrat
647 562 87 27 deltaga
748 563 7 20 i
760 562 39 21 de
815 562 64 27 guds-

127 592 99 26 tjänster,
232 598 47 15 som
292 594 36 24 ägt
339 599 47 14 rum
399 592 6 20 i
417 592 109 22 socknens
538 592 68 28 kyrka
615 591 27 27 pä
653 592 122 27 Kejserliga
785 591 94 27 högtids-

129 621 79 27 dagar»
222 622 42 20 och
275 622 31 20 till
318 622 53 26 följd
384 622 64 21 däraf
456 622 71 22 skulle
536 622 72 21 blifvit
618 624 80 19 tvenne
709 622 109 21 särskilda
829 621 51 27 gän-

128 658 38 20 ger
189 652 152 26 suspenderad
364 651 49 22 från
438 652 33 20 sin
488 652 128 26 befattning,
633 652 81 26 jämväl
731 652 42 21 den
789 650 38 27 9/18
844 652 34 20 de-

128 681 89 21 cember
234 681 57 21 1903
307 681 14 21 å
337 682 60 21 Hans
414 682 122 27 Kejserliga
552 682 112 26 Majestäts
680 682 57 26 höga
756 682 123 26 namnsdag

128 712 76 26 vägrat
227 713 50 25 taga
297 712 34 20 del
356 712 7 20 i
387 711 42 21 den
445 712 131 26 gudstjänst,
594 718 48 14 som
659 712 69 26 sagda
744 712 42 26 dag
802 711 76 21 förrät-

127 743 43 18 tats
186 740 42 22 och
244 740 95 22 sålunda
354 741 62 27 gifvit
433 741 119 27 anledning
567 742 32 20 till
620 741 135 27 »betydande
771 742 107 26 menings-

128 770 76 28 utbyte
220 770 67 21 bland
311 771 88 21 folkets.
433 770 83 22 Genom
542 772 22 20 af
580 771 144 27 domkapitlet
740 771 49 21 med
805 771 73 21 anled-

128 800 52 27 ning
202 800 65 21 häraf
290 800 145 22 föranstaltad
463 802 165 26 undersökning
644 801 44 21 blef
704 802 36 20 det
755 801 121 21 emellertid

127 830 33 20 till
183 830 55 21 fullo
262 831 73 21 utredt
358 833 30 19 att
409 831 102 21 bemälde
527 831 105 21 klockare
648 831 107 27 sistsagde
772 830 42 27 dag
829 830 48 22 full-

128 860 56 26 gjort
210 860 48 20 sina
281 860 212 27 tjänsteåligganden
510 861 36 21 vid
562 861 153 26 gudstjänsten
732 863 56 19 samt
804 862 30 19 att
850 861 28 20 de

128 889 123 25 förseelser,
268 889 35 22 för
318 890 75 21 hvilka
409 890 44 21 han
469 891 70 21 redan
555 890 29 21 20
600 889 25 22 år
640 891 92 26 tidigare
748 890 85 27 ådragit
845 890 34 27 sig

127 919 184 27 tillrättavisning,
320 920 48 21 haft
376 921 64 25 ingen
450 921 135 26 gemenskap
595 921 50 20 med
654 920 120 27 Kejserliga
783 920 95 27 högtids-

129 949 73 26 dagar.
219 948 141 28 Fullkomligt
374 949 44 22 lika
429 950 106 26 grundlös
546 957 40 14 var
596 956 28 15 en
636 952 58 19 emot
705 949 154 28 kyrkoherden
872 950 6 20 i

129 978 72 21 Mohla
210 979 81 21 socken
300 979 62 26 gjord
370 979 121 27 angifvelse
501 980 22 21 af
531 979 104 26 innehåll,
649 980 39 21 atti
703 980 70 21 nämda
784 979 96 22 sockens

129 1009 69 26 kyrka
215 1008 70 27 någon
302 1009 125 27 gudstjänst
442 1009 51 21 med
510 1010 119 26 anledning
644 1010 22 21 af
677 1009 68 22 Deras
756 1009 124 26 Kejserliga

128 1038 136 26 Majestäters
280 1039 149 26 kröningsdag
445 1039 43 21 den
505 1040 27 20 27
549 1040 43 25 maj
612 1039 56 22 1904
684 1040 19 26 ej
720 1039 71 21 skulle
802 1039 76 21 förrät-

128 1070 49 23 tats,
202 1069 54 19 enär
279 1069 6 20 i
310 1069 80 26 själfva
413 1069 77 21 värket
506 1069 147 21 föreskrifven
670 1069 123 22 bönestund
810 1069 68 26 sagda

128 1097 42 27 dag
192 1097 81 22 hållits.
306 1098 31 21 De
361 1098 94 21 anförda
475 1099 68 21 fallen
560 1101 38 19 äro
615 1099 121 21 emellertid
753 1099 22 21 af
791 1099 85 20 mindre

128 1127 112 28 betydelse
263 1128 37 21 vid
324 1129 65 20 sidan
409 1128 23 21 af
448 1129 37 21 det
501 1129 169 21 adminstrativa
686 1129 136 26 öfvergrepp,
842 1128 35 21 för

128 1157 82 20 hvilket
233 1159 80 20 tvenne
336 1159 69 20 andra
421 1158 125 28 oförvitliga
562 1159 113 20 lutherska
691 1161 84 25 präster
792 1160 86 19 utsatts.

128 1187 45 21 Hos
199 1186 61 22 såväl
277 1188 132 27 kapellanen
425 1194 48 15 som
490 1188 260 28 kyrkoherdeadjunkten
767 1189 6 19 i
790 1188 86 21 Ruoko-

128 1217 47 21 laks
199 1216 130 28 församling
347 1218 40 21 har
403 1218 23 21 af
441 1220 75 19 ortens
533 1218 173 22 kronolänsman
723 1218 49 22 med
788 1218 87 21 biträde

127 1246 23 22 af
173 1246 36 21 två
233 1246 130 28 beväpnade
387 1248 187 27 poliskonstaplar
591 1248 28 26 på
634 1250 149 24 guvernörens
800 1248 76 20 befall-

127 1276 52 27 ning
194 1276 74 21 hållits
289 1277 229 27 polisundersökning,
536 1278 40 21 hos
593 1278 42 20 den
652 1278 58 21 förre
727 1278 41 21 den
785 1277 28 21 30
830 1284 48 20 sep-

126 1306 85 22 tember
220 1307 41 20 och
276 1306 40 22 hos
326 1308 42 20 den
377 1313 79 15 senare
465 1308 43 20 den
519 1308 14 20 4
545 1307 92 22 oktober
649 1308 63 25 1904,
725 1308 107 20 hvardera
843 1307 34 21 till

127 1336 54 26 följd
208 1336 22 20 af
254 1342 26 15 en
305 1337 126 21 sedermera
450 1336 75 22 såsom
545 1337 106 27 grundlös
675 1337 111 21 befunnen
810 1337 67 27 angif-

127 1366 59 20 velse
210 1365 23 21 af
254 1366 105 26 innehåll,
376 1369 31 19 att
423 1367 102 21 bemälde
542 1369 114 25 prästmän
672 1367 71 21 skulle
759 1367 35 21 vid
811 1366 67 27 något

126 1395 86 21 tillfälle
236 1396 124 27 afsigtligen
385 1396 118 22 underlåtit
528 1398 102 25 antingen
648 1399 31 19 att
695 1397 93 27 uppläsa
803 1396 73 22 bönen

126 1425 35 21 för
186 1425 149 27 krigsmakten
361 1426 32 21 till
417 1426 64 21 lands
505 1427 42 21 och
573 1427 57 26 sjöss
646 1427 54 21 eller
716 1429 36 23 att,
769 1426 55 22 efter
840 1426 38 21 det

126 1455 72 21 denna
214 1455 60 25 lästs,
292 1455 44 22 låta
351 1456 158 26 församlingen
526 1457 78 26 sjunga
624 1456 133 22 föreskrifna
773 1456 102 26 psalmer.

197 1484 41 21 Det
261 1485 41 21 har
328 1485 65 22 äfven
417 1486 98 21 inträffat
538 1489 31 18 att
590 1487 139 26 guvernören
752 1487 6 20 i
782 1485 95 27 Viborgs

197 1525 62 18 Särsk.
272 1526 52 18 Besv.
338 1527 45 18 utsk.
397 1526 32 18 bet.
442 1527 35 18 N:o
491 1527 16 18 4.
