1111 1775
244 155 10 4 -
269 144 345 24 Petitionsbetänkande
629 144 51 22 N:o
697 144 27 22 7.
835 145 42 21 109

129 211 145 27 skogsmedel
290 210 7 21 i
315 210 113 21 Kivinebb
451 211 115 27 kyrkoby,
583 210 34 21 dit
637 211 47 20 han
707 211 97 21 medelst
821 211 57 20 kun-

129 242 86 26 görelse
239 241 71 20 kallat
334 241 51 20 hela
409 240 93 21 socken.
534 241 38 21 Att
595 240 85 21 Tavast
696 240 132 21 förordnats
845 243 33 18 att

129 270 125 28 uppehålla
271 277 28 14 en
315 270 190 27 länsmanstjenst
522 272 26 19 är
563 270 159 21 betecknande
739 271 35 20 för
791 277 28 14 en
832 270 45 21 Gu-

130 301 83 20 vernör
237 300 149 27 Mjäsojedoff.
419 300 82 21 Denna
525 301 59 20 hans
608 300 116 27 gunstling
748 300 73 27 åtnjöt
838 300 40 21 lön

130 332 60 19 samt
214 330 35 27 låg
266 330 7 20 i
289 330 160 26 drinkareasyl
474 332 83 19 största
581 330 66 21 delen
664 330 24 20 af
702 330 36 20 sin
754 330 124 26 tjenstetid,

130 367 54 14 men
200 360 119 26 hugnades
336 360 37 20 det
390 360 95 20 oaktadt
501 360 53 21 med
573 360 63 26 1,500
652 360 40 20 mk
704 360 107 27 pension!
830 360 50 27 Tog

131 390 86 21 afsked.
249 390 155 20 Efterträddes
425 389 25 21 af
464 390 14 20 f.
496 390 20 20 d.
534 390 164 26 bodbetjänten
714 390 83 20 Armas
814 389 65 21 Helle

132 420 77 20 såsom
226 419 216 27 tjenstförrättande.
476 420 44 20 Till
537 420 87 20 dennes
636 420 67 20 merit
712 420 46 20 kan
772 421 106 19 omnäm-

131 456 42 14 nas
197 451 32 19 att
252 450 46 20 han
323 449 110 27 förbjudit
449 456 28 14 en
494 452 79 24 pastor
589 450 7 20 i
614 449 113 21 Kivinebb
743 450 87 21 socken
847 452 33 18 att

133 480 62 21 hålla
211 479 105 27 föredrag
332 486 38 14 om
387 479 44 21 ock
447 480 25 20 af
486 480 89 26 andligt
591 479 113 21 innehåll!

407 640 93 27 Terijoki
516 641 93 21 distrikt:

206 719 232 20 Kronolänsmannen
464 719 25 20 A.
516 719 157 28 Hyyryläinen
698 719 72 21 erhöll
796 719 25 20 af
837 721 7 18 t
870 719 11 20 f

135 750 141 26 guvernören
294 748 120 27 Lwowskij
431 749 8 20 i
455 749 70 21 slutet
540 749 24 21 af
579 749 95 26 Augusti
687 750 55 20 1903
752 749 127 26 befallning

135 782 32 18 att
184 781 54 19 utan
263 778 137 27 angifvande
417 779 25 20 af
456 779 77 26 nägon
552 786 49 14 som
620 779 59 20 helst
694 779 69 21 orsak
779 781 52 24 taga
848 779 32 20 af-

136 810 56 20 sked
208 809 64 20 inom
289 808 28 21 24
333 809 99 20 timmar.

108 864 3 1 .
515 839 158 27 Hyyryläinen
694 839 149 20 efterträddes
860 839 25 20 af

136 868 248 27 östersjöprovinsaren
400 868 63 20 Allas
480 869 77 20 såsom
574 870 14 18 t.
605 869 14 19 f.
636 881 29 2 —
681 881 27 2 -—
725 881 28 2 —
769 881 29 1 -—
813 881 29 2 -——
853 881 29 1 —

135 941 29 2 —
176 940 26 3 —
215 928 62 20 Allas
293 927 149 21 efterträddes
458 928 26 20 af
498 928 44 21 den
559 928 71 21 allom
647 928 98 21 bekante
761 928 32 21 fil.
810 928 71 27 magi-

136 960 68 24 stern,
231 958 211 26 kollegiiassessorn
468 958 44 20 och
536 958 107 21 riddaren
664 957 127 28 (Melartin).
810 970 27 2 —
854 970 29 2 —

207 988 160 20 Förordnades
384 987 25 21 sä
426 988 107 20 Melartin
549 988 34 20 till
600 990 14 18 t.
627 988 13 20 f.
653 987 164 28 (kronofogde),
829 994 54 14 men

135 1018 82 25 denne,
229 1018 140 26 fullkomligt
377 1017 162 27 inkompetent
548 1020 31 18 att
588 1018 66 20 sköta
663 1018 75 26 någon
747 1012 75 37 tjenst,
834 1012 48 37 (mä-

135 1048 77 20 hända
229 1047 88 27 mäktig
329 1046 134 22 handhafva
475 1048 205 27 translatorstjenst
693 1048 54 20 eller
758 1048 75 26 tjenst,
843 1048 40 20 der

135 1078 47 20 han
194 1077 46 21 kan
252 1077 21 21 fä
285 1077 64 27 präla
361 1077 52 21 med
425 1077 111 28 uniform)
545 1078 115 26 nödgades
670 1078 63 20 inom
744 1078 10 20 1
766 1078 84 20 mänad
860 1077 23 21 ät

137 1107 163 26 Kronofogden
318 1107 126 21 Strömsten
462 1108 111 26 erkänna,
590 1110 32 18 att
638 1108 46 20 han
701 1108 18 26 ej
736 1108 51 26 gick
804 1107 6 20 i
828 1108 55 20 land

136 1138 53 20 med
212 1137 105 27 tjensten.
350 1136 75 22 Sedan
443 1137 107 21 Melartin
567 1140 49 18 mot
632 1137 35 21 sin
684 1138 53 26 vilja
753 1137 130 27 ytterligare

136 1168 12 20 2
166 1166 111 22 mänader
293 1167 77 20 hällits
386 1166 7 21 i
410 1166 106 27 tjensten,
533 1168 7 20 i
557 1167 93 21 hvilken
670 1168 46 20 han
736 1168 41 20 fätt
793 1167 92 27 duktigt

135 1199 84 19 svettas
237 1197 43 20 och
298 1197 71 20 bland
387 1199 71 18 annat
475 1197 42 20 fätt
533 1197 76 21 betala
625 1197 168 28 lärpenningar,
806 1197 77 26 utsägs

136 1227 229 21 kronolänsmannen
382 1226 7 21 i
406 1227 80 20 Mohla
509 1227 84 21 Lundh
615 1228 69 25 (emot
700 1227 34 21 sin
751 1227 62 26 vilja,
831 1227 53 20 med

136 1257 41 20 hot
200 1263 37 14 om
262 1257 80 20 afsked
359 1257 24 20 af
398 1263 27 14 en
443 1256 25 20 af
482 1257 195 26 föredragandene
694 1257 6 20 i
717 1257 166 26 länestyrelsen

136 1287 6 20 i
159 1285 92 29 Viborg)
275 1287 33 20 till
324 1288 15 19 t.
356 1287 14 20 f.
388 1286 143 27 kronofogde
555 1287 44 21 och
621 1287 45 20 stär
682 1287 200 26 kronofogdetjen-

136 1319 49 18 sten
209 1317 98 20 sälunda
331 1323 32 14 nu
380 1316 29 27 pä
429 1317 57 20 12:te
508 1317 116 21 mänaden
640 1318 83 26 öppen.
756 1317 66 21 Huru
838 1317 46 20 den

137 1346 73 21 under
226 1346 63 21 tiden
305 1345 127 22 handhafts
449 1346 101 27 framgår
566 1347 25 20 af
599 1347 101 27 följande
710 1348 50 19 2:ne
769 1347 116 26 exempel:

210 1377 19 23 1)
245 1375 280 28 Saköresredovisningen
543 1377 34 20 för
593 1383 79 14 senare
688 1377 87 20 hälften
792 1376 25 21 af
828 1377 56 20 1903

136 1406 60 21 hade
211 1406 53 21 bort
287 1412 55 15 vara
364 1406 54 20 inne
437 1406 9 20 1
466 1406 62 21 Mars
553 1407 63 26 1904,
632 1407 78 20 härför
723 1406 62 21 hade
802 1406 83 21 utfästs

136 1436 45 21 vite
205 1436 25 20 af
251 1436 160 20 förekommen
436 1435 126 28 anledning
579 1437 22 20 ät
617 1437 44 20 alla
680 1437 135 26 redogörare
832 1436 53 22 med

138 1467 43 20 200
197 1466 46 20 mk.
277 1466 44 20 Till
338 1465 105 21 Oktober
462 1466 57 20 1904
536 1473 40 14 var
592 1466 44 21 den
653 1468 62 19 ännu
732 1467 50 20 icke
799 1465 85 22 inskic-

207 1507 58 17 Särsk.
278 1507 48 18 Besv,
339 1507 42 16 utsk.
395 1506 27 17 bet.
439 1507 35 18 N:o
487 1514 17 15 4.
