1114 1778
348 150 218 20 Motionsbetänkande
579 150 37 19 N:o
629 150 16 19 1.
852 151 22 18 7

472 252 13 21 5
502 251 19 30 &.

192 312 18 22 1.
237 311 74 28 Hafva
326 312 116 27 förstärkta
451 311 194 30 stadsfullmäktige
655 312 113 29 medgifvit
778 313 95 22 utminu-

120 349 71 28 tering
209 348 36 22 och
264 348 147 29 utskänkning
427 348 29 27 af
467 348 164 29 alkoholhaltiga
649 348 96 28 drycker,
759 354 39 22 ega
814 349 59 22 ordi-

119 384 63 22 marie
204 383 191 29 stadsfullmäktige
417 383 92 28 derefter
532 384 120 27 bestämma,
670 384 9 21 i
699 384 72 22 hvilka
793 385 81 21 trakter

119 419 27 28 af
158 421 74 21 staden
252 420 179 29 utminuterings-
454 420 36 22 och
511 419 234 30 utskänkningsställen
760 420 21 28 ej
790 419 29 28 få
834 419 40 27 fin-

118 463 48 20 nas,
183 455 58 23 huru
256 456 80 29 många
352 456 177 29 utminuterings-
545 455 37 23 och
592 455 282 30 utskänkningsrättigheter

121 492 34 22 det
169 492 10 21 i
194 492 15 27 $
224 493 16 20 4
255 492 129 22 omnämnda
399 491 78 29 bolaget
486 491 55 22 skall
551 491 118 30 medgifvas
679 491 37 22 och
726 491 58 23 huru
794 491 80 30 många

118 526 27 29 af
166 528 59 22 dessa
248 527 281 30 utskänkningsrättigheter
552 527 79 29 bolaget
653 530 27 19 är
695 528 127 29 berättigadt
836 529 38 24 att,

119 563 87 29 på”sätt
219 564 10 21 i
244 565 16 21 4
274 564 16 27 $
312 564 8 21 2
336 570 59 15 mom.
414 563 145 28 föreskrifves,
581 563 105 28 öfverlåta
709 564 23 21 åt
746 564 76 27 andra,
837 563 37 23 och

119 599 102 27 fastställe
246 599 70 23 tillika
338 600 24 21 de
384 599 72 29 öfriga
481 599 164 29 bestämningar,
667 599 72 22 hvilka
764 599 110 28 stadsfull-

119 635 93 30 mäktige
231 635 40 28 för
292 635 124 28 främjande
434 635 27 27 af
473 636 40 28 god
529 635 94 29 ordning
638 635 144 29 tilläfventyrs
796 634 78 29 pröfva

119 671 75 29 nödigt
204 671 138 28 föreskrifva.

192 708 20 21 2.
250 707 181 29 Utminuterings-
455 707 37 22 och
515 707 230 29 utskänkningsrätten
770 706 54 22 skall
849 707 25 22 at

119 743 139 29 magistraten
280 745 71 20 senast
366 744 8 21 i
389 743 103 22 december
515 743 80 22 mänad
617 743 72 22 ansläs
711 745 32 20 att
757 743 59 22 inom
831 743 43 21 viss

120 779 38 27 tid,
173 778 21 28 ej
207 779 69 22 under
286 777 57 29 fyra
358 779 73 22 veckor
441 778 57 28 frän
513 779 105 28 anslagets
629 779 143 28 kungörande,
783 779 91 21 ansökas

121 814 30 28 af
162 815 24 22 sä
202 814 118 28 beskaffade
336 814 63 29 bolag,
414 822 45 15 som
473 814 10 22 i
498 815 16 21 4
529 815 16 26 $
561 815 12 21 1
588 822 61 14 mom.
665 817 96 24 nämnes,
774 814 36 23 och
820 814 53 22 hän-

119 850 70 28 skjute
212 851 140 28 magistraten
374 850 118 22 sedermera
509 850 177 29 ansökningarna
697 850 65 27 jemte
776 851 38 21 sitt
828 852 46 27 eget

120 886 111 22 utlåtande
246 886 32 22 till
293 885 197 30 stadsfullmäktige,
505 885 74 23 hvilka
595 886 120 27 bestämma,
727 885 78 23 hvilket
816 886 58 28 bolag

120 922 182 29 utminuterings-
317 921 37 23 och
369 922 229 29 utskänkningsrätten
613 921 54 22 skall
681 921 95 23 tilldelas.

193 957 19 22 3.
243 957 79 29 Yppas
343 957 69 22 under
432 957 249 29 försäljningsperioden
697 957 112 22 särskilda
825 964 48 15 om-

120 993 161 28 ständigheter,
308 993 78 22 hvilka
410 1000 69 22 synas
503 993 92 29 påkalla
618 993 119 29 öppnande
761 993 24 22 af
804 994 70 27 något

120 1029 54 22 eller
188 1029 72 28 några
275 1028 25 22 få
316 1029 251 28 utskänkningsställen
584 1029 89 22 utöfver
690 1029 27 22 de
733 1029 60 22 förut
809 1028 64 23 med-

120 1065 69 27 gifna,
205 1064 89 22 beslute
310 1064 208 28 stadsfullmäktige
535 1065 75 21 derom
626 1065 112 21 särskildt.

192 1100 20 22 4.
243 1100 68 22 Hvad
326 1100 208 28 stadsfullmäktige
544 1100 139 22 härutinnan
694 1100 97 28 besluta,
803 1100 70 22 blifve

120 1136 78 22 dervid
214 1136 115 22 beroende.

475 1190 9 22 6
505 1189 20 30 S.

195 1250 17 21 1.
243 1250 146 28 Länestyrelse
407 1256 52 22 eger
477 1250 46 22 rätt
539 1250 41 27 att,
598 1249 39 22 der
653 1249 221 28 omständigheterna

120 1285 39 22 det
182 1285 98 29 päkalla,
304 1284 58 23 efter
383 1285 126 23 infordradt
532 1285 107 30 yttrande
661 1285 24 23 af
706 1284 168 24 vederbörande

119 1321 114 28 kommun,
260 1320 35 23 för
320 1323 28 20 ett
370 1322 26 22 är
418 1322 49 22 eller
490 1323 72 27 någon
583 1322 32 22 del
637 1321 65 28 deraf
721 1321 83 29 bevilja
827 1321 47 22 till-

120 1356 69 23 ständ
205 1358 43 21 att:

192 1393 21 29 a)
229 1394 132 22 uteslutande
375 1394 23 22 åt
412 1394 89 22 resande
516 1394 109 22 utskänka
640 1393 163 28 alkoholhaltiga
814 1393 60 28 dryc-

119 1429 38 21 ker
179 1429 14 21 &
216 1429 124 22 turisthotell
360 1430 31 27 på
414 1429 71 22 landet
509 1429 50 22 eller
581 1429 10 22 i
613 1429 85 28 köping,
721 1429 37 21 der
783 1427 92 28 trafiken

119 1467 26 19 är
168 1464 100 22 särskildt
290 1464 63 28 Viflig,
374 1466 14 20 &
407 1466 67 21 större
497 1464 207 29 järnvägsstationer
729 1464 109 28 äfvensom
861 1464 13 22 å
