1114 1775
228 141 43 22 120
378 140 349 24 Petitionsbetänkande
742 140 53 23 N:o
812 140 27 22 7.

227 208 55 21 med
293 208 72 24 bevis,
378 208 38 20 må
428 208 69 20 åtalet
505 208 100 27 fullfölja
614 210 61 18 samt
683 208 131 20 svaranden
824 209 53 26 äger
886 208 96 21 komma

225 237 116 22 tillstädes
356 237 40 21 vid
412 238 107 27 äfventyr
535 239 33 19 att
583 244 86 14 annars
685 238 31 27 pä
731 242 58 22 egen
803 237 128 22 bekostnad
949 238 33 20 in-

227 268 86 20 ställas.
338 261 119 27 Åstundar
473 268 124 27 åklagaren
613 268 34 20 till
659 267 204 21 Rådstufvurätten
876 268 104 20 inlämna

230 297 137 21 förenämda
392 298 166 27 ryskspråkiga
575 297 146 27 handlingar,
738 297 25 21 så
780 298 53 26 äger
849 298 46 20 han
912 298 69 26 draga

230 327 90 27 försorg
337 334 39 14 om
394 330 32 18 att
442 328 29 20 de
482 328 34 20 till
528 327 70 27 sagda
609 327 89 21 tillfälle
710 327 136 21 öfversättas
857 328 34 20 till
902 327 79 27 något-

229 357 55 21 dera
302 358 24 20 af
340 357 91 21 landets
448 358 77 26 språk.
553 357 66 21 Hvad
637 358 72 20 sedan
725 357 109 21 beträffar
850 357 38 21 det
904 358 14 20 å
932 364 49 14 sva-

229 387 102 21 randens
348 386 51 21 sida
416 387 119 27 påyrkade
551 387 129 21 utlåtandet
696 387 90 26 därom,
802 387 117 21 huruvida
931 393 50 14 sva-

227 417 97 26 randen,
349 423 51 14 som
425 417 71 27 enligt
519 422 55 22 egen
597 417 90 27 uppgift
711 416 73 22 hålles
801 417 95 26 häktad,
914 416 66 21 äfven

227 446 143 21 fortfarande
387 446 59 21 skall
463 447 108 21 förblifva
587 446 113 28 fängslad,
717 446 26 22 så
759 453 69 14 anser
844 447 137 20 Rådstufvu-

227 477 75 20 rätten
327 477 33 20 att
383 476 48 21 han
448 477 19 27 ej
485 476 36 21 för
536 476 38 21 det
590 476 67 27 brott,
674 477 36 21 för
726 476 89 21 hvilket
831 476 46 21 han
895 483 31 14 nu
943 476 38 21 vid

227 506 206 21 Rådstufvurätten
459 506 88 24 åtalats,
573 506 46 21 kan
635 506 109 21 förblifva
760 506 95 26 häktad,
872 513 54 14 men
942 512 39 14 om

227 536 133 20 svaranden
372 536 110 27 möjligen
494 536 73 21 hålles
579 536 104 26 fängslad
695 536 36 21 för
741 536 73 20 andra
823 536 68 26 brott,
900 536 80 21 hvilka

226 565 20 27 ej
264 566 36 20 för
324 565 206 22 Rådstufvurätten
547 567 40 20 äro
605 566 84 26 kända,
707 572 68 15 anser
792 566 33 27 sig
842 566 138 20 Rådstufvu-

226 597 76 19 rätten
318 596 20 27 ej
355 596 82 21 kunna
453 597 82 20 därom
553 596 71 21 utiäta
641 596 39 27 sig.
705 595 103 22 Afsades.
834 596 42 21 Ort
892 596 44 21 och
947 596 33 20 tid

228 631 51 15 som
296 625 78 22 ofvan.

417 673 32 21 På
466 673 217 22 Rådstufvurättens
699 675 98 25 vägnar:

510 716 56 26 Aug.
584 715 114 28 Rydman.

227 811 164 27 Öfversättning.

518 852 85 27 Utdrag
619 859 28 14 ur
658 852 218 22 Rådstufvurättens
887 853 7 20 i
907 853 75 20 Kotka

446 882 51 21 stad
520 883 123 27 protokoll,
660 883 61 21 fördt
738 882 36 21 vid
793 882 188 22 sammanträden

444 912 13 21 å
484 912 118 21 Rådhuset
625 912 7 21 i
657 913 70 27 sagda
752 912 51 21 stad
820 913 162 20 nedannämda

446 942 71 27 dagar
533 942 54 21 åren
605 942 56 21 1904
678 943 45 21 och
741 943 63 20 1905.

395 1013 65 21 Den
477 1015 36 20 23
529 1014 186 21 November
732 1014 86 21 1904.

577 1080 13 26 8
601 1080 25 26 6.

302 1132 110 27 Företogs
436 1132 35 21 till
487 1133 92 21 fortsatt
595 1133 78 27 åtgärd
691 1134 38 21 det
745 1134 39 20 vid
800 1134 182 20 sammanträdet

228 1161 45 21 den
293 1162 26 20 12
336 1162 106 21 sistlidne
459 1163 104 21 Oktober
580 1164 73 21 under
669 1164 12 26 8
699 1165 12 20 2
728 1164 25 21 af
768 1164 37 21 det
819 1164 81 21 därvid
916 1163 65 22 förda

228 1192 143 26 protokollet
387 1192 138 28 påbegynta,
542 1199 53 15 men
607 1193 24 21 af
645 1194 50 21 däri
707 1193 131 22 antecknad
850 1195 69 20 orsak
930 1194 52 20 här-

228 1221 36 20 till
290 1221 144 28 uppskjutna
459 1223 53 25 mål,
535 1223 49 20 däri
600 1224 119 21 allmänna
735 1223 125 27 åklagaren
876 1224 13 21 å
906 1224 76 20 denna

228 1252 44 25 ort,
301 1251 168 22 Stadsfiskalen
486 1252 82 21 Gustaf
582 1253 114 21 Reinhold
713 1247 112 32 Åkesson,
842 1253 13 21 å
871 1253 112 28 tjänstens

228 1281 95 26 vägnar,
333 1281 68 27 yrkat
418 1289 85 14 ansvar
519 1283 12 20 å
541 1282 236 28 Boktryckeriägaren
790 1283 72 21 Reino
874 1283 108 21 Drockila

229 1310 52 21 från
299 1311 77 20 denna
398 1312 57 26 stad,
473 1312 35 21 för
524 1312 61 21 brott
601 1315 62 18 emot
679 1313 242 27 pressförordningen;
938 1313 44 20 och

231 1339 30 21 då
287 1343 108 24 parterna
419 1342 53 20 med
489 1342 124 27 anledning
630 1343 69 20 häraf
712 1343 156 27 uppropades,
884 1342 98 21 instälde

230 1369 34 27 sig
281 1370 125 27 åklagaren
422 1365 105 27 Åkesson
543 1372 44 20 och
604 1373 129 21 svaranden
748 1373 109 20 Drockila
869 1372 112 21 hvardera

229 1400 155 27 personligen.

302 1429 75 21 Sedan
402 1431 38 20 det
465 1431 7 20 i
489 1431 70 20 målet
575 1431 61 21 förut
651 1432 124 21 tillkomna
793 1432 137 27 protokollet
946 1437 35 21 ge-

228 1459 125 26 nomgåtts,
370 1461 104 20 anmälte
490 1461 123 26 åklagaren
629 1455 104 28 Åkesson
751 1464 33 19 att
795 1462 46 20 han
854 1462 18 27 ej
885 1462 41 20 fått
937 1461 44 21 den

302 1500 57 17 Särsk.
373 1501 50 17 Besv.
436 1502 44 17 utsk.
493 1503 28 16 bet.
534 1502 36 17 N:o
582 1507 16 16 4.
