1111 1775
228 149 23 17 34
459 148 217 19 Motionsbetänkande
688 149 38 18 N:o
739 149 16 18 1.

229 208 157 30 spritdrycker,
410 209 7 21 i
440 208 16 22 4
479 209 82 27 städer,
586 203 56 33 Åbo,
666 209 90 28 Viborg,
781 209 86 29 Kuopio
888 209 42 22 och
950 208 32 22 S:t

228 244 88 28 Michel,
337 244 58 22 hade
417 244 26 23 de
463 245 69 29 jemte
548 244 214 29 bränvinsmonopol
777 246 47 21 rätt
839 246 36 21 att
889 244 90 29 försälja

230 281 86 28 jemväl
336 280 71 23 andra
428 281 49 27 slag
497 281 24 22 af
542 280 156 30 spritdrycker,
717 281 41 22 och
774 281 58 22 blott
847 282 7 21 i
870 281 15 22 4
900 280 81 26 städer,

228 316 113 28 nemligen
371 316 145 29 Helsingfors,
547 317 142 28 Björneborg,
722 317 83 23 Lovisa
835 317 41 22 och
903 317 77 27 Borgå,

229 351 60 23 hade
306 351 27 22 de
349 353 46 21 rätt
415 353 36 22 att
471 352 92 29 försälja
579 353 81 22 endast
677 353 102 23 bränvin.
809 348 31 27 Är
858 353 57 22 1902
930 359 51 16 ver-

231 387 59 23 kade
314 387 115 23 dessutom
452 389 7 21 i
485 389 22 22 11
535 388 77 23 städer
631 389 89 22 sädana
735 389 35 22 för
785 389 196 30 dryckenskapens

230 424 172 22 motarbetande
418 424 90 22 bildade
523 425 72 28 bolag,
612 432 50 15 som
677 425 97 22 försälde
791 425 82 22 endast
887 431 94 21 svagare

229 459 134 30 rusdrycker
378 462 60 20 samt
454 460 155 29 maltdryeker.
641 461 35 22 Då
698 461 134 22 Statistiska
848 460 133 29 Centralby-

231 497 53 20 räns
300 495 92 29 nyligen
408 496 142 28 publicerade
568 496 199 23 Alkoholstatistik
783 496 117 29 angående
916 496 67 23 dessa

233 531 79 28 bolags
328 532 145 22 verksamhet
488 532 113 23 meddelar
617 539 28 15 en
662 533 124 28 detaljerad
802 532 125 28 utredning,
945 539 37 15 an-

230 575 35 14 sor
282 568 33 21 sig
331 567 118 23 Utskottet
464 568 49 22 icke
528 568 98 23 behöfva
642 568 42 22 här
699 576 100 22 upprepa
815 569 136 21 densamma.

302 604 81 22 Denna
403 604 207 28 bolagsinstitution
631 604 42 22 har
691 605 41 21 hos
749 612 43 21 oss,
809 605 80 22 liksom
906 604 75 22 öfver-

232 640 42 21 allt
298 640 155 26 annorstädes,
478 640 38 22 der
535 640 131 22 densamma
687 640 76 23 blifvit
777 640 80 28 införd,
873 641 61 21 visat
950 640 33 28 sig

232 676 143 28 synnerligen
401 676 80 28 nyttig,
509 675 60 23 hvad
600 676 199 30 dryckenskapens
824 676 157 28 bekämpande

232 711 146 28 vidkommer,
402 712 41 22 ock
467 719 52 14 man
542 712 41 21 har
605 712 59 22 blott
686 712 114 28 beklagat,
824 714 36 20 att
875 712 106 27 bolagens

231 754 135 22 gynsamma
389 747 126 30 inflytande
539 748 141 28 väsentligen
705 748 120 28 förringats
848 748 133 28 derigenom,

231 784 35 21 att
292 783 64 22 deras
380 783 246 23 verksamhetsområde
646 784 49 23 icke
711 784 86 23 sträckt
813 784 33 28 sig
860 784 76 27 längre
953 785 29 20 än

230 819 34 22 till
287 819 97 23 bränvin
405 820 41 21 och
467 819 88 23 dermed
575 820 125 28 jemförliga
718 820 98 29 drycker.
848 820 32 21 På
896 827 87 14 samma

232 856 60 27 gång
316 855 173 22 konsumtionen
513 856 24 21 af
556 856 71 28 öfriga
643 856 177 28 alkoholhaltiga
835 856 92 29 drycker
943 857 38 20 så-

232 898 48 15 som
295 891 206 28 berusningsmedel
517 892 97 27 tilltagit,
632 892 41 22 har
689 892 39 21 det
743 892 41 22 ock
798 891 76 23 blifvit
885 892 40 21 allt
936 899 46 15 mer

232 927 133 28 uppenbart,
389 928 40 28 att
445 927 111 22 missbruk
577 927 25 22 af
620 927 117 23 desamma
752 928 46 22 kan
815 927 93 28 kraftigt
924 930 57 19 mot-

234 963 92 22 arbetas
342 963 82 22 endast
439 971 79 20 genom
533 964 35 21 att
584 963 69 23 äfven
670 963 142 23 underordna
822 963 98 22 handeln
931 963 50 22 med

232 999 51 21 dem
299 1006 88 15 samma
403 1000 91 28 system.

302 1035 9 21 I
335 1035 38 22 det
396 1035 153 28 Göteborgska
570 1037 122 27 systemets
712 1035 107 22 hemland
834 1035 91 28 Sverige
941 1035 41 22 har

232 1070 65 22 detta
320 1072 91 27 system,
437 1071 69 22 ehuru
529 1071 108 28 bolagens
659 1071 185 29 monopolisering
860 1071 67 22 äfven
945 1070 38 23 der

230 1106 66 23 beror
312 1106 24 22 af
352 1106 262 30 stadsmyndigheternas
628 1107 83 28 beslut,
722 1107 70 22 redan
802 1107 34 22 för
847 1106 135 29 längesedan

231 1143 84 21 vunnit
332 1149 28 15 en
375 1143 164 22 vidsträcktare
555 1143 142 28 tillämpning
713 1145 30 20 än
759 1143 40 21 hos
816 1150 41 14 oss.
888 1143 10 21 I
914 1142 68 22 Göte-

230 1178 54 28 borg
304 1180 16 21 t.
342 1186 33 15 ex.
397 1178 100 28 öfvertog
518 1180 33 21 ett
572 1179 83 22 sådant
671 1179 67 28 bolag
753 1179 69 22 redan
838 1180 25 20 år
881 1178 56 22 1865
947 1178 35 27 all

231 1214 158 28 utskänkning
405 1214 24 22 af
445 1215 148 29 spritdrycker
609 1214 41 22 och
666 1216 24 21 år
709 1215 57 22 1874
782 1215 30 21 all
823 1214 160 28 utminutering

230 1250 25 22 af
278 1250 78 30 dylika
380 1250 93 30 drycker
495 1251 50 21 med
564 1250 138 28 befogenhet
718 1252 35 20 att
769 1250 111 22 öfverlåta
896 1250 86 22 sådana

230 1286 134 28 rättigheter
379 1288 26 20 åt
421 1286 101 22 enskilda
537 1293 109 22 personer.
677 1281 32 27 År
727 1287 57 21 1898
798 1286 112 22 innehade
921 1286 62 22 detta

229 1321 68 29 bolag
314 1322 28 22 30
359 1323 184 28 utminuterings-
564 1323 41 22 och
626 1322 25 22 61
675 1322 306 29 utskänkningsrättigheter,

231 1357 79 23 hvilka
329 1358 39 23 det
384 1359 46 22 dels
447 1359 50 28 sjelf
512 1359 138 28 begagnade,
667 1359 47 21 dels
731 1359 96 22 öfverlät
843 1360 25 20 åt
883 1358 100 22 enskilde

232 1394 141 23 utskänkare
390 1394 41 22 och
447 1394 133 22 handlande.
603 1395 10 20 I
629 1394 130 22 Stockholm
770 1394 101 22 bildades
882 1395 34 20 ett
924 1393 59 23 lika-

231 1429 57 23 dant
304 1430 67 28 bolag
393 1431 24 21 år
441 1430 62 22 1877.
533 1431 70 21 Detta
621 1430 116 28 förfogade
754 1431 14 21 t.
785 1437 33 15 ex.
834 1431 25 20 år
877 1430 56 22 1902
949 1429 35 22 öf-

230 1472 40 15 ver
289 1466 43 21 150
348 1466 306 28 utskänkningsrättigheter,
677 1466 24 21 af
716 1466 79 22 hvilka
811 1466 39 21 det
866 1465 59 29 sjelft
941 1472 42 15 an-
