1111 1773
251 142 27 20 72
425 139 247 24 Petitionsbetänkande
689 140 37 22 N:o
743 140 21 22 3.

729 206 175 32 (Öfversättning).

576 263 43 19 39.

333 336 61 19 Till
416 336 193 20 Hedervärda
632 336 232 20 Bondeständet.

291 406 127 20 Hänvisande
440 406 32 20 till
495 406 32 20 det
549 406 201 26 petitionsmemorial,
769 407 35 25 jag
821 406 34 20 vid
873 406 54 20 1900
943 406 32 20 års

220 435 96 25 landtdag
336 435 110 20 inlämnade
469 435 100 25 angäende
590 436 106 24 byggande
719 436 21 19 af
761 442 24 13 en
802 436 86 25 järnväg
903 434 72 21 mellan

221 463 78 26 Viborg
318 464 36 20 och
370 464 125 25 Helsingfors
510 464 56 25 längs
583 464 148 20 kusttrakterna
746 467 50 17 samt
807 465 5 18 i
824 464 96 20 anseende
931 463 44 20 där-

220 492 40 25 till,
281 495 31 17 att
334 499 73 13 samma
423 493 124 25 synpunkter
561 492 37 20 allt
613 492 121 20 fortfarande
749 496 34 16 äro
799 492 79 26 giltiga,
895 492 36 20 och
947 494 29 18 att

221 520 124 27 anläggning
367 521 20 19 af
406 522 131 25 parallelspär
552 522 12 18 &
578 521 96 20 bandelen
692 522 95 25 Viborg—
793 516 113 36 Riihimäki
921 523 56 17 snart

221 550 41 19 blir
277 549 136 26 oundvikligt,
429 550 63 26 vägar
504 550 34 26 jag
555 550 101 20 vördsamt
671 550 87 24 anhälla,

439 610 30 18 att
492 608 134 20 Hedervärda
649 608 149 20 Bondeständet
821 608 47 20 ville
896 608 80 25 benäget

367 638 108 20 medvärka
497 638 32 20 till
545 644 23 14 en
583 638 167 24 ständerpetition
766 638 86 25 därhän,

439 670 30 18 att
484 668 59 20 Hans
559 668 116 25 Kejserliga
690 668 99 24 Majestät
805 668 83 24 täcktes,
904 668 73 24 förrän

367 697 96 21 bandelen
481 698 231 25 Helsingfors—Viborg
730 698 40 20 blir
785 698 82 24 försedd
882 698 44 19 med
938 704 39 18 pa-

368 728 108 24 rallelspär
499 728 36 20 och
550 728 63 19 redan
628 728 44 24 före
687 729 60 19 nästa
763 727 97 26 landtdag
876 727 101 25 anbefalla

368 758 151 20 värkställande
536 758 24 24 af
572 758 142 20 instrumental
734 758 34 20 och
779 758 113 19 ekonomisk
904 757 73 20 under-

368 788 82 25 sökning
475 788 24 24 af
519 794 24 14 en
566 788 73 19 mellan
662 788 74 19 nämda
758 787 69 20 städer
847 788 57 24 längs
923 788 54 24 hafs-

368 818 71 19 kusten
450 818 83 24 löpande
547 818 222 25 järnvägssträckning,
789 823 41 14 som
849 818 58 19 berör
924 817 52 20 Vila-

364 847 46 24 joki
426 848 23 24 by
465 848 8 19 i
489 848 118 24 Säkkijärvi
622 848 71 20 socken
708 848 35 20 och
755 847 90 25 Virojoki
855 848 24 24 by
890 848 8 18 i
907 847 70 20 Veder-

369 877 44 20 laks
428 878 77 20 socken.

294 935 127 26 Helsingfors
436 936 37 19 den
489 935 27 20 22
532 935 101 20 december
652 935 60 20 1904.

705 992 73 23 Martti
795 992 111 29 Kykkiing.

733 1137 176 32 (Öfversättning).

581 1194 44 19 40.

339 1266 60 20 Till
422 1267 191 20 Hedervärda
636 1266 230 21 Bondeständet.

295 1336 124 27 Förtjänsten
443 1344 30 14 om
496 1338 45 20 vårt
560 1338 56 20 lands
631 1338 93 26 allsidiga
739 1337 117 26 utveckling
871 1338 62 20 under
948 1344 29 13 se-

224 1368 57 18 naste
304 1366 103 20 årtionden
430 1370 23 16 är
467 1369 30 17 att
512 1366 110 20 tillskrifva
638 1366 24 20 de
677 1366 122 20 förbättrade
814 1366 165 20 kommunikatio-

224 1400 68 20 nerna,
315 1394 71 21 främst
405 1396 161 24 järnvägsnätets
589 1396 110 25 utvidning.
731 1395 84 20 Härtills
835 1394 37 20 har
887 1402 43 13 man
945 1397 34 17 nä-

224 1424 45 18 stan
294 1423 125 21 uteslutande
442 1424 60 20 afsett
524 1424 105 26 byggande
651 1424 22 20 af
700 1424 119 23 stambanor,
842 1430 44 13 men
912 1424 25 19 dä
957 1424 23 24 ju

224 1451 59 21 dessa
298 1452 57 26 börja
370 1455 55 17 snart
440 1452 64 20 blifva
519 1452 85 26 färdiga,
620 1452 61 20 hafva
695 1453 37 19 allt
747 1452 47 20 flere
809 1452 171 25 framställningar

298 1498 187 23 Järnvägsutskottets
497 1498 110 18 betänkande
620 1498 35 18 N:o
668 1499 16 17 2.
