1111 1775
244 158 84 24 Ständ.
343 158 53 23 Pet.
412 170 28 4 —
456 158 172 23 Petitionsbet.
644 158 46 23 N:o
706 159 21 22 7.
823 159 42 21 113

177 228 42 21 Det
241 230 23 19 är
286 228 44 27 mig
352 227 97 27 omöjligt
471 229 32 20 att
525 228 107 26 utgrunda
655 227 67 22 under
742 227 86 23 hvilken
843 227 24 23 af

109 256 139 28 Strafflagens
270 256 124 27 paragrafer
418 256 161 22 vederbörande
603 256 98 22 förestält
725 256 34 27 sig
783 258 32 20 att
838 257 27 21 de

107 285 133 27 handlingar,
263 291 47 15 som
333 285 55 27 lagts
411 284 45 28 mig
470 284 33 22 till
516 284 48 24 last,
579 285 67 21 borde
661 284 146 23 subsumeras.
837 285 28 22 Sä

107 314 85 26 mycket
213 315 24 19 är
257 313 118 22 emellertid
398 312 76 28 tydligt
493 315 37 24 att,
546 313 72 29 därest
632 314 36 26 lag
682 312 63 28 följts,
761 314 104 27 häktning

107 342 88 22 alldeles
209 342 47 22 icke
271 342 50 22 bort
335 342 73 21 kunna
422 343 40 26 äga
477 348 54 15 rum.
560 342 35 21 Än
611 342 83 22 mindre
709 342 55 22 hade
776 342 43 28 jag,
832 348 32 16 se-

109 372 41 20 dan
173 370 103 28 häktning
299 370 62 26 skett,
382 370 49 22 bort
454 370 27 28 gå
495 370 64 22 miste
580 376 35 16 om
630 370 42 22 den
686 370 85 22 förmån
788 372 12 26 8
815 371 28 21 26
858 371 7 21 i

108 400 54 21 Näd.
179 399 163 27 Förordningen
359 405 34 15 om
411 398 112 23 införande
538 398 23 22 af
573 405 29 21 ny
617 398 96 28 strafflag
727 399 138 22 tillförsäkrat

108 428 79 22 häktad
202 434 88 22 person:
305 430 32 20 att
352 428 58 21 inom
425 427 7 22 i
448 428 67 26 sagda
530 427 83 27 lagrum
628 427 101 28 angifven
744 428 31 22 tid
791 428 73 22 ställas

108 456 57 22 inför
179 457 48 27 laga
242 456 99 22 domstol.
371 456 127 22 Emellertid
512 456 63 22 hafva
585 456 101 22 mänader
698 456 90 22 förflutit
799 457 65 21 sedan

109 486 48 21 mitt
171 485 131 27 fängslande,
318 488 51 19 utan
384 486 32 20 att
431 485 43 21 min
491 485 38 21 sak
544 487 113 19 avancerat
672 485 36 22 det
718 485 53 22 allra
781 486 84 21 minsta.

178 514 41 27 Jag
233 513 95 28 päkallar
344 514 40 21 den
400 513 159 28 embetsätgärd
573 513 47 22 frän
636 514 57 22 Herr
705 514 160 22 Prokuratorns

109 543 52 26 sida,
184 542 85 22 hvartill
291 542 154 22 ofvanstäende
457 542 86 28 jämlikt
557 542 36 27 lag
608 542 39 22 och
662 542 149 28 författningar
826 542 39 22 bör

108 571 115 22 föranleda.
254 571 83 28 Viborg
351 571 40 22 den
408 570 27 23 28
451 571 122 27 september
589 571 60 22 1904.

592 634 68 22 Reino
676 634 106 22 Drockila.

675 675 41 22 g:m

603 703 68 22 Ernst
686 703 99 22 Grästen.

603 737 90 18 Advokat
704 737 6 18 i
723 737 76 23 Viborg.

110 918 145 27 Öfvergättning.

184 968 120 18 Guvernören

240 996 6 18 i

182 1024 79 24 Viborgs
273 1025 42 20 län.'

210 1082 71 24 Viborg

167 1111 23 17 28
199 1111 106 23 September

133 1134 22 12 en
176 1141 20 17 TT
211 1140 82 18 Oktober
316 1128 50 19 1904.

199 1174 36 19 N:o
247 1174 51 19 1612.

111 1221 41 21 Till
169 1221 293 27 Prokuratorsexpeditionen
475 1220 8 22 i
493 1220 121 28 Kejserliga
624 1220 92 22 Senaten
727 1219 32 22 för
769 1219 97 22 Finland.

180 1283 10 22 I
206 1283 51 28 följd
279 1283 24 22 af
322 1283 125 22 skrifvelsen
470 1282 34 22 för
527 1283 40 21 den
583 1283 14 21 4
613 1282 96 22 Oktober
723 1282 144 22 innevarande

111 1313 24 20 är
150 1312 40 21 N:o
206 1312 41 21 676
268 1312 39 21 har
326 1312 38 27 jag
378 1314 57 24 äran,
451 1311 50 22 med
516 1311 151 22 äterställande
682 1310 23 23 af
718 1310 149 23 öfversättnin-

111 1347 41 21 gen
175 1340 23 23 af
217 1341 69 21 Reino
309 1341 113 22 Drockilas
444 1340 133 27 klagoskrift,
591 1340 99 21 meddela
703 1342 37 23 att,
754 1339 29 28 pä
797 1339 71 28 grund

110 1369 23 22 af
146 1369 92 28 Nädigst
258 1369 112 22 faststälda
392 1369 159 22 instruktionen
569 1368 34 22 för
618 1369 26 21 de
659 1368 35 22 vid
709 1367 86 22 Afdelta
811 1367 56 22 Gen-

111 1398 127 22 darmkären
253 1399 7 20 i
275 1397 91 22 Finland
388 1397 98 22 anstälda
508 1403 103 22 personer
633 1396 23 23 af
672 1397 40 22 den
728 1397 27 21 28
771 1396 96 22 Oktober

110 1427 35 26 (10
169 1427 130 26 November)
323 1427 62 25 1903,
407 1426 40 22 hos
465 1426 103 22 Drockila
581 1426 7 21 i
604 1425 71 22 Kotka
690 1425 53 26 stad,
759 1425 41 22 den
816 1425 51 27 7/20

110 1455 92 22 förlidna
224 1456 41 27 maj
287 1455 115 22 verkstälts
424 1455 155 26 husransakan,
595 1461 46 15 som
654 1454 67 27 jämte
736 1454 41 21 den
793 1453 74 22 därvid

787 1511 12 18 8
