1111 1778
304 151 274 24 Petitionsbetänkande
594 151 45 24 N:o
654 152 20 23 1.
832 152 28 21 23

457 447 50 21 VIL

215 514 65 21 Till
296 514 201 21 Hedervärda
512 514 245 21 Bondeståndet.

180 580 46 21 Den
241 580 65 27 fråga,
324 586 45 15 som
386 580 7 21 i
409 580 64 27 högre
489 580 52 27 grad
551 582 28 19 än
590 581 70 26 någon
671 587 71 14 annan
755 581 105 20 försvårar

109 611 37 20 det
167 610 105 27 lagenliga
295 610 119 21 ordnandet
437 611 22 20 af
482 611 84 20 landets
589 610 101 27 politiska
713 611 108 26 ställning,
838 612 22 19 är

109 641 112 25 onekligen
237 640 212 27 värnepliktsfrågan.

181 670 40 21 För
236 670 81 21 enhvar
332 672 36 19 äro
379 670 26 21 de
416 670 113 21 händelser
541 670 99 25 bekanta,
652 677 46 14 som
710 670 75 21 därvid
796 671 64 20 hafva

109 700 118 21 förorsakat
245 700 82 20 allmän
346 707 42 17 oro,
409 701 48 20 svår
475 701 137 20 samvetsnöd
628 701 33 20 för
676 701 79 25 otaliga
770 701 90 26 fredliga

108 730 108 27 laglydiga
231 730 138 26 medborgare
385 732 56 19 samt
452 737 26 13 en
495 730 221 26 emigrationsrörelse,
729 737 45 14 som
786 730 74 21 tidtals

108 760 82 26 antagit
204 760 166 20 fruktansvärda
385 759 142 28 propotioner.

180 790 49 20 Alla
245 792 36 18 äro
297 796 50 14 ense
363 790 81 26 därom,
461 792 32 18 att
508 791 74 25 frågan
597 797 35 14 om
649 790 161 27 lagstiftningen
824 796 35 14 an-

108 820 80 26 gående
212 820 158 26 värnepliktens
393 820 135 27 fullgörande
551 820 46 21 icke
618 820 43 20 kan
676 827 62 14 anses
753 827 51 14 vara
819 820 41 21 löst

108 851 28 25 på
151 851 31 19 ett
197 850 113 26 ändgiltigt
331 850 40 20 och
390 850 198 21 tillfredsställande
604 852 48 22 sätt,
669 851 70 20 förrän
756 850 104 21 särskilda

108 880 88 20 därmed
223 880 212 26 sammanhängande
461 880 70 21 finska
555 880 78 21 folkets
658 880 107 26 lifsfrågor
788 880 71 20 blifvit

107 916 78 20 genom
208 917 26 13 en
258 910 22 20 af
296 910 116 20 Monarken
429 910 40 21 och
485 910 119 21 Ständerna
619 912 134 24 gemensamt
768 912 91 24 antagen

107 940 35 26 lag
158 940 100 20 ordnade.

178 970 49 20 Men
242 970 60 20 detta
316 970 85 26 frågans
418 970 117 26 slutgiltiga
551 970 115 26 ordnande,
686 977 46 14 som
743 970 36 21 det
790 970 70 20 finska

107 1000 69 20 folket
192 1000 49 20 med
257 1000 103 26 otålighet
376 1000 104 24 afvaktar,
497 1000 43 20 kan
555 1000 46 20 icke
618 1006 36 14 ens
670 1000 51 21 med
736 1000 61 21 bästa
808 1000 52 27 vilja

106 1030 136 26 genomföras
254 1030 58 20 inom
325 1030 26 20 de
360 1032 107 18 närmaste
474 1030 110 21 veckorna.
609 1030 62 20 Inom
680 1030 48 21 kort
736 1030 61 21 skola
804 1030 55 21 dock

105 1060 153 20 förberedande
282 1060 97 26 åtgärder
401 1060 34 20 för
453 1060 117 26 uppbåden
592 1060 102 26 vidtagas,
714 1060 40 21 och
770 1060 42 20 den
827 1060 32 20 tid

106 1091 23 18 är
149 1089 47 20 icke
211 1089 99 26 aflägsen,
328 1089 28 20 då
371 1090 90 20 tusende
477 1090 113 26 ynglingar
605 1090 60 21 skola
680 1089 83 21 infinna
779 1088 79 30 sigrtill

106 1119 56 24 dem,
180 1119 66 20 ehuru
264 1121 115 19 samvetets
395 1121 44 19 röst
451 1119 111 28 förbjuder
573 1119 42 21 det.
638 1119 95 22 Sålunda
743 1120 116 26 tillspetsar

107 1149 31 26 sig
162 1149 36 20 det
221 1149 123 20 nuvarande
365 1149 120 21 tillståndet
505 1150 39 20 allt
564 1156 45 14 mer
629 1150 39 20 och
685 1150 80 26 hoppet
780 1156 36 14 om
832 1156 26 14 en

105 1179 80 26 lycklig
204 1179 40 21 och
260 1179 74 26 slutlig
350 1179 84 26 lösning
449 1179 22 21 af
487 1179 119 21 konflikten
621 1179 105 28 förflyttas
738 1180 38 20 allt
786 1179 73 27 längre

105 1209 6 20 i
128 1209 121 21 framtiden.

175 1234 210 26 Åstadkommandet
405 1239 22 20 af
443 1240 31 20 ett
489 1239 91 27 drägligt
596 1239 138 27 provisoriskt
749 1239 109 21 ordnande

104 1269 23 20 af
147 1271 61 18 nästa
231 1270 45 19 vårs
293 1269 88 26 uppbåd
397 1271 23 18 är
436 1269 39 21 ock
492 1269 72 20 därför
579 1271 77 25 ytterst
671 1269 132 26 nödvändigt
819 1269 39 21 och

105 1299 66 20 borde
195 1299 119 20 Ständerna
337 1299 7 20 i
368 1299 71 20 denna
460 1299 38 20 sak
517 1299 86 26 vidtaga
618 1299 33 20 för
666 1300 48 20 dess
730 1300 128 26 uppnående

104 1328 108 27 behöfliga
227 1329 102 26 åtgärder.
355 1329 75 20 Denna
446 1329 87 27 uppgift
543 1330 132 20 underlättas
686 1329 105 27 betydligt
805 1329 53 21 däri-

103 1365 83 20 genom,
208 1361 32 18 att
260 1359 76 20 endast
354 1361 31 18 ett
400 1359 54 20 fåtal
469 1359 154 27 värnepliktige
639 1360 53 20 efter
708 1359 150 27 promulgatio-

105 1395 42 14 nen
179 1389 21 20 af
230 1388 41 21 den
302 1395 43 20 nya
373 1389 286 26 värnepliktsförfattningen
698 1389 100 21 inkallats
824 1389 33 21 till

105 1419 60 20 aktiv
180 1419 146 27 tjänstgöring.

175 1448 42 21 Vid
240 1448 155 26 öfvervägande
418 1448 23 20 af
463 1448 27 20 de
514 1448 142 27 provisoriska
678 1448 104 26 åtgärder,
811 1455 45 14 som

103 1478 103 28 möjligen
229 1478 73 21 kunde
323 1478 88 21 föreslås
432 1478 48 21 från
501 1478 129 21 Ständernas
653 1479 52 23 sida,
727 1478 64 21 borde
814 1480 42 19 sär-

175 1518 62 19 Särsk.
250 1518 53 20 Besv.
316 1519 46 17 utsk.
375 1519 32 18 bet.
421 1518 36 20 N:o
471 1519 15 19 1,
