1073 1753
296 124 247 34 Petitionsbetänkande
560 135 37 23 N:o
614 136 22 22 3.
789 138 27 19 78

91 198 127 24 utesluten.
258 200 90 22 Endast
381 199 150 23 beträffande
562 200 284 29 öfverläraretjänsterna,

91 234 81 23 hvilka
188 234 103 24 Senaten
307 236 73 22 redan
396 235 101 29 tidigare
510 235 79 23 besatt
600 236 30 29 på
640 235 78 30 grund
731 235 24 23 af
766 230 80 28 Öfver-

92 270 126 29 styrelsens
240 271 35 23 för
294 271 168 23 skolväsendet
478 271 98 29 förslag,
594 274 26 20 är
636 271 45 23 den
698 272 82 28 gamla
796 271 50 23 ord-

92 307 89 28 ningen
205 306 54 23 med
282 307 164 29 uppgörandet
471 307 24 23 af
518 307 89 29 förslag
628 307 43 23 och
692 308 47 22 rätt
754 308 35 22 till
806 314 40 16 an-

91 342 97 23 förande
206 342 23 23 af
245 342 85 23 besvär
345 343 140 22 bibehållen.

164 377 82 24 Såsom
262 378 70 23 ofvan
348 379 149 27 framhållits,
511 381 26 20 är
550 379 116 22 Senatens
682 379 165 29 nyssnämnda

93 413 119 23 föreskrift
236 414 121 23 stridande
378 416 49 21 mot
447 414 28 23 de
492 415 118 29 principer
626 415 36 22 för
677 416 114 28 tjänsters
807 415 39 22 be-

92 449 116 28 sättande,
225 457 51 15 som
291 451 131 28 uppställas
439 451 6 22 i
456 450 225 29 Regeringsformen
698 451 43 22 och
757 451 89 26 hvilka,

92 486 98 23 oaktadt
208 486 144 29 stadgandet
366 487 8 22 i
393 491 9 18 1
420 493 21 23 p.
459 486 25 23 af
499 487 139 29 Förenings-
655 487 44 22 och
709 487 137 23 Säkerhets-

93 521 78 28 akten,
190 521 74 24 måste
280 529 69 16 anses
366 522 146 23 fortfarande
529 523 69 28 gälla.
631 523 25 29 Ej
678 523 74 22 heller
774 529 72 23 synas

92 559 8 21 i
130 558 73 29 något
237 558 111 23 afseende
382 558 28 23 de
446 558 132 29 åberopade
605 559 128 29 ordalagen
757 559 8 22 i
789 559 58 22 före-

92 593 106 23 nämnda
213 593 145 30 förordning:
378 612 10 9 ,
392 594 131 27 bibehållas
541 594 110 29 gällande
666 595 182 28 bestämningar

92 636 38 16 om
152 630 144 29 tjänsternas
320 630 143 27 ansökande,
480 630 159 29 upprättande
656 630 25 23 af
697 631 89 28 förslag
802 630 45 23 och

93 665 128 23 anförande
233 665 24 23 af
270 667 83 21 besvär
367 666 66 22 öfver
449 666 134 29 förslagen*
602 666 72 23 hafva
689 667 91 29 utgjort
795 666 51 23 hin-

92 701 42 22 der
144 701 36 23 för
191 708 30 15 en
232 701 196 29 grundlagsenlig
442 702 117 28 tolkning.
580 702 10 22 I
607 702 155 22 betraktande
778 702 70 23 häraf

93 739 26 20 är
142 737 82 29 sagda,
250 738 3 21 i
273 737 89 29 mänga
386 738 154 22 hänseenden
566 738 132 29 olämpliga,
723 738 53 23 frän
800 738 45 22 den

94 772 136 23 häfdvunna
246 772 130 30 ordningen
387 774 39 22 vid
437 774 115 29 tjänsters
564 774 139 22 besättande
719 774 127 22 afvikande

92 808 120 23 föreskrift
229 808 77 29 egnad
323 810 35 22 att
373 810 78 22 väcka
467 809 26 23 sä
510 809 97 29 mycket
623 810 73 22 större
714 810 132 28 förvåning.

164 844 67 23 Hvad
256 844 113 24 beträffar
384 846 102 28 tjänster
503 846 24 22 af
543 846 23 22 X
582 846 44 22 och
641 846 65 28 lägre
722 846 124 28 rangklas-

92 887 44 21 ser,
152 880 35 23 till
203 880 82 23 hvilka
300 880 58 24 höra
373 881 199 30 kollegatjänster
588 881 44 23 och
647 882 178 29 läraretjänster
839 882 8 22 i

93 916 113 23 moderna
216 916 72 30 spräk
299 916 39 23 vid
350 917 61 29 fyra-
421 918 56 22 eller
487 917 144 29 treklassiga
639 918 208 22 elementarskolor

93 953 62 21 samt
168 952 75 29 öfriga
253 952 65 29 lägre
329 952 180 30 läraretjänster
520 953 41 23 vid
573 953 46 23 alla
630 953 84 27 skolor,
727 954 26 22 sä
764 953 83 23 kunna

92 988 8 22 i
116 988 68 29 fräga
204 994 38 17 om
263 988 45 23 den
329 988 40 23 vid
390 988 69 24 deras
480 989 141 23 besättande
641 984 205 28 Öfverdirektören

92 1024 98 29 tillagda
220 1025 238 28 utnämningsrätten
490 1025 191 28 betänkligheter
707 1025 85 29 uppstä
819 1032 28 16 ur

92 1059 94 30 rättslig
209 1060 127 29 synpunkt.
369 1060 36 23 Då
429 1061 132 22 Monarken
586 1061 20 29 ej
630 1060 56 30 själf
700 1061 94 22 utöfvar
810 1061 36 22 sin

92 1096 210 29 utnämningsrätt,
319 1096 47 23 kan
383 1096 78 23 denna
478 1098 48 21 rätt
542 1096 148 29 öfverflyttas
708 1097 84 22 endast
811 1097 36 22 till

92 1131 45 22 den
158 1131 144 30 myndighet,
327 1132 136 23 hvarunder
488 1133 106 28 tjänsten
618 1132 70 29 lyder.
721 1132 126 23 Dessutom

92 1167 91 23 fordrar
206 1167 44 23 den
275 1167 126 30 kollegiala
421 1168 141 29 ordningen,
580 1175 50 16 som
646 1168 40 22 vid
701 1167 146 24 inrättandet

93 1203 25 22 af
133 1203 57 22 flere
208 1203 23 22 af
247 1203 28 23 de
292 1203 106 23 centrala
414 1203 186 23 ämbetsverken
614 1205 7 21 i
632 1203 81 23 landet
724 1205 7 21 i
742 1204 106 28 enlighet

93 1238 54 23 med
158 1238 169 24 traditionerna
342 1239 54 23 från
413 1239 106 23 svenska
535 1240 66 22 tiden
617 1240 136 29 tillämpats,
770 1240 35 22 att
821 1240 26 22 så

92 1274 92 29 viktiga
208 1274 103 23 ärenden
338 1281 51 16 som
414 1276 354 28 tjänstemannautnämningar
794 1271 64 27 icke

92 1310 169 29 undandragas
286 1310 110 30 kollegial
422 1311 154 29 behandling.
609 1311 72 23 Häraf
699 1311 73 29 följer,
790 1312 57 22 att
836 1306 15 38 i

92 1346 66 22 detta
174 1346 41 23 fall
230 1347 235 29 utnämningsrätten
483 1347 52 23 bort
546 1347 123 29 delegeras
682 1347 24 23 åt
716 1347 130 23 Skolöfver-

92 1382 115 28 styrelsen
214 1382 43 22 och
265 1382 52 23 icke
326 1383 24 22 åt
356 1377 216 28 Öfverdirektören.
585 1383 45 22 Det
637 1383 141 29 principiellt
787 1383 59 22 orik-

93 1418 49 29 tiga
148 1418 8 22 i
164 1412 217 29 Öfverdirektörens
387 1419 208 28 utnämningsrätt
601 1419 107 22 minskas
714 1419 52 22 icke
774 1418 73 27 däraf,

93 1455 34 21 att
143 1453 225 30 besvärsanvisning
385 1454 38 22 vid
441 1454 84 29 dylika
541 1455 171 28 utnämningar
728 1454 88 29 gifvits.

162 1502 101 17 Allmänna
275 1502 186 18 Petitionsutskottets
473 1503 113 17 betänkande
598 1502 35 18 N:o
646 1503 16 18 1.
