1114 1775
319 150 246 23 Petitionsbetänkande
582 150 38 23 N:o
636 150 23 23 3.
795 153 41 19 113

114 214 168 24 beskaffenhet
293 215 121 23 Utskottet
428 216 20 28 ej
461 222 56 22 eger
528 215 142 27 kännedom,
682 215 100 23 emedan
795 215 72 23 hand-

113 250 110 30 lingarna
239 252 8 22 i
264 251 77 23 denna
364 251 38 22 del
426 251 53 22 icke
503 251 78 23 ställts
597 251 35 23 till
649 251 133 23 Utskottets
798 251 69 23 förfo-

113 286 84 29 gande,
214 287 88 28 yrkade
318 288 16 21 t.
351 286 15 23 f.
384 287 248 28 generalguvernören
649 287 113 22 Deutrich
775 288 8 21 i
798 287 69 23 skrif-

113 322 64 23 velse
192 322 36 22 till
245 322 102 23 Senaten
365 322 23 23 af
404 322 45 23 den
467 325 13 20 4
498 329 63 16 mars
579 326 64 23 1903,
656 325 56 20 enär
724 318 17 37 ,,
737 323 131 22 Rosendals

113 357 155 24 förenämnda
290 357 116 30 handling
427 358 76 23 måste
520 365 70 16 anses
606 358 114 29 oförenlig
736 359 55 22 med
807 359 61 22 hans

113 393 114 29 ställning
243 400 50 15 som
310 393 74 23 lektor
395 394 39 22 vid
446 395 35 21 ett
491 395 93 21 statens
595 394 129 27 läroverk",
736 395 30 28 på
777 394 90 23 dennes

115 429 146 23 afskedande
277 430 30 28 pä
324 429 77 29 grund
418 429 24 23 af
459 431 42 21 art.
521 433 10 19 1
550 431 21 27 (2
589 431 38 28 p.),
644 433 20 24 3,
682 433 11 20 7
710 430 43 23 och
770 425 15 34 9
799 431 8 22 i
823 430 44 22 för-

113 465 132 28 ordningen
262 465 24 22 af
301 465 44 22 den
365 469 26 19 14
408 466 96 29 augusti
523 469 56 20 1902
598 465 123 30 angående
735 465 133 30 ordningen

113 501 36 22 för
172 501 160 29 tjänstemäns
356 501 39 22 vid
419 501 29 22 de
474 501 191 23 administrativa
685 501 182 24 ämbetsverken

114 536 118 30 skiljande
251 536 52 23 från
320 538 104 28 tjänsten
441 539 64 20 samt
521 537 176 23 öfverlämnade
714 537 84 30 frågan
815 537 52 23 här-

113 579 38 17 om
168 572 35 23 till
219 572 111 30 pröfning
346 573 42 23 och
405 573 55 29 laga
477 573 128 29 afgörande
621 573 8 23 i
641 573 108 23 Senaten.
770 574 10 22 I
790 574 77 22 svars-

114 608 125 23 skrifvelse
264 608 24 23 af
311 609 45 22 den
378 613 11 19 7
414 609 59 29 april
497 612 56 20 1903
577 609 61 23 utlät
658 610 37 28 sig
711 609 104 23 Senaten
832 610 35 22 så-

114 644 84 23 lunda:

187 719 46 20 Den
250 719 21 20 af
286 719 64 20 Eders
366 720 107 19 Excellens
488 720 118 25 åberopade
627 720 77 24 nådiga
718 720 149 24 förordningen

116 749 21 19 af
154 749 39 20 den
212 747 51 29 1/14
280 750 82 24 augusti
381 750 56 19 1902
454 750 66 24 gäller
539 750 139 24 uttryckligen
699 750 115 24 ordningen
835 750 33 20 för

116 779 102 26 skiljande
240 779 46 19 från
309 780 90 25 tjänsten
421 780 22 19 af
463 780 127 26 tjänstemän
610 780 34 19 vid
661 780 24 20 de
701 780 167 20 administrativa

116 809 166 19 ämbetsverken.
314 809 46 19 Men
383 810 30 19 till
429 810 62 19 dessa
507 810 132 19 ämbetsverk
655 810 70 19 kunna
741 810 45 20 icke
802 810 66 25 enligt

116 839 25 19 de
158 839 6 19 i
180 838 86 20 Finland
282 839 96 25 gällande
396 840 58 24 lagar
479 840 25 19 de
529 840 64 24 högre
617 840 95 19 skolorna
735 839 32 20 för
791 840 76 19 allmän

117 868 93 25 bildning
234 869 49 19 eller
305 869 25 19 de
352 874 16 14 s.
390 870 19 18 k.
431 870 236 19 elementarläroverken
690 870 82 23 räknas,
798 870 70 19 hvilka

116 899 33 18 stå
164 898 67 19 under
247 898 66 25 skydd
329 898 22 19 af
366 899 167 24 prästaståndets
552 899 125 25 privilegier,
698 899 87 20 likasom
806 899 62 20 äfven

117 929 60 18 deras
198 929 66 18 lärare
286 929 65 24 enligt
372 934 80 14 samma
471 929 119 24 privilegier
606 929 81 26 åtnjuta
702 929 166 25 prästaståndets

116 957 124 26 rättigheter
260 958 38 19 och
319 959 27 24 på
367 958 64 20 sådan
452 959 70 24 grund
535 959 79 25 jämväl
630 959 54 26 välja
699 960 169 23 representanter

116 988 30 19 till
162 988 155 25 prästaståndet
333 989 34 18 vid
382 988 157 25 landtdagarne.
571 989 67 19 Dessa
654 989 68 19 skolor
737 989 59 19 stodo
813 989 56 19 ända

117 1017 30 20 till
171 1019 23 17 år
219 1018 56 19 1870
299 1018 65 19 under
388 1018 151 25 domkapitlens
563 1019 100 19 inseende
679 1019 38 19 och
733 1019 134 24 förvaltning,

116 1047 40 20 och
172 1047 65 20 ehuru
254 1047 25 19 de
295 1053 76 19 genom
387 1048 78 25 nådiga
481 1048 148 25 förordningen
645 1048 22 20 af
682 1049 39 19 den
738 1049 28 19 24
783 1055 84 13 novem-

116 1077 37 19 ber
178 1077 56 19 1869
260 1077 84 20 ställdes
368 1078 66 19 under
452 1083 27 14 en
495 1078 88 19 särskild
600 1073 150 30 Öfverstyrelse
767 1079 31 18 för
814 1079 53 19 skol-

115 1107 108 22 väsendet,
240 1107 75 19 förblef
338 1107 52 20 dock
413 1108 106 19 lärarenes
542 1109 99 24 ställning
665 1108 129 19 oförändrad.
828 1108 40 19 Det

116 1137 60 19 heter
192 1137 104 25 nämligen
312 1137 6 19 i
334 1137 95 25 gällande
453 1138 136 24 skolordning
612 1138 32 19 för
668 1137 200 21 Storfurstendömet

116 1167 88 19 Finland
220 1167 22 19 af
257 1167 39 19 den
314 1167 12 19 8
343 1168 84 24 augusti
445 1168 65 23 1872,
527 1167 12 25 8
556 1168 37 20 63:
613 1168 58 24 ,Alla
690 1168 35 20 vid
745 1169 123 19 elementar-

116 1197 122 19 läroverken
258 1197 103 20 anställda
380 1198 127 25 tjänstemän
524 1198 145 25 tillgodonjuta
685 1198 26 19 de
726 1198 87 20 friheter
829 1198 39 19 och

117 1226 124 25 privilegier,
258 1232 44 14 som
320 1228 155 24 prästerskapet
491 1228 6 19 i
514 1228 87 19 Finland
624 1229 35 18 äro
683 1228 50 19 eller
755 1228 113 20 framdeles

116 1256 64 20 varda
196 1256 106 25 tillagda."

188 1292 32 19 Då
237 1292 90 20 Senaten
343 1294 27 24 på
385 1293 68 25 grund
470 1293 22 19 af
508 1294 35 19 det
559 1293 150 20 ofvananförda
728 1294 86 19 kommit
837 1294 31 18 till

117 1322 39 19 den
178 1322 160 25 öfvertygelsen,
356 1324 31 18 att
407 1323 94 19 lärarene
521 1324 34 18 vid
573 1324 233 19 elementarläroverken
822 1323 46 19 icke

117 1352 70 19 kunna
202 1352 107 20 betraktas
326 1354 69 18 såsom
411 1353 127 25 tjänstemän
549 1354 35 18 vid
596 1353 166 20 administrativa
778 1353 90 19 ämbets-

116 1382 56 22 verk,
197 1381 69 20 finner
289 1382 91 20 Senaten
404 1383 33 24 sig
460 1383 46 19 icke
530 1383 119 25 kompetent
670 1384 29 18 att
719 1384 30 18 till
770 1382 98 26 pröfning

117 1411 38 19 och
171 1411 114 25 afgörande
301 1413 93 24 upptaga
409 1412 74 25 frågan
501 1418 33 14 om
550 1413 66 19 lektor
634 1412 112 20 Rosendals
766 1412 102 26 skiljande

116 1441 45 19 från
178 1442 97 25 tjänsten.

186 1516 100 17 Allmänna
299 1516 185 19 Petitionsutskottets
496 1517 110 18 betänkande
620 1517 33 18 N:o
666 1518 15 17 1.
785 1517 10 17 8
