1114 1773
332 147 247 23 Petitionsbetänkande
596 147 38 23 N:o
651 148 24 22 4.
822 150 27 19 55

123 217 43 13 nom
186 217 24 13 en
223 212 58 18 sådan
295 212 66 22 åtgärd
374 211 41 19 från
428 211 33 18 det
473 211 104 19 allmännas
589 212 43 18 sida
645 212 66 18 staden
724 212 72 23 Nystad
808 212 35 18 och
856 217 23 13 en

124 241 32 18 hel
168 240 87 19 landsdel
268 240 108 18 vederfares
388 241 49 17 intet
449 242 58 16 annat
519 243 24 15 än
555 241 83 17 rättvisa.

193 270 75 18 Banans
293 269 58 23 längd
374 269 73 18 komme
470 269 61 23 enligt
548 269 110 19 förberörda
676 270 74 22 projekt
768 272 28 16 att
814 272 66 21 utgöra

124 299 62 21 70,32?
200 298 106 22 kilometer,
319 304 42 12 men
371 298 53 18 ledes
435 298 109 18 densamma
553 300 86 16 närmare
648 299 65 18 Virmo
729 298 79 24 kyrkby,
818 299 62 18 skulle

124 328 44 18 dess
187 327 57 23 längd
263 327 45 18 ökas
326 327 43 18 med
387 327 87 23 omkring
492 327 34 20 1,75
541 327 105 19 kilometer.
669 328 82 22 Antages
766 330 28 16 att
808 328 72 18 banans

125 356 58 24 längd
199 356 95 23 uppginge
307 356 30 18 till
350 356 22 18 72
384 356 106 21 kilometer,
503 356 62 18 skulle
578 358 72 16 statens
662 356 57 23 utgift
731 356 30 18 för
773 356 108 24 anläggnin-

124 391 37 17 gen
180 385 68 23 belöpa
266 386 28 22 sig
307 386 29 17 till
349 385 42 19 icke
404 385 44 18 fullt
459 385 65 20 50,000
536 386 52 17 mark
601 385 28 18 för
642 386 63 22 hvarje
718 385 105 22 kilometer,
835 385 46 19 hvil-

123 414 34 19 ket
174 415 7 17 i
196 414 108 23 jämförelse
323 414 43 18 med
379 414 61 22 öfriga
452 414 116 18 statsbanors
580 414 226 24 anläggningskostnader
818 416 22 16 är
851 414 29 18 för

124 445 62 18 staten
206 443 119 24 synnerligen
344 443 114 23 förmånligt.
482 443 120 24 Exempelvis
621 444 30 17 må
668 443 80 22 anföras,
767 446 27 16 att
812 443 29 19 för
856 443 24 19 de

124 473 24 23 på
166 477 68 14 senare
254 473 27 18 tid
300 472 74 19 utförda
392 473 84 17 banorna
491 472 80 19 berörda
582 473 101 18 kostnader
695 478 34 18 per
741 473 99 18 kilometer
851 474 29 17 ut-

124 503 50 22 gjort
185 502 31 18 för
227 501 87 18 karelska
327 502 60 17 banan
400 501 64 22 69,000
477 502 58 21 mark,
548 501 30 18 för
589 502 127 23 Björneborgs
726 501 80 24 järnväg
811 501 69 22 82,800,

125 531 29 18 för
166 530 103 23 Jyväskylä
279 531 79 22 järnväg
371 530 63 22 69,200
444 531 48 17 samt
501 529 28 19 för
538 527 121 22 Åbo—Karis
669 531 62 18 banan
741 531 75 22 107,300
822 530 58 19 mark.

124 559 27 19 Af
161 559 89 23 samtliga
268 559 108 18 statsbanor
390 559 34 18 har
437 559 67 18 endast
515 560 50 17 Vasa
575 561 80 22 järnväg
666 560 73 18 kunnat
751 560 88 23 anläggas
851 559 29 18 för

125 589 52 22 lägre
196 589 79 17 kostnad
294 593 34 18 per
340 588 100 19 kilometer
452 590 25 16 än
490 589 48 18 hvad
551 588 28 19 för
591 585 136 27 Åbo—Nystad
740 589 61 18 banan
813 589 67 22 kalky-

125 618 65 20 lerats,
206 622 42 13 men
260 623 66 17 genom
340 622 66 13 senare
419 617 99 18 tillkomna
530 617 235 24 kompletteringsarbeten
777 618 34 17 har
823 617 58 24 sagda

125 647 81 18 kostnad
225 646 92 24 betydligt
335 647 54 18 ökats
408 646 34 18 och
462 647 83 22 uppgick
563 647 108 18 densamma
685 647 21 18 år
717 647 46 18 1902
775 647 30 18 till
816 646 64 22 62,800

125 675 54 19 mark
192 681 34 18 per
238 675 144 19 bankilometer.

194 705 27 18 På
238 705 61 22 grund
318 705 20 18 af
353 705 47 18 hvad
413 705 17 18 vi
444 704 55 19 ofvan
511 705 104 18 framhållit
627 705 76 18 anhålla
714 705 18 18 vi
744 705 136 18 vördsammast

124 739 30 13 om
177 733 120 24 Högvördiga
314 733 152 19 Prästeständets
485 734 86 23 benägna
588 734 114 18 medvärkan
720 733 29 19 till
768 739 23 13 en
811 733 69 19 under-

124 762 58 23 dänig
195 763 80 22 petition
288 763 73 18 därom:

341 807 31 18 att
388 813 23 13 en
426 806 149 25 normalspärig
587 807 89 24 järnväg
691 807 75 18 mellan
781 799 42 26 Åbo
844 806 35 19 och

268 835 78 26 Nystad
370 836 44 20 med
430 842 23 14 en
469 836 106 20 Nådendal
590 837 30 24 sig
636 836 110 20 närmande
762 835 117 26 sträckning

269 865 62 25 blefve
355 866 69 25 utförd
446 867 35 24 för
499 867 134 19 statsvärkets
648 866 87 26 räkning
750 865 44 20 med
810 865 68 25 medel,

268 896 68 20 hvilka
356 896 115 20 Ständerna
487 896 72 20 därtill
575 896 63 20 redan
653 896 34 20 vid
703 896 65 20 denna
784 896 95 24 landtdag

268 926 47 19 ville
331 926 76 20 anvisa.

194 965 119 23 Helsingfors
326 966 37 18 den
376 966 22 18 20
411 966 100 18 december
523 966 50 19 1904.

184 1007 22 23 S.
224 1007 58 23 Wilh.
300 1007 64 23 Roos.
609 1008 85 22 Edvard
713 1008 105 22 Hannula.

402 1044 57 22 Knut
475 1043 127 29 Svanljung.

645 1159 165 26 (Öfrersättning.)

480 1192 41 19 29.

263 1263 54 17 Till
336 1263 176 19 Hedervärda
529 1263 211 18 Bondeständet.

195 1384 120 24 Helsingfors
328 1386 36 18 den
376 1386 24 18 20
413 1385 100 19 december
525 1386 50 18 1904.

232 1427 53 23 Juho
302 1426 104 30 Sjöblom.
592 1426 49 24 Zef.
657 1426 113 24 Suutarla.

195 1504 186 23 Järnvägsutskottets
393 1505 111 17 betänkande
516 1504 35 18 N:o
563 1506 17 17 2.
