1114 1778
300 150 277 26 Petitionsbetänkande
593 153 44 22 N:o
653 153 19 22 1.
840 153 27 21 13

186 219 154 27 Oföränderlig
363 221 25 19 är
412 219 65 26 ingen
497 219 109 26 mensklig
621 219 41 26 lag.
695 218 33 21 Dä
744 219 75 26 giltiga
835 225 32 14 or-

114 250 66 21 saker
204 250 36 21 det
264 249 82 25 fordra,
369 249 44 21 kan
437 249 94 26 ändring
555 249 166 20 ästadkommas
737 249 7 20 i
761 248 106 21 Finlands

114 280 103 27 gällande
241 279 67 27 lagar.
341 279 49 21 Men
414 279 125 26 rättsgiltigt
563 278 44 21 kan
632 278 59 21 detta
710 278 39 21 ske
766 278 102 21 endast
856 274 16 37 i

114 309 70 22 sädan
201 309 100 27 ordning,
318 315 47 15 som
383 310 25 19 är
424 309 93 26 stadgad
534 309 7 20 i
558 308 105 21 Finlands
679 308 141 27 grundlagar,
836 307 32 22 sä-

114 340 62 20 ledes
200 339 79 21 endast
303 339 48 21 med
377 339 42 20 den
442 338 71 21 finska
537 338 146 26 landtdagens
701 338 121 27 samtycke,
840 337 28 21 dä

114 369 122 26 ändringen
260 368 60 22 afser
343 368 108 27 grundlag
475 368 53 21 eller
544 374 74 15 annan
635 368 42 26 lag,
694 374 47 14 som
758 368 110 20 utfärdats

113 399 51 21 med
181 398 137 22 Ständernas
334 398 68 21 bifall.

186 428 78 27 Kejsar
275 428 127 21 Alexander
404 423 12 36 I
432 428 41 21 har
483 428 147 20 tillförsäkrat
640 427 93 21 Finland
745 429 31 19 ett
787 428 80 19 konsti-

115 458 103 21 tutionelt
242 457 124 22 statsskick.
399 457 82 22 Därom
504 457 70 21 vittna
595 457 37 21 det
652 457 71 21 finska
740 456 128 21 statslifvets

114 488 120 21 historiska
258 487 122 27 verklighet
404 487 42 21 och
467 487 128 22 Alexander
618 487 27 20 I:s
669 493 56 20 egna
741 487 57 26 höga
815 489 53 18 utta-

115 518 88 21 landen.
239 517 77 22 »Detta
335 517 45 21 folk
397 519 25 19 är
438 517 35 21 för
488 517 119 21 framtiden
624 517 108 26 upphöjdt
747 517 69 21 bland
832 523 36 14 na-

115 549 113 20 tionernas
253 547 81 22 antal».
362 547 72 21 »Ifrän
453 547 43 21 den
513 547 72 25 stund,
603 546 29 21 dä
647 553 78 20 genom
743 547 125 27 Försynens

116 578 116 25 skickelse,
252 577 106 21 Finlands
376 577 41 21 öde
433 577 46 21 blef
495 583 38 14 oss
549 577 130 25 anförtrodt,
697 577 40 21 har
753 576 45 21 Vår
814 577 55 20 före-

115 611 47 18 sats
185 608 57 21 varit
266 609 32 19 att
321 609 61 25 styra
402 607 61 21 detta
479 607 52 21 land
549 606 28 27 pä
593 609 30 18 ett
639 608 43 19 sätt
698 607 171 20 öfverensstäm-

115 638 81 21 mande
222 637 49 21 med
292 637 120 21 Nationens
429 637 66 21 frihet
511 637 42 20 och
570 636 33 26 de,
621 637 7 20 i
644 637 51 20 dess
712 636 156 25 Konstitution,

116 668 72 21 henne
204 667 118 22 förvarade
338 667 147 26 rättigheter.»
504 679 29 2 —
549 679 29 2 —
597 666 148 21 »Ständernas
761 672 107 15 samman-

117 697 103 21 kallande
237 697 32 21 till
286 703 27 15 en
332 697 82 20 allmän
426 697 111 25 landtdag,
549 697 148 25 inrättningen
709 696 22 20 af
742 696 127 26 Regerings-

117 727 85 26 konselj
227 727 7 20 i
258 726 121 22 Nationens
399 726 69 26 sköte,
486 726 43 22 den
546 726 143 26 lagskipande
706 726 41 21 och
764 725 106 21 värkstäl-

119 757 66 21 lande
202 756 101 22 maktens
320 756 114 22 orubbade
451 756 68 26 skick,
537 768 29 3 —
583 768 27 3 —
622 756 101 21 försäkra
735 755 83 22 Finska
829 755 41 21 Na-

117 787 76 21 tionen
210 792 35 15 om
262 786 51 21 dess
330 786 104 27 politiska
450 786 120 21 tillvarelse
589 786 42 21 och
643 786 26 21 de
681 786 127 26 rättigheter
820 786 50 20 den-

117 823 86 15 samma
224 816 98 26 ätfölja».
343 825 7 10 »
355 816 42 21 Vid
414 816 125 21 ordnandet
555 816 22 21 af
593 816 105 20 Finlands
715 815 155 21 förhällanden

117 847 41 21 har
180 847 45 20 min
250 846 66 26 afsigt
336 846 57 20 varit
409 848 31 18 att
456 846 59 26 gifva
531 846 61 20 detta
607 845 46 21 folk
670 845 89 27 politisk
775 845 94 21 tillvaro:

117 876 25 21 sä
165 878 31 19 att
219 876 36 21 det
271 876 48 21 icke
336 875 36 21 mä
388 882 54 15 anse
459 876 32 26 sig
508 875 74 21 säsom
599 875 22 21 af
638 875 109 27 Ryssland
765 875 104 25 eröfradt,

117 908 54 19 utan
188 906 74 21 säsom
279 906 119 20 förbundet
414 906 50 20 med
481 906 124 20 detsamma
621 912 78 20 genom
716 906 34 20 sin
766 911 55 21 egen
833 911 37 20 up-

117 936 99 27 penbara
232 936 81 25 fördel;
329 935 76 21 därför
421 936 68 20 hafva
504 936 49 21 icke
567 935 94 21 allenast
677 935 50 21 dess
739 934 130 28 borgerliga,

117 968 54 19 utan
189 965 68 22 också
274 966 50 20 dess
341 965 103 27 politiska
461 965 62 27 lagar
539 964 146 22 bibehållits».

190 996 138 20 Bevarandet
344 995 22 21 af
383 996 42 20 den
442 995 100 27 rättsliga
561 995 109 27 ställning,
683 1001 48 15 som
742 994 128 28 grundlagts

117 1024 25 22 är
160 1025 63 26 1809,
242 1026 24 20 är
282 1027 30 19 ett
329 1025 109 21 lifsvilkor
455 1025 35 21 för
501 1025 37 21 det
549 1024 71 22 finska
631 1024 69 22 folket
711 1025 41 21 och
764 1031 28 15 en
803 1024 67 22 ound-

117 1055 116 26 gängligen
249 1055 127 26 nödvändig
387 1055 122 26 betingelse
525 1055 36 20 för
572 1057 31 18 att
614 1055 123 20 detsamma
748 1054 36 21 mä
795 1054 77 21 kunna

117 1085 55 26 fylla
188 1085 33 20 sin
239 1084 159 27 anspråkslösa
415 1084 86 27 uppgift
517 1085 7 20 i
540 1084 37 21 det
593 1084 122 27 menskliga
726 1084 145 26 utvecklings-

117 1114 92 21 arbetet.
242 1114 78 21 Derför
339 1114 67 21 hafva
422 1115 42 20 ock
481 1114 126 21 Ständerna
623 1114 36 21 vid
677 1114 56 21 1899
750 1113 36 22 års
802 1113 69 22 landt-

118 1144 42 27 dag
171 1144 35 21 för
217 1144 61 21 Hans
290 1144 122 27 Kejserliga
428 1144 102 27 Majestät
541 1145 7 20 i
560 1143 175 27 underdänighet
746 1143 84 26 uttalat,
841 1145 31 19 att

120 1173 138 22 »Ständerna
282 1180 54 15 anse
361 1174 37 21 det
421 1180 54 15 vara
492 1174 33 21 sin
543 1175 6 20 i
566 1180 27 15 en
615 1174 66 26 högre
703 1173 169 26 verldsordning

117 1204 115 27 grundade
244 1203 53 27 pligt
308 1206 31 19 att
349 1203 105 22 fasthälla
466 1204 37 21 vid
515 1204 43 21 den
569 1204 36 27 lag
614 1204 41 21 och
664 1205 49 24 rätt,
723 1210 47 15 som
780 1203 24 21 är
815 1203 56 21 1809

119 1233 134 27 högtidligen
269 1234 156 21 tillförsäkrats
442 1234 38 21 det
495 1233 73 22 finska
584 1234 69 21 folket
669 1236 31 19 att
718 1233 113 27 oförryckt
842 1233 29 20 bi-

119 1263 121 22 behållas».

190 1293 91 21 Samma
298 1293 53 27 pligt
366 1293 82 27 åligger
465 1293 81 22 folkets
563 1300 30 14 nu
609 1293 134 21 församlade
759 1299 113 21 represen-

119 1325 78 19 tanter.
222 1323 73 27 Några
304 1323 22 21 få
338 1322 36 22 års
390 1323 140 27 tillämpning
541 1323 23 22 af
575 1323 42 22 den
630 1323 83 27 politik,
725 1323 66 20 hvars
802 1323 70 20 första

119 1353 107 27 yttringar
254 1353 111 21 föranledt
386 1353 67 21 ofvan
480 1353 127 27 åberopade
627 1353 112 21 uttalande
766 1353 22 21 af
816 1352 56 21 1899

119 1382 36 22 års
174 1383 111 26 landtdag,
302 1383 41 20 har
359 1383 69 21 redan
444 1383 57 26 gjort
517 1383 38 21 det
570 1383 77 27 tydligt
663 1383 35 21 för
713 1383 89 24 enhvar,
814 1383 58 20 huru

119 1412 127 27 fördärfliga
262 1413 28 20 de
306 1415 68 24 vägar
390 1415 46 23 äro,
454 1419 48 15 som
519 1413 50 21 leda
586 1413 50 20 bort
651 1413 49 20 från
717 1412 34 27 lag
768 1412 41 21 och
822 1413 50 19 rätt.

190 1442 32 21 En
246 1442 104 27 återgång
366 1442 32 21 till
415 1442 44 22 den
476 1442 81 27 lagliga
573 1442 121 26 ordningen
711 1444 25 19 är
751 1442 49 21 icke
817 1442 55 20 före-

119 1472 44 21 nad
180 1472 50 21 med
247 1471 68 27 några
332 1472 85 21 sådana
433 1472 138 27 svårigheter
586 1472 54 22 eller
656 1472 168 26 förvecklingar,
842 1473 32 19 att

190 1513 62 18 Särsk.
265 1513 53 18 Besv.
330 1514 47 17 utsk.
391 1513 32 18 bet.
436 1513 37 18 N:o
486 1514 16 18 1.
