1114 1778
349 159 218 19 Motionsbetänkande
581 159 37 18 N:o
632 159 15 19 1.
854 159 22 18 57

468 240 27 19 17
512 237 20 29 8.

193 291 80 22 Ehuru
293 291 38 21 det
350 291 73 28 enligt
442 291 131 22 Utskottets
589 291 60 21 åsikt
665 291 58 21 varit
738 291 140 28 fullkomligt

120 327 81 28 riktigt
216 329 34 20 att
265 334 28 15 ur
308 327 40 22 det
363 334 31 15 nu
409 327 36 21 till
461 327 144 28 granskning
620 327 157 28 föreliggande
792 327 84 28 lagför-

121 363 75 28 slaget
216 362 116 22 uteslutits
352 362 115 28 åtskilliga
488 362 243 29 detaljbestämningar
749 362 27 22 af
788 362 88 22 mindre

120 398 126 29 betydelse,
262 400 30 27 på
306 398 79 22 hvilka
401 398 28 22 de
446 398 63 22 äldre
525 398 192 28 förordningarna
726 398 9 21 i
745 400 77 20 ämnet
835 401 39 19 äro

121 436 24 19 så
161 434 57 26 rika,
234 434 42 22 har
290 433 120 23 Utskottet
424 434 72 21 likväl
512 436 77 20 ansett
605 434 107 28 önskligt,
727 435 34 20 att
771 435 71 27 några
852 435 26 20 af

121 470 52 21 dem
197 470 41 21 allt
257 469 141 22 fortfarande
421 469 71 22 borde
511 470 8 21 i
537 470 68 28 lagen
621 469 132 22 bibehållas.
785 469 91 22 Sådana

121 508 39 19 äro
176 505 174 29 bestämningen
366 507 7 20 i
390 505 14 30 &
422 509 26 19 18
465 513 68 14 mom.
551 509 12 19 2
581 505 26 22 af
621 505 181 29 bränvinslagen,
817 505 59 22 huru

123 541 117 22 beskaffad
263 541 230 29 utskänkningslokal
516 541 41 22 bör
580 549 63 17 vara,
659 543 59 20 samt
733 542 45 21 den
793 541 8 22 i
816 541 14 30 $
848 545 26 19 19

121 577 24 22 af
168 584 86 15 samma
276 577 38 29 lag
337 577 113 28 ingående
469 577 182 29 bestämningen,
671 579 34 20 att
720 577 68 26 lokal,
804 577 71 22 innan

121 613 45 22 den
190 613 124 29 begagnas,
338 613 41 22 bör
402 613 24 22 af
448 613 150 29 magistraten
617 613 142 29 godkännas;
776 613 43 22 och
834 613 42 22 har

120 649 120 22 Utskottet
260 649 52 22 med
335 649 107 22 särskildt
465 649 109 22 afseende
594 649 60 26 derä,
671 651 34 20 att
719 649 156 28 utskänkning

121 684 115 29 framgent
256 686 34 20 får
309 685 144 22 handhafvas
474 685 28 22 af
516 685 104 22 enskilda
635 692 114 22 personer,
766 685 34 22 till
816 685 14 29 &
848 688 26 19 17

120 720 78 29 tillagt
213 722 33 20 ett
262 722 100 20 moment
378 720 24 22 af
417 721 63 21 detta
495 720 108 22 innehäll.

193 756 116 22 Förbudet
332 756 35 22 för
390 756 85 22 kvinna
495 758 34 20 att
549 756 132 23 handhafva
699 757 118 28 servering
836 756 39 22 vid

121 792 155 28 utskänkning
296 792 41 22 har
360 792 23 22 af
405 792 133 22 Utskottets
558 792 75 22 flertal
651 792 50 22 icke
716 792 88 22 kunnat
820 792 54 28 god-

121 828 94 22 kännas.
246 828 36 22 De
302 836 31 14 nu
354 828 98 22 rädande
471 828 175 22 förhällandena
661 828 8 22 i
685 828 145 22 omförmäldt
845 829 30 21 af-

121 864 83 21 seende
219 863 70 23 hafva
304 864 108 29 möjligen
427 864 8 22 i
451 866 56 20 vära
527 866 72 20 större
620 864 75 22 städer
713 864 71 28 gifvit
800 864 75 22 anled-

121 899 56 29 ning
193 900 35 21 till
243 900 101 26 klander,
360 908 53 14 men
429 900 78 29 dylika
522 900 42 22 fall
579 900 66 22 torde
656 900 70 22 likväl
736 900 50 22 icke
797 900 78 22 kunna

121 935 65 29 gifva
208 935 100 29 befogad
331 936 123 28 anledning
477 936 35 22 till
531 944 28 14 en
578 939 24 19 sä
617 936 90 22 radikal
722 936 87 28 åtgärd,
826 943 49 15 som

121 973 34 19 att
178 972 99 21 utesluta
300 972 128 22 kvinnorna
448 972 49 22 helt
512 972 44 22 och
571 972 72 22 hållet
659 971 51 22 från
725 972 52 21 hela
792 972 82 28 itråga-

121 1007 101 21 varande
238 1008 251 22 verksamhetsområde
505 1008 44 22 och
565 1008 132 28 derigenom
715 1006 92 23 beröfva
817 1007 57 21 hun-

121 1042 85 22 dratals
221 1050 109 21 personer
346 1044 38 21 det
400 1043 83 26 arbete,
500 1044 111 21 hvarmed
627 1044 29 21 de
672 1043 111 22 härintills
794 1043 80 22 heder-

120 1078 44 28 ligt
186 1077 79 23 lifnärt
288 1079 42 28 sig.
362 1080 12 19 I
392 1079 121 28 praktiken
531 1079 77 22 blefve
624 1079 39 21 det
679 1079 109 28 derjemte
805 1080 69 24 svårt,

120 1113 114 22 måhända
257 1114 109 29 omöjligt,
390 1117 34 19 att
446 1116 36 20 för
505 1115 44 22 alla
573 1117 48 19 små
641 1115 175 21 restaurationer
832 1114 43 21 och

120 1150 72 21 hotell
212 1150 85 22 erhålla
315 1150 86 29 manlig
419 1151 125 28 betjening.
576 1143 21 29 Å
613 1151 71 21 andra
699 1150 66 22 sidan
780 1150 41 22 bör
836 1150 40 21 det

121 1185 117 22 dessutom
264 1186 140 25 observeras,
431 1188 34 20 att
494 1187 106 28 samtliga
625 1186 250 28 utskänkningsställen

120 1221 122 22 framdeles
259 1222 90 21 komma
364 1224 34 19 att
414 1224 34 19 stå
465 1224 72 20 under
552 1222 95 29 uppsigt
663 1223 24 20 af
699 1221 176 28 utskänknings-

120 1257 106 28 bolagen,
250 1257 42 22 och
315 1258 63 21 torde
398 1258 67 21 dessa
483 1265 48 22 nog
549 1258 71 28 draga
636 1257 90 29 försorg
741 1258 83 25 derom,
842 1259 34 20 att

120 1293 203 28 anständighetens
346 1294 130 28 fordringar
499 1294 73 22 blifva
595 1294 124 28 iakttagna.
751 1293 33 22 På
800 1293 75 28 grund

119 1328 69 23 häraf
209 1329 41 22 har
274 1329 119 22 Utskottet
416 1337 27 14 ur
466 1337 68 14 mom.
552 1333 13 19 2
581 1329 104 22 uteslutit
699 1329 175 29 ifrågavarande

120 1364 90 23 förbud.

192 1400 109 23 Deremot
323 1401 41 22 har
387 1401 120 22 Utskottet
530 1401 37 22 för
590 1401 37 22 sin
645 1401 38 22 del
698 1401 34 22 till
748 1400 56 23 fullo
820 1401 55 28 god-

119 1436 56 21 känt
198 1436 131 28 syftemälet
351 1436 53 22 med
426 1438 38 20 det
483 1437 8 21 i
512 1444 67 14 mom.
601 1440 13 19 3
633 1436 112 29 ingående
761 1436 112 22 förbudet.

119 1471 111 23 Förutom
248 1474 34 20 att
297 1472 306 29 varietéföreställningarna
619 1472 8 22 i
643 1472 34 28 sig
693 1472 81 29 sjelfva
789 1479 86 15 meren-
