1086 1775
208 145 27 20 70
354 142 346 23 Petitionsbetänkande
715 142 52 22 N:o
786 142 27 22 7.

208 210 48 20 han
282 216 84 14 annars
389 212 86 18 ansetts
492 210 100 26 lämplig.
625 210 101 20 Sålunda
751 208 112 28 tjänstgör
879 208 77 20 nuför-

206 240 65 20 tiden
288 240 38 20 vid
342 240 216 27 polisinrättningen
575 239 7 21 i
600 240 142 26 Helsingfors
759 238 51 21 stad
827 245 28 14 en
865 244 91 21 person,

208 276 52 14 som
277 270 119 20 bekänner
412 270 33 26 sig
461 270 34 20 till
512 269 267 21 muhammedamismen
796 268 44 21 och
851 268 34 20 till
897 268 60 27 polis

208 299 7 21 i
231 299 109 27 Wiborgs
357 300 85 20 socken
459 300 42 20 har
517 299 98 27 antagits
632 306 27 13 en
677 305 90 21 person,
784 298 95 21 hvilken
897 304 59 14 sam-

208 329 67 27 tidigt
291 336 49 14 som
358 329 46 21 han
421 329 116 21 tillträdde
553 329 70 27 sagda
640 328 134 27 befattning,
791 334 40 14 var
842 328 115 26 anklagad

209 358 35 21 för
268 359 66 20 stöld.
368 359 124 20 Hurudant
515 359 48 20 folk
587 359 6 20 i
611 358 114 21 anseende
747 358 34 20 till
798 358 35 20 sin
851 357 58 27 fräjd
926 364 31 13 nu

210 388 80 21 tillhör
310 388 107 27 Wiborgs
434 389 63 20 stads
514 388 185 27 polisinrättning
717 390 24 19 är
757 388 62 20 svårt
835 389 33 19 att
883 387 74 27 precis

209 418 118 28 uppgifva.
359 418 35 27 Ty
418 418 73 21 delvis
510 420 26 18 är
559 418 52 20 dess
628 418 105 27 personal
758 417 133 27 rekryterad
907 417 51 20 från

208 450 32 18 ett
264 448 146 21 främmande
434 448 62 25 land,
521 448 48 20 dels
594 449 39 19 äro
659 448 27 20 de
708 448 119 20 därstädes
844 447 114 20 anställda

209 484 142 21 personerna
376 478 165 27 kyrkoskrifna
557 478 44 20 den
618 484 43 14 ena
677 478 44 20 här
736 477 45 21 den
798 477 72 21 andra
887 476 48 26 där,
952 476 7 20 i

210 510 98 18 motsats
323 508 35 20 till
382 508 204 20 bestämmelserna
604 508 6 20 i
627 507 62 21 detta
705 507 107 21 afseende
828 506 8 21 i
852 506 106 27 gällande

209 537 142 27 författning,
357 538 150 26 hvarigenom
514 537 161 21 utomstående
681 537 68 21 hafva
759 536 63 21 svårt
830 538 32 18 att
872 536 87 20 erhålla

210 567 133 21 kännedom
368 574 38 14 om
431 568 66 20 deras
513 567 65 28 fräjd,
595 567 134 27 isynnerhet
751 573 49 14 som
818 566 140 27 polisinrätt-

209 597 87 26 ningen
320 597 54 27 själf
395 597 18 28 ej
434 604 68 14 anser
518 597 33 27 sig
569 603 52 14 vara
638 597 91 27 skyldig
749 599 32 18 att
803 596 104 21 meddela
924 596 34 21 så-

210 627 62 20 dana
296 627 173 27 upplysningar.
503 627 52 20 Men
572 629 32 18 att
620 627 45 20 alla
681 627 39 20 vid
744 626 160 27 nyssnämnda
925 625 34 21 in-

210 656 102 27 rättning
335 657 172 27 tjänstgörande
531 663 109 21 personer
664 657 18 26 ej
705 657 39 20 äro
769 655 148 27 välfräjdade,
935 657 24 19 är

210 686 74 21 likväl
308 689 31 18 ett
354 687 97 20 faktum.
484 687 34 26 Ty
535 687 38 20 vid
589 686 70 27 sagda
676 686 126 26 inrättning
818 685 54 21 med
888 685 71 27 tredje

210 716 106 21 klassens
326 717 114 26 polisgrad
459 716 113 21 inskrifne
584 717 47 20 löse
644 716 79 21 karlen
735 715 104 21 Taavetti
852 715 107 27 Hujanen

210 746 52 20 från
280 746 105 20 Karttula
409 746 85 21 socken
512 746 42 21 har
573 746 71 21 redan
661 746 35 20 för
712 746 66 26 länge
795 745 71 20 sedan
883 745 76 20 dömts

210 777 32 19 att
260 776 67 20 mista
345 777 62 25 äran,
429 776 128 27 hvarjämte
573 776 38 20 vid
629 782 90 14 samma
735 775 127 26 inrättning
878 775 81 26 själfva

210 805 118 21 detektiva
348 805 158 28 afdelningens
523 805 70 21 första
610 812 55 14 man
681 805 63 21 Juho
762 805 156 26 Kaitokangas
935 805 25 20 är

210 835 74 20 dömd
308 835 36 20 för
360 835 89 21 mened.
484 835 105 27 »Tydligt
613 835 42 20 har
679 835 88 20 således
792 834 114 27 framgått,
926 836 32 18 att

212 865 46 20 alla
275 865 86 27 poliser
376 865 119 21 därstädes
512 872 31 13 nu
560 865 35 20 för
611 865 62 20 tiden
691 865 18 27 ej
727 866 39 19 äro
784 863 163 27 välfräjdade».

284 894 8 20 I
310 894 41 21 vår
366 894 147 28 lagskipning
530 894 41 21 har
587 894 71 21 redan
675 894 50 21 från
742 894 76 27 gamla
833 893 59 21 tider
902 893 57 21 före-

211 924 103 20 kommit
337 924 77 20 såsom
431 924 97 21 ledande
545 924 90 27 princip
652 926 32 18 att
700 924 68 26 ingen
786 923 78 21 okänd
881 923 34 20 får
931 923 29 27 på

210 954 28 20 ed
256 954 79 20 vittna.
362 954 28 20 Så
407 955 64 26 säges
488 954 69 20 redan
577 954 7 20 i
600 954 208 26 domarereglerna,
820 955 32 18 att
870 953 90 20 »okänd

211 990 69 14 mans
304 984 143 20 vittnesbörd
472 984 18 27 ej
515 984 90 26 gäller.»
639 984 51 20 Och
707 986 31 18 att
762 983 54 21 våra
837 982 123 27 lagstiftare

212 1013 79 21 funnit
314 1014 76 20 denna
414 1014 171 26 omständighet
611 1014 100 20 särdeles
737 1013 79 26 viktig,
844 1019 68 20 synes
939 1012 24 20 af

212 1043 115 27 Kungliga
343 1043 87 21 brefvet
450 1044 24 20 af
488 1044 45 20 den
557 1043 28 21 23
602 1050 62 14 mars
682 1044 63 25 1738,
762 1043 42 20 där
820 1042 38 20 det
874 1042 87 20 inskär-

210 1079 49 21 pes,
284 1075 33 18 att
351 1073 129 21 »Domaren
512 1073 42 20 bör
585 1073 65 21 alltid
674 1078 59 22 noga
757 1072 139 26 undersöka,
921 1078 38 14 om

211 1104 32 19 ett
265 1102 71 21 vittne
353 1103 42 20 har
411 1103 54 26 godt
482 1110 71 13 namn
570 1103 43 20 och
630 1103 87 27 rykte».
754 1101 150 27 TIakttagande
925 1102 35 20 sä-

211 1132 64 20 ledes
291 1132 78 26 lagens
386 1132 141 21 föreskrifter
538 1133 44 20 och
593 1132 30 21 då
634 1132 37 21 det
683 1139 40 14 var
734 1132 48 26 mig
794 1132 66 24 klart,
872 1133 32 19 att
915 1131 45 21 alla

210 1162 40 20 vid
268 1162 174 27 ifrågavarande
463 1162 186 27 polisinrättning
665 1161 172 28 tjänstgörande
852 1167 109 21 personer

211 1191 53 22 icke
281 1193 40 19 äro
337 1192 149 27 välfräjdade,
503 1194 60 19 samt
579 1193 29 20 då
622 1192 38 27 jag
677 1193 13 20 å
710 1192 113 27 tjänstens
839 1192 86 26 vägnar
941 1191 18 27 ej

212 1222 67 20 torde
305 1228 55 14 vara
389 1222 91 27 skyldig
506 1224 32 19 att
563 1222 30 27 på
609 1222 100 21 förhand
735 1223 56 19 utan
808 1221 153 26 vederbörligt

211 1251 140 27 fräjdebevis
375 1254 58 24 veta,
457 1252 81 21 hvilka
561 1252 39 21 vid
624 1252 69 26 sagda
709 1251 127 26 inrättning
852 1251 108 26 tjänstgö-

211 1281 73 20 rande
302 1288 109 20 personer
428 1283 40 19 äro
484 1282 148 27 välfräjdade,
649 1281 18 28 ej
685 1281 74 21 häller
775 1281 81 27 pliktig
872 1282 33 19 att
919 1282 42 24 tro,

211 1311 64 20 hvad
291 1313 65 18 utom
380 1313 74 18 rätten
478 1311 93 21 stående
592 1311 49 21 icke
659 1311 107 21 officiella
783 1316 110 21 personer
904 1310 57 27 möj-

210 1340 62 27 ligen
297 1341 99 27 upplysa
418 1347 38 14 om
479 1341 33 20 till
536 1341 130 27 åberopade
693 1347 122 21 personers
834 1339 66 28 fräjd,
921 1346 40 14 an-

211 1370 41 27 såg
274 1370 39 27 jag
337 1371 37 20 det
398 1377 54 14 vara
476 1371 50 20 icke
542 1371 58 20 blott
617 1371 48 20 min
682 1372 44 19 rätt
747 1372 56 19 utan
828 1369 67 21 äfven
912 1370 49 20 min

211 1399 61 28 plikt
296 1402 33 18 att
351 1401 68 26 vägra
443 1400 29 27 på
496 1401 28 20 ed
541 1401 57 20 höra
621 1401 77 20 Johan
723 1399 89 22 Henrik
837 1399 124 26 Mielonen,

212 1429 80 21 förrän
316 1430 60 20 hans
397 1430 59 27 goda
473 1437 71 14 namn
561 1430 43 21 och
621 1430 58 27 fräjd
697 1429 75 21 blifvit
788 1429 172 26 vederbörligen

211 1459 91 21 utredd.
319 1471 29 3 —
364 1459 50 21 Och
432 1466 38 14 om
494 1460 48 20 åter
565 1460 28 20 de
614 1460 49 26 ord,
688 1466 50 14 som
758 1459 39 27 jag
813 1459 7 20 i
837 1459 125 26 anledning

285 1501 58 17 Särsk,
357 1501 49 17 Besv.
418 1501 43 17 utsk,
475 1501 29 16 bet.
518 1500 33 18 N:o
563 1505 17 16 4.
