1114 1778
330 138 245 23 Petitionsbetänkande
593 139 37 22 N:o
647 140 21 22 3.
834 142 10 18 7

191 204 43 19 Den
261 206 20 18 11
307 205 41 20 dec,
375 205 54 19 1884
451 205 114 19 utfärdades
581 211 23 13 en
619 205 67 25 Nädig
701 205 125 24 Kungörelse
841 211 32 13 an-

122 233 74 25 gäende
218 233 98 20 villkoren
340 233 30 19 för
393 233 53 19 vissa
468 233 170 25 privatläroverks
661 233 156 20 understödande
832 233 44 19 med

122 261 120 21 statsmedel.
268 261 103 20 Ehuruväl
386 262 63 19 denna
464 261 121 26 förordning,
601 261 50 20 efter
666 262 37 19 den
711 262 56 25 tjugu
779 262 32 19 års
822 261 53 26 pröf-

122 290 48 25 ning
189 291 160 24 privatskolorna
369 297 25 12 nu
413 290 80 24 bestätt,
506 291 65 19 skulle
587 290 66 20 tarfva
668 291 93 24 revision,
776 290 38 20 har
828 290 46 19 den-

122 325 80 18 samma,
218 319 43 20 med
276 319 62 19 insikt
354 318 36 20 och
405 319 43 19 takt
461 319 110 25 tillämpad,
583 320 17 24 ej
612 319 92 19 störande
715 319 36 19 och
762 319 114 20 hämmande

123 347 83 25 ingripit
229 348 5 18 i
258 347 169 25 privatskolornas
450 348 117 24 utveckling
589 347 36 19 och
648 348 133 19 verksamhet.
816 347 60 19 Deti

123 376 82 19 nämnda
228 376 114 24 förordning
364 376 95 25 ingående
478 376 124 25 stadgandet,
622 378 30 17 att
666 376 80 19 skolans
762 376 115 20 lärokurser

122 404 48 20 böra
185 404 60 19 bland
261 407 59 17 annat
330 404 82 20 omfatta
423 404 23 20 de
459 404 102 20 inhemeka
571 404 36 20 och
618 405 61 25 ryska
690 404 85 26 språken
786 405 7 19 i
804 410 72 14 samma

123 433 81 25 omfäng
227 440 40 12 som
289 434 6 18 i
312 435 74 17 statens
402 433 74 24 skolor,
493 432 35 21 har
544 434 17 25 ej
577 434 85 18 medfört
677 434 63 24 nägon
756 436 63 17 större
834 433 41 19 olä-

123 462 79 25 genhet,
222 462 22 18 sä
263 462 57 24 länge
336 462 110 19 timantalet
461 462 6 18 i
483 462 56 19 dessa
555 465 69 16 ämnen
640 462 36 20 och
692 462 56 19 deras
764 462 112 24 fördelning

123 490 85 19 berodde
228 490 20 19 af
262 490 103 20 skolornas
380 490 110 25 direktion;
506 491 25 19 då
546 490 91 20 enskilda
652 491 67 19 elever
735 491 64 19 kunde
816 490 61 20 under

123 519 55 19 vissa
200 518 164 26 förutsättningar
386 519 77 19 erhålla
478 519 63 25 någon
558 519 76 19 lättnad
649 520 58 19 äfven
723 518 45 22 med
784 518 92 21 afseende

123 548 12 19 å
153 548 56 18 dessa
225 550 79 22 ämnen;
320 548 24 19 då
359 548 110 19 timantalet
484 548 7 19 i
506 548 75 25 ryskan
597 554 35 13 var
647 548 119 25 tillräckligt
781 550 50 18 stort
846 550 30 16 att

122 576 57 24 gifva
195 576 91 20 eleverna
302 583 23 13 en
341 576 58 20 säker
414 576 64 26 grund
493 576 6 19 i
515 577 54 19 detta
584 576 67 26 språk,
667 583 43 13 men
726 577 17 25 ej
760 576 116 25 öfverskug-

123 605 50 25 gade
196 604 46 20 hela
265 605 124 25 läroplanen;
412 605 36 19 och
469 605 24 19 då
509 606 91 18 eleverna
617 605 49 20 hade
682 605 80 19 tillfälle
779 608 29 16 att
823 604 53 26 välja

123 634 71 18 mellan
215 633 74 25 ryskan
310 633 35 20 och
361 634 60 24 något
436 636 59 17 annat
511 634 30 19 för
557 634 56 19 deras
629 634 101 20 blifvande
745 634 75 19 studier
831 633 44 19 vik-

123 662 38 24 tigt
176 662 68 25 språk,
260 662 92 25 vanligen
368 662 69 20 latinet
452 662 49 20 eller
516 663 109 19 franskan.
616 658 13 34 :

193 702 60 19 Detta
269 702 123 20 förhållande
408 703 36 19 har
460 703 109 19 emellertid
580 703 79 20 ändrats
670 710 69 18 genom
748 706 29 16 att
788 704 22 18 år
822 702 51 19 1901

123 731 31 19 för
170 731 62 25 ryska
247 731 90 26 språkets
353 731 142 26 undervisning
510 731 26 20 30
552 732 78 19 timmar
645 732 43 23 och,
704 732 58 19 innan
772 731 106 20 resultatet

123 759 60 20 häraf
196 760 96 25 pröfvats,
308 760 34 19 två
357 760 23 19 år
394 766 69 13 senare
479 760 26 19 40
521 761 77 19 timmar
613 760 94 26 påbjödos
722 760 36 19 och
767 760 61 25 därpå
838 759 37 20 föl-

121 788 59 25 jande
200 789 22 18 år
242 789 73 25 ryskan
332 788 36 19 och
384 789 23 19 de
423 789 50 19 båda
489 789 102 19 inhemska
607 789 85 24 språken
707 789 123 19 förklarades
846 789 31 18 för

123 817 144 24 obligatoriska
282 817 31 20 för
328 817 78 20 skolans
422 817 92 25 samtliga
529 818 80 26 elever..

194 857 82 26 Knappt
290 857 51 20 hade
357 858 71 25 lärare,
444 858 98 20 föräldrar
551 858 35 19 och
595 858 67 19 elever
672 858 69 19 hunnit
752 858 56 25 börja
816 857 61 20 tänka

122 886 32 25 sig
170 887 19 18 in
206 886 6 19 i
228 886 37 19 den
281 887 59 19 däraf
352 887 115 19 föranledda
482 887 125 25 situationen,
623 887 66 19 förrän
705 887 91 25 plötsligt
811 887 37 18 den
865 886 8 19 1

123 921 45 12 nov.
185 915 55 19 detta
255 916 22 19 år
292 915 32 26 ,af
338 915 132 20 förekommen
486 915 124 26 anledning”,
626 922 41 13 som
683 916 32 19 det
730 915 60 25 hette,
802 915 32 19 det
844 914 32 19 till

123 943 43 19 sina
186 944 84 19 motiver
285 943 124 26 obegripliga
424 944 87 25 påbudet
526 944 121 25 emanerade,
663 946 29 17 att
707 944 169 25 privatskolornas

123 971 113 26 läroplaner
250 973 6 18 i
272 973 40 19 alla
327 972 103 19 afseenden
440 973 64 19 skulle
515 973 95 25 bringas
602 967 12 36 i
621 973 201 19 öfverensstämmelse
833 971 44 20 med

123 1001 24 18 de
170 1001 31 18 för
221 1001 134 25 reallyceerna
373 1001 100 25 gällande,
489 1001 129 26 hvarigenom
633 1001 136 26 privatskolan
785 1001 91 19 beröfva-

123 1029 33 19 des
172 1029 188 26 tillgodonjutandet
374 1030 22 19 af
410 1036 22 13 en
449 1030 22 19 af
485 1030 24 19 de
525 1030 108 25 viktigaste
648 1030 104 25 principer,
765 1037 41 12 som
817 1029 60 26 gifvit

122 1057 112 20 densamma
248 1059 44 18 dess
308 1058 80 25 upphof.

192 1097 32 20 Då
246 1098 70 20 härtill
334 1098 93 25 kommer,
444 1101 30 17 att
489 1099 160 26 privatskolorna
665 1099 58 19 äfven
739 1098 67 20 blifvit
821 1100 55 17 anta-

124 1126 56 20 stade
202 1127 44 19 med
262 1127 91 20 afseende
369 1127 11 20 &
396 1128 42 19 sina
453 1128 71 25 lärare,
540 1128 89 19 befinnes
644 1128 57 19 deras
716 1127 60 20 frihet
791 1133 49 14 vara
855 1127 23 19 sä

121 1155 107 20 inskränkt
250 1156 36 19 och
306 1156 66 24 hotad,
388 1159 29 17 att
432 1163 44 12 man
491 1157 44 19 icke
551 1157 79 24 förstär,
645 1156 70 19 hvilka
731 1155 144 25 omständighe-

122 1186 37 23 ter,
176 1190 41 13 som
232 1191 54 13 mera
301 1185 65 19 kunde
381 1185 63 20 förmä
459 1185 132 20 allmänheten
607 1187 29 17 att
651 1185 43 19 med
707 1187 52 17 stora
770 1185 106 25 penninge-

123 1212 135 26 uppoffringar
273 1213 106 26 uppehålla
395 1214 57 19 dessa
467 1214 101 19 anstalter.

192 1253 46 19 Med
260 1254 91 19 afseende
371 1254 12 20 &
405 1257 74 16 statens
499 1261 48 19 egen
567 1254 63 20 fördel
646 1255 36 19 och
697 1254 33 19 det
744 1253 132 26 uppväxande

122 1281 84 20 släktets
223 1282 56 20 bästa
295 1283 37 19 kan
348 1289 44 13 man
408 1283 67 19 därför
491 1284 16 24 ej
524 1283 103 20 underlåta
642 1286 30 17 att
689 1283 117 25 allvarligen
818 1282 58 25 yrka,

123 1313 30 16 att
176 1310 56 20 dessa
254 1311 242 25 unifieringssträfvanden
511 1313 33 18 mä
560 1311 89 26 upphöra
665 1311 36 20 och
716 1311 160 25 privatskolorna

123 1340 16 24 ej
164 1339 86 20 allenast
272 1340 63 19 återfå
357 1340 29 19 sin
409 1341 54 19 förra
483 1339 172 26 handlingsfrihet,
670 1342 47 17 utan
733 1339 58 20 äfven
808 1346 22 13 en
846 1345 31 13 om

121 1368 78 25 möjligt
215 1374 53 13 mera
283 1369 86 25 tryggad
386 1369 95 25 ställning
495 1372 25 16 än
536 1369 35 19 den
588 1375 41 13 som
645 1369 49 19 Nåd.
711 1369 65 25 Kung.
793 1367 80 20 afd.11

123 1396 41 19 dec.
186 1397 54 18 1884
256 1397 117 26 medgifver,
388 1397 36 20 ooh
440 1398 63 24 vågar
516 1398 35 25 jag
567 1397 66 20 därför
647 1397 100 20 vördsamt
756 1397 79 24 föreslå,
844 1396 34 19 det

121 1424 49 20 ville
186 1424 123 27 högvördiga
325 1426 148 19 Prästeständet
487 1426 61 25 jämte
564 1426 64 24 öfriga
644 1425 62 20 Ständ
720 1425 47 25 ingä
778 1425 33 19 till
822 1424 54 20 Hans

121 1452 114 26 Kejserliga
250 1454 93 26 Majestät
358 1455 42 19 med
417 1461 23 13 en
456 1454 124 26 underdänig
596 1454 88 25 petition,

194 1500 100 18 Allmänna
306 1500 185 19 Petitionsutskottets
503 1501 110 18 betänkande
626 1500 34 19 N:o
673 1502 17 16 1.
