1114 1775
248 151 26 21 18
382 150 85 22 Ständ.
484 150 55 22 Pet.
555 163 27 2 —
598 150 175 22 Petitionsbet.
792 150 42 22 N:o
850 150 22 22 7.

250 224 68 25 äran,
342 224 65 20 samt
434 230 31 14 en
491 221 136 30 konstapel,
654 221 150 23 tillhörande
822 221 163 30 landtpolisen
1004 222 8 22 i

249 256 104 28 Viborgs
372 256 98 28 socken,
488 256 63 22 varit
569 255 76 23 dömd
664 256 39 22 för
720 256 95 22 fortsatt
833 257 105 22 snatteri.

320 290 86 23 Såsom
434 290 78 23 redan
536 290 101 30 tidigare
655 290 100 29 anförts,
774 292 28 21 är
820 290 41 23 det
879 291 53 22 icke
950 291 62 28 möj-

248 325 42 29 ligt
308 324 40 23 för
366 324 137 24 Ständerna
523 327 34 21 att
575 325 135 23 framställa
729 332 30 16 en
773 326 32 28 på
818 324 114 30 bevisliga
945 326 65 22 fakta

248 358 115 30 grundad
380 359 183 29 fullständigare
582 358 52 24 bild
652 360 27 22 af
690 359 48 23 den
757 360 145 22 nuvarande
914 360 97 28 tjänste-

249 394 185 22 mannakårens
463 394 8 22 i
489 394 67 22 länet
572 394 108 29 verkliga
699 394 173 28 beskaffenhet,
892 394 63 23 hälst
972 401 39 15 ve-

249 428 156 23 derbörande
433 428 116 30 chefskap
577 428 20 29 ej
626 430 28 20 är
672 428 139 29 tillräckligt
830 428 120 24 medvetet
968 436 41 15 om

249 464 38 22 sin
315 463 59 29 pligt
392 465 34 21 att
445 463 131 23 öfvervaka
595 462 30 23 de
644 462 192 24 underordnade
855 463 156 29 tjänstemän-

250 505 49 15 nen
317 498 39 22 för
374 499 34 21 att
426 497 41 23 vid
485 497 96 30 yppade
600 497 232 23 missförhållanden
852 498 102 22 anställa
968 505 43 15 un-

250 532 150 29 dersökning
418 533 48 22 och
484 532 115 22 befordra
618 532 47 22 den
684 532 109 29 skyldige
812 532 36 22 till
867 532 52 29 laga
933 534 76 28 näpst.

251 566 174 23 Betecknande
443 567 8 22 i
470 566 113 23 afseende
601 567 14 21 å
628 573 30 16 en
672 566 39 22 del
724 567 26 23 af
760 566 82 23 denna
855 567 156 29 tjänsteman-

250 601 91 23 nakårs
369 601 134 23 moraliska
530 601 150 30 ståndpunkt
707 603 28 20 är
762 601 65 23 hvad
851 609 54 15 som
924 601 88 30 inlupit

249 636 127 29 angående
400 636 65 23 förre
483 636 246 22 kronolänsmannen
747 637 8 21 i
776 635 121 24 Ruskeala
916 636 96 23 distrikt

250 671 93 22 Arthur
361 670 129 23 Fabritius.
527 670 40 23 Uti
585 670 213 29 tjänsteskrifvelse
812 671 26 22 af
848 671 48 22 den
909 671 25 22 11
946 677 65 16 mars

250 705 58 22 1902
335 705 109 22 anmälte
472 704 287 31 kyrkoherdeembetet
753 700 16 40 i
781 705 120 22 Ruskeala
920 705 91 23 socken

250 739 46 23 hos
322 741 155 27 guvernören
504 740 8 21 i
540 739 71 28 länet,
640 739 121 23 hurusom
780 739 41 22 vid
840 741 32 21 ett
890 740 122 22 läsförhör

249 774 70 22 inom
338 774 116 29 socknen,
475 774 30 23 då
528 773 65 30 fråga
614 774 97 23 väcktes
731 774 125 29 angående
874 774 30 23 de
922 774 90 29 sedliga

250 808 189 23 förhållandena
468 809 14 22 å
509 810 76 27 orten,
613 815 30 16 en
668 808 108 23 medlem
796 809 24 22 af
837 809 174 29 församlingen

250 842 64 23 hade
342 843 100 28 anmält,
471 845 34 20 att
532 843 112 23 bemälde
669 843 115 23 länsman
803 849 89 23 genom
911 843 100 30 osedligt

250 877 49 23 och
318 877 148 29 oordentligt
485 877 106 23 lefverne
609 878 72 22 väckt
693 877 95 23 allmän
800 877 130 29 förargelse
942 879 68 21 inom

249 911 185 30 församlingen,
454 912 104 22 hvarom
576 912 255 29 kyrkohedeembetet,
851 912 56 22 med
925 920 87 15 namn-

250 945 114 30 gifvande
382 946 26 22 af
424 946 120 23 särskilda
562 954 123 22 personer,
704 954 55 15 som
778 946 84 23 kunde
874 947 82 29 styrka
969 954 42 15 an-

250 980 129 29 gifvelsens
397 980 120 30 riktighet,
536 981 45 23 hos
599 983 154 27 guvernören
773 981 94 22 anmält
885 981 38 23 för
936 981 75 23 vidta-

249 1014 79 30 gande
347 1015 27 23 af
389 1015 102 29 behörig
509 1015 88 29 åtgärd.
626 1015 38 23 En
683 1015 34 23 tid
736 1015 94 29 förgick
848 1018 58 20 utan
924 1018 33 20 att
970 1016 41 22 nå-

250 1056 48 23 gon
326 1049 68 30 dylik
418 1050 84 29 åtgärd
520 1050 8 22 i
547 1050 99 23 ärendet
665 1050 122 28 afhördes,
806 1050 99 22 hvarför
923 1050 88 30 kyrko-

250 1084 184 22 herdeembetet
452 1085 35 22 uti
505 1084 104 30 förnyad
628 1084 124 23 skrifvelse
772 1084 26 23 af
808 1084 48 23 den
871 1085 27 22 10
910 1087 101 27 septem-

251 1118 44 23 ber
313 1118 57 23 1902
388 1119 85 29 gjorde
492 1126 30 15 en
540 1119 153 30 påminnelse
711 1126 42 16 om
772 1119 83 23 saken.
886 1114 76 28 Äfven
977 1126 33 15 nu

251 1154 77 22 erfors
346 1153 61 23 intet
424 1154 9 21 i
452 1154 40 22 det
511 1153 25 23 af
551 1154 263 29 kyrkoherdeembetet
832 1153 99 23 afsedda
944 1154 66 29 syfte.

252 1187 118 24 Däremot
388 1188 52 23 blef
455 1188 245 23 kronolänsmannen
720 1188 122 23 Fabritius
865 1190 146 28 transporte-

251 1222 45 23 rad
323 1222 36 23 till
387 1225 32 20 ett
443 1230 68 15 mera
530 1223 107 23 lönande
655 1223 102 28 distrikt,
778 1223 75 29 Pyttis
872 1223 46 22 och
938 1223 73 30 Kym-

251 1264 73 15 mene
352 1257 112 29 socknar,
492 1257 124 23 hvarifrån
643 1258 50 22 han
713 1258 97 29 nyligen
830 1257 126 23 öfverförts
975 1257 36 23 till

250 1291 103 29 Viborgs
372 1291 103 23 distrikt.

322 1326 87 23 Såsom
428 1328 34 21 ett
480 1329 75 20 annat
573 1327 110 29 exempel
701 1327 32 28 på
751 1327 50 22 den
814 1326 133 23 moraliska
960 1326 51 23 hal-

251 1362 41 21 ten
311 1361 46 22 hos
382 1361 89 29 många
497 1361 25 22 af
538 1361 30 22 de
593 1360 143 23 nuvarande
764 1361 66 28 lägre
858 1360 154 23 administra-

250 1395 50 22 tiva
318 1395 199 28 tjänstemännen
535 1395 8 22 i
562 1395 101 30 Viborgs
679 1395 49 28 län,
741 1396 42 22 må
796 1395 98 22 anföras
908 1397 32 20 ett
952 1395 58 28 bref,

250 1437 56 15 som
324 1429 226 29 tjänstförrättande
568 1430 246 23 kronolänsmannen
833 1431 8 21 i
860 1429 40 23 det
909 1429 102 28 distrikt,

251 1471 55 15 som
325 1463 79 23 bildas
424 1464 26 23 af
467 1464 143 29 Korpiselkä
629 1464 80 30 kapell
733 1465 48 22 och
801 1471 31 16 en
851 1463 39 23 del
908 1465 27 22 af
951 1465 61 22 Rus-
