1114 1761
227 146 29 22 24
366 147 86 22 Ständ.
469 147 52 22 Pet.
540 161 25 2 —
582 148 173 23 Petitionsbet.
773 149 41 22 N:o
830 148 20 22 7.

228 215 94 28 sökning
336 221 36 16 om
388 216 129 22 inställande
531 217 24 21 af
566 217 162 27 ifrågavarande
743 218 95 25 auktion,
853 217 55 22 altså
918 218 72 21 kunde

228 243 168 28 Borgmästaren
412 245 19 26 ej
448 245 87 27 vidtaga
549 245 71 28 någon
635 246 76 27 åtgärd
726 246 6 21 i
747 246 141 21 förevarande
903 246 85 21 ärende.

298 273 115 22 Anseende
429 274 34 26 sig
477 274 7 20 i
501 274 107 27 egenskap
624 274 23 21 af
661 274 114 22 Guvernör
790 281 73 15 ensam
879 274 33 21 för
927 275 63 21 Hans

228 300 122 28 Kejserliga
372 301 103 27 Majestät
496 302 100 28 ansvarig
610 302 33 22 för
663 305 31 19 att
709 303 61 21 Hans
787 303 120 27 Kejserliga
923 302 66 28 Maje-

228 331 55 20 stäts
305 329 142 27 befallningar
463 330 7 21 i
484 331 58 21 länet
561 330 152 23 efterkommas
728 332 40 21 och
783 332 133 25 värkställas,
930 332 60 20 med-

228 357 76 23 delade
328 358 157 27 Ordföranden,
507 362 32 19 att
561 360 41 21 han
621 360 18 26 ej
656 360 85 22 komme
757 362 31 20 att
803 360 68 22 tillåta
886 360 103 21 värkstäl-

226 386 76 22 landet
316 386 23 22 af
351 386 164 28 ifrågavarande
529 388 94 26 auktion,
639 388 88 22 oaktadt
741 389 42 21 han
798 395 44 21 nog
852 388 90 28 medgaf,
954 389 36 21 det

228 414 160 22 ofvannämnda
409 416 71 28 utslag
495 416 23 22 af
532 417 139 21 Guvernören
687 418 6 20 i
711 418 30 21 S:t
755 417 89 21 Michels
863 417 34 21 län
913 418 76 20 vunnit

226 444 51 26 laga
296 443 57 22 kraft
371 444 41 22 och
430 445 54 21 böra
502 446 88 27 bringas
605 446 32 21 till
651 446 168 26 värkställighet,
835 448 56 19 samt
904 445 86 22 förden-

228 472 58 22 skull
301 473 17 27 ej
336 472 67 22 häller
427 474 96 22 önskade
545 477 71 23 annat,
634 476 27 20 än
676 476 31 20 att
723 474 116 22 auktionen
854 475 66 21 måtte
936 480 54 21 upp-

228 501 90 27 skjutas.

299 530 87 23 Således
402 531 46 21 blef
461 531 153 28 Magistratens

567 617 86 21 Beslut:

227 675 32 19 att
282 673 19 27 ej
326 673 86 28 vidtaga
434 674 75 26 åtgärd
528 680 34 15 om
578 673 145 22 förordnande
738 673 33 22 för
788 673 142 27 Stadsfogden
948 673 41 22 Ge-

228 702 54 21 strin
299 708 35 15 om
350 702 139 22 inhiberande
505 702 22 21 af
540 702 147 27 ifrågakomna
701 702 95 22 auktion.

505 759 119 26 Rätteligen
648 759 111 22 afskrifvet
782 766 26 14 ur
831 759 41 21 den
894 759 7 21 i
922 759 66 27 Magi-

438 789 93 20 stratens
546 788 7 21 i
568 788 167 21 Villmanstrand
745 788 61 21 arkiv
816 788 112 21 förvarade
938 788 51 21 kon-

437 816 168 27 ceptdomboken
621 816 94 27 intygar:
734 817 179 21 Villmanstrands
930 817 59 21 stads

437 845 88 21 Rådhus
541 845 40 21 den
598 845 25 21 17
640 845 118 22 December
776 845 60 22 1904.

778 902 30 17 Ex
820 901 70 19 officio:

747 936 83 22 Robert
844 936 76 22 Näkki.

228 1016 147 28 Öfversättning.

228 1050 88 18 Afskrift.

505 1103 84 26 Utdrag
600 1109 25 15 ur
633 1103 152 27 Magistratens
794 1103 6 21 i
809 1102 180 23 Villmanstrands

438 1132 48 21 stad
509 1131 107 27 protokoll
638 1131 33 22 för
694 1132 40 21 den
759 1133 24 20 11
808 1132 104 21 Februari
928 1131 60 27 1903,

437 1161 134 20 närvarande
593 1161 75 20 därvid
692 1161 140 21 Guvernören
849 1161 6 19 i
873 1161 59 20 länet
951 1160 38 20 Ni-

436 1188 57 22 kolai
522 1188 137 28 Mjäsojädoff
681 1189 72 21 säsom
780 1188 128 22 ordförande
934 1190 56 20 samt

437 1217 166 27 Borgmästaren
624 1218 111 21 Johannes
755 1218 103 21 Lundson
878 1216 110 22 äfvensom

436 1246 210 21 Politieräämännen
669 1246 52 21 Otto
747 1246 99 21 Theodor
868 1246 66 26 Stähl;
949 1246 40 21 och

437 1274 57 22 Emil
509 1274 77 22 Mod6e
602 1275 71 21 säsom
689 1274 124 22 ledamöter.

577 1361 12 25 $
605 1360 33 21 46.

298 1417 142 28 Stadsfogden
466 1418 93 21 Aukusti
582 1418 93 25 Gestrin,
691 1424 46 14 som
753 1418 28 26 pä
795 1417 88 21 kallelse
898 1417 91 21 kommit

229 1446 112 26 tillstädes,
357 1446 93 22 anmälte
466 1447 27 26 pä
509 1447 74 21 därom
599 1446 22 22 af
635 1446 149 22 Ordföranden
801 1445 111 22 framstäld
923 1445 65 26 fräga,
