1111 1775
242 148 27 22 12
429 147 277 24 Petitionsbetänkande
722 148 43 22 N:o
781 148 21 22 7.

240 215 34 26 sig
285 214 19 27 ej
322 214 54 22 blott
393 214 6 21 i
415 214 153 27 försumlighet
584 214 42 20 och
640 213 140 22 värdslöshet
790 214 36 21 vid
838 214 154 26 uppfyllandet

241 244 23 21 af
290 243 213 27 tjänsteäliegganden
530 245 28 19 än
582 244 89 21 äfven
663 239 15 36 i
697 246 31 19 ett
753 244 142 27 hänsynslöst
918 243 73 21 bemö-

240 274 68 21 tande
325 274 23 21 af
363 274 150 21 allmänheten
524 276 57 18 samt
594 274 6 20 i
626 276 31 19 ett
670 274 109 21 sedeslöst
793 274 41 21 och
846 273 145 22 utsväfvande

240 303 133 22 lefnadssätt
384 303 50 21 med
446 303 45 21 alla
506 303 50 21 dess
572 303 87 26 följder.
691 303 41 21 Till
749 303 122 22 utredande
888 303 22 21 af
925 303 66 20 dessa

241 332 217 26 missförhällanden,
471 332 28 27 pä
515 333 75 20 hvilka
605 333 101 27 exempel
723 333 7 20 i
746 333 79 26 mängd
842 333 89 21 anföras
941 338 51 15 man

241 363 43 21 och
300 369 52 15 man
364 363 101 25 emellan,
478 363 70 20 skulle
559 363 101 26 gifvetvis
670 362 112 21 erfordras
791 363 51 21 vida
852 362 140 27 grundligare

241 393 192 26 undersökningar
450 394 28 19 än
495 393 40 20 här
550 393 85 20 kunnat
646 393 90 20 komma
746 392 76 27 ifräga,
833 392 158 21 undersöknin-

241 429 46 20 gar,
304 429 48 15 som
368 423 37 20 det
415 421 73 28 älegat
503 422 167 21 vederbörande
687 422 86 21 förmän
790 425 32 18 att
832 422 113 27 själfmant
955 428 36 15 an-

242 452 65 21 ställa
331 453 41 20 och
397 459 48 14 som
467 452 107 26 därjämte
593 452 47 21 ofta
662 452 42 21 hos
728 452 66 21 dessa
814 451 110 28 päyrkats,
941 457 50 15 men

242 483 60 20 ännu
328 481 57 22 blott
407 482 7 21 i
437 481 164 28 undantagsfall
626 481 90 22 afhörts.
747 482 108 21 Utskottet
881 482 40 21 har
944 481 49 21 där-

241 512 36 21 för
292 512 58 21 varit
365 511 126 22 nödsakadt
507 514 31 19 att
553 511 121 22 inskränka
689 512 33 26 sig
738 511 31 22 till
786 517 27 16 en
825 511 106 27 skildring
942 511 50 21 alle-

241 544 52 19 nast
316 541 22 21 af
362 541 27 22 de
405 541 215 25 missförhällanden,
638 547 47 15 som
708 541 28 27 pä
759 541 70 27 grund
846 541 22 21 af
884 541 107 26 skriftliga

242 571 130 26 aktstycken
389 571 92 21 kommit
497 571 32 21 till
546 571 120 21 Utskottets
677 571 126 21 kännedom
817 571 53 21 eller
881 571 63 27 eljest
952 572 39 19 äro

242 601 93 21 allmänt
350 601 103 26 bekanta,
474 602 41 20 och
531 602 85 20 hvilkas
640 601 103 27 riktighet
765 600 95 22 säiunda
885 601 48 21 icke
950 601 43 21 kan

242 630 147 28 ifrågasättas.

315 660 31 22 De
369 660 204 26 embetsmissbruk,
598 667 46 15 som
662 661 7 20 i
686 661 36 21 det
745 661 97 27 följande
866 660 62 22 skola
944 661 47 20 när-

242 696 62 15 mare
328 690 98 26 beröras,
443 690 66 21 hafva
531 690 35 21 för
589 690 111 22 vinnande
717 691 23 21 af
755 697 27 15 en
801 691 71 21 bättre
888 690 104 26 öfversigt

241 720 109 21 fördelats
366 721 7 20 i
389 726 96 21 grupper
501 720 65 27 enligt
582 720 98 27 följande
697 720 61 27 plan:

315 768 15 21 I.
362 767 29 22 Af
414 769 138 25 guvernören
576 768 71 22 direkt
669 768 119 22 anbefalda
808 767 139 22 våldsamma
962 767 30 21 in-

241 804 69 20 grepp
327 798 7 21 i
350 798 189 26 rättsordningen
531 794 13 35 ;

314 839 24 21 I.
371 838 112 28 Obehörig
509 839 145 27 inblandning
676 840 5 20 i
697 839 143 21 kommunala
863 839 42 21 och
929 838 62 28 kyrk-

242 868 44 27 liga
302 868 196 27 angelägenheter
490 864 12 36 ;

315 910 34 21 III.
368 905 6 36 —
381 909 253 28 Tjänstemannakärens
660 910 168 27 omgestaltning
852 909 42 22 och
917 909 77 27 bidrag

241 939 34 22 till
292 946 26 15 en
335 940 156 21 karaktäristik
507 940 22 21 af
545 940 83 25 denna;

314 981 36 24 IV.
381 981 42 22 Det
439 981 128 22 nuvarande
583 984 117 25 systemets
716 981 134 27 värkningar
867 980 14 22 &

318 1023 21 28 a)
355 1023 85 22 arbetet
455 1023 37 22 vid
509 1023 169 28 länestyrelsen
668 1019 13 37 ;

316 1064 22 30 b)
354 1065 71 27 öfriga
440 1065 144 27 tjänstemäns
600 1066 60 21 inom
678 1065 135 21 landsstaten
828 1064 151 26 värksamhet;

315 1108 19 24 c)
350 1107 206 26 ordningsmaktens
572 1106 140 22 förhållande
728 1107 31 21 till
776 1107 155 21 allmänheten.

612 1250 14 21 I.

316 1310 30 22 De
370 1311 116 26 viktigaste
509 1310 32 22 till
564 1310 43 21 den
631 1310 70 21 första
722 1315 99 21 gruppen
836 1308 99 22 hörande
955 1308 39 22 fall

242 1340 68 21 hafva
334 1340 68 22 redan
419 1341 7 21 i
443 1340 36 21 det
502 1339 159 22 ofvanstäende
685 1339 167 27 antydningsvis
876 1340 115 20 omnämts.

242 1369 32 22 De
301 1370 90 22 anföras
410 1370 46 25 här
479 1370 49 21 med
551 1370 49 20 stöd
624 1369 24 21 af
670 1368 105 22 officiella
798 1368 131 26 handlingar
951 1368 42 21 och

241 1401 41 20 äro
307 1400 7 20 i
334 1400 34 26 sig
388 1400 80 27 själfva
485 1399 83 27 egnade
584 1401 32 19 att
631 1398 29 28 pä
676 1401 31 19 ett
722 1398 121 28 belysande
860 1400 43 19 sätt
919 1398 74 21 karak-

241 1430 95 21 tärisera
359 1430 43 21 den
419 1429 128 22 nuvarande
562 1429 77 27 högste
656 1428 176 22 administrativa
848 1427 146 22 embetsman-

242 1465 44 14 nen
302 1460 8 19 i
326 1459 94 26 Viborgs
437 1459 43 21 län.

315 1500 62 18 Särsk.
391 1500 54 18 Besv.
459 1500 46 17 utsk.
519 1500 32 17 bet.
563 1499 37 18 N:o
614 1500 18 18 4.
