1114 1778
360 151 219 19 Motionsbetänkande
591 152 38 18 N:o
642 151 16 19 1.
863 152 24 18 45

131 211 119 22 delsefulla
273 211 91 29 princip,
387 211 42 22 har
450 211 56 22 dock
527 211 50 22 icke
593 212 7 21 i
617 211 45 22 alla
681 211 62 22 delar
759 212 24 21 af
798 212 88 27 förelig-

131 247 73 28 gande
220 247 120 28 lagförslag
356 248 7 21 i
380 247 40 22 akt
436 247 76 28 tagits.
544 247 93 22 Sådana
653 249 37 20 äro
706 249 15 20 t.
738 255 34 15 ex.
783 248 102 21 bestäm-

131 283 112 28 ningarna
258 283 116 28 angående
391 283 42 22 den
450 283 210 28 minimikvantitet,
677 290 46 15 som
735 283 38 22 vid
784 283 102 22 utminu-

132 319 73 28 tering
220 319 36 22 får
265 319 103 28 försäljas
380 319 20 30 ($
412 319 28 29 2),
452 319 118 28 angående
581 319 63 22 tiden
655 319 34 22 för
700 319 186 29 utminuterings-

133 354 109 22 ställenas
258 355 178 29 öppenhällande
452 355 21 29 ($
492 355 33 29 16)
537 356 60 21 samt
605 355 118 28 angående
733 355 153 22 försändande

132 390 25 21 af
172 390 178 28 alkoholhaltiga
366 390 94 30 drycker
475 390 22 30 (8
513 390 42 30 25).
587 391 9 21 I
612 391 67 21 dessa
694 390 98 30 punkter
806 391 78 28 hafva,

133 426 69 27 enligt
218 426 128 22 Utskottets
361 426 87 23 flertals
465 426 66 28 åsikt,
549 427 55 22 utan
622 426 134 28 tillräckliga
772 427 50 22 skäl
832 426 53 22 allt-

132 461 35 22 för
186 462 130 22 restriktiva
336 462 142 28 stadganden
497 462 136 29 föreslagits,
650 462 77 22 hvilka
743 462 7 21 i
766 462 120 29 praktiken

133 497 71 23 skulle
233 498 101 21 medföra
359 499 83 28 ytterst
468 499 65 27 ringa
557 499 74 28 nytta,
659 505 50 15 men
735 498 64 23 desto
825 505 62 15 mera

133 533 143 28 olägenheter
291 534 40 22 och
347 534 79 22 hvilka
441 534 140 22 fördeuskull
597 534 49 22 icke
662 534 7 21 i
685 534 34 22 sin
730 534 157 30 ursprungliga

132 569 56 22 form
205 570 88 22 kunnat
309 569 25 22 af
348 570 117 23 Utskottet
481 569 140 29 godkännas.

204 736 66 22 Efter
296 738 33 20 att
354 736 95 23 sälunda
475 737 68 21 hafva
567 737 120 21 motiverat
707 736 34 22 sin
763 737 59 28 äsigt
844 736 41 22 be-

132 772 112 22 träffande
270 772 219 29 hufvudpunkterna
512 773 8 21 i
543 772 209 28 motionsförslaget
779 774 106 26 öfvergär

132 807 119 23 Utskottet
269 809 7 21 i
297 809 38 21 det
358 809 101 28 följande
479 808 35 22 till
535 816 28 14 en
579 809 144 28 redogörelse
739 808 37 22 för
792 809 28 21 de
836 808 48 22 för-

133 844 129 28 ändringar,
288 844 78 22 hvilka
386 845 33 21 uti
445 844 111 22 särskilda
578 845 8 21 i
609 844 149 29 lagförslaget
773 844 112 29 ingäende

133 880 143 28 stadganden
294 880 116 28 vidtagits,
426 880 120 22 äfvensom
561 881 36 21 för
613 880 73 28 öfriga
701 881 183 28 anmärkningar,

132 915 80 23 hvilka
228 916 114 22 befunnits
358 916 26 22 af
396 916 111 22 behofvet
521 916 143 29 päkallande.

484 1006 48 29 18.

204 1071 103 22 Emedan
331 1072 44 21 den
398 1072 8 21 i
428 1071 151 29 lagförslaget
597 1072 105 22 använda
717 1071 168 29 benämningen

135 1107 172 28 »rusdrycker",
330 1107 8 22 i
361 1108 114 22 anseende
499 1107 75 22 dertill
593 1110 34 19 att
642 1107 130 22 densamma
788 1107 98 28 ensidigt

132 1143 95 22 betonar
243 1143 43 22 och
300 1143 80 29 lägger
395 1143 168 29 hufvudvigten
578 1143 41 23 vid
635 1143 66 22 dessa
717 1143 108 28 dryckers
836 1150 48 14 rus-

131 1178 110 29 gifvande
266 1179 164 27 beskaffenhet,
456 1182 66 26 synts
545 1179 130 22 Utskottets
699 1178 75 23 flertal
796 1178 89 22 mindre

131 1214 102 29 lämplig,
254 1215 42 22 har
311 1215 131 22 densamma
458 1216 90 28 utbytts
563 1217 48 20 mot
626 1215 168 28 benämningen
811 1214 73 27 ,alko-

131 1250 127 29 holhaltiga
274 1251 117 29 drycker".
420 1251 12 22 I
447 1251 102 28 enlighet
564 1251 95 22 härmed
675 1250 68 23 hafva
759 1251 19 28 ej
796 1251 89 21 mindre

131 1287 175 28 förordningens
317 1287 78 22 rubrik
406 1290 29 19 än
446 1287 43 22 ock
500 1287 151 22 förevarande
660 1290 10 19 1
681 1287 14 29 $
705 1289 57 19 samt
772 1286 114 28 åtskilliga

131 1321 101 30 följande
248 1322 131 29 paragrafer
394 1323 8 22 i
417 1324 132 21 densamma
565 1323 134 22 förändrats.

203 1359 69 22 Hvad
297 1359 106 22 beträffar
425 1363 10 19 1
463 1366 68 15 mom.
558 1359 23 22 af
604 1359 75 22 denna
700 1357 108 30 paragraf
826 1360 60 19 samt

131 1395 29 21 de
176 1395 130 28 ändringar,
322 1395 79 22 hvilka
416 1395 49 22 deri
480 1395 117 28 vidtagits,
614 1395 35 21 får
661 1394 117 22 Utskottet
789 1393 96 23 hänvisa

131 1430 35 22 till
197 1430 60 22 hvad
284 1438 37 14 om
346 1430 211 28 motionsförslaget
580 1430 7 22 i
610 1430 88 29 princip
721 1429 71 23 redan
815 1430 70 21 ofvan

131 1466 141 22 framhållits.
303 1466 12 21 I
338 1466 70 29 öfrigt
433 1466 214 22 öfverensstämmer
672 1466 135 28 paragrafen
833 1464 52 22 med
