1114 1778
272 150 274 24 Petitionsbetänkande
561 150 45 24 N:o
622 152 19 21 1.
807 153 25 19 11

112 218 82 26 gärder,
216 224 45 14 som
278 218 74 26 tyckas
371 217 135 27 ädagalägga,
523 219 32 19 att
571 224 84 14 samma
670 218 194 26 uppfattningssätt

112 247 47 21 icke
174 248 34 20 för
223 247 131 21 närvarande
370 250 23 18 är
408 247 137 21 främmande
559 248 34 20 för
608 247 65 21 rikets
689 248 95 26 styrelse,
801 248 7 19 i
820 248 45 20 värt

112 277 52 21 land
180 277 109 27 uppväckt
305 277 86 20 känslor
406 278 22 19 af
443 277 188 21 tillfredsställelse
646 277 40 20 och
702 277 78 27 glädje.

184 307 11 21 I
211 308 38 20 sitt
263 306 149 27 underdäning
428 314 48 13 svar
492 307 22 20 af
532 307 42 20 den
586 307 27 21 27
625 308 44 26 maj
683 307 57 21 1899
751 307 114 20 tillkänna-

113 337 63 26 gäfvo
201 336 123 25 Ständerna,
348 338 37 23 att,
407 344 36 13 om
459 337 62 20 Hans
537 336 119 27 Kejserliga
671 337 102 26 Majestät
788 337 77 25 ansäge

113 373 27 14 en
156 367 92 20 särskild
262 367 91 25 ordning
368 367 34 20 för
417 366 129 26 stadgandet
561 366 21 21 af
598 367 33 20 för
645 366 165 27 Kejsaredömet
825 366 40 21 och

112 396 93 21 Finland
221 403 161 20 gemensamma
397 396 58 27 lagar
469 397 22 19 af
506 396 100 21 behofvet
617 396 116 27 päkalladt,
747 396 118 21 Ständerna

112 428 103 25 motsäge,
231 428 32 19 att
278 426 62 21 Hans
350 426 120 27 Kejserliga
481 426 100 27 Majestät
591 427 82 20 täcktes
684 426 33 21 för
727 425 138 27 iakttagande

112 456 23 21 af
150 456 172 27 grundlagsenlig
338 456 132 26 behandling
490 456 33 20 till
540 456 119 21 Ständerna
675 456 44 21 läta
734 456 132 21 öfverlemna

112 493 26 14 en
154 486 66 26 nädig
235 486 131 27 proposition
383 492 46 14 som
445 485 153 21 innehällande
614 486 79 26 förslag
707 486 34 20 till
752 486 67 21 sädan
830 487 34 18 än-

111 516 63 26 dring
190 516 22 21 af
230 517 46 19 värt
291 516 62 20 lands
369 516 135 26 grundlagar,
521 522 47 14 som
584 516 73 21 härför
673 516 104 20 befunnes
793 515 71 26 nödig.

114 545 49 21 Med
180 546 116 26 anledning
311 546 22 20 af
349 546 103 20 Senatens
465 546 34 20 för
509 545 93 21 Finland
613 545 119 21 sedermera
742 546 76 27 gjorda
828 552 36 13 un-

114 575 116 27 derdäniga
245 575 128 21 hemställan
387 575 39 21 har
435 576 106 27 Kejsaren
551 575 41 21 och
603 575 130 21 Storfursten
744 576 42 20 den
798 576 28 20 26
836 575 30 26 (3)

113 606 121 26 september
244 606 55 20 1902
308 605 70 21 täckts
388 605 58 26 gifva
458 606 93 20 Senaten
561 607 43 19 rätt
612 607 31 19 att
651 605 33 21 till
693 605 65 27 nädig
766 605 100 27 pröfning

112 635 98 21 inlämna
226 638 30 18 ett
271 635 128 27 detaljeradt
413 635 80 27 förslag
509 642 42 18 om,
568 635 74 21 hvilka
654 635 93 21 ärenden
757 635 62 21 skola
829 641 35 14 an-

113 672 32 14 ses
162 666 52 20 höra
230 666 32 20 till
278 666 65 20 rikets
361 665 111 20 allmänna
487 665 140 26 lagstiftning.
660 665 46 21 Och
722 672 90 14 numera
827 665 39 20 har

116 695 62 20 Hans
186 695 118 27 Kejserliga
312 695 100 27 Majestät
418 696 82 26 jämväl
509 695 50 20 med
567 695 157 26 godkännande
733 696 22 19 af
764 695 102 20 Senatens

113 724 145 28 underdäniga
268 725 84 26 förslag,
364 732 77 19 genom
452 725 71 20 beslut
534 725 22 20 af
567 725 41 20 den
613 720 12 36 1
642 724 97 21 sistlidne
750 725 116 20 november

112 754 70 21 tilsatt
206 762 26 13 en
255 755 22 20 af
300 755 64 26 ryska
387 755 39 20 och
442 754 72 21 finska
528 755 180 26 vetenskapsmän
724 756 142 19 sammansatt

114 785 115 20 kommitté
244 785 33 20 för
292 787 32 18 att
339 784 81 27 afgifva
435 786 31 19 ett
481 784 154 21 förberedande
651 784 111 21 utlåtande
778 791 34 13 om
825 783 41 21 den

113 813 101 22 inbördes
239 814 169 27 begränsningen
431 815 22 20 af
476 815 67 20 rikets
566 814 111 21 allmänna
699 814 40 21 och
762 813 104 21 Finlands

113 844 105 21 särskilda
234 844 140 27 lagstiftning.

186 874 95 21 Sålunda
304 875 38 19 har
366 874 63 20 alltså
449 874 75 27 frågan
539 881 36 13 om
592 873 192 21 ästadkommande
800 874 22 20 af
837 873 29 20 öf-

115 904 199 21 verensstämmelse
338 904 80 20 mellan
441 904 66 20 rikets
526 904 110 20 allmänna
651 904 40 20 och
708 903 102 21 Finlands
826 905 40 19 sär-

115 934 72 20 skilda
209 934 135 26 lagstiftning
367 933 73 22 väckts
462 935 27 25 pä
508 935 31 19 ett
555 935 48 23 sätt,
620 940 46 14 som
685 933 59 21 torde
760 934 58 26 gifva
834 939 32 20 ga

115 963 55 21 ranti
194 964 39 25 för,
258 966 32 18 att
305 964 67 26 bägge
387 963 114 21 ländernas
517 963 95 26 verkliga
627 963 92 21 fördelar
735 963 68 21 blifva
818 969 49 20 nog-

115 996 79 24 grannt
209 993 110 21 beaktade.
350 993 108 27 Underlag
473 994 34 20 för
522 993 81 21 arbetet
619 993 114 21 förefinnes
748 994 7 19 i
772 1000 26 13 en
809 994 59 19 snart

116 1023 154 27 sekelgammal
286 1024 120 20 erfarenhet
421 1030 36 14 om
474 1023 107 27 följderna
596 1024 23 19 af
634 1023 40 20 den
686 1023 180 27 själfständighet,

115 1060 46 13 som
186 1053 77 27 Kejsar
285 1053 123 21 Alexander
423 1053 17 25 I,
457 1052 110 27 välsignad
583 1053 7 20 i
607 1053 88 24 minnet,
716 1053 103 20 stadfäste
835 1053 33 19 för

116 1082 92 21 Finland
228 1084 39 20 och
284 1083 62 20 hvars
362 1082 152 21 bibehällande
529 1083 8 19 i
553 1083 123 21 hufvudsak
692 1082 127 21 oförändrad
838 1082 30 20 äf-

115 1118 41 14 ven
172 1113 34 24 dä,
223 1115 38 19 när
276 1120 43 20 nya
334 1113 149 20 förhällanden
500 1113 72 20 fordra
587 1112 148 27 förändringar
749 1113 8 19 i
770 1112 96 27 detaljer,

115 1142 103 21 Finlands
240 1142 114 28 inbyggare
378 1149 50 14 anse
451 1149 47 14 som
521 1144 31 19 ett
572 1142 68 21 vilkor
655 1142 33 20 för
703 1142 42 20 den
761 1142 107 21 enskildes

115 1172 40 21 och
172 1173 112 20 nationens
300 1173 96 26 välgäng.

187 1202 149 21 Händelserna
351 1202 69 20 under
435 1202 26 20 de
484 1204 83 18 senaste
583 1203 50 19 åren
649 1202 28 20 ha
691 1202 46 20 ledt
752 1202 33 20 till
801 1201 67 21 äsido-

113 1233 99 20 sättande
236 1233 22 20 af
282 1234 50 19 vära
354 1232 58 26 lagar
432 1233 64 19 äfven
512 1233 7 19 i
535 1232 45 25 fall,
605 1238 46 14 som
671 1232 47 20 icke
737 1232 69 20 direkt
821 1233 48 19 röra

114 1263 47 19 vårt
176 1262 62 21 lands
253 1262 135 20 förhållande
406 1262 34 20 till
461 1262 114 26 Ryssland.
607 1262 28 21 Sä
650 1262 46 20 vidt
712 1261 101 27 laglighet
828 1261 40 21 och

113 1298 27 14 en
166 1292 199 21 tillfredsställande
396 1292 93 26 ordning
520 1292 73 20 kunna
626 1292 160 20 åstadkommas
815 1291 53 21 däri-

113 1328 85 20 genom,
223 1324 31 18 att
277 1322 27 20 de
326 1322 22 20 af
371 1322 121 20 konflikten
517 1322 112 26 betingade
653 1321 145 27 stadgandena
815 1327 53 21 upp-

113 1352 83 24 häfvas,
221 1352 29 20 ha
272 1352 120 20 Ständerna
414 1351 126 27 obetingadt
560 1352 46 20 skäl
627 1353 32 19 att
679 1352 38 20 hos
737 1352 61 20 Hans
818 1350 51 27 Kej-

112 1381 76 27 serliga
213 1382 100 27 Majestät
336 1381 86 21 anhålla
442 1388 37 14 om
499 1382 61 20 deras
579 1381 162 27 uppväckande.
772 1381 51 20 Men
838 1382 32 18 ett

113 1412 136 26 ofördröjligt
277 1411 153 27 upphäfvande
455 1412 24 19 af
504 1411 160 26 ifrägavarande
692 1410 176 27 undantagsstad-

115 1441 85 25 ganden
216 1442 24 19 är
254 1440 55 21 dock
329 1441 47 20 icke
396 1440 125 27 tillräckligt
537 1441 33 20 för
587 1440 201 26 äteruppväckande
804 1440 23 20 af
842 1446 26 13 en

115 1470 168 21 förtörstansfull
302 1470 40 22 och
363 1471 51 25 lugn
431 1470 182 26 sinnesstämning
629 1470 38 20 hos
684 1471 45 20 värt
744 1469 52 21 folk.
829 1469 41 21 Det

184 1511 62 18 Särsk.
260 1510 52 19 Besv.
324 1511 48 18 utsk.
384 1512 33 17 bet.
430 1511 36 18 N:o
480 1512 15 17 1.
