1114 1773
318 142 247 23 Petitionsbetänkande
581 143 37 23 N:o
635 143 23 22 4.
804 146 28 20 59

109 208 36 20 den
160 208 63 20 första
238 208 108 20 tvärbanan
359 208 36 20 bör
410 208 67 20 därför
492 208 96 26 anläggas
603 209 22 19 så
640 211 29 17 att
685 209 36 19 den
731 209 32 19 för
773 210 37 18 den
825 210 37 18 all-

111 240 69 16 männa
196 236 84 20 trafiken
295 236 104 26 värkligen
414 239 111 17 motsvarar
540 237 137 25 fordringarna
692 238 25 24 på
727 244 23 12 en
759 238 103 19 tvärbana.

111 266 69 19 Tänka
202 266 20 19 vi
245 265 25 25 på
296 265 35 19 den
355 265 65 25 trafik,
440 272 41 13 som
499 266 42 19 från
558 266 117 20 Vasabanan
691 266 87 20 kommer
792 273 70 19 genom

110 294 125 26 Haapamäki
258 294 36 19 och
318 294 114 26 Jyväskylä
454 297 31 17 att
502 297 93 17 strömma
610 294 31 20 till
657 294 168 26 Savolaksbanan,
841 295 22 19 så

109 323 54 19 finna
186 323 20 19 vi
229 324 30 18 att
282 326 62 22 vägen
367 325 69 17 norrut
454 323 67 19 blefve
537 323 83 25 ungefär
634 323 43 20 lika
691 324 48 25 lång
753 330 70 19 genom
839 330 23 13 en

109 352 86 25 järnväg
210 351 239 26 Suolahti
314 347 10 34 —
334 351 115 26 Suonenjoki
465 358 40 13 som
521 358 70 19 genom
607 352 62 19 denna
677 351 185 26 Pieksämäkibana,

111 380 24 20 dä
151 380 87 20 däremot
260 382 64 23 vägen
342 380 79 20 söderut
436 387 70 18 genom
522 380 33 20 det
571 387 67 13 senare
654 380 126 20 alternativet
795 381 67 19 blefve

111 408 103 20 förkortad
229 408 43 20 med
288 408 26 20 55
331 408 109 22 kilometer.

179 437 31 20 På
232 437 63 26 grund
319 438 21 19 af
360 438 141 19 ofvanstäende
517 438 52 25 våga
583 438 20 19 vi
619 438 101 19 vördsamt
736 438 80 20 anhålla
832 445 30 13 om

111 466 130 20 Hedervärda
256 466 156 20 Bondeständets
426 467 122 19 medvärkan
563 467 38 25 till,

325 521 30 18 att
378 526 26 13 nu
426 520 124 25 församlade
574 521 88 19 Ständer
685 521 46 19 ville
751 521 35 19 hos
803 521 59 19 Hans

254 549 116 26 Kejserliga
384 550 100 24 Majestät
499 551 8 18 i
523 551 157 24 underdänighet
692 551 124 24 petitionera
832 557 30 13 om

254 579 99 26 byggande
376 580 25 25 af
414 587 24 12 en
450 580 90 25 järnväg
555 581 48 24 från
618 581 111 24 Jyväskylä
744 581 46 19 stad
806 581 56 24 längs

254 609 38 20 den
308 610 151 19 instrumentalt
474 610 121 20 undersökta
613 611 62 24 linjen
691 611 31 19 till
733 611 130 19 Pieksämäki

254 640 74 19 station
344 640 34 19 vid
393 640 165 20 Savolaksbanan
569 640 64 20 under
643 640 133 20 instundande
787 641 74 24 finans-

249 669 73 25 period
338 671 36 18 och
390 676 30 13 om
436 671 110 19 anvisande
562 671 25 24 af
594 670 72 25 härför
676 670 71 25 nödiga
754 671 108 24 penninge-

252 699 68 20 medel.

181 746 125 25 Helsingfors
321 747 36 19 den
376 747 25 20 23
418 747 101 20 december
539 747 59 20 1904.

217 798 23 23 T.
258 798 110 29 Nykänen.
603 800 23 22 K.
643 799 110 23 Ruhanen.

618 927 175 31 (Öfversättning.)

464 995 42 19 32.

265 1067 50 19 Till
334 1067 160 26 Högvördiga
512 1068 195 21 Prästeständet,

181 1143 63 20 Sedan
268 1144 33 18 vid
321 1150 23 12 en
367 1144 114 19 ekonomisk
505 1144 36 19 och
557 1144 136 19 instrumental
709 1144 153 25 undersökning,

109 1171 84 20 hvilken
209 1178 107 13 sommaren
336 1172 51 19 1903
402 1172 100 20 anstäldes
513 1172 12 20 &
535 1172 60 25 linjen
606 1172 172 26 Jyväskylä
732 1167 12 35 —
749 1167 33 35 St.
789 1172 73 20 Michel

111 1212 13 2 —
132 1200 96 26 Nyslott,
245 1207 22 13 en
284 1201 6 19 i
306 1201 62 19 denna
379 1201 89 25 riktning
477 1201 72 25 dragen
562 1201 242 25 sammanbindningsbana
814 1201 48 19 mel-

108 1228 32 20 lan
164 1229 156 19 österbottniska
343 1229 35 20 och
402 1230 195 19 savolaks-karelska
614 1230 134 25 järnvägarna
763 1229 99 20 befunnits

109 1257 89 20 särdeles
220 1258 121 25 fördelaktig
363 1258 43 20 icke
429 1258 70 19 endast
521 1258 30 20 för
574 1258 35 19 den
629 1258 120 20 vidsträckta
772 1258 90 20 landsdel

109 1286 153 26 ifrägavarande
275 1287 244 25 sammanbindningsbana
539 1287 76 19 komme
630 1290 29 16 att
674 1287 136 25 genomskära,
826 1286 36 20 och

108 1321 40 13 som
174 1315 62 19 denna
259 1315 77 19 förutan
360 1316 16 24 ej
400 1316 38 18 kan
454 1316 101 19 förkofras
571 1316 6 18 i
591 1316 115 24 jämnbredd
721 1316 43 19 med
779 1315 61 19 andra
856 1315 6 19 i

109 1343 91 20 afseende
216 1343 12 20 &
244 1344 215 19 kommunikationerna
475 1344 112 25 lyckligare
603 1344 74 20 lottade
685 1344 117 24 landsdelar,
816 1346 47 17 utan

108 1372 60 19 afven
191 1372 30 19 för
244 1372 45 20 hela
308 1372 76 20 landets
404 1373 65 24 trafik,
488 1373 32 19 fär
533 1374 42 24 jag,
588 1372 104 26 bifogande
708 1373 80 19 afskrift
804 1372 22 20 af
839 1379 23 13 en

108 1400 32 20 till
156 1400 116 26 Kejserliga
287 1400 84 20 Senaten
387 1404 78 17 senaste
481 1402 37 19 vär
532 1402 89 24 ingifven
637 1401 121 25 underdänig
769 1401 93 20 hemstäl-

107 1429 41 25 lan,
165 1430 42 19 däri
221 1429 115 25 Jyväskylä
351 1430 36 19 och
403 1429 29 20 St.
445 1430 84 20 Michels
541 1430 61 19 stads-
617 1433 50 16 samt
678 1430 95 24 Sulkava,
782 1430 80 24 Jockas,

108 1457 29 21 St.
163 1458 89 24 Michels,
273 1458 96 25 Kristina,
385 1459 83 19 Anttola
484 1458 36 20 och
537 1458 140 26 Kangasniemi
692 1458 172 20 landskommuner

181 1504 187 23 Järnvägsutskottets
380 1504 111 18 betänkande
503 1504 34 18 N:o
549 1505 18 17 2.
