1111 1770
233 143 26 17 28
464 142 217 19 Motionsbetänkande
694 143 37 18 N:o
743 143 17 18 1.

381 203 103 27 begärets
504 202 149 29 aflägsnande
669 203 50 22 frän
735 203 252 29 rusdryckshandterin-

380 245 49 21 gen,
446 239 36 22 och
498 238 73 28 derför
586 239 67 22 säsom
669 239 95 28 monopol
775 239 99 28 upplätas
883 239 23 22 ät
916 240 28 21 ett
953 237 35 28 för

367 297 2 2 .
380 275 182 28 dryckenskapens
577 275 156 22 motarbetande
748 275 78 22 bildadt
837 275 64 28 bolag,
913 274 75 23 hvilket

380 310 72 27 afstär
466 311 35 22 sin
516 311 56 22 vinst
587 311 33 22 till
635 311 165 29 allmännyttiga
817 310 106 23 ändamäl.

309 381 116 23 Utskottet
448 382 103 28 öfvergär
573 382 94 22 härmed
689 382 56 23 först
761 382 33 22 till
810 382 138 28 granskning
964 381 24 22 af

236 417 71 22 dessa
330 417 108 29 principer
461 418 41 22 och
518 418 167 28 framställning
701 418 24 22 af
740 419 34 21 sin
790 417 142 29 ståndpunkt
947 417 40 22 be-

235 452 115 22 träffande
373 453 121 27 desamma,
517 453 106 22 särskildt
643 454 51 21 med
710 454 89 28 hänsyn
816 454 34 22 till
866 453 38 22 det
918 453 68 22 först-

235 488 101 22 nämnda
351 488 151 29 lagförslaget.

308 596 32 22 De
365 596 60 22 olika
448 597 92 22 delarna
563 599 25 20 af
610 598 41 21 vär
670 597 232 28 aikohvilapstiftning
917 596 69 22 hafva

234 632 132 22 tillkommit
388 632 123 22 oberoende
534 633 25 22 af
580 633 129 22 hvarandra
731 634 40 21 och
793 634 29 28 pä
845 633 59 22 olika
924 632 61 22 tider.

234 668 82 22 Denna
338 668 143 28 lagstiftning
504 668 145 23 sönderfaller
672 670 73 21 säsom
762 669 87 22 bekant
871 669 8 21 i
902 668 83 22 förord-

235 703 112 29 ningarna
362 704 117 28 angående
495 705 94 22 bränvin
607 705 42 22 och
665 705 70 22 andra
753 705 87 22 brända
855 704 41 22 och
912 704 74 22 destil-

235 739 75 22 lerade
335 740 155 29 spritdrycker,
514 741 117 27 angäende
655 742 63 21 viner
740 741 41 22 och
802 740 71 23 andra
892 747 93 21 svagare

235 775 133 29 rusdrycker
391 777 60 21 samt
474 776 117 28 angäende
615 776 157 30 maltdrycker,
797 776 23 22 af
843 776 78 22 hvilka
943 776 42 22 den

234 810 159 23 förstnämnda
408 814 26 20 är
449 812 106 22 utfärdad
571 812 43 22 den
629 812 14 22 9
659 813 48 29 juni
725 813 63 27 1892,
805 812 43 22 den
862 812 70 22 andra
943 811 41 22 den

235 846 14 22 2
265 848 45 27 maj
330 847 55 22 1895
402 848 42 22 och
460 848 293 29 maltdrycksförordningen
770 848 43 22 den
830 848 14 22 2
855 848 54 29 april
922 848 63 26 1883,

234 882 7 21 i
268 882 93 22 hvilken
387 884 143 22 sistnämnda
555 884 102 29 partiella
682 884 155 27 förändringar
862 884 124 21 sedermera

235 917 111 28 vidtagits
362 918 43 23 den
422 919 14 22 9
451 920 47 28 juni
516 919 63 28 1892,
597 919 43 22 den
659 920 26 21 10
702 920 54 29 april
774 920 57 22 1895
848 919 40 22 och
904 919 43 22 den
957 919 29 22 24

234 954 89 28 januari
343 955 62 22 1902.
432 955 30 22 Af
472 955 67 22 dessa
549 957 25 20 är
584 955 156 29 förordningen
757 955 118 28 angäende
892 955 92 22 bränvin

235 989 44 22 den
305 990 185 29 fullständigaste
513 991 41 22 och
577 991 142 30 synnerligen
744 991 129 30 detaljerad,
900 991 86 22 hvilket

234 1025 77 22 härrör
333 1026 68 28 deraf,
426 1029 35 20 att
482 1027 121 22 bränvinet
619 1029 88 21 ansetts
723 1028 34 22 för
772 1027 43 23 den
831 1027 115 28 farligaste
963 1027 24 22 af

234 1061 69 22 dessa
319 1062 94 29 drycker
429 1063 40 22 och
486 1063 72 22 derför
573 1064 7 21 i
592 1063 67 28 högre
671 1063 54 29 grad
736 1065 29 20 än
777 1063 28 22 de
814 1063 71 28 öfriga
896 1063 90 29 päkalla

234 1097 155 28 lagstiftarens
406 1099 204 29 uppmärksamhet.
639 1099 50 22 Men
706 1101 30 28 pä
751 1107 88 14 samma
854 1101 60 26 gäng
930 1100 55 28 möj-

233 1133 99 28 ligheten
348 1135 35 21 att
400 1135 85 22 erhälla
500 1135 93 22 bränvin
603 1135 151 28 inskränktes,
767 1136 73 27 tilltog
850 1135 136 22 missbruket

234 1169 24 22 af
282 1169 72 28 öfriga
377 1170 177 29 alkoholhaltiga
576 1171 99 28 drycker,
701 1171 33 23 till
756 1171 79 22 hvilka
858 1171 127 22 åtkomsten

234 1207 62 20 ännu
313 1205 98 23 lemnats
427 1206 34 28 fri,
472 1207 91 22 hvarför
573 1207 142 28 lagstiftaren
727 1207 105 28 slutligen
843 1207 56 22 fann
910 1207 76 28 nödigt

234 1242 36 21 att
285 1241 85 28 reglera
389 1242 98 22 handeln
509 1243 67 22 äfven
596 1243 50 22 med
663 1243 55 22 dem.
748 1243 82 22 Denna
844 1243 142 28 lagstiftning

233 1277 43 21 har
299 1277 127 22 sedermera
448 1279 59 26 gång
530 1278 57 22 efter
609 1286 76 15 annan
707 1279 161 22 underkastats
884 1279 100 29 partiella

233 1312 163 29 förändringar,
413 1313 78 22 hvilka
508 1315 122 21 emellertid
645 1315 65 21 ländt
725 1315 34 21 till
774 1315 54 27 föga
842 1315 96 21 fromma
953 1315 34 21 för

233 1348 52 22 dess
301 1348 144 28 enhetlighet.

305 1384 9 22 I
330 1384 39 22 det
390 1385 126 28 lagförslag,
541 1393 46 15 som
609 1394 31 14 nu
659 1386 118 28 föreligger
792 1386 34 22 till
841 1386 143 28 granskning,

233 1420 73 22 hafva
322 1420 34 22 för
371 1420 72 23 första
459 1422 87 27 gången
562 1422 45 22 alla
623 1422 177 28 alkoholhaltiga
816 1422 93 30 drycker
924 1430 61 14 sam-
