1114 1775
278 160 73 23 Ständ.
368 160 44 22 Pet.
427 172 28 4 —
471 159 146 23 Petitionsbet.
634 159 35 22 N:o
685 159 22 22 3.
848 160 26 20 55

116 233 24 21 af
169 232 92 22 lektorn
285 232 125 28 Rosendal,
434 232 93 22 hvilket
549 230 60 23 hade
633 231 36 21 sin
687 230 61 30 plats
766 231 9 21 i
792 230 84 30 lyceet,

115 266 147 30 aflägsnades
280 266 111 22 därifrån.

186 301 82 29 Enligt
292 301 142 29 Förenings-
458 300 44 23 och
527 300 198 22 Säkerhetsakten
749 300 67 22 skola
840 300 35 22 sä-

115 335 62 22 dana
202 336 149 26 ämbetsmän,
378 343 48 14 som
445 336 22 28 ej
486 334 126 22 innehafva
629 337 103 19 tromans
750 334 126 29 värdighet

115 370 57 22 eller
199 372 56 27 taga
278 370 38 22 del
340 370 9 21 i
373 370 214 28 landtregeringen,
605 369 53 21 icke
675 371 58 19 utan
751 369 55 28 laga
823 376 51 14 ran-

115 404 102 30 sakning
241 405 43 21 och
302 404 54 22 dom
373 404 51 22 sina
444 404 108 22 ämbeten
570 404 122 28 förlustige
710 403 79 22 varda.
826 402 49 22 Och

115 439 76 29 enligt
218 438 184 30 prästerskapets
426 438 143 30 privilegier,
593 438 82 22 hvilka
693 438 46 22 alla
757 438 118 22 ordinarie

115 473 75 22 lärare
214 473 41 22 vid
274 473 264 22 elementarläroverken
556 473 99 29 ätnjuta,
674 472 67 22 skola
758 472 67 22 desse
842 472 33 22 lä-

114 515 52 15 rare
191 507 152 23 oförändradt
366 508 44 21 och
428 508 120 28 oförryckt
566 508 67 28 njuta
651 506 44 22 och
713 506 93 23 behälla
824 507 51 21 sina

115 542 129 28 välfängna
254 542 102 28 friheter,
368 542 139 22 donationer
517 542 44 22 och
571 542 146 28 förläningar
729 544 60 19 samt
802 540 73 23 andra

115 576 93 29 villkor,
235 576 136 29 lägenheter
397 577 45 22 och
467 576 116 23 ordinarie
608 576 129 28 underhäll,
762 576 24 22 af
812 575 62 23 hvad

115 619 71 14 namn
210 611 28 22 de
262 619 56 14 vara
336 612 74 28 mäge,
429 619 50 14 som
498 611 66 22 deras
583 611 106 22 ämbeten
708 610 101 23 tillhöra.
844 610 29 29 Ej

114 646 64 22 blott
201 646 92 21 lektorn
312 645 130 22 Rosendals
461 645 150 28 afskedande,
629 648 58 19 utan
705 645 44 22 ock
767 645 45 22 den
830 645 46 22 för-

117 680 102 29 ordning
228 681 70 28 jämte
306 680 137 29 förklaring,
452 681 8 21 i
466 680 54 22 stöd
526 680 83 22 hvaraf
618 679 154 23 afskedandet
782 679 94 28 skedde,

115 715 63 22 stred
202 715 63 28 förty
288 717 60 20 emot
366 715 118 29 grundlag
503 715 44 22 och
565 714 135 30 privilegier
718 713 53 23 med
788 713 87 30 grund-

115 750 51 28 lags
188 749 76 30 helgd.
302 749 131 22 Ständerna
451 749 80 22 kunna
549 749 52 22 icke
620 752 72 19 annat
708 749 65 21 finna
791 752 30 18 än
840 750 36 20 att

115 784 41 21 det
174 784 78 28 älegat
271 784 102 21 Senaten
391 786 36 20 att
445 784 124 22 framhälla
587 783 48 22 alla
653 783 67 22 dessa
733 783 142 28 omständig-

115 819 67 21 heter
199 819 37 21 för
252 818 74 22 Eders
344 819 135 28 Kejserliga
496 819 117 28 Majestät.

184 853 34 22 Pä
243 853 77 28 grund
344 853 23 22 af
392 853 149 28 angifvelser,
565 853 94 21 hvilkas
678 854 36 20 art
732 852 143 22 ätminstone

115 887 87 22 hittills
227 887 51 22 icke
304 887 79 22 blifvit
406 887 95 29 bekant,
527 887 74 22 erhöll
619 887 86 29 jämväl
723 887 93 21 lektorn
834 885 41 23 vid

114 922 94 22 Ekenäs
237 922 156 28 seminarium,
417 922 76 22 Frans
521 922 87 22 Mikael
631 921 99 28 Lindén,
754 921 8 21 i
780 920 53 22 stöd
851 920 24 22 af

114 956 152 22 förenämnda
284 956 137 29 förordning
440 957 25 21 af
483 956 45 22 den
547 957 13 21 2
581 956 60 29 april
662 956 71 28 1903,
752 962 37 15 om
805 954 69 22 hvars

114 991 154 29 fullständiga
304 990 156 30 oförenlighet
489 991 53 22 med
571 990 114 22 Finlands
715 989 161 29 rättsordning

115 1025 132 22 Ständerna
264 1026 8 21 i
291 1028 72 19 annat
381 1025 169 29 sammanhang
567 1025 88 22 uttalat
673 1025 42 29 sig,
729 1024 45 22 den
787 1024 30 21 27
832 1024 43 28 juli

116 1067 87 15 samma
222 1060 25 21 år
269 1060 129 29 befallning
416 1062 36 20 att
470 1060 79 22 lämna
567 1059 86 22 landet.
688 1059 61 22 Kort
767 1058 108 28 därefter,

115 1094 45 21 den
180 1094 31 22 26
231 1094 134 30 påföljande
384 1094 101 29 augusti,
503 1094 136 22 utfärdades
657 1101 29 15 en
703 1093 131 28 förklaring
852 1093 23 22 af

115 1128 74 29 sagda
213 1128 143 30 förordning,
380 1128 167 23 innehållande
570 1131 35 19 att
623 1131 68 19 stats-
709 1128 44 22 och
771 1127 104 22 kommu-

115 1163 55 22 nala
188 1164 148 28 tjänstemän,
354 1163 82 22 hvilka
454 1163 125 29 förbjudits
598 1165 35 20 att
651 1163 72 22 vistas
741 1162 9 22 i
765 1161 110 29 Finland,

115 1198 57 21 böra
185 1197 143 23 omedelbart
340 1198 131 29 entledigas
484 1198 52 22 från
548 1199 104 28 tjänsten
664 1198 9 21 i
685 1197 64 22 kraft
758 1197 23 22 af
790 1196 86 29 själfva

114 1232 159 29 utvisningen.
299 1233 105 22 Lektorn
421 1232 94 23 Lindén
531 1231 144 24 förklarades
687 1232 38 21 till
737 1231 57 29 följd
807 1231 68 22 häraf

115 1267 37 21 sin
172 1267 74 28 tjänst
263 1267 115 29 förlustig.

183 1301 219 22 Folkskoleläraren
425 1301 9 22 i
458 1301 119 22 Kexholm
601 1301 64 22 Juho
687 1300 95 23 Wainio
800 1300 49 23 blef
866 1300 9 21 i

115 1335 123 22 skrifvelse
256 1336 52 21 från
326 1336 102 29 Viborgs
446 1336 53 22 läns
517 1339 117 26 guvernör
651 1335 38 22 till
703 1334 172 29 Skolöfversty-

114 1371 75 20 relsen
215 1371 24 21 af
260 1370 44 22 den
326 1371 30 21 15
375 1371 60 28 april
456 1371 65 21 1903
541 1370 110 29 angifven
670 1369 36 22 för
723 1372 36 19 att
777 1369 45 22 den
842 1369 32 22 23

114 1404 194 29 nästföregående
326 1412 61 15 mars
405 1405 72 22 hafva
495 1405 70 22 hållit
582 1407 35 19 ett
634 1404 34 22 tal
685 1403 42 23 vid
739 1411 29 15 en
781 1403 95 22 demon-

113 1439 100 22 stration
232 1439 37 22 till
282 1443 40 18 ära
333 1439 36 22 för
382 1439 95 22 stadens
490 1439 62 22 förre
565 1439 166 28 borgmästare,
743 1439 132 28 hvarjämte
