1114 1773
232 159 30 21 20
375 159 83 22 Ständ.
474 159 54 22 Pet.
544 171 28 4 —
588 158 172 24 Petitionsbet.
776 158 43 23 N:o
836 159 20 22 7.

574 279 86 27 Utslag:

302 342 193 22 Rådstufvurätten
521 343 38 20 har
584 343 54 26 tagit
660 342 64 21 målet
746 343 7 20 i
774 341 158 28 öfvervägande
954 343 40 21 och

231 370 70 22 finner
317 371 73 22 utredt
404 377 56 20 vara,
477 373 31 20 att
526 371 119 22 svaranden
660 371 36 21 vid
711 370 87 28 angifna
812 371 82 21 tillfälle
909 371 7 21 i
931 371 63 27 afsigt

232 401 33 20 att
284 399 64 28 stjäla
370 399 98 28 tillägnat
490 400 33 27 sig
547 400 153 27 målsäganden
723 399 143 27 Rosenqvists
889 399 104 27 ifrågava-

232 429 68 20 rande
321 429 79 24 mössa,
424 435 47 15 som
494 429 121 21 sedermera
637 427 23 22 af
681 428 120 21 svaranden
820 427 97 23 återfåtts
932 428 62 21 och
982 423 16 35 i

232 457 80 21 Rätten
337 457 111 22 värderats
474 457 31 21 till
526 457 106 27 tjugufem
655 457 70 25 mark;
748 457 7 20 i
778 457 108 20 anseende
908 457 85 21 hvartill

232 485 196 22 Rådstufvurätten
452 485 88 28 pröfvar
562 486 92 25 rättvist,
669 486 7 21 i
689 485 49 22 stöd
755 484 23 22 af
792 486 26 26 88
836 486 10 20 1
863 485 39 22 och
918 486 13 21 8
946 486 47 27 kap.

232 514 28 21 28
277 513 135 28 Strafflagen,
428 515 39 21 och
483 515 48 21 med
545 514 138 22 förkastande
696 513 20 22 af
732 514 131 21 svarandens
874 516 46 19 mot
930 514 63 21 måls-

232 543 99 26 äganden
348 543 147 27 Rosenqvist
489 539 9 36 i
506 543 65 22 saken
586 543 126 21 framstälda
726 543 192 26 ansvarsyrkande,
931 543 63 21 döma

233 571 128 25 svaranden,
378 578 48 15 som
444 572 117 26 veterligen
577 572 17 27 ej
611 571 70 22 blifvit
696 571 138 22 härförinnan
849 571 7 21 i
872 571 57 22 detta
943 571 51 22 land

232 599 112 22 afstraftad
364 600 33 21 för
412 600 51 22 slikt
479 601 63 26 brott,
557 602 31 19 att
603 600 33 22 för
651 600 68 21 första
734 606 63 15 resan
814 601 56 20 stöld
884 601 67 20 hällas
967 607 26 14 en

232 628 79 21 månad
326 629 8 20 i
349 628 96 27 fängelse
468 631 55 20 samt
544 636 51 14 vara
617 629 169 26 medborgerligt
808 628 124 22 förtroende
951 628 41 22 för-

231 657 70 27 lustig
316 657 7 21 i
338 659 32 20 ett
384 658 24 20 år
423 657 83 22 utöfver
522 658 58 21 tiden
595 657 33 22 för
644 658 67 26 sagda
725 657 139 22 frihetsstraff
880 670 27 3 —
923 670 26 2 —
966 670 27 3 —

303 715 11 21 I
329 714 66 28 öfrigt
415 715 39 21 bör
476 716 117 20 svaranden
617 717 76 25 genast
707 714 95 28 fängslas
818 714 40 22 och
873 715 49 21 med
937 714 55 22 Råd-

233 742 158 23 stufvurättens
407 743 138 28 förpassning
560 744 101 21 insändas
677 744 31 21 till
724 743 153 27 länsfängelset
891 743 101 27 antingen

234 771 34 21 för
284 774 32 19 att
331 772 39 21 där
384 772 97 22 förvaras
496 773 42 21 tills
554 773 58 21 detta
629 772 71 27 utslag
715 772 77 21 vinner
807 772 48 26 laga
870 772 60 26 kraft,
942 772 51 21 eller

232 800 69 26 högre
316 802 48 25 rätt,
380 801 72 21 därest
468 802 118 20 svaranden
602 801 60 21 öfver
678 800 94 28 utslaget
787 800 60 22 anför
863 800 84 27 besvär,
958 806 34 16 om

233 828 81 22 honom
337 829 135 22 annorlunda
492 829 118 26 förordnar,
634 830 50 21 eller
700 829 44 27 ock,
760 830 8 20 i
783 829 101 21 händelse
907 835 86 15 svaran-

233 857 42 21 den
298 858 22 21 åt
342 858 94 26 utslaget
454 858 66 27 nöjes,
535 858 34 21 för
584 861 32 19 att
631 858 111 22 befordras
758 857 32 21 till
806 858 151 26 undergående
972 857 23 22 af

234 886 38 21 det
287 886 81 22 honom
383 887 91 22 ådömda
488 886 164 23 frihetsstraffet.

796 944 140 21 afkunnades.

304 973 140 21 Omedelbart
467 973 91 21 härefter
580 973 130 22 framträdde
733 972 206 27 Kollegiiassessorn
956 973 38 21 Jo-

232 1000 44 21 han
297 1001 120 27 Engelbert
435 1002 99 21 Melartin
550 1008 26 15 ur
591 1002 86 21 kretsen
693 1001 23 22 af
729 1002 26 21 de
771 1001 133 21 närvarande
919 1001 74 22 åhöra-

233 1035 53 15 rene
301 1030 41 21 och
357 1030 125 21 meddelade
497 1032 31 19 att
542 1030 42 21 han
599 1030 22 21 af
637 1031 68 20 länets
722 1031 107 25 guvernör
844 1030 99 27 mottagit
958 1030 35 21 be-

232 1057 92 28 fallning
339 1061 32 19 att
386 1058 110 22 förhindra
512 1060 131 20 svarandens
658 1059 133 27 fängslande,
807 1058 51 21 därå
873 1058 39 22 och
928 1059 66 21 sedan

232 1087 93 21 Rättens
346 1087 130 22 ordförande
497 1088 91 21 tillhållit
610 1087 96 22 Melartin
727 1087 54 22 hans
798 1087 144 27 otillständiga
957 1087 35 22 be-

232 1116 79 21 teende
333 1118 57 19 samt
408 1116 67 21 tillika
497 1117 101 20 anmodat
620 1117 26 20 de
668 1117 35 20 vid
726 1116 78 21 dörren
822 1116 87 21 stående
926 1117 68 20 stads-

233 1143 112 27 tjänarene
366 1146 31 20 att
420 1145 56 21 tillse
498 1145 36 21 det
555 1145 119 21 svaranden
698 1145 17 26 ej
740 1143 70 23 blefve
833 1145 6 20 i
863 1144 81 21 tillfälle
964 1146 32 20 att

233 1179 84 20 rymma
332 1173 49 21 från
398 1174 162 25 sessionssalen,
576 1173 98 22 Melartin
687 1174 67 26 jämte
771 1173 224 21 Poliskommissarien

232 1201 59 21 Juho
315 1202 154 27 Kaitokangas,
492 1209 47 14 som
556 1191 82 38 jämväl
661 1209 37 14 var
720 1201 112 26 tillstädes,
854 1201 94 22 störtade
964 1201 32 22 till

233 1229 43 21 den
299 1230 36 21 vid
358 1231 77 21 dörren
454 1231 88 21 stående
558 1231 125 23 svaranden,
700 1230 99 21 Melartin
816 1219 68 32 under
900 1232 96 25 utropet:

235 1265 63 14 »men
323 1259 53 21 Silin
398 1259 62 28 följer
483 1265 57 20 oss»,
563 1260 39 21 och
625 1260 79 21 rusade
724 1259 68 27 jämte
815 1259 119 21 svaranden
957 1259 40 21 och

234 1288 179 26 stadstjänarene,
437 1295 46 15 som
506 1288 94 22 försökte
616 1288 168 26 omhändertaga
800 1288 74 25 denne,
890 1289 56 19 samt
961 1288 36 20 nå-

234 1322 40 20 gra
296 1323 105 20 personer
422 1317 23 21 af
463 1317 141 21 allmänheten
620 1318 7 20 i
642 1323 27 15 en
690 1317 81 27 klunga
787 1322 76 21 genom
880 1316 76 21 dörren
973 1318 24 19 ut

233 1344 7 21 i
256 1344 134 27 förrummet,
413 1346 93 21 därifrån
528 1346 66 21 sedan
616 1346 78 21 hördes
717 1346 61 21 larm.
808 1344 60 22 Efter
884 1351 26 15 en
932 1345 65 21 stund

233 1374 96 20 anmälte
352 1374 172 26 stadstjänarene
545 1374 33 21 för
601 1374 77 21 Rätten
702 1376 31 19 att
752 1373 99 22 Melartin
868 1374 39 21 och
924 1373 74 22 Kaito-

232 1401 84 27 kangas
339 1403 50 21 med
412 1403 90 27 tillhjälp
518 1402 22 22 af
554 1403 104 21 särskilda
679 1402 181 28 poliskonstaplar
881 1402 49 21 med
950 1402 48 22 våld

232 1429 105 29 fråntagit
364 1432 49 20 dem
440 1432 118 21 svaranden
579 1432 39 21 och
642 1431 43 22 fört
710 1432 70 20 denne
806 1431 47 21 med
879 1431 33 27 sig
937 1431 61 29 bort;
