1111 1778
189 158 109 24 Ständer.
314 157 51 24 Pet.
381 171 28 3 —
426 157 270 24 Petitlonsbetänkande
712 159 45 22 N:o
773 159 19 22 1.
841 159 26 20 17

116 231 67 15 anses
206 224 62 27 höjdt
291 224 62 21 öfver
371 224 77 27 hvarje
464 223 82 27 tvifvel,
564 226 31 20 att
611 231 27 15 en
654 224 214 27 systemförändring

116 255 7 20 i
147 254 70 22 sådan
241 254 96 27 riktning
352 253 88 22 medför
456 254 36 21 det
508 257 56 18 mest
580 254 204 22 tillfiredsställande
801 254 66 22 resul-

116 286 38 24 tat,
171 290 36 15 om
223 283 42 22 den
282 284 51 21 sker
349 284 7 21 i
373 283 43 22 den
432 284 137 27 omfattning,
587 286 31 19 att
632 284 52 21 dess
695 283 104 22 ändamål
811 290 56 15 ome-

116 313 87 22 delbart
218 313 151 28 förverkligas,
389 313 116 22 hvaremot
521 316 30 19 ett
567 313 110 28 längsamt
692 313 175 28 tillvägagäende

117 344 38 21 vid
179 343 166 27 upphäfvandet
368 343 23 21 af
414 343 28 21 de
466 344 6 20 i
496 343 37 21 det
556 343 132 27 föregäende
712 343 155 25 omförmälda,

115 372 50 23 från
186 373 106 28 grundlag
316 373 119 21 afvikande
458 373 192 27 författningarna,
671 373 76 21 hvilka
762 373 50 21 icke
828 374 39 20 äro

116 404 35 21 för
174 403 173 27 medborgarene
370 403 115 27 rättsligen
509 403 147 27 förpliktande
680 403 43 21 och
739 403 76 21 därför
831 402 36 22 vid

115 433 36 21 sin
174 433 138 27 tillämpning
332 432 71 22 måste
419 433 119 21 framkalla
554 435 31 20 ett
600 432 132 27 berättigadt
748 432 118 26 motstånd,

115 463 73 22 skulle
211 465 54 19 utan
288 462 73 27 någon
384 463 157 21 motsvarande
563 463 72 21 fördel
658 463 102 26 förlänga
780 463 88 21 osäker-

115 493 67 22 heten
198 493 7 21 i
220 492 177 23 rättstillståndet
413 493 43 20 och
472 493 50 21 dess
538 493 121 28 tryckande
675 493 83 21 verkan
772 491 29 29 på
812 499 56 15 sam-

115 522 126 22 hällslifvet.
277 522 124 22 Ständerna
425 524 39 20 äro
485 523 42 21 ock
548 523 123 21 förvissade
688 523 83 25 därom,
789 524 31 20 att
836 529 31 15 re-

115 553 177 27 geringsmakten
314 553 51 26 sjelf
387 552 57 21 skall
460 552 74 22 erfara
550 559 28 15 en
593 553 171 26 utomordentlig
780 552 84 21 lättnad

116 583 7 21 i
147 583 147 27 fullgörandet
317 582 23 21 af
363 583 49 21 sina
437 583 110 27 uppgifter
567 583 43 21 och
625 584 56 20 röna
697 589 27 15 en
741 583 71 21 under
828 582 37 21 det

115 612 129 22 nuvarande
267 614 105 26 systemet
396 612 49 21 icke
470 613 74 26 möjlig
567 612 115 27 framgång
705 612 23 21 af
751 613 34 20 sin
804 612 61 21 verk-

116 643 91 25 samhet,
224 649 36 14 om
277 643 36 21 det
329 643 7 20 i
352 642 77 27 hvarje
446 642 38 21 fall
500 642 141 27 nödvändiga
657 644 69 25 steget
742 644 85 25 uttages
839 641 25 22 så

116 672 142 27 fullständigt,
281 674 30 19 att
330 672 80 21 folkets
427 672 127 22 förtroende
569 672 33 21 till
618 673 141 26 regeringens
775 671 91 28 afsigter

116 703 127 26 därigenom
260 702 137 21 omedelbart
412 703 80 21 varder
508 702 119 21 återväckt.

188 731 123 22 Ständerna
334 732 56 21 böra
413 732 49 21 icke
486 732 115 22 underlåta
622 734 31 19 att
673 731 58 22 fästa
747 732 118 27 uppmärk-

117 762 114 22 samheten
254 762 36 21 vid
312 762 37 21 det
367 761 146 26 förhållande,
531 764 31 19 att
578 762 27 21 de
621 762 81 26 nödiga
718 761 149 22 förutsättnin-

115 798 70 20 garna
193 791 34 21 för
235 794 30 19 ett
276 792 95 21 normalt
382 791 193 28 landtdagsarbete
584 792 35 20 för
626 792 139 21 närvarande
777 791 90 21 saknas.

116 822 96 21 Härmed
236 821 83 28 åsyftas
343 821 121 28 ingalunda
487 822 78 21 endast
589 822 43 21 den
655 822 71 26 bjerta
745 824 122 18 motsatsen

117 852 93 21 emellan
227 851 157 27 förordningen
400 852 23 20 af
440 852 42 21 den
498 852 13 20 2
529 851 55 28 april
601 851 57 22 1903
674 852 44 20 ooh
730 852 26 21 de
767 851 101 27 rättsliga

116 882 116 26 garantier,
257 881 50 23 med
327 882 74 20 hvilka
418 881 249 27 Landtdagsordningen
684 881 115 27 omgärdat
814 881 53 21 folk-

116 912 209 27 representationen,
338 914 52 18 utan
402 911 92 22 fastmer
504 912 51 21 hela
567 911 42 21 den
620 911 99 22 rådande
727 911 140 27 rubbningen

116 942 23 20 af
162 942 43 21 den
228 941 79 27 lagliga
328 941 129 27 ordningen.
490 941 47 21 Den
553 942 66 21 ofvan
635 942 61 26 gifna
712 941 155 22 framställnin-

116 978 41 20 gen
182 971 64 26 visar,
271 973 31 19 att
319 970 137 22 Ständernas
472 972 7 21 i
495 972 108 26 grundlag
619 971 105 27 stadgade
740 970 128 28 rättigheter

116 1001 149 27 systematiskt
281 1001 119 21 åsidosatts
418 1002 43 20 och
480 1001 173 21 konstitutionen
672 1000 94 22 sålunda
777 1000 90 22 faktiskt

116 1031 72 21 blifvit
206 1031 141 27 undergräfd.
379 1030 31 22 Sä
425 1031 64 27 länge
506 1033 31 19 ett
552 1031 79 22 sådant
646 1033 82 26 system
744 1031 49 21 icke
810 1030 57 22 frän-

115 1060 58 27 gåtts
188 1060 42 22 och
246 1061 127 27 regeringen
390 1060 49 22 icke
455 1067 80 21 genom
548 1061 105 26 handling
664 1060 117 27 ådagalagt
791 1061 33 26 sig
835 1066 32 15 er-

115 1091 75 21 känna
201 1089 135 23 Ständernas
347 1092 49 24 rätt,
408 1090 72 22 finnes
491 1091 7 20 i
509 1091 79 26 sjelfva
601 1091 75 21 verket
687 1091 35 21 för
733 1090 134 27 landtdagen

116 1121 65 26 ingen
205 1120 108 26 säkerhet,
338 1123 31 18 att
393 1120 51 21 dess
468 1121 79 25 beslut,
571 1127 52 15 vare
640 1121 33 26 sig
689 1121 7 20 i
712 1120 155 27 lagstiftnings-

117 1150 53 22 eller
192 1149 153 28 finansfrågor,
369 1150 57 21 skall
450 1151 145 21 tillerkännas
619 1151 43 20 den
686 1149 114 28 betydelse
817 1150 50 21 dem

116 1180 81 27 engligt
219 1180 108 27 grundlag
349 1180 141 21 tillkommer.
523 1180 46 22 Och
585 1180 36 22 det
637 1180 70 22 måste
723 1180 96 26 befaras,
836 1181 31 20 att

116 1209 132 28 återgången
264 1210 33 21 till
313 1213 30 19 ett
359 1210 177 21 konstitutionelt
552 1210 137 27 styrelsesätt
704 1210 79 21 endast
794 1209 72 22 skulle

117 1239 115 28 fördröjas,
256 1240 74 21 därest
353 1240 134 27 landtdagen
511 1240 102 21 lemnade
637 1240 37 21 det
695 1239 108 22 abnorma
825 1239 42 22 för-

116 1269 103 22 hållande
236 1269 126 27 obeaktadt,
378 1272 39 22 att,
434 1271 71 20 ehuru
522 1269 124 22 Ständerna
658 1269 79 22 kallats
749 1271 31 20 att
791 1269 76 22 utöfva

116 1300 49 21 sina
189 1300 193 27 grundlagsenliga
405 1300 134 27 rättigheter,
564 1306 27 16 en
608 1299 80 28 mängd
705 1299 161 27 författningar,

116 1336 48 15 som
191 1329 108 22 utfärdats
326 1331 50 20 med
403 1329 167 23 åsidosättande
596 1330 23 21 af
646 1329 145 28 landtdagens
817 1331 49 24 rätt,

117 1359 67 22 likväl
198 1359 163 30 upprätthållas
377 1360 42 21 och
435 1360 119 27 tillämpas.

207 1389 50 22 fven
281 1389 74 22 denna
378 1389 49 22 sida
451 1390 23 21 af
498 1389 36 22 det
557 1390 129 21 nuvarande
706 1389 100 26 sakläget
826 1389 41 21 bör

115 1419 98 26 beröras,
243 1419 29 21 då
301 1419 125 22 Ständerna
453 1419 33 21 till
517 1419 68 22 Eders
610 1419 121 27 Kejserliga
753 1419 114 26 Majestäts

115 1448 81 28 nådiga
219 1449 162 27 öfvervägande
406 1449 113 21 frambära
543 1449 36 22 det
605 1448 71 22 finska
703 1448 80 22 folkets
807 1450 60 20 stora
