1111 1778
243 155 25 18 60
472 154 218 19 Motionsbetänkande
704 155 36 18 N:o
753 154 16 18 1.

244 214 40 21 det
306 217 58 26 göra
382 215 34 20 ett
435 214 118 28 undantag
572 213 140 23 beträffande
728 214 90 21 absolut
834 213 98 26 alkohol,
949 221 49 14 som

245 250 51 21 icke
312 251 7 20 i
335 250 78 21 landet
428 250 117 22 tillverkas
561 257 53 14 men
629 251 36 20 för
684 252 84 26 många
783 250 64 22 såväl
863 249 135 29 vetenskap-

246 286 47 28 liga
309 293 49 14 som
374 285 141 22 industriella
534 285 104 22 ändamål
655 287 26 20 är
696 285 187 29 oundgängligen
897 285 101 22 nödvän-

245 321 46 28 dig.
323 321 34 22 På
372 323 38 20 det
426 324 32 19 att
473 321 9 22 i
497 323 76 20 senast
588 322 96 22 anförda
699 321 41 22 fall
755 321 113 22 missbruk
881 322 49 21 icke
941 328 57 22 upp-

246 357 73 26 stode,
343 357 42 22 har
408 358 126 28 stadgande
556 357 89 26 införts,
670 359 34 20 att
722 358 36 21 för
776 357 79 29 hvarje
875 359 62 26 gång
953 359 45 19 sär-

245 392 71 22 skildt
337 392 104 23 tillstånd
464 393 35 21 till
518 394 51 21 dess
588 393 120 22 införande
724 392 8 22 i
747 393 81 22 sådant
843 392 61 29 syfte
919 392 42 22 bör
976 391 26 23 af

246 430 101 21 Senaten
362 429 115 22 utverkas.

589 522 28 19 25
634 518 20 30 8.

319 572 13 22 I
356 572 108 22 afseende
488 575 12 19 å
523 572 203 29 bestämningarna
743 572 8 21 i
771 572 148 22 förevarande
935 578 65 21 para-

247 608 56 28 graf
323 610 40 20 ber
385 608 120 22 Utskottet
528 610 33 20 att
583 608 24 22 få
626 608 133 26 återhemta,
784 608 60 22 hvad
867 608 70 22 ofvan
960 614 40 14 an-

247 644 89 28 gående
360 644 28 21 de
412 644 76 22 alltför
510 644 130 22 restriktiva
662 644 156 29 stadgandena
834 644 8 21 i
857 644 142 22 motionsför-

247 680 75 29 slaget
345 680 71 22 redan
438 680 140 22 framhållits.
610 680 46 22 Det
674 680 42 22 har
732 680 134 28 visserligen
881 680 62 21 inom
958 678 42 22 Ut-

247 716 87 21 skottet
363 715 141 28 framhållits,
533 717 34 20 att
594 715 44 22 den
664 716 147 21 komraunala
833 715 167 22 förbudsrätten

247 753 77 20 säsom
340 752 179 29 komplettering
538 752 80 21 kräfde
638 753 33 20 ett
688 751 82 22 förbud
785 753 49 20 mot
849 750 151 23 försändande

247 787 27 22 af
288 788 179 29 alkoholhaltiga
484 788 96 29 drycker
595 788 35 21 till
646 788 116 27 kommun,
781 787 40 22 der
836 787 68 22 totalt
919 786 81 21 förbud

248 823 90 23 införts.
369 824 54 21 Men
450 824 129 23 Utskottets
604 824 75 22 flertal
704 824 43 22 har
769 824 58 21 dock
849 823 50 22 icke
914 823 87 21 kunnat

247 860 125 27 godkänna
395 868 29 14 en
448 861 70 21 sådan
541 860 150 29 bestämning,
715 859 60 23 helst
791 859 130 22 densamma
936 858 64 21 ledde

248 895 36 22 till
301 895 120 22 konflikter
436 896 52 22 med
504 896 161 22 företeelserna
681 896 8 21 i
704 896 39 21 det
758 895 103 28 verkliga
876 895 70 22 lifvet.
971 894 30 21 Så

247 931 70 29 länge
333 935 61 18 ännu
410 932 178 28 alkoholhaltiga
603 932 98 29 drycker
720 932 41 21 hos
778 938 37 15 oss
830 931 73 28 enligt
918 930 82 22 veder-

248 969 70 26 tagen
335 969 39 20 sed
390 968 94 21 allmänt
500 971 38 19 äro
554 968 6 21 i
576 968 65 26 bruk,
659 968 74 22 skulle
749 967 42 22 ock
806 967 78 28 dylika
897 966 104 28 stadgan-

249 1003 45 22 den
309 1003 109 22 förblifva
433 1011 29 14 en
479 1004 45 22 död
534 1003 97 27 bokstaf,
646 1011 50 14 som
706 1003 125 28 ingalunda
841 1003 73 22 skulle
925 1002 77 21 stärka

249 1039 79 28 lagens
352 1039 124 22 auktoritet
499 1040 42 22 och
563 1040 61 21 hålla
642 1040 83 22 folkets
740 1038 205 29 rättsuppfattning
961 1038 40 21 vid

248 1074 71 22 makt.
343 1074 53 22 Med
412 1076 132 28 anslutning
555 1075 34 21 till
600 1076 28 21 de
639 1075 150 29 synpunkter,
802 1074 77 22 hvilka
889 1074 7 22 i
907 1074 43 22 den
962 1074 38 21 det

249 1110 98 29 tidigare
362 1112 100 21 nämnda
478 1111 240 22 komitébetänkandet
735 1110 103 29 bifogade
853 1112 70 21 andra
932 1116 70 15 reser-

248 1147 111 22 vationen
382 1146 125 29 framlagts,
528 1148 40 21 har
587 1147 121 22 Utskottet
726 1146 58 22 efter
799 1147 141 27 omröstning
956 1145 45 22 for-

249 1183 98 22 mulerat
363 1183 72 28 begge
451 1186 129 19 momenten
595 1183 8 22 i
619 1183 152 22 förevarande
786 1182 109 29 paragraf
908 1182 8 21 i
927 1181 74 22 öfver-

249 1219 173 22 ensstämmelse
442 1219 52 22 med
514 1219 39 22 det
568 1219 33 22 uti
618 1219 71 28 sagda
704 1219 142 22 reservation
862 1217 140 22 framställda

249 1254 118 29 förslaget.

593 1347 28 19 26
638 1344 19 29 8.

322 1398 35 22 Ur
379 1398 207 28 motionsförslaget
606 1401 42 19 har
667 1400 37 20 det
722 1397 83 22 förbud
821 1399 47 20 mot
883 1396 119 22 införande

249 1433 28 21 af
298 1434 154 28 spritdrycker
475 1434 34 21 till
528 1433 126 29 Lappland,
672 1434 88 21 hvilket
776 1432 81 22 hittills
875 1432 61 22 varit
952 1432 51 28 gäl-

248 1468 75 28 lande,
345 1469 144 22 utelemnats.
520 1469 45 22 För
585 1476 29 14 en
634 1469 71 21 sådan
721 1468 81 28 åtgärd
817 1468 111 28 föreligga
946 1467 58 22 dock
