1111 1773
274 152 28 19 62
450 148 247 24 Petitionsbetänkande
713 148 37 23 N:o
767 149 23 22 4.

243 215 33 19 till
292 215 29 20 St.
338 214 72 21 Michel
427 221 43 13 man
486 215 50 20 hade
552 217 28 17 att
595 215 67 19 färdas
678 221 23 13 en
717 215 27 19 75
760 215 105 19 kilometer
880 215 67 24 längre
960 218 39 22 väg

244 246 24 17 än
284 244 58 25 längs
358 243 36 20 den
409 246 45 17 räta
464 243 62 26 linjen
538 243 28 20 St.
579 243 192 26 Michel—Nyslott,
779 243 83 20 hvilken
871 243 71 26 längre
951 247 48 22 väg-

244 272 80 20 sträcka
347 272 83 19 sålunda
449 272 84 19 förutom
556 272 159 25 besvärligheten
732 272 35 19 och
784 272 128 25 tidsutsträgt
934 272 65 19 skulle

244 301 88 19 medföra
348 301 58 19 äfven
419 303 64 17 större
500 301 105 19 kostnader
621 301 30 19 för
667 301 36 19 den
719 300 132 20 trafikerande
860 300 137 20 allmänheten.

314 329 59 20 Hvad
395 329 141 26 befolkningen
559 329 90 25 omkring
672 329 24 20 de
716 329 152 25 ifrågavarande
884 329 115 20 sträckorna

244 358 100 25 beträffar,
374 358 21 19 så
422 358 81 25 belöper
529 358 31 25 sig
585 358 140 25 folkmängden
750 358 32 19 vid
805 358 59 25 linjen
888 358 109 25 Nyslott
982 354 20 33 —

244 386 95 20 Jockas
325 382 22 34 --
350 386 28 20 St.
395 387 73 19 Michel
484 387 62 25 enligt
561 387 134 19 sakkännares
712 389 69 22 utsago
798 387 24 24 på
841 387 26 19 20
886 387 112 19 kilometers

246 415 59 20 bredd
329 416 12 19 &
360 415 50 20 hvar
426 415 29 19 sin
472 416 41 19 sida
529 421 30 14 om
575 415 63 19 banan
655 415 32 19 till
703 415 40 21 465
760 421 94 19 personer
870 422 23 19 pr
908 415 89 20 bankilo-

244 447 69 20 meter,
330 444 25 19 dä
371 444 87 19 däremot
473 445 52 18 inom
540 443 240 20 Pieksämäki-sträckans
794 444 136 19 motsvarande
946 443 52 20 bälte

244 473 26 19 bo
292 473 61 25 något
371 473 57 19 öfver
443 473 41 19 420
501 479 97 18 personer.
630 473 9 18 I
655 473 96 19 anseende
766 472 33 19 till
815 473 131 19 folktätheten
962 472 37 19 och

244 501 153 26 folkmängdens
416 501 81 19 tillväxt
512 501 42 20 står
569 501 100 25 omnejden
687 502 21 19 af
722 501 139 19 Jockasbanan
876 502 57 19 äfven
950 501 48 25 eljes

245 530 61 25 något
329 531 80 18 framom
432 530 102 19 trakterna
558 529 58 26 kring
642 530 235 20 Pieksämäki-sträokan.
909 530 9 19 I
938 530 61 24 öfrigt

244 561 23 16 är
282 561 30 16 att
328 559 74 24 märka,
418 561 30 17 att
463 565 30 13 om
508 565 43 13 man
564 558 35 19 vill
616 558 95 20 tillräkna
723 559 56 18 dessa
788 559 60 19 banor
858 561 62 17 större
928 558 69 19 trafik-

244 587 100 26 områden,
368 587 21 20 så
415 587 76 19 komme
514 587 55 20 dessa
585 587 66 19 bälten
667 590 29 17 att
711 587 83 20 omfatta
809 590 47 17 nära
872 595 38 18 nog
925 593 72 14 samma

245 616 121 24 kommuner,
390 618 54 17 utom
467 619 29 16 att
518 615 95 26 Sulkava,
629 622 24 13 en
669 616 32 19 del
716 615 21 20 af
752 615 102 25 Puumala,
870 615 30 21 St.
916 615 82 20 Michels

245 645 51 26 stad,
322 644 28 20 St.
374 644 83 20 Michels
480 644 155 23 landskommun,
655 645 82 18 Anttola
758 644 35 19 och
811 644 89 20 Kristina
916 645 83 18 socknar

245 673 77 20 komme
346 675 29 17 att
389 673 91 25 begagna
496 674 30 24 sig
541 673 21 19 af
576 673 83 19 trafiken
676 673 25 25 på
717 671 152 27 Jockas-linjen,
889 673 61 20 under
965 673 33 19 det

244 701 137 25 Pieksämäki,
404 701 88 26 Jäppilä,
516 709 23 12 en
562 701 32 20 del
616 702 23 19 af
661 702 121 24 Virtasalmi,
806 701 121 26 Leppävirta
947 704 51 17 samt

244 730 151 26 Kangaslampi,
411 730 79 19 hvilkas
506 731 146 24 sammanlagda
668 730 115 25 folkmängd
794 733 23 16 är
829 731 74 19 mindre
911 733 24 17 än
945 730 52 19 folk-

244 759 98 26 mängden
371 759 7 18 i
409 759 119 19 förstnämda
559 759 118 25 kommuner,
701 759 115 25 begagnade
843 759 154 20 Pieksämäki

245 788 154 26 Nyslottbanan.

316 816 122 20 Jordbruket
461 817 59 25 kring
540 816 99 20 hvardera
655 818 90 18 sträckan
762 816 41 20 står
818 817 62 25 enligt
895 818 36 18 vår
946 817 52 25 åsigt

245 846 26 24 på
294 845 84 25 ungefär
401 852 73 12 samma
496 845 133 25 ståndpunkt;
651 857 28 3 —
695 846 19 18 vi
731 845 66 19 kunna
812 848 48 22 säga
875 849 29 16 att
919 846 19 18 vi
955 845 42 20 med

246 874 64 20 hacka
334 874 35 20 och
390 874 46 25 plog
459 874 63 26 rödjat
545 880 39 19 upp
607 874 48 19 våra
677 875 78 19 marker
770 874 30 19 för
816 874 67 25 odling
898 874 35 20 och
949 880 48 19 upp-

245 903 77 26 mjukat
338 903 48 20 våra
401 903 60 19 åkrar
476 903 81 24 därhän,
573 906 29 16 att
618 903 23 19 de
657 904 6 18 i
679 904 48 19 våra
742 903 62 24 dagar
818 903 74 20 lämnat
904 903 94 20 brödföda

244 932 81 19 utöfver
340 932 44 19 vårt
400 934 45 23 eget
460 932 65 21 behof,
542 932 57 19 äfven
615 932 32 19 till
660 932 73 19 afsalu:
750 937 42 14 men
802 931 36 20 har
846 931 99 20 härintills
954 932 39 19 för-

244 961 103 24 yttringen
363 960 23 19 af
399 961 88 25 spanmål
504 961 35 19 och
555 967 63 12 annan
634 961 114 24 afkastning
764 960 43 19 från
821 961 75 24 jorden,
910 961 87 19 särdeles

244 989 116 20 sommartid
375 995 69 19 genom
460 992 99 23 transport
574 989 43 19 med
633 989 74 23 hästar,
723 989 52 19 varit
791 991 74 23 ytterst
876 990 52 19 svår.

316 1017 42 20 Vår
380 1017 151 26 boskapskötsel
557 1017 36 26 går
613 1018 75 25 jämväl
704 1018 77 19 framåt.
812 1017 25 20 Vi
854 1020 36 23 tro,
907 1020 28 17 att
951 1018 46 19 den-

245 1053 74 13 samma
344 1046 6 19 i
373 1047 125 24 omnejderna
519 1046 21 20 af
555 1046 97 20 hvardera
665 1046 236 26 järnvägssträckningen
918 1047 41 18 nått
974 1053 23 13 en

245 1075 93 20 afsevärd
362 1075 122 25 utveckling.
516 1075 99 20 Särskildt
637 1075 66 20 kunna
718 1075 20 20 vi
754 1077 108 22 omnämna,
878 1078 29 17 att
923 1078 75 17 ensamt

245 1104 6 19 i
268 1103 75 20 Jockas
367 1104 72 19 socken
461 1104 31 19 för
514 1104 121 19 närvarande
653 1104 62 19 finnas
732 1104 51 19 omk.
800 1103 26 20 35
844 1104 95 25 mejerier,
956 1111 41 12 som

245 1133 72 19 bereda
344 1136 53 16 smör
417 1133 31 19 för
470 1135 70 23 export
562 1132 30 19 till
613 1133 94 25 utlandet,
731 1135 50 17 samt
804 1135 30 17 att
856 1133 6 18 i
888 1133 109 25 garfverier

244 1161 53 20 inom
320 1162 36 18 vår
379 1161 91 20 kommun
490 1161 80 20 beredas
586 1161 107 25 djurhudar
708 1162 31 19 för
754 1161 62 20 omkr.
836 1161 88 25 100,000
940 1161 57 20 mark

244 1189 85 26 årligen.

315 1225 29 19 På
368 1225 28 18 tal
412 1231 30 12 om
458 1225 96 19 industrin
570 1225 66 19 kunna
651 1225 20 19 vi
687 1226 17 24 ej
721 1225 102 19 underlåta
840 1227 29 17 att
884 1225 112 25 framhålla,

246 1255 29 17 att
297 1253 143 25 befolkningen
462 1254 6 18 i
487 1253 151 26 ifrågavarande
654 1254 114 19 kommuner
783 1253 107 26 ådagalagt
905 1253 38 26 god
960 1253 36 20 fal-

244 1281 69 20 lenhet
328 1282 31 19 för
375 1281 109 26 handslöjd,
501 1282 35 19 och
552 1284 29 17 att
597 1282 110 19 densamma
723 1282 36 19 allt
775 1282 99 25 framgent
889 1282 52 20 skall
957 1282 39 19 för-

244 1310 59 20 kofra
318 1311 32 25 sig
366 1310 123 26 därutinnan,
505 1310 78 20 hvilket
599 1311 86 25 framgår
701 1311 62 24 däraf,
779 1313 30 17 att
822 1311 62 25 jämte
900 1311 32 20 det
943 1311 54 25 järn-

244 1341 65 23 vägen
332 1339 73 20 alstrar
428 1346 23 13 en
474 1342 62 17 större
558 1339 80 25 rörelse,
661 1339 37 20 den
721 1339 58 20 äfven
796 1340 19 19 åt
831 1339 166 20 industriidkaren

244 1367 76 20 medför
343 1367 37 20 allt
402 1370 63 17 större
489 1367 89 26 kunskap
601 1367 35 20 och
659 1367 123 26 skicklighet
804 1368 26 25 på
850 1369 54 19 olika
926 1368 71 25 yrkes-

245 1396 100 21 områden.

315 1431 36 19 Ett
366 1431 112 20 industrielt
493 1431 25 19 lif
531 1431 36 20 har
582 1437 38 19 nog
635 1431 91 26 uppstått
741 1431 37 19 här
789 1431 57 26 längs
859 1432 74 20 Jockas
943 1431 54 25 järn-

245 1460 107 26 vägslinje,
374 1460 62 20 ehurn
458 1460 45 20 icke
519 1460 84 26 mäktigt
617 1463 29 17 att
662 1460 124 20 konkurrera
801 1460 43 20 med
860 1461 33 19 det
908 1460 21 20 af
943 1466 53 19 gam-

317 1506 186 23 Järnvägsutskottets
516 1506 109 18 betänkande
638 1506 35 18 N:o
684 1508 17 16 2.
