1114 1775
248 143 347 23 Petitionsbetänkande
610 142 53 23 N:o
681 143 26 22 7.
824 144 28 21 27

103 210 173 26 dragonsoldat,
293 216 51 14 som
360 210 53 20 med
429 209 85 27 dragen
531 209 64 21 sabel
612 208 91 28 förbjöd
717 209 46 27 mig
774 212 33 18 att
818 210 34 20 in-

101 240 73 20 träda.
207 239 105 21 Härefter
334 239 135 21 meddelade
491 239 167 21 Stadsfiskalen
675 240 20 20 J.
711 239 25 21 A.
754 239 98 27 Karppi-

101 276 53 19 nen,
171 269 29 27 på
217 270 48 20 min
283 269 117 26 anhållan,
417 269 106 21 bemälde
540 269 208 27 officerspersoner,
765 271 33 19 att
813 269 40 27 jag

101 305 42 15 var
160 298 151 28 Stadsfogden
328 299 44 21 och
388 298 103 22 infunnit
508 298 45 27 mig
569 299 36 21 för
621 300 33 19 att
669 299 126 21 värkställa
806 299 45 20 den

101 329 25 20 af
148 329 48 27 mig
220 329 84 26 utlysta
321 328 134 26 auktionen,
472 335 53 14 men
543 328 72 21 erhöll
632 328 33 20 till
683 335 58 19 svar,
758 330 33 19 att
807 329 44 21 Gu-

101 360 114 20 vernören
233 358 111 27 förbjudit
355 358 52 21 dem
422 360 32 19 att
465 358 72 21 tillåta
549 359 47 26 mig
607 358 95 21 förrätta
713 358 70 26 sagda
795 359 57 20 auk-

100 388 49 21 tion
166 390 61 19 samt
243 388 127 21 hänvisade
386 388 34 21 till
436 394 28 14 en
481 389 14 20 å
511 388 84 21 dörren
612 388 45 20 fäst
673 388 138 27 kungörelse
829 388 25 20 af

101 418 150 21 Guvernören
276 418 6 20 i
306 418 109 27 Wibosgs
431 418 38 20 län
486 418 27 21 N.
531 418 149 27 Mjäsojädoff
693 424 50 14 som
760 418 44 21 här
819 418 32 20 af-

102 448 74 20 skrefs
193 448 137 26 sålydande:

398 508 153 26 Kungörelse:

172 562 52 20 Med
242 561 108 21 afseende
365 561 13 20 å
400 562 64 20 Hans
482 561 124 27 Kejserliga
624 560 117 28 Majestäts
757 562 44 20 den
822 562 28 20 26

100 591 128 22 December
257 592 55 21 1902
337 592 21 26 (8
381 591 96 21 Januari
501 590 64 28 1903)
582 590 98 22 Senaten
697 591 35 21 för
749 591 100 21 Finland

99 621 137 21 meddelade
253 621 125 26 befallning
395 623 32 18 att
443 621 92 27 vidtaga
552 621 79 27 åtgärd
645 627 38 14 om
695 621 28 20 de
739 622 111 20 ortodoxe

98 653 139 25 prästmäns,
255 651 79 20 hvilka
352 651 18 26 ej
391 653 39 18 äro
447 651 77 20 finska
540 651 143 26 undersåtar,
700 651 126 26 befriande,
843 651 7 20 i

98 681 102 27 enlighet
220 681 53 21 med
297 682 58 19 rätta
382 680 143 21 innebörden
557 681 25 20 af
610 681 13 20 3
650 687 70 14 mom
747 681 29 21 53
802 680 14 29 8
842 681 7 20 i

100 711 124 27 Kejserliga
240 711 164 26 förordningen
421 710 25 21 af
460 710 45 21 den
523 711 26 20 15
561 710 96 27 Augusti
675 711 63 26 1883,
750 710 51 21 från
816 717 32 14 er-

99 741 122 26 läggandet
244 747 28 14 ur
298 741 35 20 sin
350 740 39 21 lön
408 740 24 21 af
450 741 153 20 kommunala
615 740 120 27 utskylder
745 740 34 21 till
791 741 58 26 stad,

97 771 44 20 har
164 770 45 21 den
234 770 25 21 af
278 769 152 28 Stadsfogden
447 770 90 21 Gestrin
554 770 34 21 till
606 770 6 20 i
625 770 44 27 dag
681 770 98 21 klockan
799 771 24 20 11
841 771 7 20 i

97 800 78 21 denna
200 800 62 21 lokal
286 801 85 26 utlystä
396 800 127 21 auktionen
548 800 91 21 instälts
664 800 34 21 till
709 800 53 20 dess
778 801 71 26 högre

98 830 137 27 myndighet
260 830 147 21 annorlunda
428 830 129 21 förordnar.
589 829 193 22 Willmanstrand
804 830 44 21 den

99 861 26 19 12
143 859 112 22 Februari
274 860 61 21 1903.

209 890 148 20 Guvernören
374 889 7 21 i
398 889 108 27 Wiborgs
523 889 37 21 län
578 889 27 21 N.
623 889 152 27 Mjäsojädoff.

168 960 103 22 Sälunda
287 961 136 21 förhindrad
440 962 33 19 att
489 961 91 21 inträda
592 961 79 21 anhöll
680 961 39 27 jag
730 961 53 21 med
795 960 52 22 stöd

96 991 25 20 af
143 991 28 20 30
195 991 20 26 &:
240 991 13 20 3
270 991 52 27 kap.
341 990 210 28 Utsökningslagen
572 992 43 20 hos
639 990 162 22 stadsfiskalen
825 991 20 20 J.

95 1021 25 19 A.
138 1020 142 28 Karppinen,
301 1027 50 14 som
368 1020 7 20 i
392 1020 76 21 denna
485 1020 51 21 stad
553 1022 25 19 är
595 1020 54 21 chef
662 1021 35 20 för
713 1020 133 28 poliskären

95 1056 38 14 om
151 1050 177 27 handräckning
344 1050 36 20 för
396 1050 193 27 undanrödjande
606 1050 25 21 af
648 1050 134 21 förenämda
798 1050 52 20 utaf

95 1080 150 21 Guvernören
270 1080 7 20 i
292 1080 108 26 Wiborgs
417 1080 38 20 län
472 1080 129 27 lagstridigt
621 1080 108 26 vidtagna
746 1080 99 21 väldsät-

95 1110 89 26 gärder,
201 1116 54 14 men
266 1110 98 26 vägrade
376 1110 46 20 han
434 1111 33 19 att
481 1110 105 20 meddela
599 1110 176 26 handräckning
786 1112 61 18 samt

95 1140 108 26 upplyste
228 1146 38 14 om
290 1142 32 18 att
343 1140 158 26 Guvernören,
517 1146 51 14 som
583 1140 26 27 ju
626 1146 41 14 var
682 1140 79 26 högste
778 1139 67 27 polis-

95 1169 52 21 chet
171 1169 6 20 i
200 1170 63 20 länet
279 1170 43 21 och
339 1169 36 21 för
390 1169 99 22 tillfället
505 1169 102 21 vistades
623 1169 7 21 i
647 1169 80 21 staden
744 1169 101 28 uttryck-

95 1199 60 27 ligen
172 1199 112 27 förbjudit
300 1200 87 20 honom
404 1201 33 18 att
453 1200 78 20 lämna
548 1199 77 27 dylik;
642 1200 43 20 och
702 1205 41 15 var
755 1199 39 27 jag
810 1199 35 21 sä-

94 1229 73 20 lunda
184 1231 100 24 tvungen
302 1231 32 18 att
345 1229 79 20 lämna
435 1229 127 21 oförrättad
573 1229 77 21 denna
667 1229 12 21 ä
691 1229 46 26 mig
748 1229 97 20 ankom-

94 1258 86 21 mande
196 1259 171 27 tjänsteätgärd.

166 1288 43 21 Ort
225 1289 44 20 och
285 1289 33 20 tid
335 1295 50 14 som
403 1289 76 21 ofvan.

519 1319 59 20 Auk.
595 1319 20 20 J.
634 1319 25 20 E.
677 1318 95 21 Gestrin.

565 1366 142 27 Stadsfogde.

166 1502 58 19 Särsk,
237 1503 49 16 Besv.
299 1503 42 16 utsk.
354 1503 29 17 bet.
396 1503 36 17 N:o
443 1502 19 19 4.
