1114 1775
257 168 12 19 2
395 166 83 23 Ständ.
497 166 54 22 Pet.
568 179 27 3 —
610 166 174 23 Petitionsbet.
800 165 45 23 N:o
861 166 22 22 7.

257 237 154 30 olycksdigra
436 237 181 29 förhållanden,
646 238 73 22 hafva
743 237 129 23 framträdt
894 238 126 22 måhända

258 275 62 20 mest
348 272 90 30 tydliga
465 273 8 22 i
501 272 103 30 Viborgs
632 273 47 22 län.
718 272 56 23 Med
796 272 133 29 anledning
950 273 72 22 häraf

257 307 74 22 hafva
350 306 42 24 vid
410 307 168 23 innevarande
596 307 117 29 landtdag
731 307 8 22 i
758 307 111 28 samtliga
889 306 75 23 Stånd
983 307 36 22 in-

257 341 107 23 lämnats
390 341 211 30 petitionsförslag,
626 341 154 24 hänförande
804 342 35 28 sig
856 341 35 22 till
910 342 109 29 förebyg-

256 375 79 30 gande
354 376 26 23 af
396 375 30 24 de
444 376 194 23 administrativa
651 376 250 23 embetsmissbruken
919 377 8 21 i
945 376 73 29 sagda

255 411 48 22 län.
342 410 87 23 Denna
454 410 39 23 del
518 411 26 22 af
570 410 83 23 landet
672 410 54 23 stod
746 413 67 20 ännu
825 410 38 23 för
876 411 74 28 några
963 411 56 22 årti-

257 444 83 23 onden
364 445 76 22 sedan
464 446 8 21 i
496 445 66 23 såväl
587 445 92 29 andligt
702 452 54 15 som
780 445 155 22 ekonomiskt
959 445 60 22 afse-

256 479 63 23 ende
344 480 127 29 väsentligt
495 479 59 23 efter
578 479 40 23 det
642 479 76 30 öfriga
744 479 112 23 Finland.
894 479 124 23 Folkbild-

257 514 91 29 ningen
366 521 44 15 var
427 514 155 23 försummad
604 515 47 22 och
676 521 30 16 en
726 517 50 20 stor
795 514 39 22 del
852 514 27 22 af
894 514 122 29 allmogen

256 548 88 23 bestod
368 549 26 22 af
416 549 155 22 landbönder
598 549 14 22 å
637 549 31 22 de
686 548 154 28 vidsträckta,
860 549 49 22 ofta
928 555 30 16 en
976 549 40 22 hel

256 583 92 23 socken
362 583 150 23 omfattande
525 583 230 29 donationsgodsen.
786 583 106 29 Tryckta
904 583 26 23 af
940 583 76 30 fattig-

257 618 59 22 dom
335 618 48 22 och
402 618 132 29 okunniga,
552 618 70 23 stodo
642 618 30 22 de
691 619 7 21 i
718 617 123 24 beroende
852 613 30 39 af
896 619 52 21 sina
962 618 53 22 her-

256 659 53 15 rars
334 652 119 30 godtycke
478 654 62 21 samt
559 652 108 23 saknade
686 652 80 23 medel
786 652 46 23 och
850 652 110 29 förmåga
981 655 34 20 att

255 686 97 30 skydda
370 687 38 22 sin
426 689 52 21 rätt.
515 687 10 22 I
539 687 68 23 dessa
624 687 174 23 förhållanden
811 686 126 23 medförde
950 687 65 22 dock

255 721 312 29 landtdagsinstitutionens
592 721 212 30 återupplifvande
831 728 30 16 en
879 722 136 28 genomgri-

256 756 82 29 pande
365 756 149 29 förändring.
555 756 36 30 Ty
617 756 277 30 folkrepresentationen
924 756 90 22 fattade

255 791 84 22 såsom
364 798 31 15 en
420 791 97 29 mycket
535 791 74 29 viktig
627 791 93 30 uppgift
738 790 139 23 inlösandet
896 790 27 23 af
938 790 76 23 dona-

255 825 157 29 tionsgodsen
431 826 8 21 i
452 827 66 21 östra
535 825 106 23 Finland
654 826 48 22 och
714 825 182 23 återställandet
908 825 26 23 af
944 825 70 23 land-

255 859 143 24 böndernas
416 860 170 30 ursprungliga
604 859 141 30 äganderätt
764 859 36 23 till
819 859 29 22 de
868 860 25 22 af
904 859 56 23 dem
973 860 40 22 be-

254 893 113 24 brukade
380 895 156 22 hemmanen.
573 895 52 22 Och
638 895 71 22 äfven
728 901 42 16 om
784 894 63 23 detta
861 894 152 23 sistnämnda

255 929 20 28 ej
297 935 43 16 ens
359 931 67 20 ännu
444 929 8 22 i
472 929 46 22 alla
537 929 68 22 delar
622 929 27 23 af
664 929 66 23 länet
747 928 151 29 fullständigt
915 934 99 23 genom-

253 963 68 28 förts,
340 963 72 23 ledde
430 963 64 23 dock
513 963 47 23 den
578 963 105 23 sålunda
701 964 111 28 inslagna
834 965 75 27 vägen
928 963 36 22 till
983 970 31 15 en

253 997 147 30 förbättring
418 998 26 23 af
460 999 133 28 allmogens
618 998 182 28 lefnadsvilkor,
823 1005 53 15 som
896 1000 66 20 snart
981 998 34 22 vi-

255 1031 58 24 sade
332 1033 53 22 sina
404 1033 146 29 verkningar
568 1033 31 29 på
618 1033 47 22 alla
682 1032 126 23 områden.
845 1032 47 23 Om
906 1032 39 22 det
958 1032 56 23 eko-

254 1067 116 22 nomiska
395 1068 143 29 uppsvinget
561 1068 90 22 vittnar
670 1067 46 23 ock
735 1067 48 22 den
802 1066 211 29 omständigheten

254 1103 35 21 att
312 1101 114 23 karelska
444 1102 141 29 järnvägen,
605 1101 78 23 såvidt
702 1101 47 23 den
770 1104 27 20 är
816 1101 89 29 dragen
923 1107 90 23 genom

253 1136 105 29 Viborgs
383 1136 48 28 län,
456 1139 28 20 är
507 1143 30 16 en
562 1137 25 22 af
603 1136 95 23 landets
718 1138 62 21 mest
798 1135 109 23 rentabla
926 1136 87 27 banor,

254 1171 92 22 medan
366 1171 56 29 åter,
441 1171 66 23 hvad
524 1170 195 30 folkbildningen
739 1170 121 28 beträffar,
879 1170 65 23 länet
958 1171 9 21 i
980 1170 33 22 af-

254 1205 91 23 seende
373 1206 14 22 ä
410 1206 92 23 antalet
524 1206 136 22 folkskolor
685 1206 47 22 och
757 1205 197 22 elevfrekvensen
972 1204 42 24 vid

253 1240 72 22 dessa
344 1240 8 22 i
371 1240 154 23 förhällande
543 1240 36 22 till
597 1240 177 29 folkmängden
786 1239 50 23 kan
849 1240 115 22 hänföras
977 1239 37 23 till

253 1274 31 23 de
309 1275 55 22 bäst
389 1274 91 23 lottade
499 1274 73 23 länen
591 1277 64 20 samt
673 1274 153 23 beträffande
845 1274 89 22 antalet
953 1274 61 22 folk-

254 1309 120 23 bibliotek
392 1310 47 22 och
458 1309 92 23 boklän
568 1309 36 22 till
622 1309 48 23 och
688 1309 57 22 med
764 1309 94 28 intager
874 1315 30 15 en
917 1308 98 29 mycket

253 1344 163 29 framskjuten
435 1343 156 30 ständpunkt.
622 1344 54 22 Alla
688 1343 212 23 samhällsklasser
911 1342 103 30 bidrogo

253 1379 36 22 till
309 1379 93 22 arbetet
419 1379 39 22 för
475 1378 221 23 framätskridande
715 1379 47 22 och
782 1378 45 22 hos
840 1377 175 30 allmogeman-

254 1420 49 15 nen
328 1413 42 29 gaf
393 1412 48 23 den
466 1413 70 22 forna
554 1413 103 22 känslan
677 1413 25 22 af
719 1413 98 22 misstro
836 1413 52 21 mot
906 1411 48 23 den
973 1411 42 24 ad-

254 1448 163 22 ministrativa
441 1447 196 29 tjänstemannen
662 1448 157 28 smäningom
844 1447 56 22 vika
924 1447 38 22 för
980 1446 35 23 öf-
