1114 1775
260 144 347 22 Petitionsbetänkande
623 143 52 23 N:o
693 144 25 22 7.
836 144 28 21 53

115 416 160 24 Öfversättning.

115 448 92 19 Afskrift.

471 508 44 21 IX.

402 574 86 27 Utdrag
508 581 27 14 ur
552 574 169 27 Domkapitlets
738 574 6 21 i
762 574 103 27 Nyslotts

331 603 47 21 stift
395 605 117 26 protokoll
529 604 35 21 för
580 604 43 21 den
643 605 26 20 13
686 604 97 21 oktober
801 605 63 20 1904.

459 671 13 25 8
489 671 35 20 58.

189 719 8 20 I
215 718 175 27 kyrkoherdens
407 718 6 21 i
430 719 79 20 Mohla
522 718 216 27 kontraktsprosten
749 718 52 21 Jon.
815 718 49 27 Ing-

117 755 67 14 mans
201 748 209 21 embetsskrifvelse
426 747 25 21 af
460 748 44 21 den
517 749 27 20 30
557 748 130 27 september
700 749 56 19 1904
768 748 42 20 N:o
824 749 41 19 175

117 778 6 21 i
148 778 125 27 anledning
293 778 25 21 af
336 778 169 27 Domkapitlets
527 778 51 21 bref
592 778 25 20 af
630 778 45 20 den
694 779 25 19 12
736 778 131 27 september

119 809 56 20 1004
200 809 41 20 N:o
267 808 64 26 1983,
355 808 99 21 rörande
478 808 244 21 Guvernörsembetets
744 807 8 21 i
768 807 98 27 Viborgs

117 839 38 20 län
180 838 34 20 till
238 838 157 21 Prokuratorn
415 838 6 20 i
443 837 124 28 Kejserliga
592 837 97 21 Senaten
714 837 35 21 för
766 837 100 21 Finland

117 868 99 20 insända
233 867 159 26 meddelande,
409 874 37 14 om
464 869 33 18 att
518 867 2 21 i
537 868 79 20 Mohla
633 867 147 27 församlings
792 867 74 26 kyrka

117 898 19 27 ej
157 898 74 20 skulle
252 898 77 20 hällits
347 898 129 26 gudstjänst
500 898 5 20 ä
523 898 27 20 H.
568 898 25 20 K.
612 898 116 26 Majestäts
745 897 121 27 krönings-

119 928 44 27 dag
179 928 44 20 den
241 928 27 20 28
285 928 54 26 maj,
356 927 142 21 framhälles:

192 958 18 20 1.
228 960 33 18 att
276 957 153 27 vederbörligt
445 957 120 27 päbjudna
581 957 157 21 bönestunder
754 957 30 27 pä
800 957 26 20 H.
840 957 25 20 K.

119 987 117 27 Majestäts
257 988 44 20 och
322 988 45 20 den
383 988 59 26 höga
460 987 115 27 familjens
592 987 103 26 födelse-,
712 993 93 14 namns-
822 987 45 20 och

118 1017 72 21 andra
207 1017 215 27 bemärkelsedagar
438 1016 7 21 i
462 1017 177 27 församlingens
652 1017 73 27 kyrka
737 1017 74 20 under
822 1017 44 20 den

118 1047 40 25 tid,
183 1047 46 20 han
254 1047 106 21 innehaft
380 1046 253 28 kyrkoherdeembetet,
652 1046 150 27 regelbundet
818 1046 48 20 häl-

118 1076 37 21 lits
172 1077 72 25 alltid,
261 1076 29 21 dä
307 1077 6 20 i
329 1076 162 21 bönestunden
508 1076 136 27 deltagande
655 1076 211 27 församlingsmed-

118 1107 98 20 lemmar
231 1106 221 25 tillstädeskommit;

191 1138 38 24 att,
241 1136 29 21 dä
282 1136 158 21 erfarenheten
452 1136 66 26 visat,
530 1138 31 18 att
573 1136 39 20 vid
621 1136 54 20 flere
684 1136 25 20 af
716 1136 65 20 dessa
791 1136 76 20 tillfäl-

119 1166 36 21 len
180 1166 19 27 ej
224 1172 28 15 en
277 1166 58 21 enda
360 1166 102 21 infunnit
486 1166 41 27 sig,
547 1166 45 20 han
607 1166 107 27 vanligen
730 1165 137 28 föregäende

119 1196 88 27 söndag
223 1196 7 20 i
247 1196 90 27 kyrkan
355 1196 109 27 kungjort
481 1202 38 14 om
536 1196 82 25 saken;

190 1228 32 18 att
242 1225 70 22 första
329 1226 152 27 pingstdagen
500 1226 56 20 1904
573 1226 7 19 i
597 1226 89 27 kyrkan
704 1225 118 28 upplästes
839 1231 28 14 en

119 1256 144 26 kungörelse,
276 1255 84 21 hvaraf
372 1257 30 19 ett
415 1255 105 27 bestyrkt
535 1257 116 19 transumt
660 1255 88 27 ätföljer
763 1255 103 20 skrifvel-

118 1292 40 14 sen
175 1291 38 15 om
229 1287 32 19 att
273 1285 107 27 fredagen
392 1285 44 20 den
448 1286 27 19 27
488 1285 46 27 maj
547 1285 30 20 kl.
592 1286 26 19 12
630 1285 29 27 pä
670 1285 73 26 dagen
755 1285 73 20 hälles
839 1291 28 14 en

119 1315 132 20 bönestund
267 1315 7 20 i
291 1315 125 26 anledning
435 1315 22 20 af
478 1315 28 20 H.
524 1315 25 20 K.
568 1315 116 27 Majestäts
702 1315 166 26 kröningsdag;

190 1347 33 18 att
247 1345 44 20 den
309 1345 5 20 i
331 1345 70 26 nägot
424 1345 40 20 fall
486 1345 18 26 ej
526 1345 90 20 kunnat
632 1345 68 20 förbli
717 1344 99 26 ohällen,
833 1344 34 20 sä-

119 1381 51 14 som
195 1375 47 20 han
266 1375 52 20 hört
342 1375 25 20 af
388 1381 92 20 person,
505 1381 50 14 som
576 1374 54 27 själf
644 1381 40 14 var
700 1374 7 20 i
724 1374 98 27 kyrkan,
838 1374 30 20 dä

119 1405 47 20 han
191 1405 47 20 höll
261 1405 56 25 den;
338 1404 107 21 hvarföre
462 1404 142 27 angifvelsen
622 1405 24 20 är
662 1406 66 25 tagen
745 1411 27 13 ur
788 1403 80 23 luften,

119 1434 102 27 grundar
245 1434 34 27 sig
302 1434 29 27 pä
348 1441 27 14 en
392 1434 90 27 illvillig
498 1441 96 20 persons
611 1434 90 21 lömska
718 1433 90 28 uppgift
824 1433 43 21 och

118 1464 19 26 ej
155 1464 111 27 förtjänar
282 1470 63 14 mera
362 1463 106 21 afseende
485 1463 50 21 från
554 1464 65 25 hans,
637 1464 115 26 Ingmans,
769 1463 56 20 sida.

190 1505 58 17 Särsk,
261 1505 50 17 Besv.
323 1505 43 16 utsk.
380 1505 28 17 bet,
421 1505 35 17 N:o
468 1504 19 18 4.
