1114 1778
299 150 279 24 Petitionsbetänkande
594 150 45 24 N:o
655 151 23 22 1.

400 323 125 23 Särskilda
537 323 237 23 Besvärsutskottets
783 324 83 22 betän-

327 359 79 23 kande
429 359 44 23 N:o
488 359 14 22 1
518 359 9 22 i
543 359 135 28 anledning
693 359 28 22 af
733 359 131 30 petitions-

328 394 137 28 memorial,
481 401 52 17 som
549 395 9 22 i
574 395 118 27 samtliga
707 395 71 22 stånd
789 395 75 22 fram-

328 431 72 23 stälts
411 431 157 23 beträffande
579 430 115 28 ätgärder
704 430 40 23 för
754 431 48 22 den
812 431 52 27 lag-

328 467 50 28 liga
394 467 150 28 ordningens
560 467 175 22 äterställande
750 467 10 22 i
774 467 90 22 landet.

185 516 7 21 I
217 515 101 27 samtliga
340 515 64 22 ständ
420 515 68 21 hafva
504 515 118 21 inlemnats
639 515 225 26 petitionsmemorial,

113 546 76 21 hvilka
212 545 7 21 i
243 546 70 20 större
337 545 55 22 eller
413 545 86 21 mindre
523 545 132 26 omfattning
675 545 93 22 hänföra
784 545 33 27 sig
832 545 33 21 till

114 575 77 28 frägan
215 581 37 15 om
276 575 43 21 den
342 575 79 27 lagliga
438 575 134 26 ordningens
589 574 156 23 äterställande
761 576 7 20 i
784 575 81 21 landet.

113 605 50 22 Med
187 605 106 22 afseende
312 604 13 22 å
347 605 36 22 det
399 605 7 20 i
422 605 127 21 hufvudsak
565 605 243 21 öfverensstämmande
824 604 42 28 syf-

113 638 31 19 tet
159 636 42 21 har
216 635 105 21 utskottet
338 637 71 19 ansett
425 635 33 26 sig
473 634 55 22 böra
545 635 82 26 afgifva
643 637 31 19 ett
688 634 112 22 utlätande
812 635 7 20 i
830 641 36 14 an-

114 665 89 26 ledning
219 665 23 21 af
258 665 102 26 samtliga
376 665 27 21 de
417 665 227 26 petitionsmemorial,
656 665 75 20 hvilka
742 666 38 20 äro
792 663 74 22 säsom

115 695 84 27 bilagor
214 695 79 26 fogade
309 695 33 20 till
358 695 59 21 detta
433 694 147 22 betänkande.

187 724 32 22 Dä
232 724 125 22 Ständerna
368 730 36 20 nu,
416 724 173 21 hörsammande
601 724 61 21 Hans
673 724 121 26 Kejserliga
802 724 64 26 Maje-

115 756 55 19 stäts
191 753 82 28 nädiga
295 754 98 25 kallelse,
415 754 128 21 församlats
564 754 33 21 till
619 754 111 27 landtdag,
751 754 63 21 torde
831 754 37 21 det

115 783 138 22 omedelbart
264 784 35 21 för
311 784 49 21 dem
372 783 92 22 framstä
476 783 75 22 säsom
562 784 66 21 deras
639 783 91 22 främsta
740 783 42 22 och
790 783 78 22 oefter-

114 814 75 27 gifliga
203 813 53 27 pligt
269 816 30 19 att
310 814 33 21 till
355 814 61 21 Hans
428 813 122 27 Kejserliga
561 813 102 27 Majestät
677 813 3 21 i
693 813 175 27 underdänighet

114 844 113 21 frambära
239 849 27 15 en
279 843 174 22 oförbehällsam
462 843 164 27 framställning
634 850 36 14 om
680 843 26 21 de
716 844 30 20 uti
755 843 112 27 petitions-

114 873 144 22 memorialen
277 873 92 22 afsedda
381 873 107 21 abnorma
500 873 42 21 och
554 873 139 27 olycksdigra
705 873 161 25 förhällanden,

115 910 47 15 som
179 905 38 19 äro
235 903 6 20 i
259 903 75 21 landet
353 903 105 26 rädande,
476 905 58 19 samt
550 909 36 16 om
603 903 27 21 de
647 902 107 27 ätgärder,
771 909 48 15 som
836 909 30 15 er-

113 933 88 22 fordras
218 933 35 21 för
269 935 32 19 att
316 933 42 22 här
373 933 48 21 äter
436 935 106 24 upprätta
558 933 100 26 ordning,
675 933 51 27 lugn
743 933 41 22 och
795 933 71 27 lycka.

186 963 7 21 I
211 963 26 20 de
249 963 139 27 grundlagar,
400 969 48 15 som
459 969 80 20 genom
553 963 79 26 Kejsar
642 962 126 22 Alexander
778 962 28 21 I:s
817 963 51 26 hög-

114 993 77 27 tidliga
214 993 117 21 försäkran
357 993 23 21 af
396 993 42 21 den
456 991 47 28 16/27
521 999 59 15 mars
599 992 57 22 1809
672 993 148 21 stadfästades
837 995 31 18 att

113 1023 59 26 gälla
188 1023 7 20 i
211 1022 213 22 Storfurstendömet
440 1022 94 21 Finland
551 1022 71 21 under
638 1023 51 20 dess
705 1023 101 26 förening
817 1023 50 20 med

114 1052 155 26 Kejsardömet
285 1052 117 28 Ryssland,
419 1054 25 19 är
461 1054 67 20 sättet
543 1053 35 21 för
594 1052 42 21 den
653 1052 140 27 lagstiftande
809 1052 58 21 mak-

114 1084 49 19 tens
180 1081 101 27 utöfning
297 1082 117 21 faststäldt.
447 1082 8 20 I
476 1082 30 22 40
522 1082 42 21 och
580 1082 27 20 41
625 1081 31 29 SS
671 1082 23 20 af
711 1082 55 21 1772
783 1081 37 21 års
836 1088 31 15 re-

114 1111 145 27 geringsform
276 1112 96 26 stadgas,
382 1114 32 19 att
430 1112 65 26 ingen
512 1119 29 21 ny
557 1112 36 26 lag
608 1112 44 20 kan
663 1112 71 21 stiftas
746 1111 54 22 eller
810 1118 58 20 gam-

115 1142 44 21 mal
176 1142 35 26 lag
235 1142 126 26 upphäfvas
383 1143 53 20 utan
452 1142 134 21 Monarkens
602 1141 42 21 och
661 1141 135 22 Ständernas
813 1147 55 15 sam-

115 1172 192 21 manstämmande
331 1171 79 26 beslut,
434 1171 101 22 härifrän
554 1171 57 21 dock
627 1172 143 26 undantagna
785 1171 83 21 förord-

115 1202 78 26 ningar
209 1202 96 20 rörande
321 1202 43 20 den
381 1201 114 22 allmänna
511 1200 171 28 hushällningen
699 1202 41 20 och
751 1201 71 21 andra
833 1201 36 21 ad-

115 1231 148 21 ministrativa
279 1232 87 25 ämnen,
379 1231 35 21 för
424 1231 88 21 hvilkas
524 1231 133 21 utfärdande
666 1231 135 22 Ständernas
810 1230 59 22 med-

115 1261 84 21 värkan
215 1261 48 21 icke
280 1261 119 21 erfordras.
421 1261 251 27 Landtdagsordningen
683 1261 22 21 af
716 1261 42 21 den
772 1260 28 22 15
812 1260 56 27 april

117 1290 56 22 1869
195 1290 41 21 har
259 1291 48 21 icke
331 1291 80 21 ändrat
434 1290 68 28 nägot
525 1292 6 20 i
548 1290 62 27 fräga
626 1297 36 15 om
679 1290 131 22 Monarkens
826 1290 43 22 och

115 1320 138 22 Ständernas
276 1321 128 27 rättigheter
424 1321 51 21 med
495 1321 90 27 hänsigt
599 1320 34 22 till
649 1321 170 27 lagstiftningen,
836 1320 33 21 sä-

115 1351 59 21 dana
193 1350 66 21 dessa
275 1352 39 20 äro
331 1350 116 22 bestämda
463 1357 80 20 genom
560 1351 27 21 de
598 1350 62 22 äldre
671 1351 163 26 grundlagarna
846 1350 24 21 af

117 1380 56 21 1772
197 1380 42 21 och
264 1380 63 26 1789,
349 1381 33 21 till
398 1380 76 22 hvilka
489 1381 42 21 ock
548 1381 6 21 i
571 1380 239 27 landtdagsordningen
827 1380 42 21 och

116 1410 42 21 den
185 1409 81 28 nådiga
292 1410 157 21 stadfästelsen
478 1411 22 20 af
523 1411 130 20 densamma
674 1410 110 21 hänvisas.
817 1409 52 22 Sist-

115 1439 97 21 nämnda
236 1440 109 26 grundlag
363 1440 41 21 har
424 1440 7 20 i
447 1439 63 27 fräga
527 1446 35 15 om
579 1440 100 20 vilkoren
695 1440 34 21 för
745 1439 124 22 ästadkom-

115 1470 80 21 mande
219 1469 23 21 af
258 1469 61 27 giltig
340 1470 36 26 lag
392 1469 79 21 endast
487 1469 189 27 förfullständigat
692 1470 26 20 de
734 1469 62 22 äldre
812 1468 57 22 stad-

187 1510 62 18 Särsk.
263 1510 53 18 Besv,
328 1511 47 18 utsk.
388 1510 33 18 bet.
434 1510 35 18 N:o
483 1512 15 17 1.
