1111 1775
286 154 29 20 44
462 151 244 23 Petitionsbetänkande
724 150 36 24 N:o
777 151 21 23 3.

255 216 172 23 tarläroverket
442 217 8 22 i
466 216 112 27 Joensuu,
596 216 70 23 hafva
684 218 34 21 ett
734 216 53 22 fullt
803 216 109 23 timantal
928 217 7 21 i
948 216 58 22 riks-

257 252 118 29 språket".

330 288 105 23 Emedan
451 288 247 23 öfverensstämmelse
715 288 92 22 således
824 288 52 23 icke
892 288 114 29 uppnåtts

258 324 86 22 mellan
369 325 15 21 t.
406 323 15 23 f.
444 323 246 29 Generalguvernören
712 323 43 24 och
776 323 109 28 Senaten,
906 323 98 23 tillsatte

257 359 104 23 Senaten
384 359 44 23 den
451 363 12 19 6
484 359 96 24 oktober
598 363 55 19 1903
670 361 35 21 ett
721 359 98 27 utskott,
835 359 129 24 bestående
983 359 23 23 af

257 397 152 21 senatorerne
426 395 94 28 Genetz,
537 395 109 29 Eneberg
657 396 44 22 och
711 395 125 29 Bergbom,
848 395 36 23 för
895 395 110 23 ärendets

256 432 138 28 ytterligare
413 431 139 30 beredning.
587 432 52 22 Men
662 431 30 23 då
714 431 65 23 detta
801 431 102 23 utskotts
925 431 81 22 betän-

257 467 79 23 kande
361 467 45 23 den
430 471 28 19 29
482 467 97 23 oktober
595 474 18 15 s.
630 467 19 22 ä.
667 467 90 29 förelåg
780 467 36 22 till
837 467 143 29 behandling
1000 467 7 22 i

257 503 110 27 Senaten,
396 503 56 23 fann
481 503 254 29 Generalguvernören,
763 509 50 16 som
842 503 40 23 vid
905 503 102 23 tillfället

256 539 157 29 presiderade,
435 539 82 29 nödigt
534 540 33 21 att
588 539 47 22 låta
651 539 85 30 frågan
752 539 107 29 undergå
877 539 130 29 beredning

257 576 7 22 i
281 576 34 22 ett
337 576 51 28 nytt
407 575 97 27 utskott,
521 575 34 23 till
571 575 71 23 hvars
658 575 129 23 ledamöter
803 575 47 23 han
866 574 139 24 förordnade

257 611 177 28 geheimerådet
450 611 119 27 Deutrich,
585 613 111 21 senatorn
708 611 88 23 Genetz
808 612 44 22 och
863 610 142 24 öfverdirek-

257 649 65 21 tören
347 647 52 22 frih.
424 647 195 29 Yrjö-Koskinen.
651 647 71 23 Detta
746 647 149 23 sistnämnda
917 647 91 22 utskott

257 684 56 28 gick
330 690 29 16 en
377 683 124 29 medelväg
518 683 86 23 mellan
621 684 14 21 t.
652 683 15 23 f.
685 683 261 29 Generalguvernörens
964 682 44 23 och

257 718 115 23 Senatens
389 719 94 29 förslag.
516 718 103 24 Sälunda
635 720 75 28 ansäg
726 718 123 28 utskottet,
866 720 34 22 att
917 718 27 22 de
961 725 46 22 nya

257 755 217 29 lektionsplanerna
496 754 71 24 borde
583 755 145 23 omedelbart
743 754 119 30 tillämpas
879 754 40 23 vid
935 757 71 19 samt-

256 791 50 29 liga
329 791 77 29 lyceer
429 792 30 28 pä
483 791 30 22 kl.
530 790 9 23 I
555 791 42 22 och
615 791 19 22 II
651 792 63 22 samt
730 792 35 21 att
780 790 202 28 undervisningen
999 791 7 21 i

257 827 114 29 grekiska
395 827 29 29 pä
444 827 31 22 kl
492 827 21 22 V
529 828 7 21 i
552 826 27 23 de
595 826 119 24 klassiska
730 826 109 29 lyceerna
855 826 79 23 skulle
951 832 55 23 upp-

257 862 64 23 höra.
354 862 177 23 Anskaffandet
555 862 23 22 af
601 869 46 22 nya
670 862 75 23 lärare
766 862 42 22 och
824 862 131 23 lärarinnor
972 861 36 23 för

257 897 247 28 timundervisningen
520 899 7 22 i
544 898 71 29 ryska
631 898 29 29 pä
676 898 29 23 de
722 899 65 27 lägre
801 898 122 22 klasserna
937 897 69 22 borde

257 934 75 29 enligt
348 934 128 23 utskottets
492 934 71 23 tanke
582 934 65 27 ,icke
665 935 81 22 kunna
757 934 62 22 stöta
829 933 30 30 pä
870 933 138 30 synnerliga

257 970 148 29 svärigheter
424 971 7 21 i
448 969 115 24 anseende
579 970 34 22 till
629 970 88 29 nädiga
733 969 168 30 förordningen
922 969 23 22 af
962 969 43 22 den

259 1009 10 18 7
293 1006 124 22 december
434 1009 64 24 1891,
514 1007 8 21 i
537 1005 64 23 kraft
616 1006 84 22 hvaraf
716 1005 35 24 till
766 1005 241 28 lärarebefattningar

257 1041 36 23 för
317 1041 72 30 ryska
413 1042 97 29 spräket
533 1042 80 22 kunna
637 1042 75 23 kallas
733 1043 20 28 ej
772 1041 59 23 blott
847 1041 85 27 finnar,
952 1042 55 21 utan

257 1077 45 23 ock
319 1077 135 30 infödingar
470 1077 52 23 från
538 1077 39 23 det
594 1078 120 29 egentliga
730 1077 137 29 Ryssland.*
896 1070 20 29 Ä
932 1077 74 22 andra

257 1113 69 23 sidan
351 1114 75 28 ansäg
449 1114 120 26 utskottet,
587 1115 34 21 att
644 1113 202 29 undervisningen
866 1114 7 21 i
893 1113 115 29 grekiska

257 1149 72 23 borde
345 1149 120 29 förläggas
482 1150 33 22 till
533 1149 27 22 de
577 1150 77 29 bägge
666 1149 207 29 normallyceerna,
885 1155 54 16 men
954 1149 53 22 icke

257 1185 76 23 blifva
357 1185 159 29 obligatorisk,
538 1186 57 22 utan
615 1186 69 22 borde
701 1185 40 23 vid
756 1185 200 29 normallyceerna
983 1192 23 15 n-

257 1223 76 21 rättas
350 1222 247 28 parallelafdelningar
613 1222 29 28 pä
658 1222 31 22 kl.
702 1221 111 23 VI—VIII
824 1221 35 22 för
871 1220 136 24 meddelan-

257 1257 41 23 det
315 1258 24 22 af
355 1257 170 29 undervisning
541 1258 7 21 i
564 1257 117 29 grekiska.
710 1276 4 8 ,
716 1257 77 28 Valet
804 1257 25 23 af
840 1257 81 22 hvilka
932 1256 74 23 andra

257 1293 79 29 lyceer
351 1300 51 16 som
419 1293 61 23 helst
496 1293 75 23 skulle
587 1294 81 22 utöfva
685 1300 28 16 en
731 1294 7 21 i
750 1293 83 29 högsta
845 1293 58 29 grad
914 1292 94 29 skadlig

257 1330 116 22 inverkan
388 1330 19 28 ej
423 1329 58 23 blott
492 1330 29 28 pä
531 1330 151 28 lyceisternas
694 1328 154 24 inhämtande
861 1328 23 23 af
895 1328 113 30 grekiska

258 1390 95 18 ortodoxa
370 1389 111 18 bekännare
495 1390 33 17 äro
541 1389 27 17 tili
580 1390 124 17 nationalitet
718 1389 35 18 och
767 1389 59 22 spräk
838 1389 69 17 finnar.
933 1388 7 18 1
953 1388 56 18 Joen-

257 1424 37 13 suu
314 1420 64 17 finnas
397 1419 50 18 blott
462 1420 10 16 4
486 1420 35 17 och
534 1420 6 17 i
554 1419 79 18 Libelits
646 1420 23 16 54
683 1424 91 18 personer
787 1419 42 17 med
842 1419 60 22 ryska
915 1423 41 13 som
970 1423 39 13 mo-

257 1449 94 22 dersmäl;
369 1450 7 17 i
389 1449 45 18 hela
446 1454 58 13 norra
517 1450 80 17 Karelen
609 1450 65 17 finnas
688 1450 16 22 ej
719 1449 46 18 flere
779 1449 24 17 än
818 1449 33 17 168
864 1448 144 23 ryskatalande.

258 1479 49 22 (Enl.
321 1479 114 18 Statistiska
448 1479 148 22 Centralbyräns
609 1479 97 22 uppgifter
718 1478 30 19 för
761 1478 22 18 är
797 1478 60 23 1900).

329 1521 100 17 Allmänna
442 1521 181 18 Petitionsutskottets
636 1521 110 18 betänkande
759 1520 34 18 N:o
807 1521 16 17 1.
