1114 1775
274 139 27 19 38
448 136 247 23 Petitionsbetänkande
711 136 38 22 N:o
766 136 22 23 3.

244 202 115 28 görandet
386 201 24 23 af
436 201 79 23 denna
540 201 65 23 Hans
630 201 132 29 Kejserliga
788 202 121 28 Majestäts
933 201 63 29 vilja,

244 237 72 23 borde
338 236 84 30 nådigt
445 237 108 23 tillstånd
575 237 78 23 därtill
675 237 120 23 utverkas.
827 237 103 23 Senaten
946 243 51 16 sva-

244 273 63 28 rade,
325 275 35 20 att
383 273 45 23 den
452 273 35 22 till
511 272 148 30 fullgörande
684 273 23 22 af
726 272 29 23 de
772 273 87 29 nådiga
875 272 122 24 befallnin-

243 315 76 23 garna
341 309 73 23 redan
438 309 47 22 den
509 313 28 19 26
553 308 128 24 november
698 312 56 20 1901
772 308 94 30 afgifvit
882 310 40 21 sitt
939 308 57 23 utlå-

244 345 73 22 tande
343 345 7 22 i
377 344 104 28 ärendet,
506 345 95 23 hvarför
624 345 77 28 någon
724 344 81 23 vidare
830 345 81 29 åtgärd
934 345 8 21 i
958 351 40 16 an-

244 380 100 30 ledning
368 380 23 23 af
415 381 123 23 desamma
557 380 35 23 för
608 381 148 22 närvarande
772 381 53 23 icke
842 380 126 23 ankomme
984 381 14 22 å

245 416 111 28 Senaten,
374 416 42 23 och
435 419 35 20 att
486 416 260 30 Generalguvernörens
764 418 54 27 eget
832 416 87 29 förslag
930 417 8 21 i
949 418 47 20 äm-

245 455 41 20 net
311 452 95 23 komme
428 454 35 22 att
479 453 7 21 i
502 453 47 28 hög
565 452 58 29 grad
639 452 142 30 omgestalta
797 452 201 28 undervisningen

244 489 8 21 i
275 488 94 23 landets
392 488 85 27 skolor,
502 488 93 23 hvarför
617 488 253 29 Skolöfverstyrelsens
888 488 109 29 yttrande

245 524 61 22 först
321 524 71 23 borde
412 524 117 23 afvaktas.

318 560 117 28 Slutligen
459 560 142 23 utverkades
617 560 45 22 den
680 564 12 18 8
709 560 134 29 september
861 564 55 18 1902
933 560 64 22 aller-

246 596 86 29 högsta
357 596 108 23 tillstånd
487 596 84 27 därtill,
597 598 34 21 att
655 596 141 29 afgörandel
815 596 23 23 al
859 595 84 30 frägan
960 601 37 17 om

247 632 73 29 ryska
337 632 274 29 språkundervisningen
628 633 65 22 såväl
710 632 41 23 vid
770 632 228 23 elementarlärover-

245 668 47 23 ken
316 675 51 16 som
392 669 39 22 vid
456 668 127 23 Sordavala
605 669 153 22 seminarium
775 668 66 29 finge
857 667 141 30 uppskjutas

247 704 30 29 på
294 711 28 15 en
340 703 33 24 tid
390 704 25 22 af
431 705 34 22 ett
481 705 32 21 år.
545 704 46 22 Det
606 704 98 23 oaktadt
720 703 134 30 förfrågade
873 705 37 27 sig
926 703 71 22 Gene-

246 740 192 29 ralguvernören,
455 741 7 21 i
479 742 86 20 tvenne
582 739 118 23 särskilda
716 739 137 23 skrifvelser
870 739 23 22 af
909 739 44 22 den
970 742 28 19 24

244 776 97 29 januari
357 775 43 23 och
417 776 44 22 den
481 780 25 18 15
525 776 56 29 april
601 779 62 24 1903,
681 775 81 23 hvilka
779 775 109 30 åtgärder
896 775 102 23 Senaten

245 811 104 30 vidtagit
366 813 6 20 i
388 812 83 26 saken,
488 811 43 23 och
548 811 76 23 anhöll
641 814 35 19 att
692 811 103 23 Senaten
810 811 54 22 ville
876 811 123 29 påskynda

248 848 42 21 sitt
306 854 60 16 svar.

318 883 136 22 Emellertid
472 883 59 23 hade
547 883 246 29 Skolöfverstyrelsen,
810 883 68 22 hvars
889 882 110 29 yttrande

249 919 24 21 at
298 919 101 22 Senaten
426 919 126 22 infordrats
576 919 72 22 redan
672 918 38 23 vid
728 918 110 23 ärendets
854 918 72 22 första
942 918 57 22 före-

247 954 126 30 dragning,
390 954 47 23 den
454 958 23 19 31
495 956 95 28 januari
609 958 56 19 1903
682 954 95 30 afgifvit
793 954 40 23 det
849 954 104 29 begärda
964 957 35 19 ut-

246 990 113 27 låtandet,
387 990 59 23 efter
471 992 34 21 att
529 990 14 23 å
566 991 35 22 sin
627 990 52 22 sida
699 990 29 23 ha
746 991 6 21 i
769 990 75 22 saken
860 990 53 22 hört
929 992 69 20 samt-

246 1026 49 29 liga
320 1026 171 29 lyceirektorer.
525 1021 186 34 Öfverstyrelsen
738 1026 109 23 framhöll
873 1026 65 26 först,
966 1027 34 21 att

246 1062 46 22 den
317 1062 106 23 saknade
448 1062 80 30 hvarje
551 1062 69 22 säker
643 1062 77 28 grund
744 1062 36 22 för
805 1061 155 23 bedömandet
977 1062 23 22 af

246 1104 48 22 nya
317 1098 187 29 lektionsplaner
528 1098 51 22 med
605 1098 72 22 ökadt
695 1098 110 22 timantal
821 1099 8 21 i
845 1098 78 28 ryska.
955 1098 45 22 Det

247 1134 139 22 nuvarande
411 1134 140 26 timantalet,
575 1138 28 18 30
627 1134 179 26 veckotimmar,
831 1134 59 22 hade
917 1133 83 23 införts

246 1169 60 23 först
330 1170 54 23 med
408 1170 168 23 höstterminen
595 1174 64 22 1901,
676 1170 29 22 då
723 1169 40 23 det
782 1170 7 22 i
804 1168 145 25 förhållande
965 1169 35 22 till

252 1210 56 18 1896
326 1207 38 21 års
380 1206 185 29 lektionsplaner
582 1206 61 29 höjts
661 1206 52 22 med
731 1209 28 19 50
768 1207 38 28 9/,;
824 1205 106 30 omöjligt
946 1211 54 16 vore

247 1243 36 21 att
300 1241 55 23 med
371 1242 100 29 ledning
487 1242 24 22 af
528 1242 49 28 11/,
593 1242 88 22 läseärs
699 1241 135 23 erfarenhet
852 1248 42 16 ens
905 1243 7 20 i
924 1241 76 28 någon

247 1278 55 22 män
328 1277 88 29 afgöra,
443 1277 79 23 hvilka
539 1278 97 22 resultat
655 1277 53 23 med
725 1277 66 23 detta
807 1277 108 23 timantal
932 1278 68 21 ernås

247 1313 43 23 och
309 1313 117 23 huruvida
442 1313 133 23 detsamma
591 1316 26 19 är
628 1313 138 29 tillräckligt
778 1314 56 21 eller
844 1314 28 28 ej.
899 1313 9 22 I
919 1313 81 29 hvarje

247 1349 40 22 fall
314 1349 66 26 hade,
406 1349 54 23 med
477 1349 123 29 undantag
621 1349 24 23 af
662 1349 39 22 det
717 1349 61 22 döda
794 1349 90 27 latinet,
901 1349 42 22 där
959 1355 41 16 un-

248 1385 184 29 dervisningens
449 1385 78 22 metod
543 1385 42 22 och
602 1385 47 23 mål
665 1385 71 30 skilja
752 1386 37 28 sig
805 1385 52 22 från
870 1385 45 22 den
926 1384 76 29 öfriga

248 1421 289 29 språkundervisningens
548 1421 8 22 i
567 1421 26 22 så
604 1421 117 29 väsentlig
734 1421 62 27 mån,
806 1421 34 22 att
850 1421 82 28 hvarje
940 1421 60 28 jäm-

247 1456 85 23 förelse
357 1457 124 27 uteslutes,
504 1457 85 28 ryskan
615 1458 33 21 ett
664 1457 72 29 högre
758 1456 108 23 timantal
883 1459 29 19 än
930 1457 72 28 något

320 1505 101 18 Allmänna
434 1505 183 18 Petitionsutskottets
629 1505 110 18 betänkande
753 1505 33 18 N:o
800 1506 16 16 1.
