1114 1775
250 148 13 20 2
413 147 72 23 Ständ.
503 148 43 22 Pet.
563 160 30 3 —
609 147 146 23 Petitionsbet.
774 147 34 23 N:o
825 147 21 22 2.

250 213 110 22 ställande
377 214 7 20 i
400 214 81 25 landet,
507 214 65 21 äfven
596 213 122 22 framhållit
742 213 166 28 upphäfvandet
924 213 22 21 af
962 213 41 21 för-

250 243 123 28 ordningen
391 243 22 22 af
430 244 42 21 den
490 244 28 21 10
529 243 121 22 november
661 243 36 28 (28
709 242 99 30 oktober)
820 242 57 22 1903
889 243 114 27 angående

251 273 153 22 fastställande
429 274 22 21 af
475 274 134 21 instruktion
634 274 34 21 för
692 273 82 22 afdelta
798 272 176 29 gendarmkåren
997 275 6 20 i

251 303 93 22 Finland
362 306 57 19 samt
436 304 176 27 befallningarna
633 303 23 22 af
672 310 85 15 samma
774 303 42 27 dag
832 303 96 21 rörande
944 304 59 21 vissa

250 333 62 22 delar
328 333 23 21 af
368 334 187 27 gendarmkårens
576 334 133 21 funktioner.
744 333 39 22 Det
804 333 128 27 lagstridiga
948 334 6 20 i
971 340 32 20 ry-

249 363 41 22 ska
311 364 143 27 gendarmers
476 364 142 27 användning
639 365 6 20 i
662 364 92 21 Finland
772 363 66 27 enligt
859 363 82 22 nämda
962 363 40 22 för-

250 393 111 27 foganden
378 394 40 21 har
434 394 57 21 dock
508 394 6 21 i
531 393 127 28 åberopade
675 393 116 22 skrifvelse
807 393 86 22 kunnat
906 393 97 22 endast
992 389 15 37 i

249 424 87 21 korthet
353 424 97 21 beröras.
483 424 49 21 Med
549 424 106 21 afseende
671 423 60 26 härå,
749 424 42 21 och
808 422 28 22 då
853 423 71 21 under
935 423 68 22 landt-

249 453 84 27 dagens
350 454 52 27 lopp
419 454 82 21 timade
522 454 119 21 händelser
662 453 110 22 föranledt
788 453 178 22 framställandet
982 454 21 20 af

249 484 223 26 petitionsmemorial
488 485 7 20 i
511 484 102 27 samtliga
630 483 63 22 stånd
705 483 140 22 beträffande
860 483 60 22 detta
931 485 71 25 ämne,

249 513 68 22 hafva
333 513 126 22 Ständerna
475 515 72 20 ansett
568 515 32 26 sig
616 515 55 20 böra
687 520 79 21 genom
784 513 94 22 särskild
895 513 107 22 underdå-

249 544 37 26 nig
302 543 133 22 hemställan
455 544 79 27 bringa
555 543 77 28 frågan
649 551 35 14 om
704 545 173 26 gendarmernas
894 543 108 28 skiljande

250 573 47 21 från
316 573 57 22 finsk
396 574 223 26 tjänsteverksamhet
643 575 70 21 under
737 574 68 21 Eders
822 573 122 27 Kejserliga
961 573 41 21 Ma-

248 604 78 26 jestäts
342 603 82 28 nådiga
440 604 108 27 pröfning.

322 634 104 22 Hörande
446 634 33 21 till
496 634 42 22 den
555 635 7 21 i
579 634 92 22 Finland
688 634 100 27 förlagda
809 634 67 27 ryska
893 634 109 21 militären

249 664 67 21 hafva
332 664 162 26 gendarmerna
511 664 38 22 allt
565 664 69 22 sedan
651 664 27 22 de
695 664 55 21 först
766 663 129 28 placerades
910 664 6 20 i
928 664 75 21 landet

248 694 49 21 icke
321 694 57 21 varit
402 694 164 22 underkastade
590 694 57 22 finsk
671 694 41 27 lag.
745 694 49 21 Men
811 694 73 21 denna
908 695 94 20 omstän-

249 724 75 26 dighet
348 724 93 22 innebar
465 724 56 22 dock
546 725 49 21 icke
619 724 71 27 nägon
717 724 170 26 rättsvidrighet,
912 723 90 27 sälänge

248 754 164 27 gendarmerna
428 754 40 22 här
485 755 5 20 i
507 754 76 22 landet
604 755 48 21 icke
669 754 58 22 hade
744 754 70 22 andra
830 754 128 21 funktioner
974 756 27 19 än

249 783 91 26 sådana,
358 790 48 15 som
430 784 109 22 hänförde
563 785 32 26 sig
611 785 32 21 till
661 785 68 27 sagda
751 784 88 26 militär,
856 784 42 21 och
914 783 88 22 således

249 814 48 21 icke
314 814 54 27 egde
385 815 76 20 utöfva
485 814 72 27 någon
575 815 127 27 myndighet
725 817 112 24 gentemot
856 813 71 22 finska
944 814 57 21 med-

248 843 101 28 borgare.
386 844 78 27 Nägon
488 845 129 27 förändring
640 845 7 20 i
671 845 60 21 detta
755 844 105 22 afseende
885 844 116 22 inträffade

248 875 61 20 ännu
326 874 48 22 icke
391 874 134 27 därigenom,
545 877 30 19 att
591 874 25 22 är
634 875 57 22 1870
705 875 132 26 gendarmer
847 874 130 27 placerades
989 874 13 22 å

249 904 27 21 de
301 905 70 21 större
395 905 242 27 järnvägsstationerna
661 906 5 19 i
689 905 66 21 södra
780 904 100 26 Finland,
904 906 21 25 ty
942 905 59 21 detta

248 934 85 21 skedde
350 934 140 22 uteslutande
507 935 5 20 i
530 935 37 22 det
577 935 67 27 ryska
655 935 177 27 polisväsendets
844 935 93 21 intresse
948 936 52 19 utan

248 966 32 19 att
296 964 163 27 gendarmerna
473 965 124 22 tilldelades
614 965 70 27 nägon
703 965 127 26 myndighet
845 967 112 24 gentemot
972 965 30 20 in-

248 993 83 22 vänare
348 994 6 21 i
370 994 94 22 Finland
489 995 45 21 lika
550 995 47 21 litet
619 1001 48 15 som
683 995 129 27 härigenom
832 993 67 28 nägot
914 994 88 27 inträng

248 1024 88 27 gjordes
352 1025 8 20 i
376 1025 43 20 den
436 1025 71 21 finska
523 1026 98 26 polisens
637 1025 133 22 funktioner.

321 1054 134 28 Visserligen
472 1055 73 21 hände
562 1055 37 21 det
615 1061 26 16 en
658 1055 63 27 gäng,
734 1055 111 27 nämligen
858 1054 24 22 är
894 1055 64 25 1882,
970 1056 32 20 att

248 1085 68 26 ryska
332 1085 132 26 gendarmer
480 1085 125 22 verkstälde
621 1085 211 27 husundersökning
844 1085 7 20 i
863 1084 137 27 Helsingfors

249 1114 40 21 hos
306 1116 32 19 tre
355 1121 113 20 personer,
486 1115 75 22 hvilka
578 1121 52 16 voro
647 1116 131 21 misstänkta
795 1115 34 22 för
846 1115 134 27 delaktighet
994 1115 7 21 i

248 1144 43 21 den
308 1145 165 21 revolutionära
489 1145 98 22 rörelsen
605 1146 6 20 i
628 1145 117 28 Ryssland,
763 1147 57 20 samt
836 1145 95 21 häktade
943 1145 57 21 dem.

248 1174 32 21 En
298 1174 22 22 af
336 1175 27 21 de
380 1175 96 21 häktade
499 1181 39 16 var
554 1175 57 21 finsk
628 1176 152 26 medborgare.
813 1175 70 21 Dessa
899 1174 102 28 ätgärder

247 1205 78 21 väckte
352 1205 60 21 stark
428 1206 67 26 ovilja
511 1206 7 20 i
534 1206 81 26 landet,
641 1206 41 21 och
698 1204 111 29 klagomål
826 1205 62 22 öfver
904 1205 90 27 myndig

247 1234 105 22 heternas
369 1234 128 23 förfarande
515 1236 103 21 anfördes
635 1236 40 21 hos
692 1236 154 27 prokuratorn.
880 1234 73 22 Saken
966 1241 34 15 an-

246 1264 86 22 mäldes
357 1265 22 21 af
404 1266 227 26 generalguvernören
657 1266 34 21 för
715 1266 61 21 Hans
800 1266 99 26 Majestät
923 1264 77 28 Kejsar

247 1293 128 23 Alexander
391 1294 26 22 III
435 1295 42 21 och
493 1296 62 20 torde
572 1295 75 22 såsom
663 1295 77 22 ursäkt
756 1296 35 20 för
808 1296 36 21 det
855 1295 95 27 olagliga
960 1294 41 22 till-

246 1324 152 27 vägagäendet
415 1326 66 21 hafva
498 1325 131 22 framhällits
645 1326 140 27 svärigheten
802 1328 31 19 att
849 1326 53 26 göra
915 1328 33 25 sig
959 1325 41 21 för-

248 1357 75 24 trogen
348 1355 50 21 med
419 1357 6 20 i
442 1355 94 22 Finland
561 1356 101 27 gällande
688 1356 61 27 lagar
772 1356 42 21 och
839 1356 161 27 författningar.

247 1385 7 20 I
272 1385 120 26 anledning
408 1385 64 22 häraf
488 1385 51 22 aflät
556 1386 59 21 Hans
633 1386 120 27 Kejserliga
770 1385 102 28 Majestät
885 1388 29 19 ett
926 1385 75 27 nådigt

247 1415 96 26 reskript
360 1415 41 21 den
428 1415 26 21 12
471 1415 92 22 oktober
579 1416 36 28 (30
632 1415 132 30 september)
782 1416 57 21 1882
856 1416 31 21 till
904 1416 96 26 general-

246 1445 145 26 guvernören,
413 1446 48 21 däri
478 1446 60 21 Hans
563 1446 120 27 Kejserliga
707 1446 102 27 Majestät
830 1447 54 20 sade
901 1446 33 27 sig
950 1447 49 20 med

246 1474 138 27 beklagande
409 1475 66 22 hafva
501 1476 113 26 inhämtat,
639 1478 30 19 att
689 1476 230 27 generalguvernören
944 1476 56 21 varit
