1114 1775
266 164 72 24 Ständ.
355 164 44 22 Pet.
415 176 28 3 —
459 163 146 23 Petitionsbet.
621 164 35 22 N:o
671 163 22 23 3.
854 166 12 20 7

104 237 31 29 på
154 236 74 23 andra
245 236 86 23 villkor
348 235 123 30 beviljadt,
488 236 74 22 måste
580 242 57 16 vara
655 234 125 30 egnad'att
790 236 76 22 väcka

105 270 30 22 de
154 270 160 30 allvarligaste
331 270 196 29 betänkligheter.
557 270 133 22 Ständerna
707 269 59 30 hysa
781 270 36 22 för
829 270 38 22 sin

105 304 38 23 del
171 305 44 23 den
239 304 161 31 uppfattning,
425 307 35 20 att
481 304 146 30 beviljandet
650 305 37 22 för
710 305 47 22 viss
782 304 36 23 tid
842 304 24 23 af

105 340 201 22 statssubvention
330 340 25 21 ät
378 339 108 22 läroverk
509 340 30 28 pä
557 339 147 29 grundvalen
722 340 24 22 af
763 346 29 15 en
812 339 54 30 Sty-

104 374 76 22 relsen
198 374 38 22 till
253 373 111 31 pröfning
381 373 106 30 förelagd
505 373 44 23 och
567 374 24 22 af
609 373 132 23 densamma
755 373 112 30 godkänd

104 408 107 31 läroplan
235 408 165 29 ovillkorligen
423 409 74 21 mäste
516 415 67 15 anses
601 408 112 22 innebära
731 416 28 14 en
778 408 88 23 förbin-

105 442 63 24 delse
186 443 52 23 frän
257 442 132 30 Styrelsens
410 442 52 23 sida
479 450 37 14 om
535 442 117 23 orubbadt
663 442 166 23 bibehällande
842 442 24 23 af

104 478 172 22 subventionen
299 476 75 23 under
392 476 120 23 fastställd
531 477 35 22 tid
585 479 61 20 samt
664 477 102 23 utesluta
784 476 82 30 hvarje

104 512 125 29 möjlighet
255 512 23 22 af
302 512 98 29 ingrepp
425 512 9 21 i
458 511 29 23 de
511 512 211 22 subventionerade
745 512 121 22 skolornas

103 546 140 30 läroplaner,
262 546 82 22 sävida
361 546 68 22 dessa
447 546 24 22 af
483 546 110 22 skolorna
605 548 173 27 samvetsgrant
790 546 74 29 följas.

104 581 37 22 En
166 583 98 20 motsatt
287 580 109 29 tolkning
413 581 74 22 mäste
506 580 127 23 betecknas
651 582 74 21 säsom
743 580 121 23 stridande

103 619 50 19 mot
176 616 100 22 rättvisa
299 615 44 22 och
366 615 117 30 billighet,
500 615 95 23 hvadan
620 615 40 22 det
683 616 181 29 förfaringssätt,

103 657 50 15 som
179 650 80 23 blifvit
285 650 102 29 inslaget
413 652 121 27 gentemot
556 649 74 23 redan
654 649 211 23 subventionerade

104 685 165 29 privatskolor,
288 685 30 29 på
335 685 61 21 intet
414 687 48 20 sätt
479 685 48 22 kan
545 685 123 22 försvaras.

172 720 77 22 Innan
274 719 113 22 Senatens
408 719 103 30 tidigare
529 719 102 22 nämnda
649 719 173 29 framställning
840 719 24 22 af

103 753 46 23 den
169 755 31 21 31
219 755 47 28 maj
286 754 62 22 1901
370 753 84 30 afgått,
472 753 60 23 hade
549 753 76 23 Eders
642 754 133 29 Kejserliga
791 754 73 29 Maje-

103 791 48 19 stät
168 788 42 23 vid
227 788 340 23 Ministerstatssekreterarens
585 788 169 29 föredragning
772 787 46 23 den
832 788 31 22 16

102 823 47 29 maj
170 823 64 22 1901
255 823 23 22 af
296 822 144 23 Ständernas
458 823 41 22 vid
521 823 64 22 1900
599 823 37 22 års
648 822 114 30 landtdag
774 823 90 22 aflåtna

104 857 102 29 petition
232 865 36 14 om
297 864 47 22 nya
374 857 179 22 statsläroverks
581 857 134 23 inrättande
739 859 61 20 samt
826 865 38 14 om

104 891 101 29 höjande
229 892 24 22 af
270 891 218 23 statsunderstöden
506 892 36 22 för
559 892 217 30 privatläroverken
794 890 70 23 beha-

103 929 43 26 gat
168 927 62 21 fästa
254 925 100 23 särskild
375 925 206 30 uppmärksamhet
598 926 41 22 vid
657 925 206 30 nödvändigheten

105 960 23 22 af
147 963 35 19 att
200 960 76 22 införa
294 960 154 30 obligatorisk
466 960 171 30 undervisning
655 962 8 20 i
680 960 71 29 ryska
768 960 96 30 språket

103 994 41 22 vid
167 995 67 22 dessa
251 995 108 22 läroverk
377 997 61 20 samt
454 995 80 23 tillika
551 996 80 22 funnit
648 996 82 28 frågan
749 1002 36 15 om
803 995 61 22 infö-

102 1028 74 23 rande
194 1030 24 21 af
236 1030 155 28 obligatorisk
408 1029 171 30 undervisning
596 1030 9 22 i
619 1030 72 28 ryska
702 1030 94 28 språket
806 1036 58 16 vara

104 1064 24 22 af
152 1064 88 22 allmän
264 1063 118 29 betydelse
407 1063 43 23 och
468 1064 58 22 böra
543 1064 24 22 få
585 1072 29 14 en
632 1064 119 29 likformig
769 1064 95 29 lösning

103 1097 149 23 beträffande
270 1098 47 22 alla
334 1098 211 30 läroinrättningar
557 1098 23 23 af
592 1106 89 15 samma
692 1098 51 29 slag
755 1099 8 21 i
774 1098 88 28 landet,

102 1132 132 30 hvarjämte
261 1133 25 21 åt
310 1132 249 30 Generalguvernören
583 1133 168 23 öfverlämnats
774 1134 36 20 att
827 1133 37 21 in-

102 1166 79 24 fordra
204 1167 115 22 Senatens
336 1167 123 22 utlåtande
477 1170 61 20 samt
555 1168 102 22 därefter
674 1167 118 23 inkomma
809 1166 54 23 med

102 1201 101 23 särskild
216 1201 148 30 underdånig
376 1203 109 22 anmälan
497 1202 100 23 rörande
609 1202 150 29 nödvändiga
768 1201 96 23 ändrin-

101 1243 44 22 gar
156 1237 9 21 i
178 1237 191 28 organisationen
382 1237 24 22 af
418 1236 74 29 sagda
504 1237 242 29 språkundervisning
757 1235 41 24 vid
807 1236 57 23 Fin-

101 1270 69 23 lands
181 1271 216 29 läroinrättningar.
417 1271 49 22 Och
478 1271 73 23 innan
565 1272 115 22 Senatens
690 1271 174 29 framställning

101 1305 141 29 föredragits
260 1305 44 22 och
322 1305 118 23 föranledt
456 1305 92 30 åtgärd,
561 1305 60 24 hade
638 1305 74 23 Eders
730 1305 134 29 Kejserliga

101 1339 112 30 Majestät
231 1339 45 23 den
296 1340 30 21 12
344 1340 44 29 juli
409 1340 74 29 1901,
501 1341 9 21 i
528 1340 106 30 enlighet
646 1339 52 24 med
710 1339 154 24 Rikskonsel-

100 1374 51 29 jens
169 1375 9 21 i
196 1373 170 30 kejsaredömet
386 1374 42 22 vid
452 1375 145 28 behandling
622 1375 24 22 af
668 1375 83 29 frågan
775 1381 36 15 om
830 1381 34 22 ny

99 1408 188 30 värnepliktslag
310 1409 36 22 för
370 1409 103 22 Finland
497 1409 90 30 afgifna
611 1409 129 28 utlåtande,
758 1408 77 23 täckts
853 1408 10 22 i

100 1442 73 23 nåder
194 1443 122 30 uppdraga
334 1444 25 21 åt
376 1443 330 23 Ministerstatssekreteraren
725 1443 44 23 och
788 1442 76 23 Gene-

99 1477 184 29 ralguvernören
302 1478 78 22 tillika
397 1477 54 23 med
471 1478 102 23 Senaten
592 1478 35 23 för
645 1477 102 24 Finland
765 1479 35 21 att
812 1477 51 23 vid-
