<?xml version="1.0" encoding="UTF-8"?>
<alto xmlns="http://www.loc.gov/standards/alto/ns-v3#" xmlns:xlink="http://www.w3.org/1999/xlink" xmlns:xsi="http://www.w3.org/2001/XMLSchema-instance" xsi:schemaLocation="http://www.loc.gov/standards/alto/ns-v3# http://www.loc.gov/alto/v3/alto-3-0.xsd">
	<Description>
		<MeasurementUnit>pixel</MeasurementUnit>
		<sourceImageInformation>
			<fileName>/tmp/tess_dd8esf2__input.PNG</fileName>
		</sourceImageInformation>
		<OCRProcessing ID="OCR_0">
			<ocrProcessingStep>
				<processingSoftware>
					<softwareName>tesseract 5.3.4</softwareName>
				</processingSoftware>
			</ocrProcessingStep>
		</OCRProcessing>
	</Description>
	<Layout>
		<Page WIDTH="1114" HEIGHT="1775" PHYSICAL_IMG_NR="0" ID="page_0">
			<PrintSpace HPOS="0" VPOS="0" WIDTH="1114" HEIGHT="1775">
				<ComposedBlock ID="cblock_0" HPOS="254" VPOS="158" WIDTH="621" HEIGHT="24">
					<TextBlock ID="block_0" HPOS="254" VPOS="158" WIDTH="621" HEIGHT="24">
						<TextLine ID="line_0" HPOS="254" VPOS="158" WIDTH="621" HEIGHT="24">
							<String ID="string_0" HPOS="254" VPOS="158" WIDTH="85" HEIGHT="24" WC="0.90" CONTENT="Ständ."/><SP WIDTH="15" VPOS="158" HPOS="339"/>
							<String ID="string_1" HPOS="354" VPOS="159" WIDTH="54" HEIGHT="23" WC="0.93" CONTENT="Pet."/><SP WIDTH="22" VPOS="159" HPOS="408"/>
							<String ID="string_2" HPOS="430" VPOS="171" WIDTH="25" HEIGHT="3" WC="0.92" CONTENT="—"/><SP WIDTH="18" VPOS="171" HPOS="455"/>
							<String ID="string_3" HPOS="473" VPOS="158" WIDTH="173" HEIGHT="23" WC="0.90" CONTENT="Petitionsbet."/><SP WIDTH="16" VPOS="158" HPOS="646"/>
							<String ID="string_4" HPOS="662" VPOS="158" WIDTH="41" HEIGHT="22" WC="0.96" CONTENT="N:o"/><SP WIDTH="15" VPOS="158" HPOS="703"/>
							<String ID="string_5" HPOS="718" VPOS="158" WIDTH="21" HEIGHT="22" WC="0.96" CONTENT="7."/><SP WIDTH="109" VPOS="158" HPOS="739"/>
							<String ID="string_6" HPOS="848" VPOS="158" WIDTH="27" HEIGHT="21" WC="0.92" CONTENT="47"/>
						</TextLine>
					</TextBlock>
				</ComposedBlock>
				<ComposedBlock ID="cblock_1" HPOS="116" VPOS="226" WIDTH="761" HEIGHT="281">
					<TextBlock ID="block_1" HPOS="116" VPOS="226" WIDTH="761" HEIGHT="281">
						<TextLine ID="line_1" HPOS="117" VPOS="226" WIDTH="759" HEIGHT="29">
							<String ID="string_7" HPOS="117" VPOS="228" WIDTH="95" HEIGHT="21" WC="0.91" CONTENT="siastiskt"/><SP WIDTH="22" VPOS="228" HPOS="212"/>
							<String ID="string_8" HPOS="234" VPOS="228" WIDTH="122" HEIGHT="21" WC="0.96" CONTENT="hänseende"/><SP WIDTH="22" VPOS="228" HPOS="356"/>
							<String ID="string_9" HPOS="378" VPOS="228" WIDTH="54" HEIGHT="27" WC="0.96" CONTENT="lyda,"/><SP WIDTH="22" VPOS="228" HPOS="432"/>
							<String ID="string_10" HPOS="454" VPOS="227" WIDTH="40" HEIGHT="21" WC="0.93" CONTENT="har"/><SP WIDTH="21" VPOS="227" HPOS="494"/>
							<String ID="string_11" HPOS="515" VPOS="227" WIDTH="148" HEIGHT="27" WC="0.90" CONTENT="Domkapitlet"/><SP WIDTH="21" VPOS="227" HPOS="663"/>
							<String ID="string_12" HPOS="684" VPOS="229" WIDTH="51" HEIGHT="19" WC="0.93" CONTENT="äran"/><SP WIDTH="23" VPOS="229" HPOS="735"/>
							<String ID="string_13" HPOS="758" VPOS="226" WIDTH="118" HEIGHT="26" WC="0.92" CONTENT="hemställa,"/>
						</TextLine>
						<TextLine ID="line_2" HPOS="117" VPOS="255" WIDTH="758" HEIGHT="28">
							<String ID="string_14" HPOS="117" VPOS="256" WIDTH="37" HEIGHT="22" WC="0.96" CONTENT="det"/><SP WIDTH="21" VPOS="256" HPOS="154"/>
							<String ID="string_15" HPOS="175" VPOS="256" WIDTH="49" HEIGHT="22" WC="0.96" CONTENT="ville"/><SP WIDTH="23" VPOS="256" HPOS="224"/>
							<String ID="string_16" HPOS="247" VPOS="257" WIDTH="57" HEIGHT="21" WC="0.93" CONTENT="Herr"/><SP WIDTH="19" VPOS="257" HPOS="304"/>
							<String ID="string_17" HPOS="323" VPOS="256" WIDTH="149" HEIGHT="21" WC="0.92" CONTENT="Prokuratorn"/><SP WIDTH="18" VPOS="256" HPOS="472"/>
							<String ID="string_18" HPOS="490" VPOS="256" WIDTH="7" HEIGHT="21" WC="0.96" CONTENT="i"/><SP WIDTH="16" VPOS="256" HPOS="497"/>
							<String ID="string_19" HPOS="513" VPOS="256" WIDTH="120" HEIGHT="27" WC="0.96" CONTENT="Kejserliga"/><SP WIDTH="23" VPOS="256" HPOS="633"/>
							<String ID="string_20" HPOS="656" VPOS="255" WIDTH="92" HEIGHT="22" WC="0.92" CONTENT="Senaten"/><SP WIDTH="22" VPOS="255" HPOS="748"/>
							<String ID="string_21" HPOS="770" VPOS="255" WIDTH="34" HEIGHT="21" WC="0.93" CONTENT="för"/><SP WIDTH="22" VPOS="255" HPOS="804"/>
							<String ID="string_22" HPOS="826" VPOS="256" WIDTH="49" HEIGHT="20" WC="0.92" CONTENT="Fin-"/>
						</TextLine>
						<TextLine ID="line_3" HPOS="116" VPOS="284" WIDTH="760" HEIGHT="28">
							<String ID="string_23" HPOS="116" VPOS="285" WIDTH="50" HEIGHT="21" WC="0.95" CONTENT="land"/><SP WIDTH="22" VPOS="285" HPOS="166"/>
							<String ID="string_24" HPOS="188" VPOS="287" WIDTH="50" HEIGHT="25" WC="0.96" CONTENT="taga"/><SP WIDTH="22" VPOS="287" HPOS="238"/>
							<String ID="string_25" HPOS="260" VPOS="285" WIDTH="68" HEIGHT="21" WC="0.93" CONTENT="under"/><SP WIDTH="22" VPOS="285" HPOS="328"/>
							<String ID="string_26" HPOS="350" VPOS="284" WIDTH="144" HEIGHT="28" WC="0.91" CONTENT="ompröfning,"/><SP WIDTH="22" VPOS="284" HPOS="494"/>
							<String ID="string_27" HPOS="516" VPOS="284" WIDTH="107" HEIGHT="22" WC="0.96" CONTENT="huruvida"/><SP WIDTH="21" VPOS="284" HPOS="623"/>
							<String ID="string_28" HPOS="644" VPOS="284" WIDTH="47" HEIGHT="22" WC="0.96" CONTENT="icke"/><SP WIDTH="20" VPOS="284" HPOS="691"/>
							<String ID="string_29" HPOS="711" VPOS="284" WIDTH="47" HEIGHT="22" WC="0.93" CONTENT="skäl"/><SP WIDTH="22" VPOS="284" HPOS="758"/>
							<String ID="string_30" HPOS="780" VPOS="284" WIDTH="96" HEIGHT="26" WC="0.91" CONTENT="förelåge"/>
						</TextLine>
						<TextLine ID="line_4" HPOS="116" VPOS="313" WIDTH="761" HEIGHT="27">
							<String ID="string_31" HPOS="116" VPOS="314" WIDTH="32" HEIGHT="21" WC="0.92" CONTENT="till"/><SP WIDTH="16" VPOS="314" HPOS="148"/>
							<String ID="string_32" HPOS="164" VPOS="314" WIDTH="127" HEIGHT="26" WC="0.92" CONTENT="vidtagande"/><SP WIDTH="22" VPOS="314" HPOS="291"/>
							<String ID="string_33" HPOS="313" VPOS="314" WIDTH="23" HEIGHT="21" WC="0.96" CONTENT="af"/><SP WIDTH="18" VPOS="314" HPOS="336"/>
							<String ID="string_34" HPOS="354" VPOS="314" WIDTH="76" HEIGHT="26" WC="0.96" CONTENT="åtgärd"/><SP WIDTH="23" VPOS="314" HPOS="430"/>
							<String ID="string_35" HPOS="453" VPOS="313" WIDTH="88" HEIGHT="26" WC="0.96" CONTENT="därhän,"/><SP WIDTH="15" VPOS="313" HPOS="541"/>
							<String ID="string_36" HPOS="556" VPOS="315" WIDTH="31" HEIGHT="19" WC="0.96" CONTENT="att"/><SP WIDTH="15" VPOS="315" HPOS="587"/>
							<String ID="string_37" HPOS="602" VPOS="313" WIDTH="41" HEIGHT="21" WC="0.96" CONTENT="den"/><SP WIDTH="16" VPOS="313" HPOS="643"/>
							<String ID="string_38" HPOS="659" VPOS="313" WIDTH="51" HEIGHT="21" WC="0.96" CONTENT="eller"/><SP WIDTH="15" VPOS="313" HPOS="710"/>
							<String ID="string_39" HPOS="725" VPOS="313" WIDTH="26" HEIGHT="21" WC="0.96" CONTENT="de"/><SP WIDTH="15" VPOS="313" HPOS="751"/>
							<String ID="string_40" HPOS="766" VPOS="318" WIDTH="111" HEIGHT="22" WC="0.96" CONTENT="personer,"/>
						</TextLine>
						<TextLine ID="line_5" HPOS="117" VPOS="341" WIDTH="760" HEIGHT="29">
							<String ID="string_41" HPOS="117" VPOS="348" WIDTH="47" HEIGHT="16" WC="0.96" CONTENT="som"/><SP WIDTH="15" VPOS="348" HPOS="164"/>
							<String ID="string_42" HPOS="179" VPOS="342" WIDTH="7" HEIGHT="21" WC="0.93" CONTENT="i"/><SP WIDTH="14" VPOS="342" HPOS="186"/>
							<String ID="string_43" HPOS="200" VPOS="342" WIDTH="126" HEIGHT="22" WC="0.92" CONTENT="förberörda"/><SP WIDTH="12" VPOS="342" HPOS="326"/>
							<String ID="string_44" HPOS="338" VPOS="342" WIDTH="118" HEIGHT="27" WC="0.96" CONTENT="grannlaga"/><SP WIDTH="15" VPOS="342" HPOS="456"/>
							<String ID="string_45" HPOS="471" VPOS="342" WIDTH="39" HEIGHT="21" WC="0.96" CONTENT="sak"/><SP WIDTH="22" VPOS="342" HPOS="510"/>
							<String ID="string_46" HPOS="532" VPOS="342" WIDTH="57" HEIGHT="28" WC="0.96" CONTENT="gjort"/><SP WIDTH="23" VPOS="342" HPOS="589"/>
							<String ID="string_47" HPOS="612" VPOS="342" WIDTH="33" HEIGHT="26" WC="0.96" CONTENT="sig"/><SP WIDTH="20" VPOS="342" HPOS="645"/>
							<String ID="string_48" HPOS="665" VPOS="342" WIDTH="96" HEIGHT="26" WC="0.95" CONTENT="skyldiga"/><SP WIDTH="14" VPOS="342" HPOS="761"/>
							<String ID="string_49" HPOS="775" VPOS="341" WIDTH="32" HEIGHT="21" WC="0.96" CONTENT="till"/><SP WIDTH="15" VPOS="341" HPOS="807"/>
							<String ID="string_50" HPOS="822" VPOS="341" WIDTH="55" HEIGHT="21" WC="0.96" CONTENT="falsk"/>
						</TextLine>
						<TextLine ID="line_6" HPOS="116" VPOS="370" WIDTH="760" HEIGHT="28">
							<String ID="string_51" HPOS="116" VPOS="370" WIDTH="118" HEIGHT="28" WC="0.92" CONTENT="angifvelse"/><SP WIDTH="18" VPOS="370" HPOS="234"/>
							<String ID="string_52" HPOS="252" VPOS="370" WIDTH="23" HEIGHT="22" WC="0.93" CONTENT="af"/><SP WIDTH="18" VPOS="370" HPOS="275"/>
							<String ID="string_53" HPOS="293" VPOS="370" WIDTH="49" HEIGHT="28" WC="0.91" CONTENT="grof"/><SP WIDTH="18" VPOS="370" HPOS="342"/>
							<String ID="string_54" HPOS="360" VPOS="370" WIDTH="147" HEIGHT="22" WC="0.96" CONTENT="beskaffenhet"/><SP WIDTH="19" VPOS="370" HPOS="507"/>
							<String ID="string_55" HPOS="526" VPOS="372" WIDTH="46" HEIGHT="20" WC="0.96" CONTENT="mot"/><SP WIDTH="15" VPOS="372" HPOS="572"/>
							<String ID="string_56" HPOS="587" VPOS="377" WIDTH="26" HEIGHT="15" WC="0.96" CONTENT="en"/><SP WIDTH="15" VPOS="377" HPOS="613"/>
							<String ID="string_57" HPOS="628" VPOS="376" WIDTH="86" HEIGHT="21" WC="0.96" CONTENT="person,"/><SP WIDTH="15" VPOS="376" HPOS="714"/>
							<String ID="string_58" HPOS="729" VPOS="370" WIDTH="41" HEIGHT="21" WC="0.96" CONTENT="den"/><SP WIDTH="17" VPOS="370" HPOS="770"/>
							<String ID="string_59" HPOS="787" VPOS="370" WIDTH="37" HEIGHT="21" WC="0.93" CONTENT="där"/><SP WIDTH="16" VPOS="370" HPOS="824"/>
							<String ID="string_60" HPOS="840" VPOS="376" WIDTH="36" HEIGHT="15" WC="0.91" CONTENT="en-"/>
						</TextLine>
						<TextLine ID="line_7" HPOS="116" VPOS="398" WIDTH="759" HEIGHT="28">
							<String ID="string_61" HPOS="116" VPOS="400" WIDTH="40" HEIGHT="26" WC="0.96" CONTENT="ligt"/><SP WIDTH="14" VPOS="400" HPOS="156"/>
							<String ID="string_62" HPOS="170" VPOS="400" WIDTH="33" HEIGHT="22" WC="0.96" CONTENT="sin"/><SP WIDTH="15" VPOS="400" HPOS="203"/>
							<String ID="string_63" HPOS="218" VPOS="402" WIDTH="108" HEIGHT="19" WC="0.92" CONTENT="närmaste"/><SP WIDTH="15" VPOS="402" HPOS="326"/>
							<String ID="string_64" HPOS="341" VPOS="399" WIDTH="95" HEIGHT="22" WC="0.92" CONTENT="förmans"/><SP WIDTH="15" VPOS="399" HPOS="436"/>
							<String ID="string_65" HPOS="451" VPOS="400" WIDTH="134" HEIGHT="20" WC="0.96" CONTENT="vittnesbörd"/><SP WIDTH="15" VPOS="400" HPOS="585"/>
							<String ID="string_66" HPOS="600" VPOS="400" WIDTH="8" HEIGHT="20" WC="0.96" CONTENT="i"/><SP WIDTH="10" VPOS="400" HPOS="608"/>
							<String ID="string_67" HPOS="618" VPOS="399" WIDTH="111" HEIGHT="21" WC="0.93" CONTENT="årtionden"/><SP WIDTH="12" VPOS="399" HPOS="729"/>
							<String ID="string_68" HPOS="741" VPOS="398" WIDTH="134" HEIGHT="27" WC="0.91" CONTENT="oförvitligen"/>
						</TextLine>
						<TextLine ID="line_8" HPOS="116" VPOS="426" WIDTH="759" HEIGHT="28">
							<String ID="string_69" HPOS="116" VPOS="428" WIDTH="75" HEIGHT="22" WC="0.96" CONTENT="verkat"/><SP WIDTH="21" VPOS="428" HPOS="191"/>
							<String ID="string_70" HPOS="212" VPOS="428" WIDTH="70" HEIGHT="22" WC="0.93" CONTENT="såsom"/><SP WIDTH="20" VPOS="428" HPOS="282"/>
							<String ID="string_71" HPOS="302" VPOS="428" WIDTH="147" HEIGHT="22" WC="0.91" CONTENT="ecklesiastisk"/><SP WIDTH="21" VPOS="428" HPOS="449"/>
							<String ID="string_72" HPOS="470" VPOS="428" WIDTH="40" HEIGHT="21" WC="0.96" CONTENT="och"/><SP WIDTH="17" VPOS="428" HPOS="510"/>
							<String ID="string_73" HPOS="527" VPOS="428" WIDTH="125" HEIGHT="21" WC="0.96" CONTENT="kommunal"/><SP WIDTH="15" VPOS="428" HPOS="652"/>
							<String ID="string_74" HPOS="667" VPOS="428" WIDTH="129" HEIGHT="26" WC="0.95" CONTENT="tjänsteman"/><SP WIDTH="16" VPOS="428" HPOS="796"/>
							<String ID="string_75" HPOS="812" VPOS="427" WIDTH="7" HEIGHT="21" WC="0.90" CONTENT="i"/><SP WIDTH="14" VPOS="427" HPOS="819"/>
							<String ID="string_76" HPOS="833" VPOS="426" WIDTH="42" HEIGHT="22" WC="0.90" CONTENT="för-"/>
						</TextLine>
						<TextLine ID="line_9" HPOS="116" VPOS="456" WIDTH="760" HEIGHT="28">
							<String ID="string_77" HPOS="116" VPOS="457" WIDTH="124" HEIGHT="27" WC="0.93" CONTENT="samlingen,"/><SP WIDTH="20" VPOS="457" HPOS="240"/>
							<String ID="string_78" HPOS="260" VPOS="457" WIDTH="70" HEIGHT="21" WC="0.92" CONTENT="blefve"/><SP WIDTH="14" VPOS="457" HPOS="330"/>
							<String ID="string_79" HPOS="344" VPOS="457" WIDTH="8" HEIGHT="21" WC="0.96" CONTENT="i"/><SP WIDTH="14" VPOS="457" HPOS="352"/>
							<String ID="string_80" HPOS="366" VPOS="457" WIDTH="136" HEIGHT="27" WC="0.96" CONTENT="vederbörlig"/><SP WIDTH="21" VPOS="457" HPOS="502"/>
							<String ID="string_81" HPOS="523" VPOS="457" WIDTH="92" HEIGHT="26" WC="0.96" CONTENT="ordning"/><SP WIDTH="22" VPOS="457" HPOS="615"/>
							<String ID="string_82" HPOS="637" VPOS="456" WIDTH="32" HEIGHT="21" WC="0.96" CONTENT="till"/><SP WIDTH="14" VPOS="456" HPOS="669"/>
							<String ID="string_83" HPOS="683" VPOS="456" WIDTH="48" HEIGHT="27" WC="0.96" CONTENT="laga"/><SP WIDTH="15" VPOS="456" HPOS="731"/>
							<String ID="string_84" HPOS="746" VPOS="462" WIDTH="78" HEIGHT="16" WC="0.93" CONTENT="ansvar"/><SP WIDTH="15" VPOS="462" HPOS="824"/>
							<String ID="string_85" HPOS="839" VPOS="456" WIDTH="37" HEIGHT="20" WC="0.91" CONTENT="be-"/>
						</TextLine>
						<TextLine ID="line_10" HPOS="116" VPOS="486" WIDTH="106" HEIGHT="21">
							<String ID="string_86" HPOS="116" VPOS="486" WIDTH="106" HEIGHT="21" WC="0.94" CONTENT="fordrade."/>
						</TextLine>
					</TextBlock>
				</ComposedBlock>
				<ComposedBlock ID="cblock_2" HPOS="185" VPOS="520" WIDTH="281" HEIGHT="27">
					<TextBlock ID="block_2" HPOS="185" VPOS="520" WIDTH="281" HEIGHT="27">
						<TextLine ID="line_11" HPOS="185" VPOS="520" WIDTH="281" HEIGHT="27">
							<String ID="string_87" HPOS="185" VPOS="520" WIDTH="133" HEIGHT="21" WC="0.96" CONTENT="Hemställan"/><SP WIDTH="18" VPOS="520" HPOS="318"/>
							<String ID="string_88" HPOS="336" VPOS="520" WIDTH="130" HEIGHT="27" WC="0.96" CONTENT="godkändes."/>
						</TextLine>
					</TextBlock>
				</ComposedBlock>
				<ComposedBlock ID="cblock_3" HPOS="117" VPOS="582" WIDTH="759" HEIGHT="52">
					<TextBlock ID="block_3" HPOS="117" VPOS="582" WIDTH="759" HEIGHT="52">
						<TextLine ID="line_12" HPOS="186" VPOS="582" WIDTH="690" HEIGHT="29">
							<String ID="string_89" HPOS="186" VPOS="582" WIDTH="128" HEIGHT="23" WC="0.91" CONTENT="Afskriftens"/><SP WIDTH="16" VPOS="582" HPOS="314"/>
							<String ID="string_90" HPOS="330" VPOS="583" WIDTH="102" HEIGHT="28" WC="0.96" CONTENT="riktighet"/><SP WIDTH="14" VPOS="583" HPOS="432"/>
							<String ID="string_91" HPOS="446" VPOS="583" WIDTH="117" HEIGHT="28" WC="0.93" CONTENT="bestyrker,"/><SP WIDTH="26" VPOS="583" HPOS="563"/>
							<String ID="string_92" HPOS="589" VPOS="583" WIDTH="3" HEIGHT="22" WC="0.90" CONTENT="å"/><SP WIDTH="15" VPOS="583" HPOS="592"/>
							<String ID="string_93" HPOS="607" VPOS="582" WIDTH="147" HEIGHT="28" WC="0.89" CONTENT="Domkapitlet"/><SP WIDTH="11" VPOS="582" HPOS="754"/>
							<String ID="string_94" HPOS="765" VPOS="583" WIDTH="7" HEIGHT="21" WC="0.96" CONTENT="i"/><SP WIDTH="11" VPOS="583" HPOS="772"/>
							<String ID="string_95" HPOS="783" VPOS="582" WIDTH="93" HEIGHT="28" WC="0.96" CONTENT="Nyslott,"/>
						</TextLine>
						<TextLine ID="line_13" HPOS="117" VPOS="612" WIDTH="271" HEIGHT="22">
							<String ID="string_96" HPOS="117" VPOS="613" WIDTH="40" HEIGHT="21" WC="0.96" CONTENT="den"/><SP WIDTH="16" VPOS="613" HPOS="157"/>
							<String ID="string_97" HPOS="173" VPOS="612" WIDTH="28" HEIGHT="21" WC="0.96" CONTENT="20"/><SP WIDTH="15" VPOS="612" HPOS="201"/>
							<String ID="string_98" HPOS="216" VPOS="612" WIDTH="94" HEIGHT="21" WC="0.96" CONTENT="februari"/><SP WIDTH="17" VPOS="612" HPOS="310"/>
							<String ID="string_99" HPOS="327" VPOS="613" WIDTH="61" HEIGHT="20" WC="0.96" CONTENT="1905."/>
						</TextLine>
					</TextBlock>
				</ComposedBlock>
				<ComposedBlock ID="cblock_4" HPOS="648" VPOS="651" WIDTH="159" HEIGHT="52">
					<TextBlock ID="block_4" HPOS="648" VPOS="651" WIDTH="159" HEIGHT="52">
						<TextLine ID="line_14" HPOS="648" VPOS="651" WIDTH="159" HEIGHT="22">
							<String ID="string_100" HPOS="648" VPOS="652" WIDTH="29" HEIGHT="21" WC="0.88" CONTENT="M."/><SP WIDTH="15" VPOS="652" HPOS="677"/>
							<String ID="string_101" HPOS="692" VPOS="652" WIDTH="26" HEIGHT="21" WC="0.86" CONTENT="N."/><SP WIDTH="16" VPOS="652" HPOS="718"/>
							<String ID="string_102" HPOS="734" VPOS="651" WIDTH="73" HEIGHT="22" WC="0.96" CONTENT="Lauha"/>
						</TextLine>
						<TextLine ID="line_15" HPOS="669" VPOS="685" WIDTH="126" HEIGHT="18">
							<String ID="string_103" HPOS="669" VPOS="687" WIDTH="12" HEIGHT="16" WC="0.88" CONTENT="t."/><SP WIDTH="12" VPOS="687" HPOS="681"/>
							<String ID="string_104" HPOS="693" VPOS="685" WIDTH="14" HEIGHT="18" WC="0.88" CONTENT="f."/><SP WIDTH="13" VPOS="685" HPOS="707"/>
							<String ID="string_105" HPOS="720" VPOS="685" WIDTH="75" HEIGHT="18" WC="0.96" CONTENT="notarie."/>
						</TextLine>
					</TextBlock>
				</ComposedBlock>
				<ComposedBlock ID="cblock_5" HPOS="116" VPOS="807" WIDTH="138" HEIGHT="57">
					<TextBlock ID="block_5" HPOS="116" VPOS="807" WIDTH="138" HEIGHT="57">
						<TextLine ID="line_16" HPOS="116" VPOS="807" WIDTH="138" HEIGHT="28">
							<String ID="string_106" HPOS="116" VPOS="807" WIDTH="138" HEIGHT="28" WC="0.32" CONTENT="Öfversättning"/>
						</TextLine>
						<TextLine ID="line_17" HPOS="141" VPOS="846" WIDTH="87" HEIGHT="18">
							<String ID="string_107" HPOS="141" VPOS="846" WIDTH="87" HEIGHT="18" WC="0.90" CONTENT="Afskrift."/>
						</TextLine>
					</TextBlock>
				</ComposedBlock>
				<ComposedBlock ID="cblock_6" HPOS="325" VPOS="904" WIDTH="553" HEIGHT="56">
					<TextBlock ID="block_6" HPOS="325" VPOS="904" WIDTH="553" HEIGHT="56">
						<TextLine ID="line_18" HPOS="394" VPOS="904" WIDTH="484" HEIGHT="28">
							<String ID="string_108" HPOS="394" VPOS="905" WIDTH="86" HEIGHT="27" WC="0.91" CONTENT="Utdrag"/><SP WIDTH="15" VPOS="905" HPOS="480"/>
							<String ID="string_109" HPOS="495" VPOS="912" WIDTH="25" HEIGHT="14" WC="0.93" CONTENT="ur"/><SP WIDTH="16" VPOS="912" HPOS="520"/>
							<String ID="string_110" HPOS="536" VPOS="905" WIDTH="157" HEIGHT="27" WC="0.92" CONTENT="Domkapitlets"/><SP WIDTH="11" VPOS="905" HPOS="693"/>
							<String ID="string_111" HPOS="704" VPOS="905" WIDTH="7" HEIGHT="21" WC="0.93" CONTENT="i"/><SP WIDTH="10" VPOS="905" HPOS="711"/>
							<String ID="string_112" HPOS="721" VPOS="905" WIDTH="99" HEIGHT="27" WC="0.93" CONTENT="Nyslotts"/><SP WIDTH="12" VPOS="905" HPOS="820"/>
							<String ID="string_113" HPOS="832" VPOS="904" WIDTH="46" HEIGHT="22" WC="0.96" CONTENT="stift"/>
						</TextLine>
						<TextLine ID="line_19" HPOS="325" VPOS="934" WIDTH="390" HEIGHT="26">
							<String ID="string_114" HPOS="325" VPOS="934" WIDTH="107" HEIGHT="26" WC="0.91" CONTENT="protokoll"/><SP WIDTH="16" VPOS="934" HPOS="432"/>
							<String ID="string_115" HPOS="448" VPOS="934" WIDTH="41" HEIGHT="21" WC="0.96" CONTENT="den"/><SP WIDTH="18" VPOS="934" HPOS="489"/>
							<String ID="string_116" HPOS="507" VPOS="934" WIDTH="26" HEIGHT="21" WC="0.96" CONTENT="13"/><SP WIDTH="15" VPOS="934" HPOS="533"/>
							<String ID="string_117" HPOS="548" VPOS="934" WIDTH="90" HEIGHT="21" WC="0.95" CONTENT="oktober"/><SP WIDTH="17" VPOS="934" HPOS="638"/>
							<String ID="string_118" HPOS="655" VPOS="934" WIDTH="60" HEIGHT="21" WC="0.96" CONTENT="1904."/>
						</TextLine>
					</TextBlock>
				</ComposedBlock>
				<ComposedBlock ID="cblock_7" HPOS="465" VPOS="996" WIDTH="62" HEIGHT="28">
					<TextBlock ID="block_7" HPOS="465" VPOS="996" WIDTH="62" HEIGHT="28">
						<TextLine ID="line_20" HPOS="465" VPOS="996" WIDTH="62" HEIGHT="28">
							<String ID="string_119" HPOS="465" VPOS="997" WIDTH="13" HEIGHT="27" WC="0.74" CONTENT="S"/><SP WIDTH="15" VPOS="997" HPOS="478"/>
							<String ID="string_120" HPOS="493" VPOS="996" WIDTH="34" HEIGHT="22" WC="0.96" CONTENT="55."/>
						</TextLine>
					</TextBlock>
				</ComposedBlock>
				<ComposedBlock ID="cblock_8" HPOS="118" VPOS="1059" WIDTH="762" HEIGHT="428">
					<TextBlock ID="block_8" HPOS="118" VPOS="1059" WIDTH="760" HEIGHT="142">
						<TextLine ID="line_21" HPOS="188" VPOS="1059" WIDTH="688" HEIGHT="27">
							<String ID="string_121" HPOS="188" VPOS="1060" WIDTH="22" HEIGHT="20" WC="0.71" CONTENT="T."/><SP WIDTH="16" VPOS="1060" HPOS="210"/>
							<String ID="string_122" HPOS="226" VPOS="1059" WIDTH="13" HEIGHT="21" WC="0.89" CONTENT="f."/><SP WIDTH="15" VPOS="1059" HPOS="239"/>
							<String ID="string_123" HPOS="254" VPOS="1059" WIDTH="148" HEIGHT="27" WC="0.95" CONTENT="kyrkoherden"/><SP WIDTH="15" VPOS="1059" HPOS="402"/>
							<String ID="string_124" HPOS="417" VPOS="1060" WIDTH="7" HEIGHT="20" WC="0.96" CONTENT="i"/><SP WIDTH="14" VPOS="1060" HPOS="424"/>
							<String ID="string_125" HPOS="438" VPOS="1060" WIDTH="107" HEIGHT="21" WC="0.96" CONTENT="Joutseno"/><SP WIDTH="16" VPOS="1060" HPOS="545"/>
							<String ID="string_126" HPOS="561" VPOS="1060" WIDTH="27" HEIGHT="21" WC="0.93" CONTENT="K."/><SP WIDTH="15" VPOS="1060" HPOS="588"/>
							<String ID="string_127" HPOS="603" VPOS="1060" WIDTH="54" HEIGHT="22" WC="0.80" CONTENT="Alfr,"/><SP WIDTH="15" VPOS="1060" HPOS="657"/>
							<String ID="string_128" HPOS="672" VPOS="1060" WIDTH="90" HEIGHT="21" WC="0.93" CONTENT="Kunnas"/><SP WIDTH="12" VPOS="1060" HPOS="762"/>
							<String ID="string_129" HPOS="774" VPOS="1060" WIDTH="102" HEIGHT="21" WC="0.92" CONTENT="insänder"/>
						</TextLine>
						<TextLine ID="line_22" HPOS="118" VPOS="1088" WIDTH="760" HEIGHT="28">
							<String ID="string_130" HPOS="118" VPOS="1088" WIDTH="7" HEIGHT="21" WC="0.93" CONTENT="i"/><SP WIDTH="15" VPOS="1088" HPOS="125"/>
							<String ID="string_131" HPOS="140" VPOS="1088" WIDTH="190" HEIGHT="27" WC="0.91" CONTENT="tjänsteskrifvelse"/><SP WIDTH="22" VPOS="1088" HPOS="330"/>
							<String ID="string_132" HPOS="352" VPOS="1088" WIDTH="41" HEIGHT="21" WC="0.96" CONTENT="N:o"/><SP WIDTH="23" VPOS="1088" HPOS="393"/>
							<String ID="string_133" HPOS="416" VPOS="1088" WIDTH="28" HEIGHT="21" WC="0.96" CONTENT="42"/><SP WIDTH="15" VPOS="1088" HPOS="444"/>
							<String ID="string_134" HPOS="459" VPOS="1088" WIDTH="24" HEIGHT="21" WC="0.96" CONTENT="af"/><SP WIDTH="16" VPOS="1088" HPOS="483"/>
							<String ID="string_135" HPOS="499" VPOS="1089" WIDTH="41" HEIGHT="21" WC="0.96" CONTENT="den"/><SP WIDTH="15" VPOS="1089" HPOS="540"/>
							<String ID="string_136" HPOS="555" VPOS="1088" WIDTH="28" HEIGHT="22" WC="0.96" CONTENT="26"/><SP WIDTH="16" VPOS="1088" HPOS="583"/>
							<String ID="string_137" HPOS="599" VPOS="1089" WIDTH="120" HEIGHT="27" WC="0.96" CONTENT="september"/><SP WIDTH="17" VPOS="1089" HPOS="719"/>
							<String ID="string_138" HPOS="736" VPOS="1088" WIDTH="61" HEIGHT="26" WC="0.93" CONTENT="1904,"/><SP WIDTH="13" VPOS="1088" HPOS="797"/>
							<String ID="string_139" HPOS="810" VPOS="1088" WIDTH="68" HEIGHT="27" WC="0.91" CONTENT="jämte"/>
						</TextLine>
						<TextLine ID="line_23" HPOS="119" VPOS="1116" WIDTH="759" HEIGHT="28">
							<String ID="string_140" HPOS="119" VPOS="1116" WIDTH="126" HEIGHT="28" WC="0.92" CONTENT="handlingar"/><SP WIDTH="19" VPOS="1116" HPOS="245"/>
							<String ID="string_141" HPOS="264" VPOS="1117" WIDTH="8" HEIGHT="21" WC="0.93" CONTENT="i"/><SP WIDTH="20" VPOS="1117" HPOS="272"/>
							<String ID="string_142" HPOS="292" VPOS="1117" WIDTH="70" HEIGHT="25" WC="0.90" CONTENT="mälet,"/><SP WIDTH="23" VPOS="1117" HPOS="362"/>
							<String ID="string_143" HPOS="385" VPOS="1116" WIDTH="77" HEIGHT="22" WC="0.91" CONTENT="äskadt"/><SP WIDTH="21" VPOS="1116" HPOS="462"/>
							<String ID="string_144" HPOS="483" VPOS="1117" WIDTH="98" HEIGHT="27" WC="0.90" CONTENT="yttrande"/><SP WIDTH="15" VPOS="1117" HPOS="581"/>
							<String ID="string_145" HPOS="596" VPOS="1118" WIDTH="7" HEIGHT="20" WC="0.90" CONTENT="i"/><SP WIDTH="15" VPOS="1118" HPOS="603"/>
							<String ID="string_146" HPOS="618" VPOS="1117" WIDTH="115" HEIGHT="27" WC="0.92" CONTENT="anledning"/><SP WIDTH="20" VPOS="1117" HPOS="733"/>
							<String ID="string_147" HPOS="753" VPOS="1117" WIDTH="24" HEIGHT="21" WC="0.96" CONTENT="af"/><SP WIDTH="13" VPOS="1117" HPOS="777"/>
							<String ID="string_148" HPOS="790" VPOS="1123" WIDTH="26" HEIGHT="15" WC="0.96" CONTENT="en"/><SP WIDTH="16" VPOS="1123" HPOS="816"/>
							<String ID="string_149" HPOS="832" VPOS="1118" WIDTH="46" HEIGHT="20" WC="0.96" CONTENT="mot"/>
						</TextLine>
						<TextLine ID="line_24" HPOS="120" VPOS="1144" WIDTH="757" HEIGHT="29">
							<String ID="string_150" HPOS="120" VPOS="1146" WIDTH="132" HEIGHT="20" WC="0.91" CONTENT="därvarande"/><SP WIDTH="14" VPOS="1146" HPOS="252"/>
							<String ID="string_151" HPOS="266" VPOS="1145" WIDTH="114" HEIGHT="21" WC="0.92" CONTENT="klockaren"/><SP WIDTH="15" VPOS="1145" HPOS="380"/>
							<String ID="string_152" HPOS="395" VPOS="1146" WIDTH="20" HEIGHT="21" WC="0.93" CONTENT="J."/><SP WIDTH="16" VPOS="1146" HPOS="415"/>
							<String ID="string_153" HPOS="431" VPOS="1145" WIDTH="97" HEIGHT="22" WC="0.92" CONTENT="Suninen"/><SP WIDTH="16" VPOS="1145" HPOS="528"/>
							<String ID="string_154" HPOS="544" VPOS="1146" WIDTH="62" HEIGHT="27" WC="0.92" CONTENT="gjord"/><SP WIDTH="15" VPOS="1146" HPOS="606"/>
							<String ID="string_155" HPOS="621" VPOS="1146" WIDTH="116" HEIGHT="27" WC="0.93" CONTENT="angifvelse"/><SP WIDTH="14" VPOS="1146" HPOS="737"/>
							<String ID="string_156" HPOS="751" VPOS="1146" WIDTH="51" HEIGHT="21" WC="0.93" CONTENT="med"/><SP WIDTH="15" VPOS="1146" HPOS="802"/>
							<String ID="string_157" HPOS="817" VPOS="1144" WIDTH="60" HEIGHT="22" WC="0.92" CONTENT="anfö-"/>
						</TextLine>
						<TextLine ID="line_25" HPOS="119" VPOS="1174" WIDTH="219" HEIGHT="27">
							<String ID="string_158" HPOS="119" VPOS="1174" WIDTH="66" HEIGHT="21" WC="0.91" CONTENT="rande"/><SP WIDTH="15" VPOS="1174" HPOS="185"/>
							<String ID="string_159" HPOS="200" VPOS="1174" WIDTH="23" HEIGHT="21" WC="0.96" CONTENT="af"/><SP WIDTH="13" VPOS="1174" HPOS="223"/>
							<String ID="string_160" HPOS="236" VPOS="1174" WIDTH="102" HEIGHT="27" WC="0.96" CONTENT="följande:"/>
						</TextLine>
					</TextBlock>
					<TextBlock ID="block_9" HPOS="119" VPOS="1202" WIDTH="761" HEIGHT="171">
						<TextLine ID="line_26" HPOS="190" VPOS="1202" WIDTH="690" HEIGHT="28">
							<String ID="string_161" HPOS="190" VPOS="1202" WIDTH="20" HEIGHT="27" WC="0.96" CONTENT="1)"/><SP WIDTH="16" VPOS="1202" HPOS="210"/>
							<String ID="string_162" HPOS="226" VPOS="1205" WIDTH="31" HEIGHT="19" WC="0.96" CONTENT="att"/><SP WIDTH="15" VPOS="1205" HPOS="257"/>
							<String ID="string_163" HPOS="272" VPOS="1203" WIDTH="41" HEIGHT="21" WC="0.93" CONTENT="han"/><SP WIDTH="16" VPOS="1203" HPOS="313"/>
							<String ID="string_164" HPOS="329" VPOS="1203" WIDTH="125" HEIGHT="27" WC="0.92" CONTENT="obetingadt"/><SP WIDTH="15" VPOS="1203" HPOS="454"/>
							<String ID="string_165" HPOS="469" VPOS="1203" WIDTH="102" HEIGHT="21" WC="0.93" CONTENT="vidhäller"/><SP WIDTH="11" VPOS="1203" HPOS="571"/>
							<String ID="string_166" HPOS="582" VPOS="1203" WIDTH="56" HEIGHT="22" WC="0.93" CONTENT="hvad"/><SP WIDTH="10" VPOS="1203" HPOS="638"/>
							<String ID="string_167" HPOS="648" VPOS="1203" WIDTH="41" HEIGHT="22" WC="0.96" CONTENT="han"/><SP WIDTH="1" VPOS="1203" HPOS="689"/>
							<String ID="string_168" HPOS="690" VPOS="1198" WIDTH="12" HEIGHT="36" WC="0.95" CONTENT="i"/><SP WIDTH="15" VPOS="1198" HPOS="702"/>
							<String ID="string_169" HPOS="717" VPOS="1203" WIDTH="32" HEIGHT="22" WC="0.93" CONTENT="sin"/><SP WIDTH="11" VPOS="1203" HPOS="749"/>
							<String ID="string_170" HPOS="760" VPOS="1203" WIDTH="120" HEIGHT="26" WC="0.93" CONTENT="förklaring"/>
						</TextLine>
						<TextLine ID="line_27" HPOS="119" VPOS="1231" WIDTH="759" HEIGHT="28">
							<String ID="string_171" HPOS="119" VPOS="1231" WIDTH="32" HEIGHT="22" WC="0.93" CONTENT="till"/><SP WIDTH="16" VPOS="1231" HPOS="151"/>
							<String ID="string_172" HPOS="167" VPOS="1231" WIDTH="139" HEIGHT="22" WC="0.91" CONTENT="Guvernören"/><SP WIDTH="16" VPOS="1231" HPOS="306"/>
							<String ID="string_173" HPOS="322" VPOS="1232" WIDTH="7" HEIGHT="20" WC="0.93" CONTENT="i"/><SP WIDTH="16" VPOS="1232" HPOS="329"/>
							<String ID="string_174" HPOS="345" VPOS="1231" WIDTH="93" HEIGHT="27" WC="0.92" CONTENT="Viborgs"/><SP WIDTH="16" VPOS="1231" HPOS="438"/>
							<String ID="string_175" HPOS="454" VPOS="1231" WIDTH="35" HEIGHT="22" WC="0.96" CONTENT="län"/><SP WIDTH="16" VPOS="1231" HPOS="489"/>
							<String ID="string_176" HPOS="505" VPOS="1232" WIDTH="49" HEIGHT="21" WC="0.92" CONTENT="med"/><SP WIDTH="15" VPOS="1232" HPOS="554"/>
							<String ID="string_177" HPOS="569" VPOS="1232" WIDTH="116" HEIGHT="27" WC="0.92" CONTENT="anledning"/><SP WIDTH="14" VPOS="1232" HPOS="685"/>
							<String ID="string_178" HPOS="699" VPOS="1231" WIDTH="23" HEIGHT="22" WC="0.96" CONTENT="af"/><SP WIDTH="15" VPOS="1231" HPOS="722"/>
							<String ID="string_179" HPOS="737" VPOS="1232" WIDTH="36" HEIGHT="21" WC="0.96" CONTENT="det"/><SP WIDTH="14" VPOS="1232" HPOS="773"/>
							<String ID="string_180" HPOS="787" VPOS="1232" WIDTH="91" HEIGHT="26" WC="0.96" CONTENT="tidigare"/>
						</TextLine>
						<TextLine ID="line_28" HPOS="119" VPOS="1260" WIDTH="761" HEIGHT="27">
							<String ID="string_181" HPOS="119" VPOS="1260" WIDTH="118" HEIGHT="21" WC="0.93" CONTENT="käromälet"/><SP WIDTH="19" VPOS="1260" HPOS="237"/>
							<String ID="string_182" HPOS="256" VPOS="1262" WIDTH="46" HEIGHT="19" WC="0.97" CONTENT="mot"/><SP WIDTH="19" VPOS="1262" HPOS="302"/>
							<String ID="string_183" HPOS="321" VPOS="1261" WIDTH="20" HEIGHT="21" WC="0.93" CONTENT="J."/><SP WIDTH="21" VPOS="1261" HPOS="341"/>
							<String ID="string_184" HPOS="362" VPOS="1260" WIDTH="96" HEIGHT="21" WC="0.91" CONTENT="Suninen"/><SP WIDTH="21" VPOS="1260" HPOS="458"/>
							<String ID="string_185" HPOS="479" VPOS="1260" WIDTH="71" HEIGHT="21" WC="0.91" CONTENT="anfört"/><SP WIDTH="19" VPOS="1260" HPOS="550"/>
							<String ID="string_186" HPOS="569" VPOS="1261" WIDTH="39" HEIGHT="20" WC="0.93" CONTENT="och"/><SP WIDTH="15" VPOS="1261" HPOS="608"/>
							<String ID="string_187" HPOS="623" VPOS="1261" WIDTH="46" HEIGHT="21" WC="0.92" CONTENT="icke"/><SP WIDTH="14" VPOS="1261" HPOS="669"/>
							<String ID="string_188" HPOS="683" VPOS="1260" WIDTH="80" HEIGHT="22" WC="0.91" CONTENT="förmär"/><SP WIDTH="15" VPOS="1260" HPOS="763"/>
							<String ID="string_189" HPOS="778" VPOS="1260" WIDTH="58" HEIGHT="26" WC="0.96" CONTENT="fatta,"/><SP WIDTH="15" VPOS="1260" HPOS="836"/>
							<String ID="string_190" HPOS="851" VPOS="1260" WIDTH="29" HEIGHT="27" WC="0.97" CONTENT="pä"/>
						</TextLine>
						<TextLine ID="line_29" HPOS="119" VPOS="1288" WIDTH="759" HEIGHT="29">
							<String ID="string_191" HPOS="119" VPOS="1289" WIDTH="85" HEIGHT="20" WC="0.92" CONTENT="hvilken"/><SP WIDTH="12" VPOS="1289" HPOS="204"/>
							<String ID="string_192" HPOS="216" VPOS="1289" WIDTH="70" HEIGHT="26" WC="0.93" CONTENT="grund"/><SP WIDTH="11" VPOS="1289" HPOS="286"/>
							<String ID="string_193" HPOS="297" VPOS="1289" WIDTH="140" HEIGHT="21" WC="0.92" CONTENT="Guvernören"/><SP WIDTH="11" VPOS="1289" HPOS="437"/>
							<String ID="string_194" HPOS="448" VPOS="1288" WIDTH="108" HEIGHT="22" WC="0.93" CONTENT="förmenar"/><SP WIDTH="11" VPOS="1288" HPOS="556"/>
							<String ID="string_195" HPOS="567" VPOS="1289" WIDTH="53" HEIGHT="22" WC="0.93" CONTENT="hans"/><SP WIDTH="10" VPOS="1289" HPOS="620"/>
							<String ID="string_196" HPOS="630" VPOS="1289" WIDTH="99" HEIGHT="28" WC="0.93" CONTENT="yttrande"/><SP WIDTH="10" VPOS="1289" HPOS="729"/>
							<String ID="string_197" HPOS="739" VPOS="1295" WIDTH="51" HEIGHT="16" WC="0.93" CONTENT="vara"/><SP WIDTH="11" VPOS="1295" HPOS="790"/>
							<String ID="string_198" HPOS="801" VPOS="1295" WIDTH="77" HEIGHT="15" WC="0.92" CONTENT="osann-"/>
						</TextLine>
						<TextLine ID="line_30" HPOS="119" VPOS="1317" WIDTH="760" HEIGHT="28">
							<String ID="string_199" HPOS="119" VPOS="1317" WIDTH="84" HEIGHT="27" WC="0.92" CONTENT="färdigt,"/><SP WIDTH="16" VPOS="1317" HPOS="203"/>
							<String ID="string_200" HPOS="219" VPOS="1317" WIDTH="27" HEIGHT="21" WC="0.96" CONTENT="dä"/><SP WIDTH="14" VPOS="1317" HPOS="246"/>
							<String ID="string_201" HPOS="260" VPOS="1317" WIDTH="42" HEIGHT="22" WC="0.93" CONTENT="han"/><SP WIDTH="14" VPOS="1317" HPOS="302"/>
							<String ID="string_202" HPOS="316" VPOS="1317" WIDTH="104" HEIGHT="27" WC="0.91" CONTENT="iakttagit,"/><SP WIDTH="16" VPOS="1317" HPOS="420"/>
							<String ID="string_203" HPOS="436" VPOS="1319" WIDTH="32" HEIGHT="20" WC="0.96" CONTENT="att"/><SP WIDTH="15" VPOS="1319" HPOS="468"/>
							<String ID="string_204" HPOS="483" VPOS="1317" WIDTH="26" HEIGHT="22" WC="0.97" CONTENT="de"/><SP WIDTH="16" VPOS="1317" HPOS="509"/>
							<String ID="string_205" HPOS="525" VPOS="1317" WIDTH="114" HEIGHT="28" WC="0.96" CONTENT="uppgifter,"/><SP WIDTH="15" VPOS="1317" HPOS="639"/>
							<String ID="string_206" HPOS="654" VPOS="1318" WIDTH="27" HEIGHT="27" WC="0.93" CONTENT="pä"/><SP WIDTH="15" VPOS="1318" HPOS="681"/>
							<String ID="string_207" HPOS="696" VPOS="1318" WIDTH="71" HEIGHT="21" WC="0.93" CONTENT="hvilka"/><SP WIDTH="10" VPOS="1318" HPOS="767"/>
							<String ID="string_208" HPOS="777" VPOS="1317" WIDTH="102" HEIGHT="27" WC="0.92" CONTENT="angifvel-"/>
						</TextLine>
						<TextLine ID="line_31" HPOS="120" VPOS="1346" WIDTH="545" HEIGHT="27">
							<String ID="string_209" HPOS="120" VPOS="1352" WIDTH="38" HEIGHT="15" WC="0.96" CONTENT="sen"/><SP WIDTH="15" VPOS="1352" HPOS="158"/>
							<String ID="string_210" HPOS="173" VPOS="1352" WIDTH="38" HEIGHT="15" WC="0.96" CONTENT="var"/><SP WIDTH="17" VPOS="1352" HPOS="211"/>
							<String ID="string_211" HPOS="228" VPOS="1346" WIDTH="102" HEIGHT="27" WC="0.93" CONTENT="grundad,"/><SP WIDTH="15" VPOS="1346" HPOS="330"/>
							<String ID="string_212" HPOS="345" VPOS="1352" WIDTH="53" HEIGHT="15" WC="0.92" CONTENT="voro"/><SP WIDTH="17" VPOS="1352" HPOS="398"/>
							<String ID="string_213" HPOS="415" VPOS="1346" WIDTH="136" HEIGHT="21" WC="0.92" CONTENT="sinsemellan"/><SP WIDTH="17" VPOS="1346" HPOS="551"/>
							<String ID="string_214" HPOS="568" VPOS="1347" WIDTH="97" HEIGHT="26" WC="0.93" CONTENT="stridiga;"/>
						</TextLine>
					</TextBlock>
					<TextBlock ID="block_10" HPOS="119" VPOS="1374" WIDTH="759" HEIGHT="113">
						<TextLine ID="line_32" HPOS="188" VPOS="1374" WIDTH="690" HEIGHT="27">
							<String ID="string_215" HPOS="188" VPOS="1376" WIDTH="32" HEIGHT="19" WC="0.94" CONTENT="att"/><SP WIDTH="21" VPOS="1376" HPOS="220"/>
							<String ID="string_216" HPOS="241" VPOS="1375" WIDTH="41" HEIGHT="20" WC="0.94" CONTENT="han"/><SP WIDTH="23" VPOS="1375" HPOS="282"/>
							<String ID="string_217" HPOS="305" VPOS="1375" WIDTH="39" HEIGHT="21" WC="0.93" CONTENT="och"/><SP WIDTH="18" VPOS="1375" HPOS="344"/>
							<String ID="string_218" HPOS="362" VPOS="1375" WIDTH="115" HEIGHT="21" WC="0.92" CONTENT="klockaren"/><SP WIDTH="18" VPOS="1375" HPOS="477"/>
							<String ID="string_219" HPOS="495" VPOS="1375" WIDTH="94" HEIGHT="21" WC="0.93" CONTENT="Suninen"/><SP WIDTH="16" VPOS="1375" HPOS="589"/>
							<String ID="string_220" HPOS="605" VPOS="1375" WIDTH="6" HEIGHT="21" WC="0.96" CONTENT="i"/><SP WIDTH="16" VPOS="1375" HPOS="611"/>
							<String ID="string_221" HPOS="627" VPOS="1375" WIDTH="57" HEIGHT="22" WC="0.93" CONTENT="tiden"/><SP WIDTH="16" VPOS="1375" HPOS="684"/>
							<String ID="string_222" HPOS="700" VPOS="1375" WIDTH="100" HEIGHT="21" WC="0.93" CONTENT="samtalat"/><SP WIDTH="14" VPOS="1375" HPOS="800"/>
							<String ID="string_223" HPOS="814" VPOS="1374" WIDTH="64" HEIGHT="27" WC="0.92" CONTENT="angä-"/>
						</TextLine>
						<TextLine ID="line_33" HPOS="119" VPOS="1403" WIDTH="758" HEIGHT="28">
							<String ID="string_224" HPOS="119" VPOS="1403" WIDTH="55" HEIGHT="21" WC="0.91" CONTENT="ende"/><SP WIDTH="22" VPOS="1403" HPOS="174"/>
							<String ID="string_225" HPOS="196" VPOS="1403" WIDTH="92" HEIGHT="22" WC="0.92" CONTENT="firandet"/><SP WIDTH="20" VPOS="1403" HPOS="288"/>
							<String ID="string_226" HPOS="308" VPOS="1403" WIDTH="22" HEIGHT="21" WC="0.96" CONTENT="af"/><SP WIDTH="14" VPOS="1403" HPOS="330"/>
							<String ID="string_227" HPOS="344" VPOS="1409" WIDTH="26" HEIGHT="16" WC="0.93" CONTENT="en"/><SP WIDTH="16" VPOS="1409" HPOS="370"/>
							<String ID="string_228" HPOS="386" VPOS="1403" WIDTH="193" HEIGHT="27" WC="0.92" CONTENT="äminnelsehögtid"/><SP WIDTH="22" VPOS="1403" HPOS="579"/>
							<String ID="string_229" HPOS="601" VPOS="1404" WIDTH="48" HEIGHT="21" WC="0.92" CONTENT="med"/><SP WIDTH="22" VPOS="1404" HPOS="649"/>
							<String ID="string_230" HPOS="671" VPOS="1404" WIDTH="115" HEIGHT="27" WC="0.92" CONTENT="anledning"/><SP WIDTH="15" VPOS="1404" HPOS="786"/>
							<String ID="string_231" HPOS="801" VPOS="1403" WIDTH="23" HEIGHT="21" WC="0.96" CONTENT="af"/><SP WIDTH="13" VPOS="1403" HPOS="824"/>
							<String ID="string_232" HPOS="837" VPOS="1403" WIDTH="40" HEIGHT="21" WC="0.96" CONTENT="den"/>
						</TextLine>
						<TextLine ID="line_34" HPOS="120" VPOS="1431" WIDTH="758" HEIGHT="28">
							<String ID="string_233" HPOS="120" VPOS="1431" WIDTH="120" HEIGHT="27" WC="0.89" CONTENT="Kejserliga"/><SP WIDTH="15" VPOS="1431" HPOS="240"/>
							<String ID="string_234" HPOS="255" VPOS="1431" WIDTH="106" HEIGHT="28" WC="0.91" CONTENT="familjens"/><SP WIDTH="15" VPOS="1431" HPOS="361"/>
							<String ID="string_235" HPOS="376" VPOS="1432" WIDTH="123" HEIGHT="21" WC="0.92" CONTENT="underbara"/><SP WIDTH="15" VPOS="1432" HPOS="499"/>
							<String ID="string_236" HPOS="514" VPOS="1433" WIDTH="106" HEIGHT="26" WC="0.91" CONTENT="räddning"/><SP WIDTH="17" VPOS="1433" HPOS="620"/>
							<String ID="string_237" HPOS="637" VPOS="1433" WIDTH="35" HEIGHT="20" WC="0.93" CONTENT="vid"/><SP WIDTH="13" VPOS="1433" HPOS="672"/>
							<String ID="string_238" HPOS="685" VPOS="1431" WIDTH="193" HEIGHT="28" WC="0.92" CONTENT="järnvägsolyckan"/>
						</TextLine>
						<TextLine ID="line_35" HPOS="119" VPOS="1460" WIDTH="405" HEIGHT="27">
							<String ID="string_239" HPOS="119" VPOS="1460" WIDTH="36" HEIGHT="21" WC="0.93" CONTENT="vid"/><SP WIDTH="16" VPOS="1460" HPOS="155"/>
							<String ID="string_240" HPOS="171" VPOS="1460" WIDTH="65" HEIGHT="21" WC="0.92" CONTENT="Borki"/><SP WIDTH="16" VPOS="1460" HPOS="236"/>
							<String ID="string_241" HPOS="252" VPOS="1461" WIDTH="40" HEIGHT="20" WC="0.96" CONTENT="den"/><SP WIDTH="16" VPOS="1461" HPOS="292"/>
							<String ID="string_242" HPOS="308" VPOS="1461" WIDTH="28" HEIGHT="20" WC="0.96" CONTENT="29"/><SP WIDTH="16" VPOS="1461" HPOS="336"/>
							<String ID="string_243" HPOS="352" VPOS="1460" WIDTH="90" HEIGHT="22" WC="0.94" CONTENT="oktober"/><SP WIDTH="17" VPOS="1460" HPOS="442"/>
							<String ID="string_244" HPOS="459" VPOS="1461" WIDTH="65" HEIGHT="26" WC="0.96" CONTENT="1888;"/>
						</TextLine>
					</TextBlock>
				</ComposedBlock>
			</PrintSpace>
		</Page>
	</Layout>
</alto>
