1111 1767
240 142 22 17 26
468 141 218 18 Motionsbetänkande
699 141 37 18 N:o
749 141 16 18 1.

239 201 68 21 dessa
323 201 41 22 och
379 201 84 29 jemväl
479 201 66 28 eljest
560 201 58 22 inför
634 201 170 27 offentligheten
818 200 78 30 yrkats
908 202 28 27 pä
946 200 48 22 för-

238 237 128 27 bättringar
382 237 6 21 i
404 236 172 28 lagstiftningen
593 236 117 28 angäende
727 236 92 23 berörda
834 236 87 22 handel.

311 272 10 22 I
337 273 162 27 motiveringen
515 272 34 22 till
564 272 152 28 föreliggande
733 272 208 22 motionsmemoria!
952 272 42 22 har

238 308 138 22 framhällits
396 308 27 22 de
443 308 104 28 skadliga
568 308 79 29 följder
671 308 136 22 missbruket
823 308 24 22 af
862 308 132 29 rusdrycker

240 344 90 22 medför.
363 344 136 22 Statistiken
520 344 151 28 ädagalägger
687 344 136 28 visserligen,
840 345 35 21 att
891 344 100 22 alkohol-

239 380 175 22 konsumtionen
430 387 38 22 per
483 380 85 22 individ
584 381 7 21 i
607 380 96 22 Finland
720 382 24 20 är
760 380 84 22 mindre
861 382 29 20 än
906 380 7 22 i
924 381 69 27 nägot

240 417 72 20 annat
328 416 53 21 land
397 416 8 21 i
421 416 94 29 Europa,
537 423 51 15 men
604 416 58 22 huru
678 416 119 29 glädjande
813 423 26 15 en
856 416 71 22 sädan
943 417 50 21 sta-

239 451 65 22 tistik
324 453 29 20 än
374 453 31 26 är,
429 451 46 22 kan
499 451 131 22 densamma
654 451 55 22 dock
733 452 49 21 icke
805 451 128 30 öfverskyla
955 451 37 22 det

240 487 96 28 sorgliga
352 487 41 22 och
409 487 36 22 väl
463 487 77 22 kända
557 487 97 28 faktum,
680 489 34 20 att
734 487 73 30 fylleri
826 487 40 22 hos
881 495 37 14 oss
933 487 58 22 före-

240 523 102 21 kommer
357 523 54 22 vida
427 523 72 22 oftare
516 525 28 20 än
560 524 8 21 i
584 525 92 26 mänget
691 523 58 29 land,
763 523 38 22 der
812 523 179 22 medelkonsum-

238 559 78 21 tionen
336 561 26 19 är
380 560 77 27 större,
477 559 41 22 och
535 560 33 21 att
583 559 111 29 följderna
709 559 24 22 af
749 559 242 30 dryckenskapslasten

238 594 42 22 här
304 596 63 20 ännu
387 595 126 22 framträda
532 595 7 21 i
560 597 29 20 all
609 595 35 22 sin
663 595 110 22 krasshet.
805 595 85 29 Tyvärr
905 595 88 22 utvisar

239 631 41 21 vär
296 630 221 23 brottmälsstatistik
533 631 55 28 icke,
606 631 58 22 huru
680 633 83 26 mänga
779 631 60 22 brott
854 632 7 21 i
877 632 51 21 värt
938 631 53 22 land

240 665 84 28 årligen
348 666 129 22 föranledas
501 666 24 22 af
547 667 113 28 omåttligt
675 667 130 22 förtärande
821 667 23 22 af
859 667 133 28 rusdrycker

239 702 42 21 och
297 704 63 20 ännu
381 703 84 21 mindre
489 702 97 28 framgär
606 710 26 14 ur
654 702 137 29 densamma,
809 703 7 21 i
831 703 91 22 hvilken
939 703 52 21 män

239 737 67 22 dessa
322 738 95 29 drycker
432 745 79 21 genom
528 738 42 22 den
585 739 24 21 af
620 739 50 21 dem
680 739 145 22 förorsakade
836 739 155 28 pauperismen

238 773 42 22 och
296 774 107 21 sedernas
424 774 133 28 försämring
577 774 125 22 medelbart
717 775 96 22 inverka
828 776 29 27 pä
872 774 120 22 kriminali-

239 810 70 21 teten.
341 809 30 22 Af
390 810 86 22 mindre
495 810 116 29 betydelse
631 813 31 24 är,
679 812 35 20 att
730 812 15 21 t.
761 818 33 14 ex.
811 811 25 21 är
854 810 55 22 1903
925 810 66 28 8,712

240 852 104 22 personer
360 846 32 28 (är
410 846 57 21 1902
482 846 73 28 7,149)
579 846 107 22 ädömdes
710 847 67 21 straff
795 846 34 22 för
848 846 72 29 fylleri
939 846 53 21 eller

238 882 37 21 att
295 881 67 28 3,845
383 889 105 21 personer
507 881 32 29 (är
557 882 56 21 1902
629 882 73 29 3,433)
718 882 34 22 för
768 882 59 29 oljud
844 882 52 22 eller
911 882 50 27 ofog
977 883 14 20 &

238 917 85 22 allmän
346 917 67 28 plats,
437 917 78 22 hvilka
536 917 143 29 förbrytelser
698 917 71 23 oftast
790 920 38 19 äro
843 917 149 22 framkallade

239 952 24 22 af
278 953 81 29 fylleri,
376 960 89 15 samma
480 954 25 21 är
519 953 75 22 blefvo
610 954 67 21 straff
690 953 103 23 ädömda.
819 953 50 22 Men
880 954 110 29 drycken-

239 989 158 28 skapslastens
420 989 127 29 inflytande
567 991 29 28 pä
616 989 174 23 kriminaliteten
810 992 25 19 är
850 989 68 22 äfven
935 991 56 20 utan

238 1025 74 27 någon
339 1025 96 22 särskild
461 1025 101 22 statistik
588 1025 91 22 erkänd.
720 1026 57 21 Lika
803 1026 49 21 litet
883 1025 109 22 erfordrar

237 1060 202 29 dryckenskapens
449 1061 108 22 inverkan
568 1062 30 28 på
613 1061 27 22 de
657 1061 146 22 ekonomiska
818 1061 173 22 förhållandena

237 1097 6 20 i
260 1096 80 22 landet
355 1097 76 21 vidare
448 1097 123 28 utredning.
602 1097 10 22 I
635 1097 42 22 sist
700 1097 103 30 antydda
826 1097 105 22 afseende
953 1098 38 21 må

237 1132 83 22 endast
336 1132 106 29 påpekas,
467 1134 35 21 att
525 1133 69 22 under
618 1134 53 21 åren
697 1133 146 22 1898—1902
867 1133 80 22 värdet
967 1133 24 22 af

238 1168 33 21 till
294 1168 79 22 landet
397 1169 147 28 importerade
570 1169 176 28 alkoholhaltiga
772 1169 92 28 drycker
891 1168 100 29 utgjorde

237 1203 136 29 29,045,648
389 1204 38 21 mk
443 1205 41 21 och
500 1205 35 21 att
551 1204 69 23 under
636 1212 88 15 samma
739 1205 160 29 femårsperiod
909 1205 82 22 värdet

237 1239 24 22 af
277 1240 7 21 i
301 1240 77 22 landet
401 1240 132 22 tillverkade
554 1240 93 29 drycker
663 1241 23 21 af
702 1241 123 22 enahanda
841 1241 35 21 art
892 1242 49 26 steg
956 1240 35 22 till

237 1275 135 27 67,823,983
389 1276 44 21 mk.

310 1311 78 22 Redan
412 1311 65 28 länge
501 1312 40 21 har
564 1312 40 22 hos
628 1320 36 14 oss
688 1312 242 29 dryckenskapslasten
949 1313 41 21 be-

236 1346 108 29 kämpats
360 1348 29 28 på
405 1346 176 30 öfvertygelsens
597 1350 51 26 väg,
665 1348 41 22 och
722 1347 158 28 obestridligen
896 1348 41 21 har
947 1348 43 21 den

236 1382 112 28 lifaktiga,
373 1383 118 27 energiska
514 1383 150 28 verksamhet,
689 1391 48 15 som
761 1384 105 22 öfverallt
886 1383 7 21 i
914 1383 77 22 landet

236 1418 51 22 från
304 1418 304 29 nykterhetsföreningarnas
619 1419 49 22 sida
679 1420 137 26 utvecklats,
828 1419 163 22 åstadkommit
