1114 1775
258 159 85 23 Ständ.
359 160 53 22 Pet.
431 172 26 3 —
472 160 174 22 Petitionsbet.
662 159 43 23 N:o
723 160 20 22 7.
851 159 29 21 45

185 231 32 19 att
231 228 147 22 Prokuratorn
393 229 67 20 måtte
476 228 97 22 meddela
583 228 80 22 honom
674 229 157 21 underrättelse
842 235 37 15 om

117 258 27 21 de
159 257 105 27 åtgärder,
280 257 71 21 hvilka
365 258 7 20 i
387 257 59 21 detta
461 257 80 21 ärende
556 258 104 26 vidtagas.

187 286 18 21 2.
236 286 145 26 Domkapitlet
402 285 108 22 infordrar
525 286 7 20 i
548 285 111 22 skrifvelse
683 286 40 21 N:o
743 286 41 21 728
800 286 23 21 af
837 286 41 21 den

118 315 26 20 17
160 314 58 21 Mars
233 315 191 26 pastorsämbetets
440 315 7 20 i
461 315 107 20 Joutseno
583 314 100 27 yttrande
699 314 7 21 i
721 315 72 20 saken.

187 343 18 21 3.
235 343 23 21 T.
279 343 14 20 f.
314 342 149 27 kyrkoherden
479 343 7 20 i
500 343 107 22 Joutseno
624 343 26 21 K.
665 342 54 22 Alfr.
735 343 90 21 Kunnas
841 350 36 14 an-

116 371 34 22 för
165 371 7 21 i
187 371 112 22 skrifvelse
313 371 41 22 N:o
371 371 27 21 14
413 371 22 21 af
449 371 41 21 den
506 371 29 21 24
549 378 58 14 mars
624 371 61 26 1904,

187 402 31 19 att
232 400 42 21 han
289 400 7 21 i
312 401 107 26 egenskap
441 399 23 22 af
483 400 113 21 klockaren
619 400 71 22 Johan
707 400 108 21 Suninens
830 402 49 19 när-

118 431 69 19 maste
201 429 82 21 förman
299 429 68 26 aldrig
382 429 45 21 hatt
443 429 45 20 skäl
504 435 38 15 ens
558 431 32 19 att
600 429 81 21 tilldela
691 429 78 21 honom
782 429 96 27 varning,

118 459 27 20 än
161 458 83 21 mindre
259 459 31 19 att
302 460 45 19 mot
362 457 79 22 honom
452 457 87 27 vidtaga
549 457 136 27 disciplinära
701 458 105 27 ätgärder,
827 460 52 19 enär

119 486 74 22 denne,
216 486 55 21 hvad
293 486 104 21 lefvernet
419 486 106 24 beträffar,
546 488 23 19 är
585 493 26 14 en
628 485 108 28 oförvitlig
751 493 49 15 man
816 486 41 21 och
873 487 7 20 i

119 515 47 21 sina
181 515 205 26 tjänsteäligganden
402 515 89 26 ödmjuk
507 515 39 21 och
562 515 143 26 plikttrogen
692 511 16 35 ;

188 545 31 19 att
237 543 114 21 klockaren
372 543 95 22 Suninen
483 543 69 27 aldrig
568 543 67 27 glömt
650 543 26 21 de
692 544 188 24 andaktsstunder,

119 578 48 16 som
182 572 28 27 pä
225 572 120 27 Kejserliga
359 572 155 28 högtidsdagar
530 572 52 21 böra
597 572 74 26 hällas,
687 574 26 20 än
729 572 84 22 mindre
828 574 51 26 väg-

119 603 34 19 rat
167 601 50 21 att
214 597 12 35 i
232 601 48 21 dem
296 601 95 27 deltaga;

189 631 31 19 att
234 630 41 21 han
291 632 92 19 tvärtom
399 630 60 21 alltid
474 630 29 26 pä
517 631 68 19 utsatt
606 630 31 21 tid
652 629 94 22 infunnit
760 630 35 27 sig
809 630 7 21 i
830 630 50 27 kyr-

119 658 42 21 kan
183 658 34 21 för
238 660 31 20 att
291 658 90 22 förrätta
403 658 33 21 sin
457 658 73 28 tjänst,
546 658 24 21 sä
585 658 39 22 ock
639 658 28 26 pä
682 658 61 22 Hans
759 658 121 28 Kejserliga

119 686 112 28 Majestäts
246 687 56 27 höga
317 687 119 27 namnsdag
451 687 41 21 den
510 687 25 21 19
552 687 112 21 december
681 688 65 23 1903;

189 717 32 19 att
239 716 48 24 han,
310 718 15 19 t.
339 715 14 21 f.
370 716 155 26 kyrkoherden,
541 715 132 22 beträffande
689 716 36 21 det
739 716 7 21 i
761 716 119 21 käromälet

120 744 93 21 nämnda
238 744 119 27 betydande
386 744 184 27 meningsutbytet
601 744 66 22 bland
691 744 67 22 folket
783 744 38 21 har
847 745 34 27 sig

120 773 55 21 intet
189 773 84 22 bekant.
295 773 80 21 hvilket
394 773 81 27 jämväl
491 776 23 18 är
529 773 109 27 naturligt,
655 773 88 21 emedan
759 774 71 26 någon
847 780 34 14 or-

121 801 39 22 sak
175 801 70 21 därtill
260 802 17 26 ej
294 801 133 26 förefunnits,
444 804 57 19 samt
515 803 32 19 att
561 802 67 26 enligt
643 801 59 25 hans,
716 805 14 18 t.
740 802 14 21 f.
764 802 116 26 kyrkoher-

122 830 59 26 dens,
203 830 141 27 öfvertygelse
367 831 40 21 den
430 830 52 21 eller
503 830 32 26 de,
551 837 46 14 som
612 830 91 22 kommit
718 830 163 28 ifrågavarande

121 858 94 22 käromål
239 859 67 25 åstad,
329 859 136 27 synbarligen
488 859 105 21 åsidosatt
615 859 27 21 all
668 859 151 27 anständighet
841 859 40 21 och

122 887 92 27 sanning
233 889 56 20 samt
309 888 49 21 med
374 887 46 22 sina
436 888 117 26 grundlösa
570 887 108 28 uppgifter
693 887 64 22 afsett
771 889 32 20 att
818 887 61 22 vilse-

122 915 48 22 leda
183 916 64 27 Höga
263 911 141 26 Öfverhetens
420 915 234 28 befallningshafvande
669 917 7 19 i
693 916 54 27 syfte
761 918 32 19 att
808 916 71 27 dyme-

122 944 56 21 delst
196 944 66 21 skada
277 951 26 14 en
319 945 146 26 medborgare,
481 945 86 21 hvilken
582 945 7 20 i
604 945 111 21 årtionden
733 945 48 21 med
799 945 81 20 erkänd

123 972 143 28 oförvitlighet
285 973 74 22 verkat
379 973 71 22 såsom
471 974 54 21 både
541 973 146 22 ecklesiastisk
702 973 39 21 och
756 973 125 22 kommunal

122 1001 128 27 tjänsteman
266 1002 13 21 å
293 1004 68 19 orten.

191 1030 120 21 Assessorn
332 1031 99 21 Auvinen
455 1031 121 21 refererade
597 1031 65 20 målet
677 1031 27 26 på
718 1030 95 27 följande
829 1032 52 19 sätt:

123 1059 32 21 På
170 1059 69 26 grund
254 1059 23 21 af
290 1059 36 21 det
341 1059 128 27 föregående
480 1059 129 25 hemställes,
622 1061 31 19 att
663 1059 68 21 ehuru
742 1059 109 22 utlåtande
861 1059 24 21 af

123 1087 147 22 Prokuratorn
290 1088 47 21 icke
355 1088 78 26 äskats,
455 1090 31 19 ett
501 1088 76 21 sådant
592 1087 23 22 af
628 1087 92 27 följande
735 1087 94 22 innehåll
843 1087 39 22 lik-

123 1116 34 21 väl
172 1116 65 21 måtte
252 1115 23 22 af
288 1116 146 27 Domkapitlet
448 1116 100 27 afgifvas:

192 1145 50 21 Med
263 1145 150 21 återställande
434 1145 23 21 af
471 1145 153 22 Guvernörens
639 1145 7 21 i
662 1145 93 26 Viborgs
770 1145 35 20 län
822 1144 62 21 skrif-

123 1173 59 21 velse
197 1173 40 22 N:o
253 1173 40 22 241
310 1173 23 22 af
346 1174 40 21 den
404 1174 65 21 16/29
484 1174 95 22 februari
596 1174 55 22 1904
666 1174 31 21 till
713 1174 148 21 Prokuratorn
876 1174 8 20 i

124 1202 120 27 Kejserliga
259 1202 91 22 Senaten
367 1202 32 22 för
414 1202 94 22 Finland
523 1202 38 22 har
577 1203 146 26 Domkapitlet
733 1202 88 22 härmed
831 1204 52 19 äran

123 1231 90 21 insända
229 1233 14 19 t.
258 1230 13 22 f.
286 1231 160 27 kyrkoherdens
458 1232 7 20 i
475 1232 107 21 Joutseno
594 1232 26 21 K.
631 1231 52 21 Alfr.
695 1230 97 22 Kunnas”
803 1231 41 21 den
856 1231 28 21 24

124 1259 58 21 Mars
199 1260 55 21 1904
268 1260 106 26 daterade,
389 1260 32 21 till
433 1260 149 26 Domkapitlet
596 1260 80 27 afgifna
690 1260 104 27 yttrande,
809 1259 77 21 hvaraf

124 1287 100 28 framgär,
240 1290 31 20 att
285 1291 15 19 t.
315 1288 13 21 f.
343 1288 150 28 kyrkoherden
505 1290 7 20 i
523 1289 108 27 egenskap
647 1288 23 22 af
682 1289 115 21 klockaren
812 1288 71 22 Johan

125 1316 107 22 Suninens
254 1319 108 19 närmaste
384 1317 83 21 förman
491 1317 69 27 aldrig
574 1317 45 22 haft
639 1317 45 21 skäl
700 1319 31 19 att
747 1324 38 14 ens
803 1316 82 22 tilldela

125 1344 68 22 denne
208 1346 95 26 varning,
319 1348 26 19 än
362 1346 82 21 mindre
459 1348 33 19 att
507 1348 45 19 mot
562 1346 79 21 honom
653 1346 85 27 vidtaga
748 1346 137 26 disciplinära

125 1373 104 27 ätgärder,
245 1376 51 20 enär
318 1374 41 22 han
382 1375 57 21 hvad
453 1374 106 22 lefvernet
575 1374 104 24 beträffar,
695 1376 23 20 är
733 1381 26 15 en
775 1374 111 27 oförvitlig

125 1408 49 15 man
190 1403 39 21 och
244 1404 7 20 i
266 1403 47 21 sina
327 1403 208 27 tjänsteäligganden
551 1404 89 26 ödmjuk
651 1403 39 21 och
701 1403 142 27 plikttrogen
832 1399 10 35 ;
854 1404 32 20 att

125 1430 113 22 klockaren
262 1431 95 22 Suninen
380 1432 69 26 aldrig.
469 1432 68 26 glömt
552 1432 26 21 de
593 1432 186 25 andaktsstunder,
795 1438 48 14 som
858 1432 28 26 pä

125 1459 121 28 Kejserliga
266 1460 151 27 högtidsdagar
441 1461 53 20 böra
515 1460 72 26 hällas,
603 1463 27 18 än
646 1461 82 20 mindre
743 1462 75 24 vägrat
833 1462 32 19 att
879 1460 7 20 i
