1114 1778
250 132 30 21 28
445 131 274 23 Petitionsbetänkande
735 131 45 22 N:o
796 131 22 22 7.

251 198 140 21 sessionaten
407 197 25 21 A.
450 197 98 21 försuttit
564 197 43 20 den
624 197 82 21 honom
722 197 7 20 i
747 197 77 26 antydt
835 196 104 21 afseende
951 197 55 20 före-

250 227 66 28 lagda
332 227 68 26 tiden,
416 227 92 21 hvarför
525 233 27 14 en
569 233 81 21 person
666 227 30 25 L.,
713 227 33 20 till
763 226 89 21 hvilken
864 226 81 21 nämda
956 226 45 21 bor-

251 259 68 25 genär
335 256 113 22 öfverlätit
464 257 34 21 sin
514 258 49 24 rätt,
581 263 79 20 genom
676 256 192 27 befullmäktigadt
882 255 82 22 ombud
976 256 30 21 in-

250 287 54 21 fann
329 287 33 26 sig
386 286 13 22 å
423 287 106 21 ränteriet
545 286 35 21 för
596 289 31 18 att
643 286 54 27 lyfta
713 286 105 27 beloppet
834 287 57 20 samt
906 285 99 22 härifrån

251 317 136 21 hänvisades
403 317 32 20 till
452 316 167 26 landskansliet,
637 323 48 14 som
701 316 57 26 ägde
775 316 125 21 utanordna
911 316 94 21 detsam-

252 342 43 35 ma.
370 353 28 14 en
422 347 6 20 i
453 345 81 21 sädant
554 345 57 27 syfte
627 346 117 20 framstäld
761 345 104 21 anhällan
882 345 32 21 till
930 345 75 21 veder-

252 376 99 21 börande
375 376 135 26 tjänsteman
529 375 13 21 ä
558 375 161 22 landskansliet
735 375 83 21 erhölls
835 374 121 22 emellertid
972 374 33 21 till

252 412 52 15 svar
328 408 31 18 att
375 405 73 27 nägon
466 405 149 27 utanordning
631 406 19 26 ej
668 405 74 21 kunde
759 404 162 27 ifrägakomma
936 405 69 21 innan

251 436 52 20 herr
332 435 22 21 L.
382 436 110 20 inlämnat
525 442 27 14 en
579 435 94 27 skriftlig
704 435 126 26 ansökning
855 441 36 15 om
918 436 31 19 att
974 436 32 19 ut-

252 465 119 21 bekomma
395 465 105 27 beloppet
523 465 42 21 och
589 465 182 26 possessionaten
795 464 25 21 A.
845 464 71 21 blifvit
942 464 63 21 öfver

252 495 73 21 denna
350 495 126 27 ansökning
499 495 62 25 hörd,
578 495 123 26 hvarjämte
718 494 52 22 herr
786 494 34 21 L:s
836 494 83 21 ombud
936 494 70 21 tillika

252 525 145 21 meddelades
414 527 30 19 att
461 525 99 21 hvarken
576 531 27 14 ur
619 524 111 22 diarierna
747 524 55 22 eller
817 524 71 21 andra
904 523 13 21 å
933 524 72 20 lands-

252 554 96 22 kansliet
372 554 119 22 förvarade
513 550 132 42 handlingar
661 554 73 27 någon
751 554 118 26 utredning
885 554 74 20 kunde
975 560 31 14 er-

252 579 72 34 hållas
377 591 17 19 r,
412 584 22 21 af
450 584 64 22 hvem
532 584 40 21 och
589 585 6 19 i
613 584 57 20 hvad
687 584 57 20 form
761 583 169 27 ifrågavarande
942 584 64 26 depo-

252 614 67 21 sition
350 621 13 20 ägt
388 621 56 14 rum.
477 614 23 27 Ej
517 614 71 21 häller
603 616 31 19 ett
647 620 80 15 senare
738 613 14 22 å
763 602 161 43 landskansliet
935 607 72 33 gjordt

253 644 76 21 försök
354 646 32 19 att
409 644 48 21 utfå
481 644 94 21 berörda
600 644 124 26 deposition
749 644 57 20 hade
828 643 70 21 bättre
915 643 90 25 värkan,

253 674 91 20 hvarför
361 674 51 21 herr
428 674 22 20 L.
469 673 38 27 såg
523 674 34 26 sig
571 676 97 24 tvungen
685 676 32 18 att
731 673 75 21 vända
823 674 31 25 sig
871 673 32 21 till
920 673 86 21 landets

253 704 135 26 prokurator
408 704 51 20 med
481 702 104 22 anhållan
601 706 31 18 att
648 703 69 21 blifva
733 703 107 26 förhjälpt
856 702 32 21 till
905 703 34 20 sin
956 704 48 19 rätt.

253 733 8 20 I
278 733 122 21 resolution
417 733 23 21 af
456 733 43 22 den
515 733 29 21 25
559 733 88 27 januari
665 733 64 25 1905,
746 739 49 15 som
806 732 72 27 fogats
888 732 33 21 till
933 731 72 27 klago-

254 763 100 25 skriften,
382 763 127 21 förklarade
541 763 145 26 prokuratorn
714 762 29 21 bl.
771 769 19 14 a.
813 764 31 19 att
874 763 66 20 »enär
969 768 36 20 gu-

255 794 109 20 vernören
384 793 7 20 i
407 792 94 27 Viborgs
518 793 36 20 län
576 793 31 20 uti
628 793 36 20 sitt
680 793 7 20 i
703 792 93 21 ärendet
812 791 124 22 aflämnade
952 791 54 21 utlå-

254 823 68 21 tande
345 823 109 20 förklarat
478 821 66 28 något
565 822 79 21 hinder
664 828 92 15 numera
773 822 49 21 icke
838 821 118 27 föreligga»
975 823 31 19 att

254 852 33 21 till
303 853 51 20 herr
376 852 21 21 L.
415 852 99 21 utbetala
530 851 153 28 ifrågakomna
699 851 80 26 medel,
797 851 25 21 så
838 851 74 21 förföll
928 851 76 21 vidare

254 881 77 28 åtgärd
364 881 49 22 från
445 882 158 27 prokuratorns
634 882 55 21 sida.
724 881 85 28 Tyvärr
835 880 62 27 ingår
923 881 48 21 icke
997 881 6 20 i

254 912 44 21 den
314 912 41 21 hos
372 912 148 27 prokuratorn
535 912 116 21 tillkomna
667 911 66 22 akten
749 912 151 26 guvernörens
912 911 96 21 berörda

254 941 122 26 utlåtande,
400 941 92 22 hvarför
515 941 158 22 ofvanstående
697 941 163 26 framställning
884 941 74 20 stöder
974 941 34 26 sig

254 971 142 22 uteslutande
413 971 29 28 pä
458 971 51 22 herr
525 971 32 21 L:s
575 971 129 27 klagoskrift
723 971 43 21 och
777 971 159 27 prokuratorns
948 976 58 15 reso-

254 1001 77 21 lution.

326 1031 65 21 Detta
414 1033 26 19 är
463 1030 74 22 såsom
553 1031 77 21 nämdt
645 1031 156 21 erfarenheten
818 1029 49 22 från
884 1029 78 22 endast
979 1029 27 21 de

254 1060 38 22 två
316 1063 88 19 senaste
428 1060 60 26 åren,
505 1061 42 21 och
570 1067 52 14 man
639 1060 69 22 måste
725 1060 147 26 ovilkorligen
888 1059 62 27 fråga
966 1060 39 26 sig,

254 1090 58 22 hvad
338 1090 115 22 resultatet
477 1090 55 21 skall
556 1090 69 22 blifva
648 1097 35 15 om
708 1090 37 21 det
769 1096 31 14 nu
823 1089 99 21 rådande
942 1091 66 25 syste-

255 1123 45 19 met
322 1120 127 27 ytterligare
473 1120 34 21 får
531 1120 84 21 ostördt
631 1120 77 27 fortgå.
741 1120 78 21 Redan
835 1126 30 15 nu
882 1119 66 21 hafva
964 1119 44 21 oaf-

254 1151 78 26 gjorda
348 1151 99 20 ärenden
463 1151 68 26 hopat
553 1151 32 26 sig
601 1151 7 20 i
625 1150 156 21 oroväckande
797 1149 61 27 grad,
874 1148 86 27 hvarpå
976 1148 32 21 så-

254 1187 49 14 som
328 1180 101 27 exempel
453 1180 37 21 må
513 1180 96 26 anföras,
635 1182 31 19 att
686 1180 52 21 flere
755 1179 119 22 hundratal
892 1179 70 21 under
978 1185 31 14 se-

254 1213 64 18 naste
342 1216 100 15 sommar
464 1210 32 21 till
516 1210 158 27 länestyrelsen
691 1211 7 20 i
714 1209 107 22 afseende
829 1204 13 37 ä
867 1208 141 22 fastställelse

254 1240 107 21 inkomna
386 1240 256 27 parcelleringsärenden
667 1240 31 21 alt
721 1241 61 20 ännu
807 1241 66 19 vänta
890 1238 28 27 på
934 1238 74 27 slutlig

255 1269 84 28 åtgärd.

328 1299 34 21 Nu
380 1299 94 22 anförda
487 1299 207 22 missförhållanden
711 1299 37 21 vid
766 1298 160 36 länestyrelsen
942 1297 68 22 hafva

255 1325 141 42 naturligtvis
412 1329 48 21 haft
476 1336 27 15 en
519 1329 124 28 betydande
663 1329 109 21 invärkan
789 1328 29 27 på
834 1328 71 27 öfriga
920 1324 88 43 tjänste-

255 1361 53 19 män
335 1359 60 21 inom
420 1359 143 22 landsstaten.
596 1359 39 22 Om
657 1359 42 21 ock
721 1359 72 20 länets
809 1357 155 27 kronofogdar,
982 1356 28 28 pä

255 1388 69 27 några
346 1389 114 26 undantag
481 1391 46 24 när,
545 1391 59 19 ännu
621 1389 18 26 ej
657 1389 62 26 gifvit
735 1388 121 26 anledning
871 1387 32 22 till
920 1394 89 20 synner-

255 1419 39 25 ligt
310 1419 138 26 graverande
465 1419 176 26 anmärkningar,
658 1421 25 18 är
699 1419 61 20 detta
778 1419 102 20 däremot
895 1418 6 20 i
916 1417 26 21 så
953 1423 57 21 myc-

256 1448 37 21 ket
309 1449 71 21 större
405 1448 151 27 utsträckning
575 1448 61 21 fallet
652 1448 50 21 med
719 1448 226 21 kronolänsmännen.
978 1446 32 21 En

329 1489 62 18 Särsk.
405 1490 54 17 Besv.
472 1490 45 17 utsk.
531 1490 30 17 bet.
575 1489 34 18 N:o
623 1489 17 18 4.
