1111 1770
241 146 27 20 18
409 144 73 22 Ständ.
498 144 44 22 Pet.
557 156 28 3 —
601 143 145 23 Petitionsbet.
763 144 35 22 N:o
814 144 21 21 3.

240 214 65 22 siska
322 214 110 29 lyceerna
454 214 103 30 afgjordt
578 214 100 29 skadlig.
712 214 84 30 Enligt
815 214 64 22 1901
898 215 37 21 års
952 214 50 23 lek-

240 248 121 30 tionsplan
387 248 123 30 uppgingo
534 249 124 22 timmarna
681 249 8 22 i
712 249 71 29 språk
801 248 199 30 (undervisnings-

240 283 98 29 språket
355 282 156 30 undantaget)
529 283 38 22 till
587 284 48 21 104
654 284 9 21 i
680 283 116 22 klassiska
814 283 77 29 lyceer
908 283 43 22 och
963 283 37 23 till

242 318 33 21 86
294 318 9 21 i
320 318 135 28 reallyceer.
483 318 45 22 För
546 318 142 28 jämförelses
706 318 62 22 skull
781 318 37 22 må
830 318 99 28 anföras,
945 319 55 21 att
989 314 15 37 i

241 352 101 29 Sverige
366 352 90 22 antalet
474 352 92 22 timmar
583 352 9 22 i
609 353 75 22 andra
701 352 70 29 språk
789 356 29 18 än
837 352 164 23 modersmålet

240 387 32 29 pä
298 386 33 22 kl
355 386 99 28 II—IX,
478 386 81 23 hvilka
582 390 118 20 motsvara
718 388 57 21 våra
793 387 50 21 åtta
860 387 95 27 klasser,
975 390 25 18 är

240 420 42 23 vid
306 420 135 30 latinlinjen
466 421 31 22 83
522 420 43 23 och
583 421 41 23 vid
641 421 124 29 reallinjen
785 421 38 22 63.
859 421 12 22 I
889 424 35 19 ett
941 420 58 23 afse-

241 454 61 23 ende
327 454 85 30 skiljde
437 455 36 29 sig
497 455 60 22 dock
577 455 64 23 1901
661 456 38 21 års
716 455 184 29 lektionsplaner
918 455 36 22 för
971 454 28 22 de

241 489 118 22 klassiska
376 490 109 28 lyceerna
502 489 153 30 fördelaktigt
673 490 53 22 från
747 489 64 22 19083
825 490 43 28 års,
882 489 117 29 nämliger

241 523 145 23 därutinnan
405 526 35 20 att
458 524 125 29 grekiskan
599 525 86 22 förblef
697 526 34 20 ett
744 523 52 23 med
808 524 87 29 ryskan
907 523 93 23 valbart

242 562 68 18 ämne
328 559 31 27 på
377 558 28 22 de
418 558 72 29 högre
502 558 126 23 klasserna.
656 559 90 21 Genom
761 558 65 22 1903
840 559 37 21 års
890 559 110 21 lektions-

241 592 85 30 planer
343 592 43 23 har
404 592 40 22 det
461 592 80 23 blifvit
557 593 110 29 ytterligt
685 592 133 23 försvåradt
835 592 36 22 för
884 592 71 23 andra
970 596 30 18 än

241 627 79 22 elever
337 626 41 23 vid
395 627 138 22 läroverken
551 627 9 21 i
577 627 148 30 Helsingfors
738 629 35 21 att
785 626 104 23 inhämta
902 627 97 22 elemen-

241 664 70 19 terna
337 661 9 22 i
373 661 40 22 det
437 661 73 23 andra
533 661 116 23 klassiska
675 662 95 29 språket
793 661 73 22 redan
884 662 8 21 i
910 661 89 28 skolan,

241 695 155 29 hvarigenom
423 696 112 22 särskildt
557 696 37 22 för
619 695 243 30 teologiestuderande
886 696 40 22 vid
949 696 51 22 uni-

242 730 124 22 versitetet
386 743 28 3 —
434 730 43 22 och
504 730 66 22 dessa
597 734 40 19 äro
660 731 9 21 i
692 731 81 28 regeln
800 730 122 29 utgängna
947 730 52 22 frän

241 764 230 30 landsortslyceerna
483 777 27 4 —
525 764 45 22 den
589 765 151 23 akademiska
758 764 143 23 studietiden
919 764 80 23 blifvit

241 798 117 30 förlängd.

312 833 38 22 En
369 833 98 22 allmänt
484 833 87 23 erkänd
589 834 146 29 pedagogisk
751 834 91 29 princip
861 838 32 23 är,
912 835 35 20 att
958 840 42 15 un-

242 868 169 28 dervisningen
435 868 9 21 i
466 869 40 20 tvä
524 868 143 22 främmande
685 868 71 29 spräk
776 868 49 21 icke
844 868 43 22 bör
904 867 96 29 vidtaga

242 901 131 30 samtidigt.
409 901 117 23 Eleverna
549 902 110 22 förvirras
677 902 52 27 lätt,
747 903 9 21 i
774 902 126 29 synnerhet
918 902 30 29 pä
966 904 34 19 ett

242 936 102 29 tidigare
371 936 257 30 utvecklingsstadium,
655 944 37 15 om
719 936 28 23 de
772 937 30 29 pä
825 944 87 15 samma
937 936 63 29 gäng

242 971 68 22 skola
327 971 106 22 inhämta
450 971 133 28 grunderna
600 972 9 21 i
621 971 56 22 flere
690 971 76 30 språk.
791 971 12 22 I
815 971 65 22 detta
892 969 108 24 afseende

241 1005 49 23 fela
317 1005 64 22 1903
401 1006 37 21 års
456 1005 189 30 lektionsplaner,
663 1006 99 22 likasom
780 1005 72 22 redan
873 1005 62 22 1901
956 1005 43 28 års,

242 1039 32 23 då
292 1040 76 28 enligt
385 1039 53 22 dem
456 1040 197 29 undervisningen
671 1041 21 28 ej
711 1040 62 22 blott
791 1040 8 22 i
817 1039 39 22 det
875 1039 73 23 andra
965 1039 35 22 in-

242 1074 98 22 hemska
365 1074 101 29 språket,
489 1076 58 20 utan
570 1074 45 22 ock
632 1075 8 21 i
658 1074 78 29 ryska,
754 1074 122 29 begynner
893 1074 31 29 på
941 1073 60 23 läro-

242 1109 101 21 verkens
368 1109 72 21 första
464 1108 68 23 klass.
568 1109 51 21 Den
639 1108 203 30 omständigheten
861 1110 35 20 att
914 1108 87 28 ryskan

242 1143 44 22 har
304 1143 42 22 sitt
364 1145 53 27 eget
435 1142 87 23 alfabet
540 1146 41 26 gör
594 1143 182 29 olägenheterna
789 1147 29 17 än
830 1144 80 21 större.
934 1142 67 22 Erfa-

240 1178 115 22 renheten
381 1178 43 21 har
451 1178 70 21 också
548 1178 118 22 allaredan
689 1178 87 23 hunnit
800 1177 145 29 ådagalägga
971 1176 28 22 de

242 1212 104 29 menliga
364 1211 116 30 följderna
498 1212 23 22 af
540 1212 77 22 denna
635 1212 138 29 anordning.

312 1246 52 22 Mot
387 1246 46 22 den
458 1246 115 28 moderna,
597 1246 123 30 praktiska
738 1245 263 31 språkundervisnings-

242 1280 110 23 metoden
369 1280 85 23 strider
472 1281 58 28 icke,
548 1283 36 20 att
601 1281 199 29 undervisningen
818 1281 9 21 i
844 1280 71 30 ryska
927 1279 74 23 delvis

242 1314 120 23 meddelas
389 1316 30 28 på
444 1314 64 23 detta
532 1315 75 29 språk.
643 1315 44 22 Att
711 1315 45 22 den
781 1315 49 22 helt
854 1315 44 22 och
921 1314 80 28 hållet,

242 1349 91 22 således
352 1349 70 23 också
440 1349 63 22 hvad
515 1349 45 22 den
572 1349 218 29 grammatikaliska
802 1349 68 22 delen
882 1348 119 28 beträffar,

241 1384 120 29 försiggår
384 1385 30 28 på
438 1384 78 28 ryska,
540 1388 25 17 är
587 1384 105 23 däremot
713 1383 89 30 egnadt
820 1385 35 20 att
874 1385 127 26 anstränga

242 1418 45 22 och
310 1419 139 28 ytterligare
473 1419 99 22 förvirra
595 1419 114 29 eleverna,
728 1417 112 24 särskildt
857 1419 31 28 på
906 1417 94 22 skolans

241 1452 67 29 lägre
332 1453 95 22 klasser.
464 1453 45 22 Det
532 1453 73 22 måste
629 1453 117 25 dessutom
764 1452 130 29 anmärkas,
914 1454 35 20 att
967 1454 34 19 ett
