1111 1778
335 164 218 19 Motionsbetänkande
565 164 37 19 N:o
616 163 16 20 1.
838 164 23 18 35

108 224 75 23 vände
198 224 36 28 45,
250 224 98 23 öfverlät
364 225 25 21 åt
405 224 70 23 andra
491 224 29 22 86
537 224 41 22 och
598 223 104 23 lemnade
721 223 26 22 19
764 223 97 29 obegag-

110 260 64 28 nade,
198 261 60 21 samt
278 261 30 21 80
329 260 314 28 utminuteringsrättigheter,
660 259 34 22 för
709 259 78 22 hvilka
803 260 57 21 mot-

109 295 112 23 svarande
245 296 31 22 tal
302 295 100 30 utgjorde
425 303 56 22 resp.
505 296 36 28 27,
563 296 29 22 52
608 295 41 23 och
668 295 16 22 1.
715 295 42 22 För
773 295 27 22 de
818 295 43 22 132

109 332 129 22 öfverlåtna
262 332 165 28 rättigheterna
452 331 68 22 erhöll
544 331 90 28 bolaget
656 331 99 22 nämnda
779 333 24 20 år
824 331 37 22 Kr.

112 367 102 28 358,115:
238 368 34 21 50.
294 380 31 3 —
347 366 10 22 I
377 366 73 28 Norge
474 368 49 20 åter
542 366 40 22 bör
597 367 66 22 såväl
678 366 184 28 utskänkningen

109 410 50 15 som
174 403 160 28 försäljningen
351 402 24 22 af
391 402 150 29 spritdrycker
556 402 64 22 alltid
636 403 7 21 i
659 402 72 22 första
740 402 63 23 hand
813 410 47 14 om-

111 439 74 22 betros
208 440 33 21 ett
263 438 73 29 bolag,
360 438 88 23 hvilket
471 437 57 23 efter
552 437 37 23 det
610 437 252 30 stadsmyndigheterna

110 474 74 22 dertill
199 475 66 28 gifvit
281 475 40 22 sitt
337 473 124 30 samtycke,
478 474 47 22 kan
541 473 112 23 öfverläta
664 474 163 27 rättigheterna
838 475 25 20 ät

109 510 106 22 enskilda
235 517 109 22 personer.
375 505 148 27 Öfverlätelse
544 509 24 22 af
587 510 110 27 rättighet
711 509 34 23 till
760 510 102 22 utminu-

113 546 70 29 tering
199 546 24 22 af
239 545 150 30 spritdrycker
411 547 24 21 ät
455 545 101 22 enskilde
572 545 42 22 har
630 545 56 23 dock
703 547 37 26 egt
755 553 50 15 rum
821 553 41 14 en-

110 582 54 22 dast
179 583 7 21 i
201 582 130 28 Kristiania,
353 581 39 23 der
413 581 88 23 antalet
521 581 97 22 sälunda
638 581 127 23 öfverlätna
780 582 81 27 rättig-

112 617 63 23 heter
195 619 25 21 är
242 618 56 22 1903
319 618 100 29 utgjorde
439 618 34 28 29,
491 618 41 22 och
549 618 74 22 erlade
639 618 78 29 hvarje
733 617 129 23 handlande

111 653 35 22 för
161 654 50 22 dem
228 655 25 21 åt
267 654 91 28 bolaget
375 654 81 27 10,000
471 654 82 22 kronor
568 654 91 28 årligen.
691 653 30 22 Af
737 653 26 23 de
780 654 28 22 30
824 656 38 19 ut-

112 689 273 29 skänkningsrättigheter
404 689 91 28 bolaget
513 689 95 29 erhällit,
628 689 106 23 använde
749 689 38 22 det
802 689 61 29 sjelft

110 726 17 21 å
143 725 102 23 enskilda
260 726 68 22 hotell
344 726 41 21 och
400 726 176 21 restaurationer
594 725 26 22 16
637 726 61 21 samt
713 724 96 23 öfverlät
824 732 36 14 en-

112 760 53 23 dast
181 762 13 21 6
210 762 25 21 ät
250 760 111 23 särskilda
380 762 90 27 teatrar,
492 760 98 23 klubbar
605 768 27 15 m.
649 761 23 22 fl.
689 760 76 30 dylika
781 761 82 22 inrätt-

113 797 79 27 ningar
208 799 35 20 att
259 797 23 21 af
298 796 51 23 dem
364 797 121 28 begagnas.

184 832 50 22 Med
254 832 106 22 afseende
379 834 15 20 &
415 832 27 22 de
457 839 135 23 gynsamma
608 833 103 28 resultat,
728 832 78 22 hvilka
823 839 50 21 ge-

113 875 53 15 nom
182 868 236 28 bolagsinstitutionen
435 868 65 23 säväl
515 869 7 21 i
539 870 51 26 eget
608 868 54 22 land
679 876 46 14 som
741 868 100 30 speciellt
857 869 6 21 i

114 904 108 28 utvidgad
238 905 57 21 form
310 904 34 22 uti
360 906 56 20 vära
431 904 97 28 vestliga
547 904 151 28 grannländer
714 905 92 27 ernätts,
823 904 41 22 har

113 940 116 22 Utskottet
243 940 50 22 icke
309 940 80 23 tvekat
405 941 36 21 att
457 940 115 29 tillstyrka
588 940 206 28 motionsförslaget
804 940 60 22 ända

112 976 92 28 derhän,
222 978 34 20 att
271 976 161 29 försäljningen
449 976 40 22 och
505 976 185 28 utskänkningen
706 976 24 22 af
745 976 42 22 alla
799 976 64 22 alko-

113 1012 124 28 holhaltiga
258 1012 100 29 drycker,
380 1012 57 22 bäde
456 1012 118 22 inhemska
590 1012 42 22 och
649 1012 128 28 utländska,
793 1012 71 22 mätte

113 1048 8 20 i
136 1048 71 21 första
222 1048 61 21 hand
299 1048 149 22 öfverlemnas
465 1049 24 20 ät
505 1048 77 29 dylika
597 1048 71 27 bolag.
686 1047 85 22 Endast
781 1054 81 21 genom

114 1084 36 21 att
172 1083 139 22 öfverlemna
331 1085 25 21 åt
375 1084 96 28 bolagen
487 1083 284 30 rusdryckshandteringen
787 1083 8 22 i
813 1082 51 23 dess

114 1119 75 22 helhet
211 1120 86 27 vinnes,
319 1120 70 28 enligt
409 1119 128 23 Utskottets
557 1119 159 30 öfvertygelse,
732 1119 133 28 tillräckliga

115 1155 113 27 garantier
251 1155 33 22 för
308 1157 35 21 att
366 1156 76 22 denna
462 1156 135 28 handtering
613 1156 58 22 skall
687 1155 113 23 bedrifvas
816 1154 48 23 icke

116 1190 58 23 blott
198 1191 70 28 enligt
290 1192 79 27 lagens
392 1191 93 23 bokstaf
508 1193 56 20 utan
586 1191 68 22 äfven
670 1192 8 21 i
694 1191 41 22 full
751 1191 114 22 öfverens-

115 1227 129 22 stämmelse
260 1227 51 22 med
327 1228 52 21 dess
395 1228 61 21 anda
471 1228 41 22 och
528 1229 35 21 att
582 1227 120 28 missbruk,
720 1227 74 22 såvidt
809 1227 56 29 möj-

116 1262 46 27 ligt,
180 1263 63 21 skola
259 1263 86 28 stäfjas.

186 1298 128 23 Grundidén
340 1299 7 22 i
370 1299 39 22 det
433 1298 154 29 Göteborgska
611 1300 111 29 systemet
742 1301 29 26 är,
792 1300 74 21 såsom

115 1334 69 21 redan
200 1333 68 23 ofvan
285 1335 136 28 påpekades,
444 1335 43 22 den
508 1335 103 22 enskilda
627 1334 239 30 vinningslystnadens

116 1369 150 29 fullständiga
281 1371 172 22 utmönstrande
468 1378 26 15 ur
509 1370 226 30 rusdryckshandeln.
761 1370 38 22 Ett
809 1370 58 21 kon-

113 1406 99 21 sekvent
227 1406 180 28 förverkligande
424 1406 25 22 af
464 1406 75 22 denna
554 1407 35 21 idé
605 1407 93 21 kräfver
714 1406 87 22 således
817 1405 49 22 oaf-

115 1440 102 29 visligen,
234 1443 35 21 att
284 1442 109 28 rättighet
409 1443 36 21 att
460 1442 102 22 bedrifva
578 1442 75 22 denna
669 1442 80 22 rörelse
765 1442 48 22 icke
828 1441 39 22 bör

113 1478 27 20 åt
165 1477 89 29 privata
277 1484 104 22 personer
404 1478 103 28 beviljas.
538 1478 9 21 I
571 1478 99 28 enlighet
692 1477 92 23 härmed
804 1478 62 21 har
850 1473 19 38 i
