1111 1775
267 150 28 18 60
440 146 246 23 Petitionsbetänkande
704 146 37 22 N:o
758 146 21 22 3.

380 212 55 28 ning
457 219 47 15 som
524 212 41 21 den
585 211 9 21 i
611 211 120 22 allmänhet
746 210 109 22 innehade
871 210 38 22 vid
924 210 63 22 dessa

381 248 100 22 läroverk
496 247 47 28 före
559 247 65 28 1901,
639 247 113 27 äfvensom
763 247 21 27 b)
795 246 36 22 vid
843 246 26 22 de
881 246 28 28 af
915 248 73 19 staten

381 284 59 21 1903
456 283 38 22 och
510 283 58 21 1904
585 283 128 27 öfvertagna
730 281 258 29 fruntimmersskolorna

381 318 86 23 erhålla
478 326 85 15 samma
575 318 108 28 ställning
692 326 47 14 som
747 318 43 22 den
800 318 35 27 för
846 317 143 22 närvarande

381 355 87 28 intager
484 354 36 22 vid
536 354 72 28 öfriga
623 354 234 28 fruntimmersskolor.

601 605 18 9 TT

601 615 25 12 Ai.

311 677 10 22 I
345 676 145 23 omedelbart
511 676 116 23 samband
648 676 54 23 med
718 676 29 22 de
762 675 75 23 under
853 676 93 21 senaste
963 675 25 22 är

239 712 116 29 vidtagna
367 712 140 29 ätgärderna
518 712 148 23 beträffande
682 712 46 22 den
743 711 72 29 ryska
831 711 157 29 spräkunder-

239 748 128 29 visningen
384 749 8 22 i
407 747 93 24 landets
516 748 71 29 högre
603 747 108 23 läroverk
728 748 37 22 stä
784 748 64 21 vissa
873 748 48 21 mot
943 747 45 28 pri-

239 783 180 23 vatläroverken
435 783 92 23 riktade
543 783 116 30 ätgärder,
677 783 79 23 hvilka
767 783 73 22 redan
852 783 136 22 allvarsamt

239 819 130 23 inskränkt
380 819 68 23 deras
458 819 72 23 frihet
541 820 34 21 att
587 819 104 22 anordna
702 819 202 28 undervisningen
919 820 68 26 samt,

239 855 81 22 därest
337 855 28 23 de
380 855 151 29 fullständigt
547 855 155 29 genomföras,
724 855 66 22 skola
814 854 96 23 beröfva
934 854 54 22 dem

239 891 84 30 hvarje
340 891 71 23 frihet
426 892 8 22 i
450 891 65 23 detta
531 891 139 23 hänseende.

312 927 162 29 Kungörelsen
491 927 24 23 af
530 927 45 22 den
594 931 25 19 11
637 926 124 23 december
787 930 56 19 1884
868 926 122 29 angäende

239 964 94 28 privata
359 963 175 23 läroanstalters
559 962 191 23 understödande
775 962 53 22 med
853 962 137 22 statsmedel

240 998 102 30 stadgar
357 1000 8 21 i
381 1000 13 28 $
418 1002 6 19 2
441 1005 69 16 mom.
530 1002 18 24 1,
565 1000 35 21 att
616 998 133 29 ansökning
765 1005 38 15 om
821 997 133 24 erhållande
966 997 24 23 af

240 1034 192 23 statsunderstöd
450 1034 35 23 för
500 1034 144 30 privatskola
661 1034 41 23 bör
718 1034 94 28 ätföljas
829 1034 30 27 af,
874 1034 64 22 utom
950 1040 40 16 an-

240 1071 49 27 nat,
307 1070 129 28 ,öfversikt
452 1070 23 23 af
491 1070 95 22 skolans
603 1070 138 27 lärokurser,
759 1070 87 27 hvilka,
863 1069 71 23 bland
952 1076 38 16 an-

239 1107 50 26 nat,
307 1106 56 22 böra
379 1106 99 22 omfatta
494 1106 28 22 de
538 1106 61 22 bäda
615 1106 126 22 inhemska
757 1107 62 21 samt
835 1105 72 29 ryska
927 1106 62 28 sprä-

241 1141 49 23 ken
307 1142 8 22 i
331 1148 93 16 samma
440 1142 98 29 omfång
554 1148 50 16 som
620 1142 40 22 vid
676 1143 91 21 statens
790 1141 99 23 skolor."
921 1141 70 23 Detta

241 1177 134 30 stadgande
391 1177 105 28 innebär,
513 1179 35 21 att
557 1178 166 23 lärokurserna
734 1178 6 22 i
752 1177 29 23 de
793 1176 62 24 bäda
865 1176 127 23 inhemska

241 1215 64 21 samt
320 1214 72 29 ryska
408 1213 102 30 spräken
528 1213 55 23 böra
599 1220 57 16 vara
672 1213 123 23 desamma
811 1219 50 16 som
878 1213 39 22 vid
934 1215 57 20 mot-

241 1249 118 23 svarande
376 1249 174 23 statsläroverk.
581 1249 53 23 Men
653 1249 40 23 det
710 1249 99 22 innebär
825 1249 60 26 icke,
902 1250 35 21 att
952 1248 40 23 det

241 1285 37 22 för
302 1285 200 29 undervisningen
520 1286 7 21 i
544 1285 68 23 dessa
628 1285 72 29 spräk
720 1285 116 28 anslagna
860 1284 133 23 timantalet

241 1321 77 22 mäste
345 1327 56 16 vara
424 1322 52 28 just
499 1321 133 22 detsamma
655 1328 50 15 som
730 1321 39 22 vid
793 1322 90 21 statens
908 1320 85 27 skolor,

241 1356 45 23 och
311 1356 98 23 framför
433 1357 41 22 allt
500 1357 99 22 innebär
624 1357 40 22 det
689 1357 59 26 icke,
773 1358 35 21 att
832 1356 72 29 ryska
930 1357 63 28 sprä-

240 1391 43 24 ket
309 1392 69 23 borde
404 1392 24 23 af
452 1393 111 28 samtliga
587 1393 76 22 elever
686 1393 69 22 läsas.
788 1392 35 23 En
844 1392 75 22 sädan
936 1391 56 23 tolk-

241 1429 60 28 ning
320 1428 43 23 har
378 1428 71 23 ocksä
473 1428 24 23 af
516 1428 238 29 Skolöfverstyrelsen
771 1428 43 22 och
835 1428 103 23 Senaten
954 1428 39 22 vid

241 1463 178 24 fastställandet
444 1464 23 23 af
490 1464 28 22 de
539 1464 209 23 subventionerade
763 1463 229 30 privatläroverkens

314 1512 100 18 Allmänna
426 1512 183 18 Petitionsutskottets
621 1512 110 18 betänkande
743 1511 34 18 N:o
791 1513 16 17 1.
