1114 1775
244 132 34 36 40
390 136 349 24 Petitionsbetänkande
755 136 53 23 N:o
825 137 27 22 7.

246 447 152 27 Öfversättning.

246 493 90 19 Afskrift,

602 554 47 20 VII.

534 619 84 27 Utrag,
629 625 28 14 ur
681 619 171 28 Domkapitlets
875 619 8 21 i
907 619 91 28 Nyslott

462 649 116 27 protokoll
594 649 36 20 för
646 649 45 20 den
708 648 29 22 29
750 649 53 27 juni
821 649 63 21 1904.

591 713 14 30 8
621 715 35 20 31.

318 768 25 21 T.
360 768 15 21 f.
392 768 163 27 kyrkoherden
572 768 7 21 i
596 769 85 26 Viborg
698 768 21 21 S.
737 769 25 20 F.
781 769 117 21 Gräsbeck
920 769 78 21 insän-

245 797 42 21 der
302 798 7 20 i
326 798 120 21 skrifvelse
463 799 24 20 af
501 799 44 20 den
563 799 27 20 14
603 798 52 27 juni
674 799 57 20 1904
748 798 45 21 den
805 799 25 20 af
839 799 158 27 Domkapitlet

244 827 136 22 infordrade
402 828 157 27 förklaringen
575 828 7 21 i
599 828 126 27 anledning
748 828 26 21 af
795 828 28 21 de
842 830 50 19 mot
908 829 88 20 honom

244 857 81 27 gjorda
341 857 206 28 beskyllningarna
563 858 118 26 samtidigt
697 858 170 21 återsändande
884 859 112 20 Prokura-

244 888 66 20 torns
326 887 121 21 skrifvelse
463 888 26 20 af
503 888 44 20 den
564 888 28 20 20
609 887 44 27 maj
673 888 57 20 1904
747 888 43 20 N:o
806 888 44 20 236
861 890 61 18 samt
933 888 62 20 med-

244 916 106 27 delande,
368 919 32 19 att
415 917 224 27 församlingsborna
658 918 47 20 ofta
722 918 78 26 klagat
816 917 70 27 öfver,
903 920 33 18 att
952 918 45 20 den

243 946 71 27 ryska
331 946 117 22 militären
464 947 73 21 håller
548 947 107 27 öfningar
665 948 94 20 utanför
770 948 164 26 svensk-tyska
945 948 53 26 kyr-

244 976 48 20 kan
316 976 74 22 under
413 977 118 27 pågående
555 976 130 28 gudstjänst
705 977 28 21 de
749 977 133 27 hälgdagar,
906 984 52 20 som
974 977 20 27 ej

243 1007 42 20 äro
301 1006 122 28 söndagar,
447 1009 61 18 samt
523 1009 33 19 att
572 1008 77 20 senast
664 1007 126 27 annandag
805 1007 78 27 pingst
898 1007 98 21 koman-

243 1036 106 21 doorden
373 1037 45 20 och
440 1038 205 26 trumpetstöterna
661 1036 95 22 alldeles
772 1036 83 28 tydligt
871 1037 84 20 bördes
971 1036 24 21 in

242 1065 8 21 i
267 1066 99 27 kyrkan.

315 1096 31 20 Af
360 1096 170 27 handlingarna
546 1096 101 27 framgår
663 1096 113 27 följande:

317 1126 19 20 1.
368 1126 159 21 Prokuratorn
542 1128 73 25 yttrar
630 1126 7 21 i
654 1126 142 20 äinbetsbref
812 1126 25 20 af
850 1126 46 20 den
909 1126 28 21 20
949 1126 45 26 maj

244 1155 58 21 1904
318 1155 42 21 N:o
377 1156 50 20 236.

315 1187 33 19 att
372 1185 326 28 Generalguvernörskansliet
719 1185 73 28 jämte
816 1185 143 21 ämbetsbref
973 1185 25 21 af

242 1215 46 20 den
314 1216 26 20 12
366 1215 45 28 maj
437 1216 57 21 1904
518 1215 7 21 i
549 1216 44 20 och
617 1215 36 21 för
668 1215 166 28 tjänsteätgärd
853 1215 35 21 till
907 1215 87 21 Proku-

242 1246 80 19 ratorn
338 1245 124 28 öfverstyrt
479 1245 160 21 Guvernörens
655 1245 7 20 i
679 1245 98 27 Viborgs
794 1245 38 21 län
843 1245 35 20 till
890 1245 106 21 General-

241 1276 147 25 guvernören
408 1275 75 21 stälda
500 1275 120 21 memorial
637 1275 25 20 af
675 1275 45 20 den
738 1276 11 19 7
768 1275 45 27 maj
833 1275 68 25 1904;
926 1275 70 26 enligt

241 1303 97 28 hvilket,
362 1305 85 20 medan
464 1305 7 20 i
487 1305 126 26 anledning
629 1305 25 20 af
668 1305 95 20 Hennes
786 1305 118 26 Majestäts
921 1305 76 27 Kejsa-

241 1333 99 22 rinnans
356 1335 131 27 namnsdag
503 1335 45 20 den
563 1335 14 20 6
594 1335 45 26 maj
659 1335 56 20 1904
732 1334 73 28 parad
817 1335 61 20 hölls
889 1335 45 20 och
945 1335 51 26 Kej-

241 1364 145 27 sarhymnen
407 1365 106 27 spelades
529 1365 30 27 pä
574 1365 150 26 kyrkotorget
739 1365 8 20 i
764 1364 98 27 Viborgs
879 1364 57 26 stad,
952 1364 44 27 sjä-

241 1393 133 28 laringning
397 1394 103 21 utfördes
524 1394 6 21 i
555 1394 45 21 den
630 1394 102 21 luterska
757 1394 104 27 kyrkans
878 1394 115 21 klocksta-

240 1423 46 27 pel,
314 1423 91 22 hvilket
428 1424 60 21 hade
517 1424 82 21 värkat
625 1424 141 21 nedslående
790 1424 30 27 pä
844 1424 45 20 den
913 1425 81 19 närva-

240 1453 74 21 rande
330 1454 170 26 allmänheten;
517 1454 44 21 och

314 1495 58 17 Särsk.
385 1495 49 18 Bevs,
447 1495 44 18 utsk,
503 1495 35 17 N:o
550 1494 18 19 4.
