1111 1773
314 158 246 23 Petitionsbetänkande
577 158 38 22 N:o
631 158 24 22 4.
801 160 27 20 88

612 219 175 31 (Öfversättning).

461 264 43 18 46.

297 336 128 20 Vördsamt
445 336 227 26 petitionsförslag.

177 401 148 25 (Likalydande
340 401 42 19 med
398 400 127 28 föregående)
543 412 23 4 —
584 412 27 4 —
627 413 27 3 —
670 413 28 3 —
714 412 23 4 —
759 411 20 3 —
798 412 60 3 ——

109 459 22 19 sä
145 459 21 19 fä
181 459 20 18 vi
217 465 24 12 nu
258 458 99 19 vördsamt
371 458 79 25 föreslä,

324 519 30 18 att
376 513 150 24 Bondeständet
549 518 47 19 ville
616 517 108 20 medvärka
741 518 72 20 därtill
829 519 30 18 att

252 547 48 25 från
319 547 102 20 Karelska
437 547 114 26 järnvägen
572 554 24 13 en
616 547 70 20 bibana
706 548 61 25 blefve
784 547 75 26 dragen

253 577 31 20 till
304 578 81 25 lämplig
402 577 66 25 punkt
488 577 35 20 vid
543 577 145 25 Lahdenpohja
704 578 40 25 vik,
760 579 53 18 samt
829 579 30 18 att

252 607 37 20 den
310 607 99 25 blifvande
429 608 139 25 hamnplatsen
588 607 116 20 utrustades
724 607 44 20 med
787 607 72 26 nödiga

252 638 137 25 inrättningar
404 637 33 25 för
453 637 81 20 bekväm
551 637 119 25 skeppsfart.

180 691 124 25 Heleingfors
319 691 36 19 den
373 690 27 20 22
415 691 102 20 december
535 689 60 22 1904.

181 743 52 23 John
250 743 89 23 Winter.
651 744 17 22 J.
684 743 104 24 Koivisto.

631 925 159 25 (Öfversättning).

463 969 44 19 47.

251 1069 54 18 Till
324 1069 175 18 Hedervärda
517 1069 206 18 Bondeständet.

179 1141 73 22 Frägan
265 1146 28 13 om
307 1140 116 23 anläggande
436 1141 20 17 af
468 1146 23 12 en
502 1141 80 22 järnväg
594 1140 28 19 till
634 1142 51 17 östra
694 1141 93 18 Karelens
798 1142 63 21 gräns-

110 1170 75 17 område
204 1170 34 17 har
256 1170 48 17 varit
322 1170 10 17 &
350 1169 47 18 bane
414 1170 58 17 redan
492 1169 30 18 vid
540 1169 44 18 1897
596 1169 35 18 och
645 1169 45 18 1900
701 1170 30 17 års
743 1169 115 23 lantddagar.

110 1199 66 18 Ehuru
194 1199 181 22 järnvägsutskottet
395 1199 38 17 lika
451 1198 43 18 litet
513 1203 39 13 som
571 1198 103 18 Ständerna
693 1198 85 18 härintill
798 1198 62 18 direkt

110 1227 70 19 biträdt
191 1228 7 17 i
211 1227 52 18 detta
275 1227 87 18 afseende
376 1227 109 18 framstälda
499 1227 167 23 petitionsförslag,
678 1229 43 16 utan
735 1227 70 18 lämnat
811 1227 49 18 före-

110 1259 51 20 taget
178 1257 20 17 åt
216 1256 36 18 den
271 1256 87 18 enskilda
375 1256 176 23 företagsamheten,
565 1256 35 18 bör
610 1256 142 23 ifrågavarande
763 1257 97 22 järnvägs-

110 1285 69 23 förslag
198 1286 42 17 icke
260 1285 42 18 dess
320 1285 72 18 mindre
409 1285 60 18 hällas
487 1285 32 18 vid
537 1285 25 18 lif
577 1286 6 17 i
602 1285 94 18 anseende
708 1285 28 18 till
749 1285 62 18 denna
823 1285 38 18 vid-

111 1315 81 17 sträckta
210 1314 95 18 landsdels
322 1315 96 18 kännbara
436 1314 59 18 behof
511 1315 21 17 af
546 1314 114 19 förbättrade
677 1314 183 18 kommunikationer

111 1343 35 18 och
159 1343 29 18 till
202 1343 23 18 de
237 1343 161 23 förutsättningar,
411 1349 38 12 som
463 1345 68 21 utgöra
544 1349 22 12 en
580 1344 73 22 garanti
665 1343 30 18 för
708 1349 23 12 en
743 1343 58 18 sädan
810 1343 50 22 järn-

111 1374 44 21 vägs
173 1372 123 20 räntabilitet,
314 1374 48 16 samt
379 1372 54 18 äfven
453 1373 42 17 med
515 1373 72 22 hänsyn
606 1372 29 17 till
652 1372 32 17 det
696 1374 50 16 stora
757 1371 103 23 inflytande

111 1406 39 13 som
169 1406 22 13 en
210 1406 67 17 genom
294 1401 100 22 tidsenliga
413 1401 184 18 kommunikationer
616 1401 72 18 ernädd
701 1403 84 16 närmare
798 1400 62 19 trafik-

110 1430 115 18 förbindelse
238 1430 40 18 helt
290 1430 64 18 säkert
366 1431 73 17 komme
452 1432 27 15 att
493 1430 63 18 utöfva
569 1430 50 18 säväl
632 1431 24 21 pä
668 1430 32 17 det
712 1429 97 19 materiela
821 1435 39 12 som

111 1459 32 18 det
155 1459 132 18 intellektuela
298 1459 185 21 framätskridandet,
495 1459 21 23 ja
528 1459 107 18 tillochmed
648 1459 24 22 pä
685 1459 23 18 de
722 1459 95 18 nationela
823 1458 37 18 för-

110 1487 113 18 hällandena
235 1488 6 17 i
255 1487 54 18 dessa
322 1487 84 23 aflägsna
420 1488 76 19 trakter.

182 1528 185 23 Järnvägsutskottets
379 1529 110 18 betänkande
502 1529 35 18 N:o
549 1530 17 17 2.
