1109 1775
239 144 30 22 10
453 144 277 23 Petitionsbetänkande
746 144 44 23 N:o
806 144 19 23 7.

311 210 172 27 Värkningarna
499 210 23 20 af
537 210 38 21 det
594 210 204 34 regeringssystem,
815 216 49 15 som
880 210 72 21 under
967 210 27 21 de

239 241 90 20 senaste
345 239 55 22 åren
415 240 67 20 varit:
489 238 100 23 rådande
605 240 7 20 i
629 240 94 21 Finland
739 240 42 21 och
792 239 29 27 på
832 240 45 21 alla
887 240 107 21 områden

238 269 25 21 af
279 270 170 20 samhällslifvet
471 269 128 21 framkallat
615 269 108 22 abnorma
739 270 42 21 och
797 270 140 27 olycksdigra
952 270 43 20 för-

239 296 128 29 hällanden,
392 299 73 25 hafva,
483 298 74 22 säsom
574 299 7 21 i
597 299 160 22 ofvanstäende
774 295 220 43 petitionsmemorial

240 328 67 22 äfven
324 329 97 25 anföres,
437 329 118 21 framträdt
579 328 112 22 mähända
707 332 56 18 mest
779 329 83 28 tydliga
878 330 7 20 i
901 329 93 27 Viborgs

241 358 44 22 län.
318 359 78 21 Denna
412 359 35 21 del
465 358 22 22 af
504 358 75 22 landet
600 359 49 21 stod
666 360 61 20 ännu
743 359 34 21 för
793 358 69 28 nägra
878 359 116 21 ärtionden

240 388 71 22 sedan
327 389 8 21 i
351 388 62 22 säväl
430 389 84 26 andligt
534 395 47 15 som
599 389 142 21 ekonomiskt
757 389 105 21 afseende
878 389 117 26 väsentligt

239 418 57 21 efter
312 418 37 22 det
373 418 70 27 öfriga
467 418 100 21 Finland.
599 418 186 28 Folkbildningen
800 425 41 15 var
856 419 138 21 försummad

239 448 44 21 och
299 454 27 15 en
343 450 46 19 stor
409 448 35 22 del
461 448 23 21 af
499 448 110 27 allmogen
633 448 79 22 bestod
737 449 22 21 af
783 448 168 22 landbönderä
967 448 27 22 de

239 478 145 26 vidsträckta,
401 478 47 22 ofta
471 484 28 15 en
520 478 36 21 hel
573 478 83 22 socken
673 478 136 22 omfattande
826 478 168 27 donationsgod-

240 514 47 14 sen.
327 508 96 27 Tryckta
451 508 23 21 af
503 508 116 26 fattigdom
647 508 42 21 och
713 508 118 27 okunniga,
849 508 64 22 stodo
937 508 27 21 de
988 508 6 20 i

240 537 113 22 beroende
377 538 24 20 af
423 538 50 21 sina
500 538 89 20 herrars
612 538 109 27 godtycke
743 540 58 19 samt
827 538 99 21 saknade
952 544 42 14 me-

239 567 37 21 del
301 567 41 21 och
366 567 100 28 förmäga
490 570 31 19 att
537 568 86 27 skydda
639 568 34 20 sin
689 569 54 24 rätt.
770 568 8 20 I
795 568 67 21 dessa
877 568 117 21 förhällan-

240 597 43 21 den
301 598 116 21 medförde
433 597 57 22 dock
506 597 283 27 landtdagsinstiiutionens
803 597 191 28 äieruppiifvande

240 633 28 14 en
285 627 188 27 genomgripande
489 627 135 27 förändring.
649 627 31 28 Ty
692 628 252 27 folkrepresentationen
955 627 39 22 fat-

239 657 53 21 tade
303 656 75 22 säsom
390 663 27 15 en
429 657 88 28 mycket
527 657 68 27 vigtig
605 657 86 27 uppgift
702 657 126 22 inlösandet
838 657 23 21 af
870 657 124 22 donations-

239 687 85 26 godsen
341 687 8 21 i
365 688 61 20 östra
441 687 94 21 Finland
549 687 42 21 och
602 686 168 23 äterställandet
781 687 23 21 af
814 687 180 21 landböndernas

240 717 157 26 ursprungliga
405 717 130 26 äganderätt
542 717 33 21 till
587 717 26 21 de
625 717 23 21 af
657 717 50 21 dem
716 717 130 21 bebrukade
854 717 139 21 hemmanen.

240 745 49 22 Och
313 746 66 21 äfven
403 753 37 14 om
461 747 60 20 detta
541 747 123 20 sistnämda
680 747 19 26 ej
717 753 39 15 ens
773 749 60 19 ännu
850 747 7 20 i
874 747 44 21 alla
933 747 61 21 delar

240 775 24 21 af
280 775 61 22 länet
356 776 138 27 fullständigt
516 777 143 26 genomförts,
684 777 65 21 ledde
767 777 57 20 dock
841 776 43 21 den
901 776 94 21 sälunda

240 805 104 27 inslagna
359 807 71 25 vägen
446 806 32 21 till
495 812 28 15 en
539 805 132 28 förbättring
692 807 22 20 af
730 806 122 27 allmogens
870 806 124 21 lefnadsvil-

240 835 48 26 kor,
299 842 48 15 som
356 838 62 19 snart
428 836 77 21 visade
517 836 49 21 sina
579 836 134 27 värkningar
725 835 28 28 pä
765 835 44 22 alla
818 835 113 22 omräden.
953 835 41 22 Om

240 865 39 21 det
295 865 146 21 ekonomiska
457 866 132 26 uppsvinget
604 867 81 19 vittnar
696 866 42 20 ock
749 866 43 20 den
804 866 191 26 omständigheten

240 896 33 19 att
292 894 105 22 karelska
419 895 126 27 järnvägen,
571 894 72 22 sävidt
667 896 43 20 den
726 897 25 23 är
767 895 83 27 dragen
866 901 79 21 genom
962 895 33 21 Vi-

241 924 66 27 borgs
324 924 44 26 län,
389 926 25 20 är
437 925 85 27 ansedd
546 924 74 22 säsom
637 931 28 15 en
682 925 22 21 af
720 925 87 21 landets
823 927 57 19 mest
895 924 101 24 rentabla

241 954 78 26 banor,
336 954 81 22 medan
441 954 53 26 äter,
506 954 63 27 hvad
593 955 176 27 folkbildningen
785 954 112 26 beträffar,
914 954 60 22 länet
989 955 7 20 i

240 984 107 21 afseende
364 983 14 22 å
388 984 84 22 antalet
486 984 123 22 folkskolor
624 985 42 21 och
682 984 184 22 elevfirekvensen
881 984 37 21 vid
930 984 66 22 dessa

240 1014 8 20 i
265 1013 141 22 förhällande
429 1014 33 21 till
486 1014 156 26 folkmängden
667 1014 44 22 kan
732 1014 107 22 hänföras
855 1014 32 21 till
904 1014 27 22 de
947 1014 49 21 bäst

240 1043 85 21 lottade
349 1044 66 21 länen
439 1046 58 19 samt
520 1044 138 21 beträffande
685 1046 84 20 antalet
784 1044 154 21 folkbibliotek
954 1044 42 21 och

241 1072 84 22 boklän
341 1076 14 18 t.
373 1080 19 14 o.
410 1080 28 14 m.
455 1074 85 26 intager
556 1073 27 22 en
599 1074 88 27 mycket
695 1074 147 26 framskjuten
854 1073 141 27 ständpunkt.

239 1102 114 22 Jämsides
369 1104 50 20 med
437 1104 74 20 denna
534 1104 126 26 utveckling
679 1104 49 26 gick
744 1110 28 15 en
789 1104 170 26 omgestaltning
974 1103 22 21 af

239 1132 244 27 tjänstemannakären,
500 1133 42 21 och
559 1134 42 20 den
617 1134 42 20 hos
678 1134 193 26 allmogemannen
888 1134 63 26 djupt
966 1134 30 20 in-

240 1163 79 21 rotade
335 1163 95 21 känslan
447 1163 23 21 af
486 1164 88 21 misstro
590 1163 33 21 till
639 1164 179 27 tjänstemannen
836 1163 36 27 gaf
888 1162 108 27 smäning-

241 1199 38 14 om
296 1193 51 21 vika
363 1193 36 21 för
414 1193 161 28 öfvertygelsen
592 1195 31 20 att
639 1194 44 21 han
700 1194 7 21 i
723 1194 73 21 denne
813 1193 55 27 ägde
884 1199 27 15 en
928 1193 69 26 redlig

241 1223 44 20 och
300 1224 115 25 lagtrogen
431 1223 121 22 förfäktare
569 1223 22 21 af
607 1224 34 20 sin
657 1225 44 19 rätt
716 1223 43 22 och
775 1223 50 21 sina
841 1223 115 21 intressen.

314 1252 65 21 Trots
395 1253 67 21 dessa
477 1251 118 28 glädjande
611 1252 156 22 förhållanden
784 1253 46 21 står
846 1253 57 21 dock
913 1252 83 22 befolk-

241 1282 82 27 ningen
340 1283 7 20 i
364 1282 94 27 Viborgs
474 1282 43 26 län,
542 1283 42 20 och
608 1283 106 20 särskildt
730 1283 7 21 i
753 1283 52 20 dess
822 1282 123 27 aflägsnare
962 1283 35 20 de-

241 1311 40 26 lar,
299 1312 31 21 alt
346 1312 137 21 fortfarande
499 1313 7 20 i
522 1311 72 28 någon
619 1312 52 21 mån
687 1313 55 21 efter
759 1313 50 20 sina
825 1312 118 28 lyckligare
959 1312 38 21 lot-

239 1342 54 21 tade
309 1342 134 21 medbröder
459 1342 6 21 i
477 1342 37 21 det
529 1342 70 27 öfriga
610 1342 101 21 Finland.
741 1342 41 21 Det
793 1344 25 19 är
833 1342 43 21 ock
887 1341 111 22 måhända

240 1371 35 20 till
292 1378 27 14 en
336 1371 36 21 del
389 1372 48 21 häri
454 1372 94 21 orsaken
565 1372 43 21 kan
619 1373 68 20 sökas
698 1372 32 21 till
741 1372 44 21 den
799 1372 198 26 omständigheten,

243 1403 34 18 att
293 1401 27 21 de
337 1404 88 19 senaste
442 1401 65 22 årens
522 1402 126 35 händelser,
665 1408 48 15 som
729 1402 23 26 ju
764 1401 95 22 öfveralt
869 1401 7 21 i
887 1401 48 21 vårt
946 1401 52 21 land

242 1431 80 20 värkat
338 1437 47 15 som
410 1438 27 15 en
461 1431 93 21 hämsko
571 1431 29 34 pä
615 1431 182 22 samhällslifvets
820 1431 76 26 jämna
912 1431 86 21 utveck-

241 1460 54 27 ling,
312 1461 7 20 i
335 1460 95 28 Viborgs
454 1461 36 21 län
514 1461 48 21 lätit
582 1462 49 20 sina
651 1461 135 27 värkningar
801 1460 93 22 framstä
910 1461 7 21 i
933 1461 65 21 deras

316 1501 71 19 Särsk.
400 1501 57 20 Besv,
470 1502 103 23 utsk.Ebet.
585 1501 38 19 N:o
635 1503 18 18 4.
