1114 1775
318 145 245 23 Petitionsbetänkande
581 145 36 23 N:o
634 146 22 22 3.
806 148 26 19 19

108 212 22 20 af
148 213 6 18 1
173 212 112 19 November
301 212 17 19 d.
335 212 25 24 &.,
375 212 127 24 hvarigenom
515 212 36 23 ,,af
557 211 131 24 förekommen
699 211 119 25 anledning''
828 211 33 25 pä-

108 240 81 26 bjudits,
205 242 30 17 att
251 240 23 19 de
290 240 31 19 för
335 243 75 16 statens
425 240 109 25 reallyceer
549 240 92 25 gällande
657 240 118 25 läroplaner,
791 240 72 19 hvilka

108 269 44 20 icke
171 268 84 21 allenast
271 272 96 22 noggrant
383 269 105 19 bestämma
503 269 243 25 undervisningsämnena,
762 271 47 17 utan
826 268 36 20 ock

108 298 71 19 fastslå
202 298 114 19 timantalen
339 298 30 19 för
391 304 51 18 resp.
466 301 67 16 ämnen
557 297 36 20 och
617 297 75 20 fördela
715 298 103 19 timmarna
837 297 26 26 på

109 327 98 19 särskilda
231 326 82 23 klasser,
329 327 5 18 i
351 327 29 18 sin
401 326 66 19 helhet
488 327 47 19 böra
550 326 58 25 följas
624 326 33 19 vid
673 327 91 25 samtliga
777 327 84 18 subven-

109 355 100 20 tionerade
224 361 54 19 goss-
291 355 36 19 och
336 355 114 19 samskolor.
467 355 60 20 Svårt
535 359 22 16 är
565 358 28 17 att
602 356 41 18 inse
652 355 33 19 det
693 355 44 20 icke
746 355 116 19 omnämnda

109 384 82 19 motivet
213 383 31 20 för
267 384 54 19 detta
344 383 73 26 påbud,
433 383 78 20 hvilket
525 384 6 19 i
547 384 29 19 sin
595 383 204 26 uniformeringsifver
819 383 43 20 icke

109 413 31 19 för
163 413 23 19 de
209 412 80 19 afsedda
312 412 164 25 genomgripande
496 412 163 25 förändringarna
674 412 105 25 medgifvit
794 412 68 25 längre

109 441 30 20 tid
154 445 24 16 än
194 441 32 19 till
242 441 36 20 den
298 441 6 19 |
322 441 115 25 September
454 441 60 20 1905.
545 441 42 20 Den
605 441 96 19 valfrihet
714 442 6 18 i
731 441 130 24 läroämnena,

110 477 41 12 som
167 470 52 20 varit
234 470 36 19 den
286 469 83 20 ledande
385 470 99 25 principen
499 470 7 19 i
522 469 169 26 privatskolornas
706 471 106 18 arbetssätt
826 469 36 20 och

109 505 40 13 som
166 499 33 20 väl
218 499 58 19 äfven
295 498 102 19 tillvunnit
417 498 43 19 dem
482 498 36 20 den
542 501 53 17 stora
611 499 137 24 anslutningen
764 498 44 20 från
824 498 36 19 all-

109 527 115 20 mänhetens
240 527 49 26 sida,
305 527 52 20 skall
373 527 43 19 med
431 529 29 17 ett
475 527 44 26 slag
533 527 43 20 helt
591 527 36 20 och
639 527 62 20 hållet
711 527 150 25 tillintetgöras.

110 556 35 19 All
168 556 141 25 undervisning
332 556 53 19 skall
407 555 74 20 inledas
500 557 7 18 i
529 556 24 19 de
573 556 22 19 af
611 556 130 19 statsmakten
764 557 98 24 noggrant

109 585 105 21 utstakade
238 585 84 24 fårorna,
347 585 36 19 och
406 585 23 19 de
453 585 77 25 privata
551 585 117 19 läroverken
688 585 56 19 skola
759 585 6 19 i
781 585 38 19 allt
836 595 24 3 —

109 617 54 17 utom
178 615 6 19 i
200 614 125 19 ekonomiskt
347 614 92 19 afseende
459 626 21 2 —
497 614 64 19 blifva
584 616 29 16 ett
635 614 43 19 med
697 616 74 17 statens
787 612 74 21 skolor.

110 642 87 20 Sålunda
220 642 95 20 beröfvad
338 642 69 26 hvarje
429 642 46 25 spår
497 643 22 19 af
536 642 166 26 själfständighet,
718 642 53 20 skall
786 642 76 25 privat-

109 671 194 20 skoleinstitutionen
327 671 43 20 icke
394 671 65 19 kunna
478 672 102 19 fortbestå.
610 671 37 19 Att
666 671 76 19 landets
758 671 101 19 undervis-

109 700 144 26 ningsväsende
268 700 7 19 i
291 700 29 19 sin
343 700 68 19 helhet
433 706 68 18 genom
524 700 44 20 dess
591 700 115 25 undergång
729 700 88 19 kommer
831 702 31 16 att

109 729 64 20 blifva
189 728 84 25 lidande,
289 728 54 20 torde
359 729 55 25 ligga
429 728 30 20 för
474 732 63 22 öppen
554 729 45 25 dag.

179 758 29 19 På
223 757 63 25 grund
302 758 21 18 af
337 757 33 19 det
385 757 120 25 ofvansagda
522 758 62 25 vågar
597 758 36 24 jag
647 757 36 19 hos
693 757 33 19 det
736 756 125 21 hedervärda

110 786 78 20 ståndet
209 786 81 20 anhålla
312 792 30 14 om
366 786 119 20 medverkan
504 786 32 20 till
556 793 23 13 en
598 786 122 26 underdånig
739 786 84 26 petition
840 785 22 20 af

109 815 98 20 innehåll:

317 852 26 15 att
355 849 106 24 Kejserliga
475 849 86 19 Senatens
572 849 66 24 påbud
651 850 24 22 af
685 850 36 18 den
738 850 10 17 1
758 849 103 18 November

247 881 19 19 d.
278 882 18 18 A,
307 881 38 18 icke
353 882 53 17 måtte
414 883 58 16 sättas
483 883 6 16 i
499 881 145 23 verkställighet
638 877 10 31 ;

316 917 26 14 att
353 914 13 23 $
373 913 13 18 2
395 914 7 17 i
411 913 105 24 Kejserliga
529 914 129 23 Kungörelsen
671 914 23 23 af
703 914 36 17 den
748 913 25 18 11
781 913 80 18 Decem-

247 945 30 18 ber
292 945 49 18 1884
352 947 54 16 måtte
417 945 121 18 underkastas
549 945 62 18 sådan
621 946 85 22 revision,
719 949 26 14 att
753 945 109 18 tilldelande

248 977 23 23 af
284 977 147 18 statsunderstöd
445 978 20 17 åt
473 978 76 23 privata
559 977 60 18 skolor
627 979 18 22 ej
655 978 30 17 må
693 978 62 17 kunna
762 980 56 21 göras
831 977 30 18 be-

248 1009 67 18 roende
325 1010 23 23 af
357 1009 42 18 med
405 1009 55 18 deras
473 1009 89 18 ändamål
573 1009 102 23 oförenliga
685 1009 69 21 vilkor
748 1005 10 32 ;

317 1044 25 15 att
355 1042 36 17 den
405 1043 41 21 rätt,
461 1047 38 12 som
511 1042 61 18 hittills
579 1041 99 18 tillkommit
687 1041 123 24 lärjungarna
823 1041 7 17 i
839 1039 23 19 de

244 1074 77 23 privata
329 1074 87 18 skolorna
427 1075 39 16 att
458 1069 9 33 i
475 1075 50 16 vissa
530 1074 39 23 fall
577 1073 52 23 afstå
632 1074 49 22 från
691 1073 109 24 deltagande
809 1073 7 17 i
825 1078 35 12 ur-

247 1105 128 24 dervisningen
385 1105 24 24 af
412 1106 93 17 särskilda
513 1108 66 16 ämnen
590 1106 37 17 icke
639 1106 54 17 måtte
703 1105 116 18 inskränkas.

179 1161 125 25 Helsingfors
319 1161 37 20 den
372 1161 27 20 20
415 1161 108 20 December
541 1161 60 20 1904.

585 1220 86 28 August
688 1220 102 24 Fellman.

178 1255 74 20 Härom
267 1256 68 19 förena
351 1257 40 25 sig:

179 1314 54 22 Juho
249 1314 84 22 Astala.
614 1314 23 24 0.
653 1316 25 22 A.
695 1316 94 23 Laakso.

179 1511 100 18 Allmänna
291 1511 184 18 Petitionsutskottets
487 1512 110 18 betänkande
610 1512 34 18 N:o
657 1513 16 17 1.
