1111 1778
335 167 218 19 Motionsbetänkande
566 167 37 19 N:o
616 168 16 19 1.
836 168 23 17 95

109 229 51 21 utan
177 227 64 23 äfven
261 227 41 23 alla
322 227 128 23 nuvarande
472 227 145 23 vinhandlare
641 227 73 23 blefve
738 227 121 23 beröfvade

110 264 33 22 sin
161 264 77 28 näring
254 263 43 22 och
313 264 105 22 utkomst.

181 299 43 22 Det
248 300 38 21 har
309 299 130 28 visserligen
462 299 129 22 framhållits
614 300 30 22 att
668 299 66 23 dessa
757 299 104 29 farhågor

109 341 54 16 vore
179 335 118 27 skälelösa,
311 335 94 22 emedan
423 335 37 22 det
476 336 19 28 ej
512 335 75 22 kunde
604 336 100 27 antagas,
720 337 30 20 att
766 336 29 21 ett
811 335 50 22 slikt

110 371 70 28 bolag
196 371 69 22 skulle
281 371 52 29 vilja
349 372 79 21 utsätta
444 371 35 28 sig
495 371 34 22 för
540 371 38 21 det
588 370 92 23 klander
692 371 43 22 och
747 371 114 28 ogillande

111 406 21 22 af
154 407 43 21 den
218 407 109 22 allmänna
349 407 123 28 opinionen
488 407 12 22 å
517 408 62 20 orten
597 408 29 20 ett
642 406 79 23 sådant
737 406 124 23 förfarande

111 442 123 23 medförde.
261 442 35 22 Då
312 442 98 29 antydda
421 442 165 22 eventualiteter
597 442 120 22 emellertid
728 442 133 23 åtminstone

112 478 49 22 icke
178 478 59 29 ligga
254 479 61 21 utom
341 478 157 29 möjlighetens
523 478 92 22 område
636 479 58 21 samt
712 478 28 23 då
756 484 51 16 man
825 485 36 15 an-

111 514 98 28 tagligen
231 515 18 28 ej
271 514 68 22 heller
354 515 42 22 kan
413 514 65 22 tilltro
494 515 30 21 ett
540 514 69 29 dylikt
625 514 182 29 monopolbolag
822 514 40 22 till-

112 549 73 29 börlig
200 550 101 29 förmåga
317 551 30 21 att
363 549 28 30 på
408 551 29 21 ett
456 550 200 22 tillfredsställande
680 551 42 21 sätt
745 551 65 22 sköta
834 557 27 15 en

111 585 129 30 fullständig
262 586 43 22 och
327 586 86 22 ordnad
432 586 98 27 vinaffär,
550 586 88 22 hvilken
655 586 124 23 förutsätter
794 586 68 22 redan

112 621 37 22 vid
165 621 68 23 första
248 623 174 27 uppsättningen
438 623 30 21 ett
484 622 85 29 ganska
586 622 110 29 betydligt
710 622 82 29 kapital
805 623 58 21 samt

113 658 42 21 hos
179 658 52 22 dess
255 658 121 22 bedrifvare
401 664 27 15 en
453 659 20 28 ej
494 659 63 27 ringa
573 658 119 28 fackinsigt
708 658 43 22 och
767 658 95 28 troligen

112 693 34 22 för
162 693 66 29 öfrigt
243 693 68 23 andra
328 700 59 16 mera
411 694 105 28 speciella
540 694 175 22 kvalifikationer
737 694 34 22 för
793 694 69 28 yrket,

113 731 28 20 än
158 729 57 22 hvad
232 736 51 15 man
299 730 43 21 kan
361 729 97 29 påräkna
474 731 30 21 att
520 729 182 29 monopolbolag
718 729 53 23 skall
788 730 75 21 kunna

113 765 91 22 komma
227 766 30 21 att
280 765 119 29 disponera
421 765 68 27 öfver,
506 765 117 23 äfvensom
640 765 34 22 för
690 766 29 22 att
735 765 82 23 bereda
833 765 30 23 åt-

113 800 112 23 minstone
248 800 67 29 några
339 802 127 21 nuvarande
488 802 140 28 respektabla
648 801 143 23 vinhandlare
808 802 55 28 möj-

114 836 69 28 lighet
199 838 36 25 att,
252 842 37 16 om
307 838 43 21 ock
367 838 5 21 i
389 837 131 23 reduceradt
536 837 100 29 omfång,
648 837 98 23 fortsätta
757 838 34 21 sin
803 837 59 26 affär,

113 873 38 21 har
175 873 37 28 jag
234 874 52 21 trott
309 874 30 21 att
363 873 209 29 monopolbolaget,
589 873 34 23 för
639 873 142 30 undvikande
797 873 22 22 af
835 873 28 22 de

114 908 150 28 olägenheter,
285 915 51 16 som
352 909 148 22 allmänheten
517 909 75 22 kunde
609 909 136 29 tillskyndas,
762 910 57 21 samt
835 909 28 22 de

115 944 91 28 möjliga
223 945 122 27 orättvisor,
363 951 50 16 som
430 946 118 27 systemets
559 945 117 22 införande
687 945 6 21 i
705 945 42 22 den
759 945 104 22 utsträck-

114 980 55 28 ning
185 980 110 22 Utskottet
315 980 120 29 föreslagit,
456 981 76 22 kunde
551 981 64 22 hafva
631 980 30 23 till
677 980 62 29 följd,
756 981 71 22 borde
843 982 20 27 ej

114 1015 57 22 blott
186 1015 131 29 berättigas
333 1018 58 25 utan,
412 1016 72 23 derest
500 1016 200 29 stadsfullmäktige
716 1023 53 16 anse
786 1016 79 22 sådant

115 1051 85 28 nödigt,
215 1052 65 21 äfven
293 1052 131 29 förpligtas
440 1054 30 20 att
486 1052 104 22 öfverlåta
607 1059 27 15 en
651 1052 36 22 del
704 1052 21 22 af
740 1053 47 21 sina
803 1052 61 22 såväl

115 1087 169 29 utskänknings-
313 1094 50 16 som
395 1088 303 29 utminuteringsrättigheter,
725 1088 66 22 dessa
817 1089 47 21 sist-

115 1123 96 22 nämnda
235 1123 135 23 beträffande
395 1124 95 22 handeln
516 1124 51 22 med
594 1124 116 22 utländska
733 1125 61 21 viner
820 1124 44 22 och

116 1158 82 23 sådana
222 1159 152 29 spritdrycker,
399 1166 50 15 som
471 1160 69 28 enligt
557 1160 13 21 2
586 1161 14 26 $
617 1159 37 23 vid
671 1160 158 27 utminutering
843 1159 21 22 få

115 1194 95 28 utgifvas
227 1195 6 22 i
249 1195 85 22 mindre
351 1195 84 29 belopp
456 1198 27 19 än
504 1195 37 22 två
561 1196 53 27 liter,
630 1196 22 22 ät
668 1196 107 26 enskilda,
791 1195 74 22 äfven-

115 1236 50 16 som
183 1231 28 21 att
227 1231 144 28 utdelningen
392 1231 22 22 af
434 1232 66 22 dessa
524 1232 126 28 rättigheter
674 1232 77 27 skulle,
775 1231 54 22 efter
844 1231 22 22 af

115 1266 189 29 bolagsstyrelsen
321 1267 68 22 bland
407 1268 131 21 sökandene
554 1267 30 22 till
601 1268 67 22 dessa
685 1267 121 30 uppgjordt
821 1267 43 22 för-

115 1302 56 27 slag,
188 1303 119 22 ankomma
327 1303 11 22 å
361 1303 205 29 stadsfullmäktige,
591 1303 73 22 hvilka
688 1304 101 27 naturligt
813 1303 52 22 med

116 1339 68 21 större
205 1338 85 29 hänsyn
311 1339 30 22 till
361 1345 107 23 personer
484 1339 44 23 och
546 1339 212 23 ortsförhållandena
774 1339 91 22 komme

117 1375 29 22 att
169 1374 74 23 utdela
267 1375 66 22 dessa
357 1375 125 28 rättigheter
505 1377 28 20 än
554 1381 27 16 en
601 1375 21 22 af
638 1375 69 28 några
722 1375 21 22 få
759 1381 107 23 personer

116 1409 121 23 bestående
254 1411 294 29 monopolbolagsstyrelse.
581 1411 91 22 Genom
694 1411 72 22 denna
787 1410 79 22 anord-

117 1445 54 29 ning
186 1452 86 16 vunnes
289 1446 63 22 äfven
370 1447 43 21 den
430 1446 77 27 fördel,
529 1448 30 21 att
575 1453 27 16 en
618 1446 138 29 välbehöflig
772 1446 94 22 konkur-

116 1487 49 16 rens
183 1482 60 28 uppå
259 1482 147 22 vinhandelns
423 1482 91 23 område
531 1482 31 22 till
578 1482 87 23 förmån
681 1482 35 22 för
726 1488 77 16 varans
815 1482 51 22 kva-

116 1517 45 22 litet
177 1518 70 22 skulle
262 1517 34 23 fås
311 1518 32 22 till
359 1518 71 27 stånd,
447 1519 89 22 hvilken
553 1525 84 22 genom
654 1518 212 28 bestämningarna
855 1513 16 39 i
