1111 1773
238 168 28 20 26
406 167 73 23 Ständ.
495 167 45 22 Pet.
556 179 27 3 —
599 165 145 24 Petitionsbet.
763 167 36 23 N:o
814 166 22 23 3.

238 238 47 22 ken
308 238 10 21 i
340 244 88 16 samma
446 238 94 29 omfång
558 244 47 16 som
624 237 42 23 vid
684 240 90 20 statens
792 236 98 24 skolor.”
925 237 76 23 Detta

238 271 132 30 stadgande
387 272 105 28 innebär,
511 274 35 20 att
563 272 165 23 lärokurserna
740 272 8 22 i
761 272 29 23 de
802 272 62 23 båda
875 271 124 23 inhemska

238 309 60 19 samt
321 306 72 30 ryska
410 307 102 28 språken
529 306 56 23 böra
603 314 57 15 vara
678 306 118 23 desamma
813 314 50 15 som
880 306 42 22 vid
938 308 59 20 mot-

238 340 115 22 svarande
371 341 173 22 statsläroverk.
579 341 55 22 Men
653 340 40 23 det
710 341 99 23 innebär
826 341 59 28 icke,
904 343 35 20 att
957 340 44 22 det

236 376 39 22 för
298 374 199 30 undervisningen
515 376 9 21 i
542 375 67 23 dessa
632 376 72 28 språk
728 376 114 28 anslagna
864 374 136 24 timantalet.

238 410 74 22 måste
330 417 56 15 vara
405 411 48 29 just
471 410 127 22 detsamma
615 417 50 15 som
683 410 41 22 vid
742 412 89 20 statens
850 410 84 27 skolor,
953 408 44 22 och

237 444 98 22 framför
359 443 42 23 allt
419 444 98 22 innebär
535 444 40 22 det
592 444 59 28 icke,
669 446 36 20 att
723 444 71 29 ryska
812 444 94 29 språket
924 442 72 23 borde

238 479 24 21 af
280 478 109 29 samtliga
407 478 77 22 elever
502 478 67 23 läsas.
598 478 37 22 En
653 478 74 23 sådan
745 479 109 28 tolkning
871 478 43 22 har
925 477 76 22 också.

238 513 24 22 af
284 512 237 29 Skolöfverstyrelsen
540 512 43 23 och
602 513 102 22 Senaten
722 512 41 23 vid
781 512 174 23 fastställandet
973 511 24 23 af

238 547 29 22 de
303 547 211 22 subventionerade
548 547 230 29 privatläroverkens
812 547 190 29 lektionsplaner

236 581 80 22 städse
334 581 64 22 intill
416 584 91 20 senasto
524 581 36 22 tid
577 582 82 28 gifvits
678 581 98 23 berörda
794 581 137 28 stadgande.

307 616 113 22 Formellt
432 615 42 23 har
486 616 156 29 kungörelsen
655 616 24 22 af
690 616 46 22 den
751 617 29 21 11
795 615 121 23 december
930 615 70 22 1884

238 649 79 30 aldrig
344 650 80 22 blifvit
442 650 94 23 ändrad.
572 650 54 22 Men
649 657 85 22 genom
758 649 88 30 nådiga
864 650 91 23 brefvet
973 649 24 22 af

237 684 45 22 den
302 685 32 22 25
354 685 43 28 juli
417 685 60 22 1901
500 685 44 22 har
559 685 75 22 såsom
645 685 138 29 ytterligare
796 685 87 22 villkor
895 685 36 22 för
943 684 53 22 sub-

238 719 195 29 ventioneringen
449 720 23 21 af
484 719 28 22 de
524 720 93 29 privata
629 727 64 22 goss-
705 719 44 22 och
762 719 159 22 samskolorna
933 718 63 23 stad-

238 755 61 28 gats,
318 756 35 20 att
370 754 41 21 vid
430 754 72 29 sagda
514 754 83 27 skolor,
611 753 93 23 hvilkas
720 753 184 30 lektionsplaner
916 753 8 22 i
936 753 59 22 före-

238 788 104 22 nämnda
366 788 51 22 bref
440 789 52 21 med
510 791 62 19 orätt
590 788 131 22 betraktats
739 789 75 21 såsom
832 787 168 23 motsvarande

239 821 28 23 de
279 822 37 22 för
327 822 157 29 reallyceerna
493 822 133 23 fastställda
635 822 221 29 lektionsplanerna,
867 823 36 21 för
912 821 83 23 under-

238 857 126 29 visningen
383 858 8 21 i
409 857 71 28 ryska
497 857 94 29 språket
603 857 61 22 skall
677 857 76 22 anslås
766 864 87 15 samma
866 857 65 22 antal
943 856 52 23 tim-

238 899 51 15 mar
307 899 49 15 som
374 892 41 22 vid
433 892 162 30 reallyceerna.
623 892 55 22 Icke
696 891 74 22 heller
786 892 44 21 här
848 895 66 25 säges
927 891 68 22 emel-

238 926 78 28 lertid,
336 928 35 20 att
388 926 199 30 undervisningen
605 926 9 22 i
631 926 72 29 ryska
718 926 42 22 bör
772 933 57 15 vara
841 925 155 29 obligatorisk

238 960 36 23 för
292 960 48 23 alla
358 960 83 22 elever.

307 995 55 22 Icke
380 995 66 22 desto
464 994 89 23 mindre
569 995 43 22 har
625 995 102 22 Senaten
739 995 9 21 i
760 995 43 22 sitt
814 994 51 22 bref
876 993 38 23 till
928 994 68 23 Skol-

239 1029 180 30 öfverstyrelsen
444 1029 24 22 af
491 1029 45 22 den
561 1029 31 22 23
611 1029 94 29 januari
725 1029 65 22 1903
810 1031 83 25 ansett,
912 1031 35 20 att
965 1029 35 28 pä

238 1063 78 29 grund
334 1063 24 23 af
375 1063 172 23 ofvannämnda
565 1063 146 30 stadganden
730 1063 71 29 ryska
819 1063 95 30 språket
926 1063 69 22 fram-

239 1097 63 22 deles
326 1098 73 22 borde
423 1105 57 15 vara
502 1098 165 29 obligatoriskt
690 1098 119 23 läroämne
832 1098 8 21 i
858 1097 137 30 privatläro-

238 1132 95 29 verken,
349 1135 59 20 samt
424 1133 8 21 i
446 1133 120 22 skrifvelse
580 1132 38 22 till
631 1140 88 15 samma
732 1129 168 32 Öfverstyrelse
914 1132 23 22 af
949 1131 45 23 den

240 1167 30 22 27
290 1167 51 29 juni
362 1167 64 22 1904
442 1167 113 22 förklarat
567 1169 36 20 att
614 1166 171 30 undervisning
797 1166 9 23 i
818 1167 71 28 ryska
900 1166 95 29 språket

238 1201 71 22 borde
327 1201 118 22 meddelas
463 1201 108 30 samtliga
589 1201 78 22 elever
684 1201 41 22 vid
743 1201 68 23 dessa
828 1201 114 22 läroverk.

308 1235 90 23 Genom
417 1235 77 23 denna
511 1235 103 29 oriktiga
633 1235 109 30 tolkning
761 1237 23 21 af
802 1235 157 30 kungörelsen
971 1236 25 21 af

237 1269 47 22 den
310 1271 28 21 11
365 1270 121 23 december
512 1271 65 21 1884
595 1270 72 23 hafva
685 1270 188 29 privatskolorna
891 1269 52 22 med
962 1270 33 21 af-

238 1304 84 22 seende
341 1304 14 22 &
372 1305 199 29 undervisningen
590 1305 8 21 i
616 1304 72 29 ryska
705 1305 97 29 språket
814 1305 68 21 stälts
893 1304 37 22 uti
941 1303 55 23 full-

237 1339 107 30 ständigt
369 1339 115 22 beroende
508 1339 23 22 af
554 1341 89 20 statens
668 1339 83 28 lyceer.
787 1339 55 22 Men
865 1340 35 20 ett
918 1338 78 29 dylikt

236 1373 116 22 beroende
376 1373 84 23 strider
482 1373 65 22 såväl
565 1376 62 19 emot
644 1373 175 30 privatskolans
837 1377 72 18 väsen
927 1373 8 22 i
953 1373 42 21 all-

236 1407 96 23 mänhet
359 1415 48 15 som
435 1411 62 19 emot
523 1409 56 22 våra
603 1408 136 22 nuvarande
764 1407 198 30 privatläroverks
986 1407 9 22 i

235 1443 75 28 nägra
328 1442 92 29 viktiga
438 1442 147 23 hänseenden
603 1443 53 22 frän
675 1445 89 20 statens
778 1442 107 23 läroverk
899 1441 99 22 alldeles

236 1476 126 23 afvikande
381 1477 168 22 beskaffenhet.
