1111 1775
222 154 28 21 22
415 154 277 23 Petitionsbetänkande
708 154 44 23 N:o
768 154 19 22 1.

222 220 60 27 gälla
297 220 8 21 i
321 219 74 27 frägor
410 220 96 21 rörande
523 220 50 22 hela
589 220 37 22 det
641 220 68 27 ryska
725 220 68 22 rikets
810 220 109 21 intressen
934 220 43 22 och

225 249 191 28 angelägenheter.
448 249 50 23 Med
522 250 118 27 anledning
663 250 70 26 häraf,
756 250 42 21 och
815 249 28 22 dä
859 250 37 21 det
911 256 66 21 synes

224 285 55 16 vara
294 280 7 21 i
318 280 66 21 dessa
408 279 169 22 riksintressens
594 287 73 18 namn,
685 287 48 15 som
750 280 142 21 utfärdandet
908 280 22 21 af
946 280 30 21 of-

223 309 145 28 vanantydda.
383 309 156 28 författningar
554 311 41 20 hos
611 310 69 21 Eders
694 310 122 27 Kejserliga
827 309 101 28 Majestät
941 309 36 28 pä-

225 340 83 27 yrkats,
333 339 91 22 oaktadt
448 340 64 21 deras
536 340 146 27 oförenlighet
705 340 51 21 med
775 339 106 22 Finlands
900 340 78 27 grund-

223 369 63 27 lagar
302 369 57 22 varit
375 369 122 28 uppenbar,
514 372 34 19 tro
564 370 33 27 sig
613 369 125 22 Ständerna
752 370 82 25 kunna,
847 369 70 22 under
928 369 49 22 åbe-

224 399 101 29 ropande
349 400 22 21 af
392 400 59 21 hvad
475 399 31 22 till
524 400 49 21 stöd
589 400 35 21 för
640 399 43 22 den
699 399 138 22 fortfarande
852 399 126 27 giltigheten

225 429 23 21 af
264 429 208 27 Regeringsformen
488 430 42 21 och
546 430 128 26 Förenings-
686 430 42 21 och
740 429 119 22 Säkerhets
871 429 71 22 Akten
954 429 25 22 är

227 458 58 22 1899
294 460 92 25 anförts,
395 459 122 22 inskränka
526 460 33 27 sig
566 459 31 21 till
608 461 31 20 att
647 460 7 20 i
663 459 78 28 frågan
751 466 35 15 om
796 459 182 22 riksintressenas

225 489 115 27 betydelse
352 489 42 22 och
410 489 106 22 inverkan
533 489 28 27 pä
577 489 106 22 Finlands
699 489 135 27 grundlagar
851 489 127 22 framhålla:

300 519 41 21 1:o.
373 519 90 21 Liksom
487 519 37 22 det
546 519 71 27 aldrig
632 521 55 20 satts
704 520 6 21 i
734 519 61 27 fråga
812 521 73 23 annat,
903 521 28 20 än
947 521 32 20 att

226 548 193 28 utrikespolitiken
442 549 71 22 skulle
533 555 54 16 vara
603 556 27 15 en
646 549 69 22 rikets
732 549 164 27 angelägenhet,
913 549 67 22 hand-

226 578 53 21 hafd
305 579 126 21 oberoende
455 579 23 21 af
498 579 57 21 finsk
576 579 35 27 lag
627 579 42 22 och
686 579 67 26 enligt
769 579 43 21 den
828 579 67 27 ryska
911 579 67 21 natio-

226 615 56 15 nens
299 608 117 28 uppgifter,
433 609 41 21 har
490 609 36 21 det
542 609 48 21 icke
606 609 70 22 heller
692 609 109 27 nägonsin
819 609 107 27 uppstälts
943 610 36 20 nä-

227 641 37 24 got
285 638 97 28 anspräk
404 638 29 28 pä
449 641 31 19 att
496 638 56 22 finsk
568 639 137 27 lagstiftning
721 639 54 27 eljes
791 638 71 22 skulle
879 638 101 22 meddela

227 668 140 22 föreskrifter
396 668 68 22 rikets
492 676 68 20 organ
590 669 32 21 till
646 669 152 25 efterrättelse,
825 670 53 20 utan
903 669 78 21 endast

227 700 32 19 att
287 698 106 22 Finlands
423 698 45 22 folk
495 699 57 21 skall
578 698 22 22 fä
623 699 29 27 pä
676 700 37 20 sitt
737 698 90 22 omräde
851 698 34 22 stä
911 698 70 22 under

227 728 50 21 sina
300 728 67 28 lagar,
384 735 54 15 vara
456 729 68 21 »libre
540 729 55 21 dans
612 728 133 22 Vinterieur»
767 735 65 15 »sous
843 728 99 27 l'empire
954 728 27 22 de

228 764 35 16 ses
281 758 63 26 lois»,
362 758 74 22 såsom
453 759 74 27 kejsar
543 758 126 22 Alexander
685 759 7 21 I
709 758 110 28 uttryckte
835 758 39 27 sig.

301 788 42 22 2:0.
376 788 59 22 Enär
461 788 122 28 Rysslands
609 788 87 28 kejsare
720 788 80 28 jemväl
825 789 26 20 är
876 787 106 22 Finlands

229 817 122 22 Storfurste
368 818 46 27 har,
432 819 5 20 i
455 819 54 26 följd
525 819 64 21 häraf
604 819 33 21 till
654 819 120 26 ömsesidig
790 817 89 27 bätnad,
894 818 36 21 det
941 818 41 21 för-

228 847 106 23 hällande
358 849 58 21 varit
438 848 106 27 rädande,
568 851 32 19 att
622 849 110 26 kejsaren,
754 848 13 21 &
786 854 43 16 ena
845 848 64 21 sidan
925 848 7 21 i
948 848 34 21 sin

229 878 113 27 egenskap
359 878 23 21 af
397 878 51 22 hela
467 879 66 20 rikets
550 878 154 27 öfverhufvud,
722 879 89 26 pröfvat
826 878 57 21 hvad
900 878 43 21 han
960 877 23 22 af

229 907 95 22 Finland
349 908 6 21 i
372 909 67 21 rikets
461 909 93 21 intresse
575 908 73 22 kunde
665 909 76 21 fordra
758 908 48 25 och,
823 907 16 22 ä
853 908 42 21 den
913 908 69 21 andra

229 938 66 21 sidan
311 938 7 21 i
335 938 111 27 egenskap
463 939 23 21 af
501 938 106 22 Finlands
624 939 127 25 Storfurste,
770 939 6 20 i
792 938 59 21 kraft
867 937 22 22 af
901 938 26 21 de
939 943 45 16 om-

229 967 100 22 fattande
353 967 224 28 maktbefogenheter,
600 975 47 15 som
664 969 68 26 enligt
747 968 88 21 landets
851 967 133 28 grundlagar

229 997 58 28 ligga
303 998 7 20 i
327 998 133 21 monarkens
476 998 66 25 hand,
558 998 48 21 haft
621 999 123 20 vidsträckt
761 997 114 28 möjlighet
892 999 32 19 att
941 997 42 27 lag-

230 1027 58 27 ligen
309 1028 8 20 i
338 1027 94 22 Finland
448 1028 23 21 af
487 1027 68 22 sädan
573 1028 119 27 anledning
707 1028 88 27 vidtaga
813 1027 103 27 ätgärder
934 1027 50 21 dem

229 1057 45 21 han
285 1057 74 21 funnit
371 1058 69 21 rikets
451 1058 93 21 intresse
555 1058 66 27 enligt
632 1058 93 22 rättvisa
736 1058 42 21 och
789 1057 99 27 billighet
899 1057 83 21 kräfva.

231 1086 102 22 Sälunda
353 1087 67 22 hafva
440 1090 54 19 utan
510 1088 75 21 vidare
601 1088 75 21 hvilka
692 1087 229 28 truppdislokationer
936 1093 48 15 som

230 1117 59 21 hälst
313 1117 85 22 kunnat
421 1117 100 28 vidtagas
546 1118 27 27 pä
598 1118 106 21 Finlands
728 1117 91 22 omräde
841 1118 41 20 och
899 1117 85 21 landets

231 1146 120 23 invänares
375 1146 89 23 biständ
488 1148 76 21 härvid
589 1148 7 21 i
620 1148 58 21 kraft
697 1149 23 20 af
743 1148 36 27 lag
800 1147 85 22 kunnat
900 1147 84 27 tagas
971 1142 16 38 i

233 1177 97 27 anspräk
347 1177 34 21 för
392 1178 150 27 ingvartering
554 1178 21 21 af
589 1178 82 22 militär
690 1180 58 20 samt
760 1178 34 21 för
807 1177 179 27 transportskjut-

231 1213 48 19 sar;
303 1207 124 27 fästningar
450 1208 42 21 och
516 1208 69 21 andra
605 1208 207 22 försvarsanstalter
835 1207 76 21 kunna
932 1210 54 18 utan

231 1236 69 28 nägot
322 1237 80 21 hinder
424 1238 112 27 anläggas,
557 1238 40 21 och
617 1238 63 21 mark
697 1238 57 21 skall
771 1238 34 21 för
822 1236 164 22 försvarsända-

233 1266 45 22 mäl
295 1267 6 20 i
318 1268 220 26 expropriationsväg
548 1268 110 27 upplätas,
670 1270 53 19 utan
738 1270 31 18 att
779 1267 207 27 expropriationens

232 1295 127 29 tillätlighet
382 1298 26 20 är
423 1296 29 28 pä
469 1297 65 27 något
550 1300 43 19 sätt
608 1298 23 20 af
646 1297 57 22 finsk
720 1297 128 28 myndighet
864 1296 122 26 beroende;

233 1327 147 27 jernvägarne
402 1327 64 21 skola
490 1327 64 28 enligt
579 1327 67 22 behof
670 1327 34 22 stä
728 1327 32 22 till
781 1328 68 27 tjänst
864 1327 35 21 för
914 1329 73 24 trupp-

232 1358 149 25 transporter;
397 1359 14 19 t.
428 1363 19 15 o.
465 1364 27 14 m.
510 1357 101 22 enskilda
626 1359 118 26 jernvägar
755 1358 64 21 skola
829 1357 8 20 i
847 1357 107 21 händelse
965 1356 23 21 af

233 1386 111 27 krigsfara
360 1387 76 21 ställas
448 1387 70 21 under
529 1388 140 27 regeringens
680 1387 142 26 förvaltning,
834 1386 81 22 medan
926 1388 62 19 stats-

233 1417 147 26 jernvägarne
396 1417 74 21 städse
481 1418 39 20 äro
536 1417 47 26 det;
600 1417 34 22 för
650 1417 44 22 den
711 1417 165 27 militärstyrka,
894 1423 47 14 som
953 1422 34 15 en-

233 1445 40 28 ligt
289 1446 106 22 Finlands
412 1447 61 26 lagar
488 1447 50 21 bort
554 1448 128 26 uppställas,
707 1448 41 21 har
764 1447 123 21 monarken
904 1446 84 21 kunnat

235 1476 90 21 utfärda
345 1476 45 21 alla
412 1477 26 21 de
455 1477 146 26 reglementen
625 1477 42 22 och
684 1477 166 25 instruktioner,
868 1482 47 15 som
932 1475 57 22 varit

307 1518 62 18 Särsk.
383 1518 52 18 Besv.
448 1518 48 19 utsk.
509 1518 31 18 bet.
553 1518 37 19 N:o
602 1519 17 18 1.
