1114 1778
428 151 276 24 Petitionsbetänkande
721 153 43 22 N:o
780 153 18 22 1.

520 420 180 21 Reservation.

306 485 57 21 Ense
388 485 50 22 med
459 485 120 22 Utskottets
600 485 71 22 flertal
687 486 7 20 i
710 485 164 26 hufvudsaken,
891 487 39 20 äro
946 486 21 21 vi
984 486 8 21 i

235 514 25 22 så
277 514 69 21 måtto
363 515 133 27 skiljaktiga,
514 517 31 19 att
560 515 22 21 vi
598 515 34 21 för
648 514 40 22 vår
704 515 36 22 del
756 521 54 16 anse
829 515 43 22 den
883 515 108 22 underdå-

234 545 52 26 niga
310 545 192 27 framställningen
525 545 41 20 hos
590 545 60 21 Hans
675 545 123 27 Kejserliga
819 545 101 27 Majestät
936 545 55 22 böra

235 575 88 21 affattas
341 575 6 20 i
364 574 123 28 ungefärlig
508 575 231 21 öfverensstämmelse
756 575 50 21 med
825 575 166 22 nedanstående

236 604 145 21 vördsamma
397 604 91 28 förslag:

309 663 33 22 Då
358 664 106 21 Finlands
481 664 101 26 Ständer,
598 664 173 21 hörsammande
788 664 68 21 Eders
870 664 121 27 Kejserliga

237 695 115 26 Majestäts
368 695 43 20 den
428 694 28 21 26
473 694 93 26 Augusti
582 694 117 21 utfärdade
710 693 82 28 nådiga
803 694 91 21 kallelse
905 694 32 21 till
949 695 41 26 lag-

237 725 55 21 tima
308 724 113 27 landtdag,
438 724 7 21 i
462 724 95 26 enlighet
580 724 50 20 med
655 724 22 20 L.
700 723 24 22 O.
747 724 194 21 sammankommit
958 724 34 21 för

236 756 32 20 att
284 754 7 21 i
307 754 233 21 öfverensstämmelse
564 754 50 20 med
639 754 51 21 dess
711 753 139 22 föreskrifter
866 753 126 27 öfverlägga

235 791 37 15 om
288 784 59 21 hvad
364 784 32 20 till
413 784 87 21 landets
516 783 86 22 välfärd
618 783 72 26 hörer,
707 784 42 20 har
764 783 38 21 det
817 783 35 21 för
868 783 125 22 Ständerna

236 813 112 22 framstätt
364 813 75 21 säsom
456 814 65 21 deras
538 813 69 21 första
618 812 116 28 äliggande
751 815 32 19 att
799 814 6 20 i
824 820 20 14 en
856 812 137 28 underdänig

236 844 93 27 petition
353 844 41 20 hos
419 843 69 21 Eders
509 843 121 27 Kejserliga
650 843 102 26 Majestät
768 842 90 22 anhälla
874 850 35 14 om
927 842 66 28 nädig

236 874 105 27 pröfning
357 873 43 21 och
416 873 144 27 erforderliga
576 872 102 28 ätgärder
693 873 7 21 i
717 873 43 21 den
776 873 115 27 vigtigaste
910 873 23 21 af
949 873 44 21 alla

237 904 27 20 de
281 903 192 27 angelägenheter,
490 909 47 15 som
554 902 36 22 för
604 902 139 22 närvaraade
759 905 51 24 taga
822 903 36 21 det
870 902 70 22 finska
957 903 37 21 fol-

236 933 49 21 kets
306 934 79 20 sinnen
406 933 42 21 och
465 933 196 27 uppmärksamhet
676 933 8 20 i
700 932 105 28 anspräk,
822 939 27 15 en
866 933 128 27 angelägen-

237 963 38 21 het
292 963 7 21 i
314 963 127 27 jemförslse
465 963 50 21 med
539 962 89 22 hvilken
652 963 71 27 öfriga
744 962 81 27 frägor,
842 962 69 22 ehuru
928 963 8 20 i
952 963 42 21 och

236 993 37 21 för
297 993 32 27 sig
353 993 82 27 vigtiga
456 993 42 21 och
515 992 70 22 delvis
600 994 14 20 t.
632 999 19 14 o.
669 999 28 14 m.
715 992 23 21 af
754 992 186 27 genomgripande
957 998 35 16 na-

236 1025 43 23 tur,
304 1024 40 20 äro
368 1024 32 20 att
420 1028 54 16 anse
490 1022 74 22 säsom
581 1022 98 22 varande
696 1022 79 21 endast
792 1022 22 21 af
830 1022 113 21 sekundär
958 1022 36 22 be-

236 1052 93 28 tydelse.

310 1081 31 22 Sä
363 1082 89 27 mycket
470 1081 80 22 sädant
565 1083 29 20 än
610 1081 148 26 förekommit,
776 1088 49 15 som
841 1082 57 21 varit
914 1082 80 27 egnadt

239 1114 32 19 att
287 1112 35 21 för
338 1112 69 21 Eders
424 1112 122 27 Kejserliga
558 1111 101 27 Majestät
670 1111 180 28 undanskymma
866 1112 36 21 det
916 1111 79 28 riktiga

238 1141 199 26 sakförhällandet,
459 1142 43 21 kan
520 1141 37 22 det
572 1142 48 21 icke
637 1147 53 16 vara
707 1141 69 22 Eders
793 1141 122 27 Kejserliga
930 1141 65 27 Maje-

238 1173 45 20 stät
307 1172 105 23 obekant,
429 1173 31 20 att
476 1172 7 20 i
499 1171 93 21 Finland
608 1171 71 21 under
696 1177 27 16 en
740 1171 54 27 följd
811 1171 23 21 af
850 1170 25 22 är
890 1171 57 21 varit
962 1171 32 21 rä-

241 1201 74 22 dande
339 1202 160 26 misstämning,
517 1201 53 27 djup
586 1207 39 15 oro
642 1201 42 21 och
700 1201 98 27 betryck,
816 1203 57 19 samt
889 1203 31 19 att
936 1201 60 21 detta

240 1231 141 22 förhällande
398 1231 83 22 inträdt
496 1231 7 21 i
520 1231 53 26 följd
590 1231 23 21 af
628 1233 32 19 att
675 1231 112 21 särskilda
802 1231 156 27 författningar
974 1230 22 21 af

240 1264 47 19 stor
311 1261 94 21 bärvidd
430 1261 108 21 utfärdats
555 1263 53 19 utan
624 1260 137 22 Ständernas
777 1261 136 21 medverkan
929 1261 7 21 i
953 1262 43 19 äm-

239 1297 51 20 nen,
308 1291 7 21 i
330 1291 77 21 hvilka
424 1291 67 26 enligt
506 1291 86 21 landets
613 1290 134 27 grundlagar
762 1291 136 26 lagstiftning
915 1291 18 26 ej
951 1291 44 20 kan

241 1327 41 21 ega
298 1327 50 14 rum
365 1323 53 19 utan
435 1321 73 21 denna
524 1320 141 26 medverkan,
679 1320 124 27 hvarjämte
819 1321 41 20 här
875 1320 121 27 tillämpats

239 1353 30 19 ett
285 1351 204 27 regeringssystem,
510 1357 47 14 som
577 1350 126 27 ödesdigert
719 1350 89 27 ingripit
819 1351 6 20 i
837 1351 36 20 det
884 1350 112 27 offentliga

239 1380 62 21 lifvet
321 1380 63 22 såväl
400 1387 48 14 som
465 1381 7 20 i
488 1381 37 20 det
541 1380 106 21 enskilda.
680 1379 33 22 Då
729 1380 69 21 Eders
814 1379 102 28 Majestät
931 1381 5 20 i
954 1379 42 22 Sitt

238 1409 83 28 nådiga
347 1410 82 22 trontal
445 1410 35 21 vid
498 1411 74 21 denna
587 1410 116 26 landtdags
720 1410 119 26 öppnande
855 1409 95 27 behagat
966 1411 30 19 ut-

240 1440 53 25 tala,
310 1440 38 21 det
359 1440 69 22 Eders
439 1440 113 26 Majestäts
563 1439 73 21 beslut
648 1442 32 18 att
690 1439 164 22 sammankalla
864 1441 64 19 nästa
940 1441 57 19 stän-

242 1470 101 21 dermöte
359 1470 33 21 till
410 1470 56 21 1907
478 1469 57 27 finge
547 1469 111 27 uppfattas
670 1468 74 22 säsom
757 1469 63 21 bevis
831 1468 29 28 pä
871 1469 127 21 förtroende

313 1511 63 19 Särsk.
390 1511 53 19 Besv.
456 1511 46 19 utsk.
516 1511 33 18 bet.
563 1511 33 18 N:o
609 1512 15 17 1.
