1111 1778
298 148 282 22 Petitionsbetänkande
598 149 42 23 N:o
657 149 23 22 6.
850 157 15 20 9

112 214 95 29 betjäna
223 213 103 23 trafiken
343 221 49 14 mer
409 215 30 20 än
455 221 48 20 sex,
523 214 50 22 ofta
589 214 84 22 endast
688 215 48 21 fem
752 215 113 22 månader

113 250 23 21 af
151 250 56 28 året,
223 249 45 22 och
284 249 57 22 flere
360 249 127 22 industrier
504 250 45 21 och
567 250 119 28 näringar,
702 250 72 22 bland
790 251 74 22 andra

112 286 45 21 den
174 285 167 29 uppåtgående
358 285 112 22 modärna
486 285 263 30 mejerihandteringen,
761 286 103 22 oafvisli-

112 329 47 21 gen
181 322 83 21 kräfva
287 325 34 18 ett
337 321 71 22 snabt
423 321 44 22 och
487 321 157 29 regelbundet
660 322 203 29 transportmedel,

112 364 71 20 synas
207 357 189 28 vattenvägarna
420 357 78 22 därför
514 357 53 22 icke
590 364 50 15 mer
656 357 82 22 kunna
754 358 109 22 tillfreds-

111 394 70 21 ställa
197 393 77 21 tidens
290 393 138 28 fordringar,
440 393 36 22 för
492 393 79 22 såvidt
589 393 30 22 de
634 394 50 21 afse
700 401 29 14 en
745 394 119 22 trafikför-

111 429 107 21 bindelse
242 428 87 22 mellan
353 429 93 21 landets
470 429 51 21 inre
545 429 64 22 delar
632 430 44 21 och
700 430 87 22 kusten
807 430 56 22 eller

112 465 229 28 öfverhufvudtaget
365 468 33 18 ett
422 465 300 22 kommunikationsmedel
737 466 36 21 för
789 466 75 29 regel-

111 501 96 21 bunden
223 501 138 21 samfärdsel
376 501 87 22 mellan
480 501 42 22 två
538 501 65 21 olika
619 501 138 22 landsdelar.
790 503 73 21 Detta

111 537 64 22 leder
199 537 60 21 dock
283 537 132 28 ingalunda
438 537 36 22 till
498 540 36 19 ett
559 537 151 29 fullständigt
731 538 132 22 underkän-

111 573 78 21 nande
205 573 24 21 af
244 574 190 27 vattenvägarna
453 580 51 14 som
521 576 35 19 ett
576 573 59 29 godt
654 573 44 21 och
714 574 149 28 nödvändigt

111 608 298 23 kommunikationsmedel
425 609 70 22 äfven
511 609 36 22 för
558 609 132 22 framtiden.
721 609 106 22 Sålunda
837 610 26 21 är

111 644 172 29 skogsbrukets
306 644 72 22 behof
402 645 23 21 af
448 648 35 19 ett
506 645 80 29 billigt
605 646 196 28 transportmedel
818 645 45 22 till-

111 680 136 22 fredsstäldt
257 688 87 21 genom
357 680 143 29 sjötrafiken,
512 681 132 29 hvarjämte
656 682 74 28 några
741 682 23 21 af
775 682 29 21 de
817 682 45 20 för-

111 717 93 21 nämsta
220 716 226 29 industrigrenarna,
463 717 77 22 såsom
557 717 123 22 trämasse-
694 717 44 22 och
751 724 112 21 pappers-

110 752 125 28 industrin,
251 752 8 21 i
275 752 108 22 afsevärd
408 753 54 21 mån
486 753 83 22 kunna
593 753 95 28 betjäna
711 753 38 28 sig
768 753 24 22 af
808 753 55 21 den-

110 795 96 21 samma,
231 788 44 22 och
299 789 70 21 äfven
395 788 166 23 landtbrukets
588 789 109 22 framtida
721 789 142 28 utveckling

110 824 94 22 kräfver
220 824 89 29 billiga,
326 831 38 14 om
386 825 71 21 också
473 824 53 22 icke
542 825 157 28 regelbundet
720 825 142 22 trafikerade

110 860 194 28 transportvägar
327 861 36 21 för
386 860 278 29 hjälpgödslingsämnen
688 861 45 21 och
749 861 114 22 foderme-

109 895 44 22 del.
185 897 47 20 Det
255 896 66 21 torde
345 896 77 22 därför
438 897 24 21 få
477 903 70 15 anses
571 903 52 15 som
640 897 84 26 säkert,
741 900 35 18 att
792 897 70 28 insjö-

110 931 265 22 kommunikationerna
401 933 43 21 allt
472 932 145 22 fortfarande
642 932 76 22 måste
739 933 122 21 betraktas

110 974 51 15 som
178 975 29 14 en
224 967 119 29 väsentlig
364 968 96 21 vehikel
480 968 36 22 till
532 968 93 22 landets
646 968 155 22 ekonomiska
817 969 45 21 för-

110 1003 84 22 kofran
218 1003 45 22 och
287 1007 36 18 att
345 1011 97 21 omsorg
465 1004 43 21 bör
524 1011 75 21 egnas
615 1004 67 22 deras
698 1004 111 22 fortsatta
825 1007 36 19 ut-

110 1039 113 28 veckling
239 1039 8 22 i
263 1039 100 29 lämplig
383 1039 115 29 riktning,
514 1039 6 22 i
538 1040 40 21 det
594 1039 28 22 de
638 1040 8 21 i
662 1040 147 22 förhållande
825 1040 36 22 till

105 1074 160 29 järnvägarna
288 1075 57 21 böra
370 1076 82 28 intaga
473 1075 146 29 ställningen
642 1076 23 21 af
681 1079 35 18 ett
731 1076 131 22 sekundärt

108 1110 305 23 kommunikationsmedel.

154 1147 11 21 I
182 1147 140 28 anslutning
346 1147 34 22 till
398 1147 68 22 dessa
482 1148 150 29 synpunkter
657 1147 73 22 hafva
745 1147 43 22 här
803 1148 59 21 före-

107 1182 115 29 liggande
248 1183 243 28 petitionsmemorial,
512 1183 30 22 dä
567 1183 30 22 de
621 1184 71 21 afsett
715 1183 147 22 omfattande

109 1218 189 29 kanaliseringar
322 1219 45 21 och
383 1219 122 29 skapande
522 1220 24 21 af
567 1227 48 20 nya
631 1219 179 22 hufvudstråtar
826 1219 36 22 för

106 1254 95 22 landets
226 1254 56 22 eller
305 1262 29 14 en
359 1255 74 22 större
455 1255 120 22 landsdels
601 1255 77 26 trafik,
700 1255 52 22 icke
768 1255 94 22 kunnat

108 1289 110 23 tillvinna
244 1290 38 28 sig
305 1291 139 22 Utskottets
468 1291 84 22 förord.
584 1292 114 21 Däremot
721 1291 42 22 har
779 1291 82 28 hvarje

108 1326 96 28 förslag,
228 1333 50 15 som
302 1326 88 28 åsyftat
406 1327 80 28 någon
507 1335 31 20 ny
555 1327 80 28 farled,
651 1327 98 22 hvilken
765 1327 96 22 komme

109 1365 36 18 att
161 1362 114 22 förmedla
298 1363 169 22 lokaltrafiken
483 1363 66 22 inom
565 1371 30 14 en
619 1363 49 22 viss
688 1363 111 28 landsdel,
816 1363 45 22 och

105 1405 51 14 som
168 1397 30 29 på
209 1398 114 28 lämpligt
333 1399 48 21 sätt
392 1399 78 21 skulle
481 1399 119 26 anknytas
611 1399 41 22 vid
663 1406 29 15 en
703 1399 64 22 förut
777 1399 84 22 befint-

104 1432 35 29 lig
155 1433 76 22 större
242 1434 132 28 vattenväg
387 1434 56 22 eller
455 1435 38 21 vid
501 1434 168 29 järnvägarna,
680 1435 87 22 vunnit
778 1435 82 21 erkän-

104 1469 79 21 nande
199 1469 79 22 såsom
295 1476 28 15 en
341 1470 107 28 naturlig
464 1470 190 29 komplettering
670 1471 23 21 af
708 1478 59 21 resp.
783 1470 78 22 lands-

177 1512 187 21 Järnvägsutskottets
377 1513 107 15 betänkande
494 1513 36 17 N:o
542 1518 16 14 3.
