1111 1775
241 158 23 16 20
470 158 217 18 Motionsbetänkande
700 158 37 18 N:o
749 158 17 18 1.

588 220 27 19 39
634 218 19 28 8.

316 267 17 19 1.
365 267 111 25 Rusdryck,
502 273 43 14 som
568 267 110 19 förklarats
701 268 109 21 förbruten,
828 267 52 19 skall
896 268 97 24 utbjudas

240 295 22 19 åt
278 296 166 25 utminuterings-
461 297 38 20 och
514 297 213 24 utskänkningsbolag
742 297 38 20 och
795 297 30 19 till
842 297 38 19 den
895 297 97 24 mestbju-

240 326 68 19 dande
331 326 61 19 bland
417 327 44 19 dem
484 326 101 26 försäljas.
616 327 39 19 Det
671 326 90 20 erhållna
776 327 63 24 priset
855 327 90 24 erlägges
961 327 30 18 till

240 355 155 21 Statskontoret
411 357 38 19 och
465 357 106 19 användes
586 357 27 24 pä
629 357 42 18 sätt
687 357 6 18 i
712 357 25 18 13
754 355 12 28 &
782 357 137 19 föreskrifves.

313 386 19 19 2.
363 386 46 19 Kan
433 387 17 24 ej
472 385 105 21 förbruten
592 393 51 12 vara
659 386 26 25 på
701 387 57 19 detta
774 387 42 19 sätt
831 387 97 24 föryttras
945 386 47 19 eller

240 417 22 17 är
278 416 101 24 mängden
396 416 57 19 deraf
468 417 24 19 så
507 417 64 23 ringa,
589 417 30 18 att
636 417 47 18 dess
698 417 62 19 värde
776 417 17 24 ej
810 422 62 14 anses
887 417 104 19 motsvara

239 445 242 25 forslingskostnaderna,
499 446 53 20 skall
567 452 64 13 varan
647 446 111 25 bevisligen
773 446 105 20 förstöras.

585 506 28 19 40
630 504 19 27 &

314 553 17 18 1.
362 553 31 19 Då
416 554 120 25 rusdrycker
557 553 84 20 försålts
663 553 20 19 af
699 553 45 23 den,
761 559 44 13 som
820 553 44 19 icke
880 553 6 19 i
903 554 86 24 stadgad

238 582 86 25 ordning
336 583 79 19 erhållit
425 583 93 20 tilistånd
534 583 70 23 dertil!,
622 583 53 19 skall
691 583 36 19 den
746 583 90 25 skyldige
852 583 60 25 jemte
929 583 59 19 straff

238 613 74 19 dömas
329 613 31 19 att
376 613 81 25 erlägga
473 620 24 13 en
514 613 50 20 efter
579 613 39 20 den
634 613 85 25 olofliga
733 613 157 25 försäljningens
907 614 82 18 omfatt-

238 642 49 25 ning
307 642 82 26 lämpad
405 643 65 25 afgift,
487 643 45 19 från
548 643 38 19 och
602 644 45 18 med
662 643 69 19 femtio
748 643 30 19 till
794 643 38 19 och
848 643 44 19 med
909 644 79 18 ettusen

238 672 63 22 mark,
319 678 45 14 som
378 673 92 19 tillfaller
478 674 38 18 den
532 673 46 19 stad
595 673 46 19 eller
657 673 162 22 landskommun,
837 673 34 19 der
891 673 98 19 öfverträ-

238 702 70 19 delsen
324 702 60 20 skett.
405 703 69 19 Hafva
488 703 49 19 flere
552 703 53 19 varit
621 703 6 19 i
643 703 158 19 öfverträdelsen
818 702 106 25 delaktige,
937 703 52 19 skall

238 732 74 19 endast
336 738 24 13 en
381 732 60 25 afgift
464 732 40 20 alla
527 733 123 19 tillsamman
672 732 108 20 ähvälfvas
796 738 45 14 men
857 732 21 19 af
894 733 45 19 dem
953 738 35 18 ge-

237 762 102 19 mensamt
355 762 46 20 eller
417 763 39 19 den
472 768 44 14 som
532 762 83 25 tillgång
631 768 46 19 eger
693 762 77 25 gäldas.

311 792 19 18 2.
361 792 100 20 Kommun
485 792 86 20 sålunda
593 792 93 20 tilldömd
709 792 59 25 afgift
790 793 82 24 uttages
895 793 38 19 hos
949 792 38 19 den

238 821 209 26 betalningsskyldige
464 822 23 20 sä
502 822 57 25 långt
573 823 52 19 hans
642 822 107 24 tillgångar
765 822 68 23 förslä,
846 828 32 13 om
893 822 37 20 ock
941 822 46 19 hela

237 852 95 24 beloppet
348 852 43 19 icke
407 852 41 19 kan
465 852 60 20 utfäs.

544 951 32 22 IV
596 951 83 28 Kap.

235 1009 114 23 Allmänna
365 1010 133 29 stadganden
515 1017 34 16 om
560 1010 164 30 tillämpningen
736 1010 22 23 af
769 1010 71 23 denna
850 1010 135 30 förordning.

580 1078 26 19 41
625 1077 19 27 8.

307 1125 59 20 Hvad
385 1126 6 18 i
408 1126 66 19 denna
497 1126 117 24 förordning
637 1128 22 17 är
683 1126 97 25 stadgadt
803 1132 33 13 om
859 1126 124 25 rusdrycker,

233 1155 65 24 gäller
322 1155 41 19 alla
385 1155 106 20 inhemska
510 1155 46 20 eller
569 1156 111 19 utländska
697 1156 57 19 såväl
771 1162 85 18 svagare
873 1162 44 13 som
932 1157 52 18 star-

234 1186 48 19 kare
306 1186 60 24 sprit-
389 1186 39 19 och
448 1186 139 25 maltdrycker,
605 1192 43 13 som
665 1186 102 20 innehålla
782 1192 55 13 mera
852 1187 26 18 än
895 1186 36 19 två
947 1186 37 19 och

234 1221 24 13 en
283 1215 63 25 fjerde
370 1215 43 20 dels
432 1216 151 25 volymprocent
599 1216 82 20 alkohol
696 1216 35 20 vid
748 1215 26 26 +
794 1216 25 18 15
836 1216 71 24 grader
923 1216 62 24 enligt

234 1244 60 20 Celsii
318 1247 132 18 termometer.
481 1246 59 19 Hvad
565 1246 96 19 särskildt
676 1247 23 18 är
715 1246 97 24 stadgadt
827 1252 32 13 om
876 1245 108 25 spritdryc-

233 1275 41 22 ker,
293 1281 36 19 ege
345 1275 127 25 tillämpning
488 1276 73 19 endast
576 1275 13 19 å
605 1276 24 18 de
645 1276 90 25 drycker,
752 1282 44 13 som
811 1275 103 19 innehålla
930 1281 54 13 mera

233 1306 26 18 än
275 1305 96 25 tjugutvå
386 1305 154 25 volymprocent
555 1305 88 19 alkohol.

579 1371 28 19 42
624 1370 18 27 8.

304 1418 131 23 Stadsfiskal,
452 1418 175 26 polistjensteman
644 1419 38 19 och
697 1419 155 24 kronobetjente
866 1418 59 20 skola
945 1424 38 18 ega

231 1448 136 20 obehindradt
389 1448 88 20 tillträde
500 1448 29 20 till
554 1448 40 20 alla
612 1449 54 19 inom
682 1449 59 19 deras
758 1448 225 24 öfvervakningsområ-
