1111 1773
239 171 13 21 4
441 168 241 25 Petitionsbetänkande
698 169 40 23 N:o
754 168 13 23 3
776 174 15 17 a

285 237 30 20 På
329 237 63 26 grund
407 237 20 20 af
442 237 52 20 hvad
509 236 20 21 vi
551 236 83 20 sålunda
648 236 65 20 anfört
727 235 21 20 få
762 235 21 20 vi
798 235 36 20 hos
848 234 145 26 Ridderskapet

240 267 38 21 och
296 267 64 20 Adeln
376 267 98 20 vördsamt
489 266 77 20 anhålla
582 273 31 13 om
629 266 34 19 det
680 265 107 26 höglofliga
803 265 87 20 ståndets
905 265 87 25 benägna

240 297 118 20 medvärkan
374 297 32 20 till
421 303 24 14 en
461 296 123 25 underdånig
599 295 83 27 petition
698 295 7 21 i
722 296 51 25 syfte

529 364 27 18 att
571 362 33 25 för
616 361 138 27 privatskolan
769 361 69 20 såsom
848 361 62 20 vilkor
920 361 33 25 för
962 368 29 13 er-

457 392 109 20 erhållande
580 393 26 24 af
618 392 106 19 understöd
736 398 25 13 ur
771 391 102 20 allmänna
884 391 60 20 medel
953 391 40 20 icke

457 422 58 20 måtte
536 422 108 25 fastställas
655 421 151 25 bestämningar,
817 421 64 20 hvilka
891 421 101 25 nedtrycka

457 452 64 20 denna
536 452 53 19 skola
605 452 30 19 till
650 458 24 13 en
684 451 65 26 hvarje
759 451 160 26 själfständighet
929 451 63 25 beröf-

456 483 37 19 vad
507 482 64 25 afbild
586 482 26 25 af
623 488 23 14 en
663 482 45 19 eller
722 488 69 13 annan
806 483 32 24 typ
854 481 26 26 af
891 481 101 20 statsläro-

457 513 49 26 verk,
522 512 34 20 och
571 513 28 18 att
614 512 8 19 i
638 511 72 20 sådant
725 511 50 26 syfte
790 512 15 25 $
819 512 13 19 2
844 511 9 19 i
865 511 50 20 Nåd.
926 511 65 25 Kung.

457 543 26 25 af
495 543 36 19 den
546 543 21 18 11
582 542 37 19 dec.
636 542 54 19 1884
700 541 59 20 måtte
769 541 126 20 underkastas
907 541 86 20 revision

457 574 52 18 samt
524 572 54 25 Kejs.
596 572 94 19 Senatens
701 571 68 26 påbud
783 572 26 25 af
821 571 35 20 den
867 572 11 19 1
888 577 41 14 nov.
941 572 51 19 1904

457 602 40 20 icke
512 601 58 21 måtte
586 602 80 25 bringas
682 602 9 19 i
705 601 151 26 verkställighet;

529 633 27 18 att
569 632 38 19 den
618 632 94 25 läroplan,
720 631 29 26 på
758 631 66 26 grund
833 631 26 25 af
865 631 76 20 hvilken
947 631 45 25 pri-

457 662 88 20 vatskola
560 662 77 19 erhäilit
652 668 24 13 en
691 662 33 25 för
738 662 55 19 vissa
809 661 22 20 år
846 661 85 20 bestämd
945 661 46 19 sub-

457 693 84 23 vention,
555 692 39 20 icke
610 692 62 20 under
686 691 95 27 förloppet
796 691 26 26 af
833 691 63 20 denna
912 691 81 19 subven-

459 722 82 20 tionstid
556 722 58 20 måtte
630 723 83 19 utsättas
732 722 33 25 för
779 722 63 25 några
856 722 80 25 ingrepp
946 721 47 25 från

458 754 72 18 statens
547 752 54 24 sida;
617 752 35 20 och

530 784 27 18 att
572 782 36 20 den
623 782 9 20 i
643 782 158 25 privatskolorna
822 781 70 20 hittills
905 781 89 26 gällande

455 812 109 26 principen,
581 814 27 18 alt
624 812 37 20 elev
676 812 8 20 i
700 814 57 18 vissa
771 812 36 24 fall
820 811 38 19 kan
868 811 78 26 beviljas
957 811 37 25 fri-

459 842 30 19 het
511 842 47 25 från
578 842 118 25 deltagandet
717 842 9 20 i
748 842 166 24 undervisningen
928 842 9 18 i
952 842 42 18 sär-

459 872 63 20 skilda
537 873 78 24 ämnen,
632 872 58 20 måtte
705 872 23 26 få
743 871 85 20 orubbad
842 870 95 27 fortbestå.

289 937 124 26 Helsingfors
429 939 37 19 den
485 939 26 19 16
527 938 103 20 december
647 939 63 19 1904.

293 1003 43 21 Uno
352 1003 97 26 Lindelöf.
759 1005 23 18 A.
803 1003 132 20 Wallensköld.

290 1069 68 20 Alexis
373 1076 17 13 v.
406 1070 93 19 Kremer.
759 1070 62 25 Georg
840 1069 110 20 Estlander.

289 1134 114 22 Likaledes
425 1134 55 22 hade
500 1135 178 26 Borgareständet
699 1136 31 21 till
749 1134 107 23 Särskilda
871 1135 124 21 Besvärsut-

243 1170 79 21 skottet
344 1170 119 27 hänskjutit
483 1172 79 20 tvenne
584 1171 109 28 särskilda,
716 1171 22 22 af
753 1171 73 21 herrar
844 1171 96 27 Ignatius
956 1171 39 21 och

244 1205 104 22 Sundvall
360 1207 83 27 ingifna
455 1207 180 28 petitionsförslag
651 1207 3 20 i
670 1214 81 14 samma
767 1209 67 19 ämne.
859 1206 32 21 Dä
902 1207 94 21 emeller-

243 1241 32 22 tid
290 1242 84 21 Präste-
386 1243 39 20 och
437 1242 164 22 Bondeständen
618 1243 32 21 till
666 1243 114 21 Allmänna
791 1243 206 21 Petitionsutskottet

242 1278 120 22 remitterat
385 1280 30 20 ett
436 1279 56 21 antal
513 1279 185 28 petitionsförslag,
718 1279 117 21 berörande
856 1278 44 22 dels
916 1285 80 15 samma

243 1314 78 28 frågor,
348 1320 45 15 som
410 1315 27 21 de
452 1315 144 27 nyssnämnda
612 1315 246 28 petitionsmemorialen,
881 1315 45 21 dels
948 1314 48 22 med

243 1349 49 22 dem
313 1351 8 20 i
342 1352 107 20 närmaste
471 1351 102 21 samband
592 1351 88 21 stäende
702 1354 83 23 ämnen,
807 1351 124 21 hemställde
951 1350 45 22 Sär-

243 1385 70 22 skilda
334 1386 195 22 Besvärsutskottet
550 1387 38 21 hos
610 1387 155 27 Riddorskapet
788 1387 39 21 och
850 1386 70 22 Adeln
942 1388 55 19 samt

242 1420 181 29 Borgareständet
439 1424 30 19 att
485 1422 60 22 dessa
558 1422 62 22 stård
632 1422 56 28 ville,
700 1423 47 21 med
760 1423 90 27 ändring
861 1422 21 21 af
896 1422 25 22 de
932 1422 65 21 första

242 1458 135 27 remisserna,
393 1458 113 27 hänskjuta
516 1458 160 28 ifrågavarande
688 1459 37 21 hos
739 1459 47 21 dem
802 1459 74 21 väckta
887 1458 109 28 petitions-

242 1493 82 28 förslag
334 1494 32 21 till
376 1494 116 21 Allmänna
507 1494 213 29 Petitionsutskottet,
736 1502 53 17 som,
805 1494 54 22 efter
874 1496 31 20 att
920 1494 33 21 för
963 1494 32 21 sin

316 1534 90 19 Särskilda
418 1536 155 18 Besvärsutskoltets
586 1536 104 18 betänkande
703 1536 34 18 N:o
751 1536 17 18 5.
