1114 1773
239 155 27 22 18
392 155 86 22 Ständ.
496 155 51 22 Pet.
564 168 27 3 —
608 155 173 23 Petitionsbet.
797 156 42 22 N:o
855 155 20 22 7.

238 223 94 22 fällande
354 224 31 21 till
407 230 79 15 ansvar
508 223 33 22 för
564 224 62 27 olaga
646 225 111 26 häktning.
786 225 34 21 Då
838 225 14 26 $
870 225 28 20 30
912 225 8 20 i
935 225 68 26 sagda

238 252 36 27 lag
297 253 17 26 ej
339 251 127 23 förutsätter
488 255 31 19 ett
541 253 66 27 dylikt
630 253 177 26 sakförhållande,
825 259 63 15 anser
900 253 38 27 jag
954 254 48 25 S:ns

238 281 120 26 stadgande
386 287 36 16 om
449 281 162 28 verkställighet
635 281 23 22 af
681 282 105 21 domstols
812 281 188 27 häktningsbeslut

238 309 64 22 hafva
317 309 91 22 förlorat
422 310 27 21 all
465 309 62 27 kraft,
551 311 122 20 oberoende
689 311 60 21 däraf
764 317 34 15 om
815 311 51 21 Silin
883 310 58 22 öfver
957 312 45 19 rät-

238 340 50 19 tens
303 337 122 23 förfarande
440 338 71 22 anfört
526 339 77 22 besvär
619 339 50 21 eller
685 339 26 26 ej,
725 339 87 21 hvarför
824 339 43 27 jag,
876 339 71 21 såsom
958 339 42 21 den

238 367 78 26 högsta
339 367 111 22 instansen
467 368 7 20 i
488 367 57 22 länet
561 368 7 21 i
586 368 94 21 ärenden
705 374 46 15 som
775 368 126 27 underligga
921 368 79 27 proku-

238 398 75 19 ratorn
329 395 88 22 befaller
432 396 58 21 Eder
506 398 31 19 att
553 398 75 25 genast
643 395 85 28 frigifva
743 397 86 21 bonden
845 397 51 20 Ivan
911 396 51 21 Silin
974 403 28 14 ur

237 424 109 27 fängelset
366 425 39 21 och
425 424 131 22 öfverlämna
571 425 79 21 honom
667 425 31 21 till
713 425 72 21 förvar
800 425 23 21 af
836 425 86 21 stadens
938 425 61 27 polis.

525 487 26 22 N.
566 488 146 27 Mjäsojädow.

813 546 25 20 V.
853 545 76 22 Fuchs.

856 585 36 17 LE

308 677 130 22 Afskriftens
465 677 100 28 riktighet
589 678 117 27 bestyrker.
737 678 93 27 Viborgs
854 677 144 27 länsfängelse

238 706 42 21 den
298 707 26 20 12
340 706 59 22 Mars
416 707 61 21 1903.

714 741 74 21 Bruno
805 740 123 22 Breitholtz.

308 832 130 22 Afskriftens
460 832 101 28 riktighet
583 833 118 27 bestyrker.
731 834 93 26 Viborgs
847 832 87 22 Rådhus
956 833 40 21 den

238 862 26 20 17
282 861 58 21 Mars
357 862 62 21 1903.

786 897 32 20 W.
834 896 24 21 A.
875 891 52 26 Örn.

236 1015 83 18 Afskrift
331 1015 19 18 af
362 1015 80 18 afskrift.

281 1073 121 19 Guvernören

339 1108 5 11 1

276 1131 80 23 Viborgs
369 1131 37 18 län.

302 1160 72 23 Viborg

247 1189 36 18 den
296 1189 11 18 6
318 1189 52 18 Mars
384 1189 49 18 1903.

298 1218 36 17 N:o
347 1218 39 17 116.

358 1315 41 21 Till
414 1315 223 21 Poliskommissarien
652 1314 56 22 Joho
725 1314 153 27 Kaitokangas.

306 1372 70 21 Sedan
392 1372 129 21 Direktören
537 1372 32 21 för
584 1371 155 27 länefängelset
753 1372 69 26 ansäg
838 1371 33 26 sig
885 1370 46 22 icke
945 1378 51 14 vara

234 1400 121 27 berättigad
372 1403 31 19 att
418 1400 116 22 verkställa
549 1401 42 20 min
607 1401 106 20 anmodan
729 1400 111 27 angående
855 1399 140 21 frikännande

234 1429 24 21 af
276 1429 93 21 häktade
392 1430 52 20 Ivan
468 1429 57 25 Silin,
548 1429 37 21 har
598 1430 37 26 jag
650 1429 71 21 funnit
737 1429 52 27 godt
804 1430 30 20 att
850 1428 145 27 egenmäktigt

234 1457 69 22 befria
318 1458 79 21 honom
415 1465 25 14 ur
455 1458 74 20 häktet
543 1459 7 20 i
565 1458 93 26 enlighet
673 1458 49 20 med
737 1457 23 22 af
774 1458 44 26 mig
834 1456 111 22 utfärdade
960 1459 34 19 ut-
