1111 1773
329 147 245 23 Petitionsbetänkande
591 147 37 23 N:o
645 147 23 22 4.
815 150 27 18 58

121 214 34 22 gör
175 218 24 12 en
222 212 141 23 föreningslänk
381 212 68 18 mellan
467 212 63 21 andra,
548 212 40 17 inåt
607 211 63 18 landet
689 211 55 19 ledda
765 212 107 22 järnvägar.

122 242 43 18 Men
184 241 73 18 oafsedt
274 240 82 24 antydda
374 240 139 23 omständighet
530 241 35 17 och
582 240 67 23 jämväl
668 240 33 18 det
716 240 116 18 förhållande
845 242 27 16 att

121 270 51 18 såväl
191 270 131 23 anläggnings-
340 275 39 13 som
398 270 173 18 driftkostnaderna
586 269 29 18 för
627 270 60 18 banan
700 270 61 18 skulle
775 270 50 21 ökas,
838 275 29 13 om

121 300 62 17 banan
194 299 61 18 blefve
262 299 60 23 privat
328 299 95 23 egendom,
430 300 21 16 är
457 298 63 18 tvifvel
527 298 141 21 underkastadt,
675 298 91 18 huruvida
772 299 50 17 inom
829 292 41 24 Åbo

121 328 79 18 stations
218 328 76 18 område
310 328 34 18 och
363 328 51 18 invid
429 328 80 17 hamnen
523 327 31 18 vid
566 328 135 18 Kanalbanken
714 327 60 19 finnes
787 326 83 19 tillräck-

121 358 36 22 ligt
175 359 90 21 utrymme
281 357 29 18 för
328 356 86 19 enskilda
432 356 178 23 spåranläggningar
627 357 35 17 och
682 356 30 18 för
726 356 23 18 de
762 356 107 24 byggnader

119 386 161 26 järnvägsdriftey
293 386 98 18 erfordrar.

190 415 66 18 Ehuru
274 414 78 18 anförda
369 415 41 18 skäl
427 415 62 17 lämna
501 414 114 23 tillräckligt
627 414 42 18 stöd
682 414 29 18 för
723 414 36 18 den
772 414 98 23 synpunkt,

122 446 27 16 att
167 446 60 16 staten
246 444 57 18 borde
322 444 54 22 åtaga
394 444 29 21 sig
441 444 106 23 byggandet
562 443 20 18 af
592 443 141 23 ifrågavarande
743 444 85 22 järnväg,
842 443 28 17 må

122 473 108 23 ytterligare
246 475 27 16 ett
285 472 79 18 anföras.
383 472 72 19 Endast
467 473 27 17 uti
507 472 24 19 de
544 472 168 22 landskommuner,
726 472 61 18 hvilka
799 472 72 18 erhölle

122 502 63 18 direkt
196 502 62 18 fördel
270 502 22 18 af
302 502 97 23 företaget,
412 502 72 23 uppgår
496 502 134 22 befolkningen
642 502 30 17 till
685 502 56 22 något
751 501 52 19 öfver
808 501 64 21 45,000

122 536 96 18 personer,
236 530 101 23 hvarjämte
355 532 28 16 uti
401 531 58 23 sagda
477 531 110 17 kommuner
605 530 102 18 förefinnas
722 531 51 21 2,139
786 530 86 23 lägenhe-

121 562 30 16 ter
174 560 34 18 och
228 560 51 21 1,600
296 562 47 21 torp.
367 560 92 22 Vanligen
477 563 82 19 antages,
575 562 27 16 att
612 560 114 22 järnvägens
738 559 132 18 trafikområde

122 590 84 17 sträcker
219 589 29 22 sig
260 589 28 17 till
302 594 23 13 en
341 589 59 18 bredd
412 589 21 17 af
443 589 23 18 20
477 589 99 18 kilometer
588 589 11 17 å
610 591 51 16 ömse
674 588 52 19 sidor
738 594 29 12 om
777 589 96 22 järnvägs-

122 618 65 23 linjen,
199 618 35 18 och
254 618 7 18 i
279 618 53 22 fråga
350 624 29 12 om
397 618 129 23 angränsande
545 618 91 22 skärgård
652 618 35 18 bör
699 618 52 18 detta
762 617 74 18 område
848 618 24 22 på

122 647 61 23 grund
196 647 20 17 af
226 647 58 18 redan
296 652 73 14 vunnen
382 647 108 18 erfarenhet
500 647 56 18 delvis
566 647 64 18 kunna
639 647 107 18 utsträckas
753 646 43 18 vida
803 646 69 23 längre.

122 676 82 18 Sålunda
221 676 83 18 kommer
323 670 135 30 Åbo—Nystad
473 676 66 21 banan,
551 676 40 18 ifall
604 676 139 18 innevånarena
756 676 6 17 i
775 676 55 17 dessa
842 676 31 17 två

122 705 64 18 städer
197 705 118 22 medräknas,
328 708 26 15 att
366 705 99 23 tillgodose
478 705 74 23 vidpass
564 706 67 20 95,000,
644 710 42 13 men
699 710 29 12 om
739 704 133 23 folkmängden

122 735 6 17 i
141 728 41 24 Åbo
194 734 34 18 och
241 734 71 23 Nystad
324 734 98 22 uteslutes,
435 734 86 23 omkring
533 735 63 21 55,000
608 739 98 18 personers
716 734 98 21 intressen,
825 734 48 17 hvil-

122 764 37 17 ken
177 763 109 23 folkmängd
304 763 85 18 fördelad
407 764 24 22 på
444 764 113 22 järnvägens
570 764 43 17 hela
624 763 57 23 längd
694 764 53 22 utgör
759 768 49 18 resp.
821 762 50 22 1,319

122 793 35 17 och
175 792 33 18 763
227 798 90 16 personer
335 793 24 27 på
377 793 64 22 hvarje
459 792 141 18 bankilometer.
625 792 37 18 För
678 791 132 24 jämförelsens
823 791 49 18 skull

122 822 30 17 må
169 823 78 16 nämnas
263 823 27 16 att
302 822 30 17 vid
345 821 138 23 Åbo-—Toijala
495 821 60 18 banan
569 823 55 21 utgör
636 821 80 18 berörda
727 821 100 18 folktäthet
839 826 31 13 en-

123 850 41 18 dast
181 850 34 18 769
234 850 94 18 individer
348 850 29 18 för
395 851 64 22 hvarje
477 850 141 18 bankilometer.
648 850 41 18 Den
708 850 85 18 landsdel
812 850 60 18 banan

122 880 72 18 komme
210 882 27 15 att
248 880 110 23 genomlöpa
370 880 74 23 intager
457 879 80 19 sålunda
548 879 48 18 hvad
609 879 100 18 folktäthet
721 879 115 18 vidkommer
845 880 28 17 ett

122 909 127 18 framstående
261 914 46 16 rum,
319 909 75 18 hvarför
406 909 106 23 anspråken
525 909 24 23 på
561 909 117 18 förbättrade
690 909 182 17 kommunikationer

122 938 98 18 därstädes
232 938 41 18 icke
286 938 66 17 kunna
363 943 55 13 anses
431 938 136 23 oberättigade,
579 938 49 18 hälst
640 937 55 18 äfven
708 934 39 21 Åbo
754 937 35 18 och
795 937 77 23 Björne-

122 967 55 22 borgs
190 967 30 18 län
233 967 7 17 i
253 967 109 22 jämförelse
376 967 42 18 med
431 967 73 18 landets
517 967 59 22 öfriga
588 967 31 18 län
631 969 27 19 är,
671 967 48 17 hvad
729 967 99 22 järnvägar
841 966 35 18 be

121 995 70 22 träffar,
198 995 110 19 vanlottadt.
326 993 27 21 År
365 996 45 18 1902
423 996 86 23 utgjorde
522 996 94 23 nämligen
630 996 179 22 statsjärnvägarnas
816 995 56 22 längd

122 1025 28 18 uti
163 1025 104 18 afrundade
283 1025 25 18 tal
322 1025 6 18 i
340 1025 84 23 Nylands
437 1025 30 18 län
479 1025 34 18 281
527 1025 103 22 kilometer,
646 1025 4 17 i
662 1025 115 18 Tavastehus
789 1025 31 17 län
832 1024 40 21 389,

121 1055 7 17 i
142 1054 80 23 Viborgs
234 1054 31 18 län
280 1054 40 22 623,
332 1054 6 17 i
352 1054 49 18 Vasa
414 1054 32 18 län
458 1055 40 21 546,
510 1055 7 16 i
529 1054 74 23 Kuopio
616 1054 30 17 län
658 1054 34 17 271
705 1056 47 15 samt
764 1054 6 17 i
784 1050 40 21 Åbo
838 1053 34 18 och

121 1083 125 22 Björneborgs
264 1083 30 18 län
312 1083 35 18 296
364 1083 105 18 kilometer.
494 1083 134 18 Förhållandet
647 1083 68 17 mellan
738 1083 134 22 järnvägarnas

122 1111 56 23 längd
196 1112 35 17 och
248 1112 131 22 folkmängden
393 1112 6 18 i
412 1112 23 18 de
449 1112 50 18 olika
512 1112 55 18 länen
580 1112 120 22 åskådliggör
712 1111 92 18 måhända
816 1111 56 23 tydli-

122 1146 44 18 gare
177 1141 116 22 riktigheten
308 1140 20 18 af
340 1141 132 23 ofvanintagna
484 1140 107 24 påstående.
615 1141 62 22 Sagda
688 1141 21 17 år
721 1140 86 23 utgjorde
820 1142 52 16 anta-

121 1170 28 18 let
161 1170 99 18 kilometer
278 1170 147 22 statsjärnvägar
437 1170 24 22 på
474 1170 62 21 10,000
547 1170 113 18 innevånare
674 1170 6 17 i
692 1169 83 23 Nylands
790 1169 29 18 län
833 1169 38 21 9,07

121 1199 7 17 i
141 1199 114 18 Tavastehus
267 1198 31 18 län
312 1200 56 20 12,56,
381 1199 7 17 i
401 1199 81 22 Viborgs
495 1199 30 17 län
539 1199 56 21 14,29,
611 1199 3 17 i
626 1199 50 17 Vasa
688 1199 31 17 län
733 1199 54 22 11,64,
804 1198 2 18 i
822 1198 49 18 Kuo-

122 1228 32 22 pio
172 1228 30 17 län
214 1228 46 22 8,52,
274 1228 5 17 i
296 1228 24 18 St.
334 1228 79 18 Michels
428 1228 31 18 län
471 1228 38 22 7,96
525 1230 48 16 samt
584 1228 7 17 i
603 1224 41 22 Åbo
657 1228 35 18 och
703 1227 125 23 Björneborgs
840 1227 31 17 län

121 1258 46 20 6,48.
190 1257 74 17 Endast
283 1257 103 23 Uleåborgs
405 1257 31 18 län
455 1262 32 13 var
504 1254 41 21 Åbo
562 1257 35 18 och
616 1257 124 22 Björneborgs
758 1256 31 18 län
802 1256 7 18 i
821 1258 49 16 näst-

121 1286 64 18 nämdt
197 1286 109 18 hänseende
319 1286 127 23 underlägset,
459 1291 42 13 men
514 1286 53 18 torde
580 1286 58 18 också
651 1285 115 19 beträffande
777 1285 51 18 detta
841 1285 31 17 län

122 1317 27 16 ett
167 1316 75 16 motsatt
260 1314 120 19 förhållande
400 1320 67 18 genom
486 1320 67 13 senare
565 1315 99 17 tillkomna
673 1314 102 23 järnbanor
788 1314 29 18 för
830 1316 42 16 när-

122 1344 80 18 varande
214 1346 36 20 äga
262 1349 46 13 rum.
327 1344 41 18 Den
380 1344 107 23 förebragta
499 1344 126 22 utredningen
638 1344 58 21 torde,
708 1349 30 13 om
750 1343 57 18 också
820 1342 54 19 ofull-

122 1373 80 22 ständig,
219 1378 45 13 vara
282 1373 30 17 till
330 1373 55 23 fylles
404 1373 29 18 för
451 1373 123 18 besvarandet
591 1373 21 17 af
627 1373 66 22 frågan
705 1372 80 18 rörande
798 1374 70 16 statens

121 1402 117 23 förpliktelse
251 1404 27 16 att
291 1402 51 23 sörja
353 1402 30 18 för
395 1402 36 18 den
444 1402 20 18 af
472 1407 31 13 oss
513 1402 106 23 föreslagna
628 1402 71 18 banans
710 1407 55 13 snara
774 1401 98 18 tillkomst.

190 1437 53 17 Hvad
261 1437 89 23 slutligen
364 1438 23 17 de
399 1438 6 17 i
418 1437 32 18 det
462 1437 114 23 föregående
588 1437 96 18 allaredan
697 1436 96 24 påpekade
805 1436 63 18 bidra-

121 1472 36 17 gen
177 1465 94 23 beträffar,
290 1468 32 16 äro
334 1467 18 17 vi
366 1467 6 17 i
384 1466 76 18 tillfälle
473 1466 91 22 meddela,
577 1468 27 16 att
620 1466 74 18 direkta
710 1465 160 23 penningebidrag

192 1508 186 22 Järnvägsutskottets
390 1508 110 18 betänkande
513 1508 34 18 N:o
559 1509 17 16 2.
