1111 1778
284 169 275 23 Petitionsbetänkande
575 169 44 23 N:o
635 170 19 21 1.
832 169 26 21 19

465 378 38 21 VI.

299 443 176 20 Hedervärda
495 443 178 20 Bondestånd.

183 503 48 20 Med
254 510 24 13 en
302 503 79 26 pinsam
404 509 33 14 oro
459 503 36 20 har
511 503 67 27 hvarje
594 503 56 20 finne
668 503 60 20 tänkt
743 503 27 26 på
785 503 25 20 de
826 503 37 20 för-

112 533 114 27 ändringar,
242 532 69 21 hvilka
326 533 27 26 på
368 533 39 20 den
423 533 48 20 sista
487 533 53 20 tiden
557 533 43 20 dels
610 533 61 20 redan
682 533 127 26 genomförts,
821 533 43 20 dels

113 565 34 18 äro
167 563 104 20 bestämda
286 566 29 17 att
330 563 6 20 i
352 570 24 13 en
393 564 50 19 nära
457 563 81 20 framtid
554 563 126 26 genomföras
695 563 6 20 i
717 563 48 20 våra
780 563 84 20 ämbets-

114 593 58 21 verks
196 592 206 27 språkförhållanden.
433 593 68 20 Jämte
524 593 33 20 det
575 600 71 19 genom
662 593 74 26 nådiga
751 593 115 20 manifestet

114 623 21 20 af
158 623 38 20 den
214 624 26 19 29
256 623 42 26 juni
316 623 57 20 1900
389 623 130 20 förordnades
535 626 29 17 att
578 623 6 19 i
600 623 191 26 statssekretariatet,
807 630 57 20 gene-

114 652 226 27 ralguvernörskansliet
354 653 38 20 och
407 653 70 20 finska
492 653 186 26 passexpeditionen
688 653 6 19 i
706 653 32 20 S:t
747 653 119 27 Petersburg

115 683 56 20 såväl
183 683 166 26 skriftväxlingen
360 689 42 14 som
413 683 110 20 ärendenas
534 683 124 26 behandling
668 683 122 20 omedelbart
800 683 66 20 skulle

116 713 81 26 vidtaga
217 713 26 26 på
262 712 61 26 ryska
338 712 81 27 språket
435 716 51 16 samt
501 716 30 16 att
546 713 5 19 i
568 717 92 16 senatens
675 712 191 28 ekonomiedeparte-

115 746 56 16 ment
185 742 137 26 underdåniga
337 742 172 27 framställningar
523 742 103 20 äfvensom
643 742 168 27 skriftväxlingen
821 742 45 20 med

115 772 203 27 generalguvernören
342 772 65 20 skulle
430 772 83 20 affattas
536 772 26 26 på
584 773 60 26 ryska
660 773 85 26 språket,
761 772 106 28 stadgades

116 802 62 21 äfven
193 806 29 16 att
237 802 45 20 från
299 802 38 20 den
356 804 10 18 1
383 802 84 20 oktober
483 804 56 19 1903
556 803 39 19 den
614 803 97 26 muntliga
722 803 36 19 och
769 802 99 27 skriftliga

117 832 147 26 behandlingen
280 832 22 20 af
316 832 101 20 ärendena
432 832 5 20 i
454 836 92 16 senatens
558 832 240 27 ekonomiedepartement
808 833 60 27 jämte

117 863 46 19 dess
183 862 133 27 expeditioner
331 862 66 20 skulle
413 862 87 27 försiggå
515 862 27 27 på
557 862 62 26 sagda
634 862 61 27 språk
711 866 52 17 samt
778 866 29 16 att
823 862 45 20 från

117 892 40 20 den
179 894 11 18 1
211 892 83 20 oktober
316 893 56 19 1905
389 892 25 20 de
429 892 90 20 centrala
533 892 152 21 ämbetsverken
701 892 37 21 och
753 892 117 27 länestyrel-

118 929 68 13 sernas
210 922 142 26 skriftväxling
373 929 27 13 m.
425 929 26 13 m.
475 922 45 20 med
540 922 59 27 högre
615 922 137 27 myndigheter
767 922 65 20 skulle
847 922 22 20 li-

119 952 81 20 kaledes
216 958 36 20 ega
267 959 43 13 rum
326 952 26 27 pä
368 952 61 27 ryska
445 952 86 27 spräket.

190 981 39 21 Att
252 982 115 20 skrifvelser
389 982 37 20 och
449 982 138 27 underdäniga
608 982 177 27 framställningar,
801 982 70 21 hvilka

119 1012 46 20 från
186 1016 82 16 senaten
287 1012 96 20 insändas
403 1012 31 20 till
449 1012 61 20 Hans
526 1012 112 27 Kejserliga
653 1012 99 27 Majestät,
769 1012 57 20 skola
842 1012 28 20 af-

120 1042 61 20 fattas
204 1042 26 26 på
252 1042 62 26 ryska
329 1042 86 26 språket,
430 1043 23 19 är
468 1049 25 13 en
509 1042 22 20 af
546 1042 154 20 förhållandena
714 1042 95 26 betingad
824 1044 48 18 rätt-

121 1072 29 20 vis
166 1071 90 25 fordran;
272 1071 37 21 och
324 1075 30 16 att
369 1072 6 19 i
391 1071 281 27 generalguvernörskansliet,
686 1072 186 21 statssekretariatet

121 1102 37 20 och
181 1101 68 20 finska
271 1101 186 27 passexpeditionen
481 1102 6 19 i
503 1103 31 20 S:t
549 1102 119 26 Petersburg
683 1102 74 27 ryskan
774 1109 41 13 som
831 1103 41 18 äm-

121 1131 105 27 betsspråk
243 1131 87 20 kommer
345 1138 54 13 mera
414 1131 31 20 till
461 1131 133 27 användning
609 1133 26 19 än
652 1131 81 28 tidigare
747 1132 52 20 varit
809 1131 63 24 fallet,

122 1161 54 21 torde
199 1161 61 21 äfven
276 1168 47 14 vara
338 1161 22 20 af
375 1161 156 21 förhållandena
545 1161 111 27 påkalladt.
681 1162 49 20 Men
745 1161 63 27 öfriga
824 1161 49 20 före-

122 1191 88 21 nämnda
233 1191 107 27 ändringar
363 1191 126 20 beträffande
509 1191 155 27 användningen
681 1192 21 19 af
717 1192 60 26 ryska
793 1191 81 28 språket

122 1221 76 28 ingripa
215 1221 57 27 djupt
287 1222 6 19 i
308 1221 165 26 grundvillkoren
489 1221 32 20 för
535 1221 34 21 det
584 1221 68 20 finska
667 1221 74 21 folkets
756 1221 29 20 lif.

194 1251 92 21 Sålunda
302 1251 65 20 skulle
382 1251 51 20 först
447 1251 38 20 och
500 1251 72 21 främst
589 1251 126 21 beträffande
726 1254 92 18 senatens
828 1251 46 20 eko-

125 1281 201 26 nomiedepartement
348 1281 119 20 äsidosättas
487 1281 39 20 den
542 1282 61 20 redan
618 1282 6 19 i
640 1281 75 20 allmän
731 1281 34 27 lag
780 1281 96 26 stadgade

123 1311 38 20 och
176 1311 22 20 af
213 1311 47 20 våra
276 1311 73 27 nådiga
365 1311 109 20 Monarker
489 1311 117 20 Alexander
621 1311 22 20 II
659 1311 37 21 och
712 1312 50 19 hans
777 1311 60 27 Höge
847 1311 29 20 ef-

125 1341 97 27 terföljare
245 1341 129 26 genomförda
397 1341 109 27 principen,
526 1345 29 16 att
576 1341 94 27 sakegare
685 1343 22 18 är
722 1341 109 27 berättigad
847 1344 29 17 att

124 1371 47 20 från
194 1371 148 20 vederbörande
359 1371 77 20 erhälla
451 1371 69 20 domar
535 1371 38 20 och
588 1371 63 27 öfriga
665 1371 120 27 handlingar
799 1372 6 19 i
821 1371 55 26 origi-

125 1401 36 20 nal
181 1401 26 27 på
228 1401 33 20 sitt
282 1404 44 23 eget
342 1401 65 26 språk.
424 1401 194 27 Upprätthållandet
632 1401 23 20 af
669 1401 67 20 denna
751 1401 103 26 naturliga,
870 1400 6 19 i

126 1431 33 20 det
182 1430 80 28 dagliga
284 1430 58 21 lifvet
364 1431 76 27 viktiga
458 1431 77 27 princip
551 1431 5 19 i
572 1432 45 20 dess
632 1431 52 21 fulla
700 1431 53 20 kraft
767 1431 37 20 bör
819 1437 59 13 anses

125 1462 71 26 utgöra
218 1468 26 12 en
267 1461 21 19 af
311 1460 144 21 hörnstenarna
475 1461 32 19 för
522 1461 35 21 vår
572 1461 110 20 nationella
696 1461 78 20 tillvaro
790 1460 38 21 och
842 1460 36 21 vår

126 1491 43 20 inre
184 1490 166 28 själfsfändighet.

198 1531 62 19 Särsk.
273 1532 53 18 Besv.
338 1532 45 18 utsk.
397 1532 32 18 bet.
442 1532 36 18 N:o
491 1533 16 18 1.
