<?xml version="1.0" encoding="UTF-8"?>
<alto xmlns="http://www.loc.gov/standards/alto/ns-v3#" xmlns:xlink="http://www.w3.org/1999/xlink" xmlns:xsi="http://www.w3.org/2001/XMLSchema-instance" xsi:schemaLocation="http://www.loc.gov/standards/alto/ns-v3# http://www.loc.gov/alto/v3/alto-3-0.xsd">
	<Description>
		<MeasurementUnit>pixel</MeasurementUnit>
		<sourceImageInformation>
			<fileName>/tmp/tess_x_0jpml__input.PNG</fileName>
		</sourceImageInformation>
		<OCRProcessing ID="OCR_0">
			<ocrProcessingStep>
				<processingSoftware>
					<softwareName>tesseract 5.3.4</softwareName>
				</processingSoftware>
			</ocrProcessingStep>
		</OCRProcessing>
	</Description>
	<Layout>
		<Page WIDTH="1114" HEIGHT="1775" PHYSICAL_IMG_NR="0" ID="page_0">
			<PrintSpace HPOS="0" VPOS="0" WIDTH="1114" HEIGHT="1775">
				<ComposedBlock ID="cblock_0" HPOS="222" VPOS="149" WIDTH="530" HEIGHT="19">
					<TextBlock ID="block_0" HPOS="222" VPOS="149" WIDTH="530" HEIGHT="19">
						<TextLine ID="line_0" HPOS="222" VPOS="149" WIDTH="530" HEIGHT="19">
							<String ID="string_0" HPOS="222" VPOS="150" WIDTH="23" HEIGHT="16" WC="0.95" CONTENT="86"/><SP WIDTH="209" VPOS="150" HPOS="245"/>
							<String ID="string_1" HPOS="454" VPOS="149" WIDTH="218" HEIGHT="19" WC="0.92" CONTENT="Motionsbetänkande"/><SP WIDTH="13" VPOS="149" HPOS="672"/>
							<String ID="string_2" HPOS="685" VPOS="150" WIDTH="37" HEIGHT="18" WC="0.96" CONTENT="N:o"/><SP WIDTH="13" VPOS="150" HPOS="722"/>
							<String ID="string_3" HPOS="735" VPOS="149" WIDTH="17" HEIGHT="19" WC="0.96" CONTENT="1."/>
						</TextLine>
					</TextBlock>
				</ComposedBlock>
				<ComposedBlock ID="cblock_1" HPOS="221" VPOS="208" WIDTH="760" HEIGHT="216">
					<TextBlock ID="block_1" HPOS="221" VPOS="208" WIDTH="760" HEIGHT="173">
						<TextLine ID="line_1" HPOS="221" VPOS="208" WIDTH="759" HEIGHT="31">
							<String ID="string_4" HPOS="221" VPOS="208" WIDTH="120" HEIGHT="28" WC="0.90" CONTENT="föräldrar"/><SP WIDTH="24" VPOS="208" HPOS="341"/>
							<String ID="string_5" HPOS="365" VPOS="209" WIDTH="39" HEIGHT="22" WC="0.94" CONTENT="och"/><SP WIDTH="24" VPOS="209" HPOS="404"/>
							<String ID="string_6" HPOS="428" VPOS="209" WIDTH="63" HEIGHT="28" WC="0.96" CONTENT="barn,"/><SP WIDTH="23" VPOS="209" HPOS="491"/>
							<String ID="string_7" HPOS="514" VPOS="209" WIDTH="53" HEIGHT="22" WC="0.92" CONTENT="eller"/><SP WIDTH="24" VPOS="209" HPOS="567"/>
							<String ID="string_8" HPOS="591" VPOS="210" WIDTH="80" HEIGHT="22" WC="0.92" CONTENT="makar"/><SP WIDTH="23" VPOS="210" HPOS="671"/>
							<String ID="string_9" HPOS="694" VPOS="209" WIDTH="39" HEIGHT="23" WC="0.92" CONTENT="och"/><SP WIDTH="23" VPOS="209" HPOS="733"/>
							<String ID="string_10" HPOS="756" VPOS="210" WIDTH="81" HEIGHT="28" WC="0.92" CONTENT="syskon"/><SP WIDTH="17" VPOS="210" HPOS="837"/>
							<String ID="string_11" HPOS="854" VPOS="210" WIDTH="20" HEIGHT="22" WC="0.93" CONTENT="ei"/><SP WIDTH="15" VPOS="210" HPOS="874"/>
							<String ID="string_12" HPOS="889" VPOS="210" WIDTH="91" HEIGHT="29" WC="0.93" CONTENT="angifva"/>
						</TextLine>
						<TextLine ID="line_2" HPOS="222" VPOS="244" WIDTH="758" HEIGHT="30">
							<String ID="string_13" HPOS="222" VPOS="244" WIDTH="144" HEIGHT="29" WC="0.95" CONTENT="hvarandra,"/><SP WIDTH="17" VPOS="244" HPOS="366"/>
							<String ID="string_14" HPOS="383" VPOS="246" WIDTH="21" HEIGHT="28" WC="0.96" CONTENT="ej"/><SP WIDTH="15" VPOS="246" HPOS="404"/>
							<String ID="string_15" HPOS="419" VPOS="245" WIDTH="70" HEIGHT="23" WC="0.94" CONTENT="heller"/><SP WIDTH="23" VPOS="245" HPOS="489"/>
							<String ID="string_16" HPOS="512" VPOS="252" WIDTH="81" HEIGHT="16" WC="0.93" CONTENT="annan"/><SP WIDTH="24" VPOS="252" HPOS="593"/>
							<String ID="string_17" HPOS="617" VPOS="246" WIDTH="132" HEIGHT="28" WC="0.85" CONTENT="skyldeman"/><SP WIDTH="20" VPOS="246" HPOS="749"/>
							<String ID="string_18" HPOS="769" VPOS="246" WIDTH="50" HEIGHT="28" WC="0.96" CONTENT="den,"/><SP WIDTH="17" VPOS="246" HPOS="819"/>
							<String ID="string_19" HPOS="836" VPOS="246" WIDTH="38" HEIGHT="22" WC="0.93" CONTENT="hos"/><SP WIDTH="16" VPOS="246" HPOS="874"/>
							<String ID="string_20" HPOS="890" VPOS="246" WIDTH="90" HEIGHT="22" WC="0.96" CONTENT="hvilken"/>
						</TextLine>
						<TextLine ID="line_3" HPOS="223" VPOS="281" WIDTH="758" HEIGHT="30">
							<String ID="string_21" HPOS="223" VPOS="281" WIDTH="47" HEIGHT="22" WC="0.92" CONTENT="han"/><SP WIDTH="24" VPOS="281" HPOS="270"/>
							<String ID="string_22" HPOS="294" VPOS="281" WIDTH="78" HEIGHT="28" WC="0.82" CONTENT="njuter"/><SP WIDTH="23" VPOS="281" HPOS="372"/>
							<String ID="string_23" HPOS="395" VPOS="282" WIDTH="48" HEIGHT="22" WC="0.96" CONTENT="kost"/><SP WIDTH="23" VPOS="282" HPOS="443"/>
							<String ID="string_24" HPOS="466" VPOS="281" WIDTH="40" HEIGHT="23" WC="0.93" CONTENT="ooh"/><SP WIDTH="23" VPOS="281" HPOS="506"/>
							<String ID="string_25" HPOS="529" VPOS="281" WIDTH="126" HEIGHT="26" WC="0.95" CONTENT="underhåll,"/><SP WIDTH="24" VPOS="281" HPOS="655"/>
							<String ID="string_26" HPOS="679" VPOS="283" WIDTH="20" HEIGHT="28" WC="0.94" CONTENT="ej"/><SP WIDTH="22" VPOS="283" HPOS="699"/>
							<String ID="string_27" HPOS="721" VPOS="281" WIDTH="127" HEIGHT="29" WC="0.93" CONTENT="fosterbarn"/><SP WIDTH="19" VPOS="281" HPOS="848"/>
							<String ID="string_28" HPOS="867" VPOS="283" WIDTH="114" HEIGHT="27" WC="0.73" CONTENT="fosterför-"/>
						</TextLine>
						<TextLine ID="line_4" HPOS="223" VPOS="316" WIDTH="756" HEIGHT="31">
							<String ID="string_29" HPOS="223" VPOS="316" WIDTH="81" HEIGHT="23" WC="0.90" CONTENT="äldrar"/><SP WIDTH="24" VPOS="316" HPOS="304"/>
							<String ID="string_30" HPOS="328" VPOS="317" WIDTH="39" HEIGHT="22" WC="0.96" CONTENT="och"/><SP WIDTH="21" VPOS="317" HPOS="367"/>
							<String ID="string_31" HPOS="388" VPOS="319" WIDTH="21" HEIGHT="28" WC="0.96" CONTENT="ej"/><SP WIDTH="19" VPOS="319" HPOS="409"/>
							<String ID="string_32" HPOS="428" VPOS="317" WIDTH="70" HEIGHT="23" WC="0.96" CONTENT="heller"/><SP WIDTH="24" VPOS="317" HPOS="498"/>
							<String ID="string_33" HPOS="522" VPOS="317" WIDTH="86" HEIGHT="29" WC="0.96" CONTENT="tjenare"/><SP WIDTH="17" VPOS="317" HPOS="608"/>
							<String ID="string_34" HPOS="625" VPOS="317" WIDTH="114" HEIGHT="23" WC="0.96" CONTENT="husbonde"/><SP WIDTH="16" VPOS="317" HPOS="739"/>
							<String ID="string_35" HPOS="755" VPOS="318" WIDTH="75" HEIGHT="22" WC="0.96" CONTENT="under"/><SP WIDTH="15" VPOS="318" HPOS="830"/>
							<String ID="string_36" HPOS="845" VPOS="318" WIDTH="43" HEIGHT="22" WC="0.96" CONTENT="den"/><SP WIDTH="18" VPOS="318" HPOS="888"/>
							<String ID="string_37" HPOS="906" VPOS="318" WIDTH="32" HEIGHT="22" WC="0.96" CONTENT="tid"/><SP WIDTH="15" VPOS="318" HPOS="938"/>
							<String ID="string_38" HPOS="953" VPOS="319" WIDTH="26" HEIGHT="21" WC="0.96" CONTENT="de"/>
						</TextLine>
						<TextLine ID="line_5" HPOS="223" VPOS="352" WIDTH="185" HEIGHT="29">
							<String ID="string_39" HPOS="223" VPOS="355" WIDTH="39" HEIGHT="20" WC="0.96" CONTENT="äro"/><SP WIDTH="18" VPOS="355" HPOS="262"/>
							<String ID="string_40" HPOS="280" VPOS="352" WIDTH="8" HEIGHT="21" WC="0.90" CONTENT="i"/><SP WIDTH="17" VPOS="352" HPOS="288"/>
							<String ID="string_41" HPOS="305" VPOS="353" WIDTH="103" HEIGHT="28" WC="0.90" CONTENT="tjensten."/>
						</TextLine>
					</TextBlock>
					<TextBlock ID="block_2" HPOS="569" VPOS="396" WIDTH="66" HEIGHT="28">
						<TextLine ID="line_6" HPOS="569" VPOS="396" WIDTH="66" HEIGHT="28">
							<String ID="string_42" HPOS="569" VPOS="396" WIDTH="31" HEIGHT="21" WC="0.93" CONTENT="45"/><SP WIDTH="15" VPOS="396" HPOS="600"/>
							<String ID="string_43" HPOS="615" VPOS="397" WIDTH="20" HEIGHT="27" WC="0.87" CONTENT="$."/>
						</TextLine>
					</TextBlock>
				</ComposedBlock>
				<ComposedBlock ID="cblock_2" HPOS="222" VPOS="448" WIDTH="758" HEIGHT="65">
					<TextBlock ID="block_3" HPOS="222" VPOS="448" WIDTH="758" HEIGHT="65">
						<TextLine ID="line_7" HPOS="296" VPOS="448" WIDTH="684" HEIGHT="30">
							<String ID="string_44" HPOS="296" VPOS="448" WIDTH="118" HEIGHT="29" WC="0.90" CONTENT="Rättighet"/><SP WIDTH="28" VPOS="448" HPOS="414"/>
							<String ID="string_45" HPOS="442" VPOS="451" WIDTH="33" HEIGHT="20" WC="0.94" CONTENT="att"/><SP WIDTH="22" VPOS="451" HPOS="475"/>
							<String ID="string_46" HPOS="497" VPOS="449" WIDTH="122" HEIGHT="22" WC="0.96" CONTENT="verkställa"/><SP WIDTH="24" VPOS="449" HPOS="619"/>
							<String ID="string_47" HPOS="643" VPOS="449" WIDTH="74" HEIGHT="29" WC="0.96" CONTENT="beslag"/><SP WIDTH="25" VPOS="449" HPOS="717"/>
							<String ID="string_48" HPOS="742" VPOS="449" WIDTH="130" HEIGHT="22" WC="0.93" CONTENT="tillkommer"/><SP WIDTH="23" VPOS="449" HPOS="872"/>
							<String ID="string_49" HPOS="895" VPOS="449" WIDTH="85" HEIGHT="22" WC="0.95" CONTENT="allmän"/>
						</TextLine>
						<TextLine ID="line_8" HPOS="222" VPOS="484" WIDTH="694" HEIGHT="29">
							<String ID="string_50" HPOS="222" VPOS="484" WIDTH="112" HEIGHT="28" WC="0.95" CONTENT="åklagare."/><SP WIDTH="32" VPOS="484" HPOS="334"/>
							<String ID="string_51" HPOS="366" VPOS="484" WIDTH="84" HEIGHT="29" WC="0.93" CONTENT="Beslag"/><SP WIDTH="15" VPOS="484" HPOS="450"/>
							<String ID="string_52" HPOS="465" VPOS="485" WIDTH="58" HEIGHT="22" WC="0.96" CONTENT="skall"/><SP WIDTH="14" VPOS="485" HPOS="523"/>
							<String ID="string_53" HPOS="537" VPOS="488" WIDTH="67" HEIGHT="25" WC="0.96" CONTENT="göras"/><SP WIDTH="15" VPOS="488" HPOS="604"/>
							<String ID="string_54" HPOS="619" VPOS="486" WIDTH="10" HEIGHT="22" WC="0.96" CONTENT="i"/><SP WIDTH="16" VPOS="486" HPOS="629"/>
							<String ID="string_55" HPOS="645" VPOS="485" WIDTH="36" HEIGHT="22" WC="0.93" CONTENT="två"/><SP WIDTH="16" VPOS="485" HPOS="681"/>
							<String ID="string_56" HPOS="697" VPOS="485" WIDTH="97" HEIGHT="23" WC="0.92" CONTENT="vittnens"/><SP WIDTH="16" VPOS="485" HPOS="794"/>
							<String ID="string_57" HPOS="810" VPOS="487" WIDTH="106" HEIGHT="21" WC="0.96" CONTENT="närvaro."/>
						</TextLine>
					</TextBlock>
				</ComposedBlock>
				<ComposedBlock ID="cblock_3" HPOS="571" VPOS="550" WIDTH="65" HEIGHT="29">
					<TextBlock ID="block_4" HPOS="571" VPOS="550" WIDTH="65" HEIGHT="29">
						<TextLine ID="line_9" HPOS="571" VPOS="550" WIDTH="65" HEIGHT="29">
							<String ID="string_58" HPOS="567" VPOS="534" WIDTH="29" HEIGHT="50" WC="0.91" CONTENT="46"/><SP WIDTH="19" VPOS="534" HPOS="596"/>
							<String ID="string_59" HPOS="615" VPOS="551" WIDTH="21" HEIGHT="28" WC="0.88" CONTENT="$."/>
						</TextLine>
					</TextBlock>
				</ComposedBlock>
				<ComposedBlock ID="cblock_4" HPOS="224" VPOS="604" WIDTH="757" HEIGHT="136">
					<TextBlock ID="block_5" HPOS="224" VPOS="604" WIDTH="757" HEIGHT="136">
						<TextLine ID="line_10" HPOS="295" VPOS="604" WIDTH="685" HEIGHT="30">
							<String ID="string_60" HPOS="295" VPOS="604" WIDTH="10" HEIGHT="21" WC="0.96" CONTENT="I"/><SP WIDTH="15" VPOS="604" HPOS="305"/>
							<String ID="string_61" HPOS="320" VPOS="604" WIDTH="46" HEIGHT="22" WC="0.96" CONTENT="alla"/><SP WIDTH="16" VPOS="604" HPOS="366"/>
							<String ID="string_62" HPOS="382" VPOS="604" WIDTH="27" HEIGHT="22" WC="0.96" CONTENT="de"/><SP WIDTH="16" VPOS="604" HPOS="409"/>
							<String ID="string_63" HPOS="425" VPOS="604" WIDTH="41" HEIGHT="22" WC="0.96" CONTENT="fall"/><SP WIDTH="16" VPOS="604" HPOS="466"/>
							<String ID="string_64" HPOS="482" VPOS="604" WIDTH="29" HEIGHT="22" WC="0.96" CONTENT="då"/><SP WIDTH="16" VPOS="604" HPOS="511"/>
							<String ID="string_65" HPOS="527" VPOS="604" WIDTH="48" HEIGHT="23" WC="0.93" CONTENT="åtal"/><SP WIDTH="16" VPOS="604" HPOS="575"/>
							<String ID="string_66" HPOS="591" VPOS="606" WIDTH="109" HEIGHT="21" WC="0.91" CONTENT="anställes"/><SP WIDTH="16" VPOS="606" HPOS="700"/>
							<String ID="string_67" HPOS="716" VPOS="605" WIDTH="34" HEIGHT="22" WC="0.93" CONTENT="för"/><SP WIDTH="14" VPOS="605" HPOS="750"/>
							<String ID="string_68" HPOS="764" VPOS="604" WIDTH="76" HEIGHT="29" WC="0.86" CONTENT="oiofiig"/><SP WIDTH="8" VPOS="604" HPOS="840"/>
							<String ID="string_69" HPOS="848" VPOS="604" WIDTH="132" HEIGHT="30" WC="0.96" CONTENT="försäljning"/>
						</TextLine>
						<TextLine ID="line_11" HPOS="224" VPOS="639" WIDTH="757" HEIGHT="31">
							<String ID="string_70" HPOS="224" VPOS="639" WIDTH="24" HEIGHT="22" WC="0.96" CONTENT="af"/><SP WIDTH="25" VPOS="639" HPOS="248"/>
							<String ID="string_71" HPOS="273" VPOS="640" WIDTH="175" HEIGHT="29" WC="0.96" CONTENT="alkoholhaltiga"/><SP WIDTH="23" VPOS="640" HPOS="448"/>
							<String ID="string_72" HPOS="471" VPOS="641" WIDTH="100" HEIGHT="28" WC="0.95" CONTENT="drycker,"/><SP WIDTH="24" VPOS="641" HPOS="571"/>
							<String ID="string_73" HPOS="595" VPOS="640" WIDTH="47" HEIGHT="22" WC="0.96" CONTENT="kan"/><SP WIDTH="24" VPOS="640" HPOS="642"/>
							<String ID="string_74" HPOS="666" VPOS="641" WIDTH="106" HEIGHT="29" WC="0.96" CONTENT="köparen,"/><SP WIDTH="17" VPOS="641" HPOS="772"/>
							<String ID="string_75" HPOS="789" VPOS="642" WIDTH="57" HEIGHT="21" WC="0.96" CONTENT="utan"/><SP WIDTH="16" VPOS="642" HPOS="846"/>
							<String ID="string_76" HPOS="862" VPOS="640" WIDTH="78" HEIGHT="22" WC="0.96" CONTENT="hinder"/><SP WIDTH="16" VPOS="640" HPOS="940"/>
							<String ID="string_77" HPOS="956" VPOS="640" WIDTH="25" HEIGHT="22" WC="0.96" CONTENT="af"/>
						</TextLine>
						<TextLine ID="line_12" HPOS="224" VPOS="675" WIDTH="754" HEIGHT="30">
							<String ID="string_78" HPOS="224" VPOS="675" WIDTH="75" HEIGHT="22" WC="0.96" CONTENT="denna"/><SP WIDTH="16" VPOS="675" HPOS="299"/>
							<String ID="string_79" HPOS="315" VPOS="676" WIDTH="35" HEIGHT="22" WC="0.96" CONTENT="sin"/><SP WIDTH="17" VPOS="676" HPOS="350"/>
							<String ID="string_80" HPOS="367" VPOS="676" WIDTH="120" HEIGHT="29" WC="0.96" CONTENT="egenskap,"/><SP WIDTH="18" VPOS="676" HPOS="487"/>
							<String ID="string_81" HPOS="505" VPOS="676" WIDTH="96" HEIGHT="23" WC="0.96" CONTENT="såframt"/><SP WIDTH="15" VPOS="676" HPOS="601"/>
							<String ID="string_82" HPOS="616" VPOS="677" WIDTH="47" HEIGHT="22" WC="0.96" CONTENT="han"/><SP WIDTH="15" VPOS="677" HPOS="663"/>
							<String ID="string_83" HPOS="678" VPOS="676" WIDTH="34" HEIGHT="23" WC="0.96" CONTENT="för"/><SP WIDTH="16" VPOS="676" HPOS="712"/>
							<String ID="string_84" HPOS="728" VPOS="677" WIDTH="66" HEIGHT="27" WC="0.92" CONTENT="öfrigt"/><SP WIDTH="12" VPOS="677" HPOS="794"/>
							<String ID="string_85" HPOS="806" VPOS="676" WIDTH="104" HEIGHT="22" WC="0.91" CONTENT="befinnes"/><SP WIDTH="11" VPOS="676" HPOS="910"/>
							<String ID="string_86" HPOS="921" VPOS="676" WIDTH="57" HEIGHT="29" WC="0.91" CONTENT="ojäf-"/>
						</TextLine>
						<TextLine ID="line_13" HPOS="224" VPOS="711" WIDTH="756" HEIGHT="29">
							<String ID="string_87" HPOS="224" VPOS="711" WIDTH="44" HEIGHT="28" WC="0.96" CONTENT="vig,"/><SP WIDTH="18" VPOS="711" HPOS="268"/>
							<String ID="string_88" HPOS="286" VPOS="712" WIDTH="110" HEIGHT="28" WC="0.96" CONTENT="åberopas"/><SP WIDTH="16" VPOS="712" HPOS="396"/>
							<String ID="string_89" HPOS="412" VPOS="719" WIDTH="48" HEIGHT="15" WC="0.95" CONTENT="som"/><SP WIDTH="17" VPOS="719" HPOS="460"/>
							<String ID="string_90" HPOS="477" VPOS="712" WIDTH="73" HEIGHT="22" WC="0.95" CONTENT="vittne"/><SP WIDTH="16" VPOS="712" HPOS="550"/>
							<String ID="string_91" HPOS="566" VPOS="712" WIDTH="41" HEIGHT="22" WC="0.96" CONTENT="och"/><SP WIDTH="17" VPOS="712" HPOS="607"/>
							<String ID="string_92" HPOS="624" VPOS="714" WIDTH="74" HEIGHT="20" WC="0.96" CONTENT="såsom"/><SP WIDTH="17" VPOS="714" HPOS="698"/>
							<String ID="string_93" HPOS="715" VPOS="712" WIDTH="84" HEIGHT="22" WC="0.93" CONTENT="sådant"/><SP WIDTH="10" VPOS="712" HPOS="799"/>
							<String ID="string_94" HPOS="809" VPOS="712" WIDTH="87" HEIGHT="28" WC="0.92" CONTENT="edligen"/><SP WIDTH="10" VPOS="712" HPOS="896"/>
							<String ID="string_95" HPOS="906" VPOS="712" WIDTH="74" HEIGHT="22" WC="0.96" CONTENT="höras."/>
						</TextLine>
					</TextBlock>
				</ComposedBlock>
				<ComposedBlock ID="cblock_5" HPOS="571" VPOS="778" WIDTH="65" HEIGHT="29">
					<TextBlock ID="block_6" HPOS="571" VPOS="778" WIDTH="65" HEIGHT="29">
						<TextLine ID="line_14" HPOS="571" VPOS="778" WIDTH="65" HEIGHT="29">
							<String ID="string_96" HPOS="571" VPOS="778" WIDTH="30" HEIGHT="21" WC="0.88" CONTENT="47"/><SP WIDTH="14" VPOS="778" HPOS="601"/>
							<String ID="string_97" HPOS="615" VPOS="779" WIDTH="21" HEIGHT="28" WC="0.88" CONTENT="$."/>
						</TextLine>
					</TextBlock>
				</ComposedBlock>
				<ComposedBlock ID="cblock_6" HPOS="224" VPOS="831" WIDTH="755" HEIGHT="66">
					<TextBlock ID="block_7" HPOS="224" VPOS="831" WIDTH="755" HEIGHT="66">
						<TextLine ID="line_15" HPOS="296" VPOS="831" WIDTH="683" HEIGHT="30">
							<String ID="string_98" HPOS="296" VPOS="831" WIDTH="70" HEIGHT="22" WC="0.96" CONTENT="Hvad"/><SP WIDTH="15" VPOS="831" HPOS="366"/>
							<String ID="string_99" HPOS="381" VPOS="831" WIDTH="43" HEIGHT="23" WC="0.93" CONTENT="här"/><SP WIDTH="16" VPOS="831" HPOS="424"/>
							<String ID="string_100" HPOS="440" VPOS="832" WIDTH="117" HEIGHT="27" WC="0.91" CONTENT="ofvanföre"/><SP WIDTH="17" VPOS="832" HPOS="557"/>
							<String ID="string_101" HPOS="574" VPOS="835" WIDTH="27" HEIGHT="19" WC="0.93" CONTENT="är"/><SP WIDTH="15" VPOS="835" HPOS="601"/>
							<String ID="string_102" HPOS="616" VPOS="832" WIDTH="107" HEIGHT="29" WC="0.83" CONTENT="stadgadt"/><SP WIDTH="16" VPOS="832" HPOS="723"/>
							<String ID="string_103" HPOS="739" VPOS="839" WIDTH="35" HEIGHT="15" WC="0.96" CONTENT="om"/><SP WIDTH="11" VPOS="839" HPOS="774"/>
							<String ID="string_104" HPOS="785" VPOS="833" WIDTH="124" HEIGHT="27" WC="0.57" CONTENT="magistrat,"/><SP WIDTH="11" VPOS="833" HPOS="909"/>
							<String ID="string_105" HPOS="920" VPOS="831" WIDTH="59" HEIGHT="29" WC="0.93" CONTENT="gälle"/>
						</TextLine>
						<TextLine ID="line_16" HPOS="224" VPOS="867" WIDTH="632" HEIGHT="30">
							<String ID="string_106" HPOS="224" VPOS="867" WIDTH="38" HEIGHT="22" WC="0.93" CONTENT="ock"/><SP WIDTH="16" VPOS="867" HPOS="262"/>
							<String ID="string_107" HPOS="278" VPOS="867" WIDTH="159" HEIGHT="29" WC="0.92" CONTENT="ordningsrätt"/><SP WIDTH="14" VPOS="867" HPOS="437"/>
							<String ID="string_108" HPOS="451" VPOS="868" WIDTH="9" HEIGHT="21" WC="0.96" CONTENT="i"/><SP WIDTH="15" VPOS="868" HPOS="460"/>
							<String ID="string_109" HPOS="475" VPOS="868" WIDTH="58" HEIGHT="26" WC="0.96" CONTENT="stad,"/><SP WIDTH="16" VPOS="868" HPOS="533"/>
							<String ID="string_110" HPOS="549" VPOS="868" WIDTH="40" HEIGHT="22" WC="0.96" CONTENT="der"/><SP WIDTH="15" VPOS="868" HPOS="589"/>
							<String ID="string_111" HPOS="604" VPOS="869" WIDTH="119" HEIGHT="28" WC="0.96" CONTENT="magistrat"/><SP WIDTH="16" VPOS="869" HPOS="723"/>
							<String ID="string_112" HPOS="739" VPOS="869" WIDTH="21" HEIGHT="28" WC="0.96" CONTENT="ej"/><SP WIDTH="14" VPOS="869" HPOS="760"/>
							<String ID="string_113" HPOS="774" VPOS="868" WIDTH="82" HEIGHT="27" WC="0.96" CONTENT="finnes."/>
						</TextLine>
					</TextBlock>
				</ComposedBlock>
				<ComposedBlock ID="cblock_7" HPOS="571" VPOS="933" WIDTH="65" HEIGHT="29">
					<TextBlock ID="block_8" HPOS="571" VPOS="933" WIDTH="65" HEIGHT="29">
						<TextLine ID="line_17" HPOS="571" VPOS="933" WIDTH="65" HEIGHT="29">
							<String ID="string_114" HPOS="567" VPOS="917" WIDTH="30" HEIGHT="50" WC="0.95" CONTENT="48"/><SP WIDTH="13" VPOS="917" HPOS="597"/>
							<String ID="string_115" HPOS="610" VPOS="917" WIDTH="26" HEIGHT="50" WC="0.83" CONTENT="$."/>
						</TextLine>
					</TextBlock>
				</ComposedBlock>
				<ComposedBlock ID="cblock_8" HPOS="223" VPOS="987" WIDTH="757" HEIGHT="172">
					<TextBlock ID="block_9" HPOS="223" VPOS="987" WIDTH="757" HEIGHT="172">
						<TextLine ID="line_18" HPOS="296" VPOS="987" WIDTH="683" HEIGHT="28">
							<String ID="string_116" HPOS="296" VPOS="987" WIDTH="40" HEIGHT="28" WC="0.96" CONTENT="De,"/><SP WIDTH="26" VPOS="987" HPOS="336"/>
							<String ID="string_117" HPOS="362" VPOS="994" WIDTH="47" HEIGHT="15" WC="0.94" CONTENT="som"/><SP WIDTH="20" VPOS="994" HPOS="409"/>
							<String ID="string_118" HPOS="429" VPOS="987" WIDTH="110" HEIGHT="22" WC="0.94" CONTENT="förklaras"/><SP WIDTH="22" VPOS="987" HPOS="539"/>
							<String ID="string_119" HPOS="561" VPOS="987" WIDTH="108" HEIGHT="22" WC="0.96" CONTENT="förfallna"/><SP WIDTH="18" VPOS="987" HPOS="669"/>
							<String ID="string_120" HPOS="687" VPOS="987" WIDTH="34" HEIGHT="22" WC="0.96" CONTENT="till"/><SP WIDTH="16" VPOS="987" HPOS="721"/>
							<String ID="string_121" HPOS="737" VPOS="987" WIDTH="67" HEIGHT="22" WC="0.91" CONTENT="straff"/><SP WIDTH="14" VPOS="987" HPOS="804"/>
							<String ID="string_122" HPOS="818" VPOS="987" WIDTH="34" HEIGHT="22" WC="0.93" CONTENT="för"/><SP WIDTH="16" VPOS="987" HPOS="852"/>
							<String ID="string_123" HPOS="868" VPOS="987" WIDTH="111" HEIGHT="22" WC="0.92" CONTENT="öfverträ-"/>
						</TextLine>
						<TextLine ID="line_19" HPOS="223" VPOS="1022" WIDTH="757" HEIGHT="29">
							<String ID="string_124" HPOS="223" VPOS="1022" WIDTH="61" HEIGHT="22" WC="0.96" CONTENT="delse"/><SP WIDTH="17" VPOS="1022" HPOS="284"/>
							<String ID="string_125" HPOS="301" VPOS="1023" WIDTH="25" HEIGHT="21" WC="0.92" CONTENT="af"/><SP WIDTH="16" VPOS="1023" HPOS="326"/>
							<String ID="string_126" HPOS="342" VPOS="1023" WIDTH="158" HEIGHT="28" WC="0.92" CONTENT="stadgandena"/><SP WIDTH="15" VPOS="1023" HPOS="500"/>
							<String ID="string_127" HPOS="515" VPOS="1024" WIDTH="8" HEIGHT="21" WC="0.96" CONTENT="i"/><SP WIDTH="16" VPOS="1024" HPOS="523"/>
							<String ID="string_128" HPOS="539" VPOS="1023" WIDTH="75" HEIGHT="22" WC="0.96" CONTENT="denna"/><SP WIDTH="15" VPOS="1023" HPOS="614"/>
							<String ID="string_129" HPOS="629" VPOS="1023" WIDTH="136" HEIGHT="28" WC="0.96" CONTENT="förordning,"/><SP WIDTH="17" VPOS="1023" HPOS="765"/>
							<String ID="string_130" HPOS="782" VPOS="1023" WIDTH="64" HEIGHT="22" WC="0.96" CONTENT="skola"/><SP WIDTH="15" VPOS="1023" HPOS="846"/>
							<String ID="string_131" HPOS="861" VPOS="1023" WIDTH="35" HEIGHT="22" WC="0.93" CONTENT="till"/><SP WIDTH="15" VPOS="1023" HPOS="896"/>
							<String ID="string_132" HPOS="911" VPOS="1024" WIDTH="69" HEIGHT="21" WC="0.92" CONTENT="stäm-"/>
						</TextLine>
						<TextLine ID="line_20" HPOS="223" VPOS="1059" WIDTH="756" HEIGHT="28">
							<String ID="string_133" HPOS="223" VPOS="1059" WIDTH="121" HEIGHT="27" WC="0.91" CONTENT="ningsman"/><SP WIDTH="17" VPOS="1059" HPOS="344"/>
							<String ID="string_134" HPOS="361" VPOS="1059" WIDTH="69" HEIGHT="28" WC="0.92" CONTENT="gälda"/><SP WIDTH="15" VPOS="1059" HPOS="430"/>
							<String ID="string_135" HPOS="445" VPOS="1059" WIDTH="82" HEIGHT="22" WC="0.96" CONTENT="arvode"/><SP WIDTH="16" VPOS="1059" HPOS="527"/>
							<String ID="string_136" HPOS="543" VPOS="1059" WIDTH="34" HEIGHT="22" WC="0.96" CONTENT="för"/><SP WIDTH="10" VPOS="1059" HPOS="577"/>
							<String ID="string_137" HPOS="587" VPOS="1059" WIDTH="28" HEIGHT="22" WC="0.96" CONTENT="de"/><SP WIDTH="12" VPOS="1059" HPOS="615"/>
							<String ID="string_138" HPOS="627" VPOS="1059" WIDTH="24" HEIGHT="22" WC="0.96" CONTENT="af"/><SP WIDTH="10" VPOS="1059" HPOS="651"/>
							<String ID="string_139" HPOS="661" VPOS="1059" WIDTH="83" HEIGHT="22" WC="0.93" CONTENT="honom"/><SP WIDTH="16" VPOS="1059" HPOS="744"/>
							<String ID="string_140" HPOS="760" VPOS="1059" WIDTH="131" HEIGHT="22" WC="0.92" CONTENT="verkstälda"/><SP WIDTH="16" VPOS="1059" HPOS="891"/>
							<String ID="string_141" HPOS="907" VPOS="1060" WIDTH="72" HEIGHT="21" WC="0.92" CONTENT="stäm-"/>
						</TextLine>
						<TextLine ID="line_21" HPOS="223" VPOS="1095" WIDTH="756" HEIGHT="29">
							<String ID="string_142" HPOS="223" VPOS="1095" WIDTH="81" HEIGHT="27" WC="0.96" CONTENT="ningar"/><SP WIDTH="24" VPOS="1095" HPOS="304"/>
							<String ID="string_143" HPOS="328" VPOS="1096" WIDTH="60" HEIGHT="21" WC="0.96" CONTENT="samt"/><SP WIDTH="21" VPOS="1096" HPOS="388"/>
							<String ID="string_144" HPOS="409" VPOS="1095" WIDTH="58" HEIGHT="22" WC="0.93" CONTENT="efter"/><SP WIDTH="20" VPOS="1095" HPOS="467"/>
							<String ID="string_145" HPOS="487" VPOS="1095" WIDTH="102" HEIGHT="29" WC="0.92" CONTENT="pröfning"/><SP WIDTH="17" VPOS="1095" HPOS="589"/>
							<String ID="string_146" HPOS="606" VPOS="1097" WIDTH="87" HEIGHT="20" WC="0.96" CONTENT="ersätta"/><SP WIDTH="18" VPOS="1097" HPOS="693"/>
							<String ID="string_147" HPOS="711" VPOS="1095" WIDTH="106" HEIGHT="28" WC="0.96" CONTENT="åklagare"/><SP WIDTH="16" VPOS="1095" HPOS="817"/>
							<String ID="string_148" HPOS="833" VPOS="1095" WIDTH="41" HEIGHT="22" WC="0.96" CONTENT="och"/><SP WIDTH="16" VPOS="1095" HPOS="874"/>
							<String ID="string_149" HPOS="890" VPOS="1095" WIDTH="89" HEIGHT="22" WC="0.96" CONTENT="vittnen"/>
						</TextLine>
						<TextLine ID="line_22" HPOS="223" VPOS="1129" WIDTH="468" HEIGHT="30">
							<String ID="string_150" HPOS="223" VPOS="1129" WIDTH="34" HEIGHT="23" WC="0.96" CONTENT="för"/><SP WIDTH="16" VPOS="1129" HPOS="257"/>
							<String ID="string_151" HPOS="273" VPOS="1130" WIDTH="51" HEIGHT="22" WC="0.97" CONTENT="dem"/><SP WIDTH="17" VPOS="1130" HPOS="324"/>
							<String ID="string_152" HPOS="341" VPOS="1131" WIDTH="7" HEIGHT="21" WC="0.96" CONTENT="i"/><SP WIDTH="16" VPOS="1131" HPOS="348"/>
							<String ID="string_153" HPOS="364" VPOS="1131" WIDTH="71" HEIGHT="22" WC="0.92" CONTENT="saken"/><SP WIDTH="17" VPOS="1131" HPOS="435"/>
							<String ID="string_154" HPOS="452" VPOS="1131" WIDTH="95" HEIGHT="28" WC="0.91" CONTENT="åbragta"/><SP WIDTH="16" VPOS="1131" HPOS="547"/>
							<String ID="string_155" HPOS="563" VPOS="1131" WIDTH="128" HEIGHT="22" WC="0.95" CONTENT="kostnader."/>
						</TextLine>
					</TextBlock>
				</ComposedBlock>
				<ComposedBlock ID="cblock_9" HPOS="569" VPOS="1197" WIDTH="67" HEIGHT="28">
					<TextBlock ID="block_10" HPOS="569" VPOS="1197" WIDTH="67" HEIGHT="28">
						<TextLine ID="line_23" HPOS="569" VPOS="1197" WIDTH="67" HEIGHT="28">
							<String ID="string_156" HPOS="569" VPOS="1197" WIDTH="30" HEIGHT="21" WC="0.89" CONTENT="49"/><SP WIDTH="15" VPOS="1197" HPOS="599"/>
							<String ID="string_157" HPOS="614" VPOS="1198" WIDTH="22" HEIGHT="27" WC="0.87" CONTENT="$."/>
						</TextLine>
					</TextBlock>
				</ComposedBlock>
				<ComposedBlock ID="cblock_10" HPOS="222" VPOS="1250" WIDTH="758" HEIGHT="138">
					<TextBlock ID="block_11" HPOS="222" VPOS="1250" WIDTH="758" HEIGHT="138">
						<TextLine ID="line_24" HPOS="296" VPOS="1250" WIDTH="684" HEIGHT="30">
							<String ID="string_158" HPOS="296" VPOS="1250" WIDTH="113" HEIGHT="22" WC="0.92" CONTENT="Senatens"/><SP WIDTH="23" VPOS="1250" HPOS="409"/>
							<String ID="string_159" HPOS="432" VPOS="1250" WIDTH="280" HEIGHT="30" WC="0.88" CONTENT="Ekonomiedepartement"/><SP WIDTH="24" VPOS="1250" HPOS="712"/>
							<String ID="string_160" HPOS="736" VPOS="1258" WIDTH="52" HEIGHT="21" WC="0.93" CONTENT="eger"/><SP WIDTH="23" VPOS="1258" HPOS="788"/>
							<String ID="string_161" HPOS="811" VPOS="1250" WIDTH="33" HEIGHT="22" WC="0.93" CONTENT="till"/><SP WIDTH="23" VPOS="1250" HPOS="844"/>
							<String ID="string_162" HPOS="867" VPOS="1250" WIDTH="113" HEIGHT="22" WC="0.92" CONTENT="förekom-"/>
						</TextLine>
						<TextLine ID="line_25" HPOS="223" VPOS="1286" WIDTH="756" HEIGHT="30">
							<String ID="string_163" HPOS="223" VPOS="1286" WIDTH="82" HEIGHT="22" WC="0.92" CONTENT="mande"/><SP WIDTH="17" VPOS="1286" HPOS="305"/>
							<String ID="string_164" HPOS="322" VPOS="1286" WIDTH="24" HEIGHT="22" WC="0.93" CONTENT="af"/><SP WIDTH="16" VPOS="1286" HPOS="346"/>
							<String ID="string_165" HPOS="362" VPOS="1286" WIDTH="76" HEIGHT="28" WC="0.93" CONTENT="oloflig"/><SP WIDTH="16" VPOS="1286" HPOS="438"/>
							<String ID="string_166" HPOS="454" VPOS="1286" WIDTH="131" HEIGHT="30" WC="0.94" CONTENT="försäljning"/><SP WIDTH="16" VPOS="1286" HPOS="585"/>
							<String ID="string_167" HPOS="601" VPOS="1287" WIDTH="42" HEIGHT="22" WC="0.93" CONTENT="och"/><SP WIDTH="16" VPOS="1287" HPOS="643"/>
							<String ID="string_168" HPOS="659" VPOS="1287" WIDTH="93" HEIGHT="28" WC="0.92" CONTENT="forsling"/><SP WIDTH="16" VPOS="1287" HPOS="752"/>
							<String ID="string_169" HPOS="768" VPOS="1286" WIDTH="24" HEIGHT="22" WC="0.93" CONTENT="af"/><SP WIDTH="16" VPOS="1286" HPOS="792"/>
							<String ID="string_170" HPOS="808" VPOS="1286" WIDTH="171" HEIGHT="28" WC="0.91" CONTENT="alkoholhaltiga"/>
						</TextLine>
						<TextLine ID="line_26" HPOS="223" VPOS="1321" WIDTH="757" HEIGHT="30">
							<String ID="string_171" HPOS="223" VPOS="1321" WIDTH="95" HEIGHT="30" WC="0.90" CONTENT="drycker"/><SP WIDTH="23" VPOS="1321" HPOS="318"/>
							<String ID="string_172" HPOS="341" VPOS="1322" WIDTH="95" HEIGHT="29" WC="0.92" CONTENT="vidtaga"/><SP WIDTH="23" VPOS="1322" HPOS="436"/>
							<String ID="string_173" HPOS="459" VPOS="1322" WIDTH="27" HEIGHT="23" WC="0.96" CONTENT="de"/><SP WIDTH="23" VPOS="1322" HPOS="486"/>
							<String ID="string_174" HPOS="509" VPOS="1322" WIDTH="77" HEIGHT="23" WC="0.93" CONTENT="vidare"/><SP WIDTH="16" VPOS="1322" HPOS="586"/>
							<String ID="string_175" HPOS="602" VPOS="1322" WIDTH="155" HEIGHT="29" WC="0.91" CONTENT="förfoganden,"/><SP WIDTH="18" VPOS="1322" HPOS="757"/>
							<String ID="string_176" HPOS="775" VPOS="1329" WIDTH="48" HEIGHT="16" WC="0.93" CONTENT="som"/><SP WIDTH="17" VPOS="1329" HPOS="823"/>
							<String ID="string_177" HPOS="840" VPOS="1322" WIDTH="140" HEIGHT="28" WC="0.92" CONTENT="omständig-"/>
						</TextLine>
						<TextLine ID="line_27" HPOS="222" VPOS="1358" WIDTH="307" HEIGHT="30">
							<String ID="string_178" HPOS="222" VPOS="1358" WIDTH="97" HEIGHT="22" WC="0.92" CONTENT="heterna"/><SP WIDTH="16" VPOS="1358" HPOS="319"/>
							<String ID="string_179" HPOS="335" VPOS="1359" WIDTH="81" HEIGHT="22" WC="0.93" CONTENT="kunna"/><SP WIDTH="16" VPOS="1359" HPOS="416"/>
							<String ID="string_180" HPOS="432" VPOS="1359" WIDTH="97" HEIGHT="29" WC="0.92" CONTENT="päkalla."/>
						</TextLine>
					</TextBlock>
				</ComposedBlock>
				<ComposedBlock ID="cblock_11" HPOS="571" VPOS="1418" WIDTH="65" HEIGHT="28">
					<TextBlock ID="block_12" HPOS="571" VPOS="1418" WIDTH="65" HEIGHT="28">
						<TextLine ID="line_28" HPOS="571" VPOS="1418" WIDTH="65" HEIGHT="28">
							<String ID="string_181" HPOS="571" VPOS="1418" WIDTH="29" HEIGHT="22" WC="0.95" CONTENT="50"/><SP WIDTH="15" VPOS="1418" HPOS="600"/>
							<String ID="string_182" HPOS="615" VPOS="1419" WIDTH="21" HEIGHT="27" WC="0.66" CONTENT="8."/>
						</TextLine>
					</TextBlock>
				</ComposedBlock>
				<ComposedBlock ID="cblock_12" HPOS="221" VPOS="1471" WIDTH="759" HEIGHT="66">
					<TextBlock ID="block_13" HPOS="221" VPOS="1471" WIDTH="759" HEIGHT="66">
						<TextLine ID="line_29" HPOS="295" VPOS="1471" WIDTH="685" HEIGHT="29">
							<String ID="string_183" HPOS="295" VPOS="1472" WIDTH="81" HEIGHT="22" WC="0.93" CONTENT="Denna"/><SP WIDTH="23" VPOS="1472" HPOS="376"/>
							<String ID="string_184" HPOS="399" VPOS="1472" WIDTH="134" HEIGHT="28" WC="0.92" CONTENT="förordning,"/><SP WIDTH="22" VPOS="1472" HPOS="533"/>
							<String ID="string_185" HPOS="555" VPOS="1472" WIDTH="146" HEIGHT="28" WC="0.92" CONTENT="hvarigenom"/><SP WIDTH="21" VPOS="1472" HPOS="701"/>
							<String ID="string_186" HPOS="722" VPOS="1472" WIDTH="46" HEIGHT="22" WC="0.93" CONTENT="alla"/><SP WIDTH="15" VPOS="1472" HPOS="768"/>
							<String ID="string_187" HPOS="783" VPOS="1471" WIDTH="61" HEIGHT="23" WC="0.93" CONTENT="förut"/><SP WIDTH="16" VPOS="1471" HPOS="844"/>
							<String ID="string_188" HPOS="860" VPOS="1471" WIDTH="120" HEIGHT="22" WC="0.93" CONTENT="utfärdade"/>
						</TextLine>
						<TextLine ID="line_30" HPOS="221" VPOS="1507" WIDTH="759" HEIGHT="30">
							<String ID="string_189" HPOS="221" VPOS="1507" WIDTH="163" HEIGHT="29" WC="0.95" CONTENT="författningar"/><SP WIDTH="22" VPOS="1507" HPOS="384"/>
							<String ID="string_190" HPOS="406" VPOS="1508" WIDTH="95" HEIGHT="23" WC="0.96" CONTENT="rörande"/><SP WIDTH="23" VPOS="1508" HPOS="501"/>
							<String ID="string_191" HPOS="524" VPOS="1507" WIDTH="174" HEIGHT="29" WC="0.96" CONTENT="ifrågavarande"/><SP WIDTH="23" VPOS="1507" HPOS="698"/>
							<String ID="string_192" HPOS="721" VPOS="1510" WIDTH="83" HEIGHT="20" WC="0.96" CONTENT="ämnen"/><SP WIDTH="20" VPOS="1510" HPOS="804"/>
							<String ID="string_193" HPOS="824" VPOS="1507" WIDTH="101" HEIGHT="30" WC="0.96" CONTENT="upphöra"/><SP WIDTH="19" VPOS="1507" HPOS="925"/>
							<String ID="string_194" HPOS="944" VPOS="1508" WIDTH="36" HEIGHT="21" WC="0.96" CONTENT="att"/>
						</TextLine>
					</TextBlock>
				</ComposedBlock>
			</PrintSpace>
		</Page>
	</Layout>
</alto>
