1114 1775
243 160 15 21 4
382 160 86 23 Ständ.
485 160 54 22 Pet.
557 172 24 2 —
599 160 173 22 Petitionsbet.
789 160 41 22 N:o
845 159 21 22 7.

245 226 27 22 af
281 226 107 29 hemliga
401 226 47 22 och
462 226 131 22 namnlösa
606 226 77 23 falska
697 226 149 29 angifvelser.
885 226 35 22 De
933 226 73 28 fakta,

246 268 56 15 som
316 260 58 23 med
392 260 55 23 stöd
466 261 26 22 af
507 260 146 30 tillgängliga
667 260 147 30 handlingar
826 260 69 23 skola
908 260 45 23 här
966 267 40 16 ne-

246 295 50 22 dan
308 295 8 22 i
336 295 196 30 underdånighet
550 295 105 29 anföras,
668 295 85 23 lämna
767 296 7 21 i
788 295 77 29 bjärta
884 295 78 29 färger
974 301 31 16 en

245 329 53 23 bild
316 329 26 22 af
358 329 40 23 det
416 329 120 30 godtycke
555 330 47 22 och
621 330 48 23 den
689 330 152 29 okunnighet
857 337 41 15 om
912 329 93 23 landets

247 363 174 24 förhållanden
440 367 65 20 samt
524 364 39 23 det
581 365 81 22 förakt
680 365 39 22 för
731 365 39 28 lag
782 364 46 23 och
843 364 51 29 laga
908 364 96 28 former,

246 405 55 16 som
320 399 7 21 i
347 400 26 21 så
392 399 47 22 rikt
458 399 60 22 mått
537 399 176 22 karakterisera
733 399 31 22 de
782 399 99 22 främste
898 401 107 20 männen

246 433 70 22 inom
342 433 78 22 länets
445 433 144 23 nuvarande
608 433 204 23 administration.
850 433 36 22 De
905 432 100 30 erbjuda

248 467 72 23 äfven
345 467 120 23 träffande
490 468 110 29 exempel
619 469 30 28 på
668 468 31 22 de
717 468 154 29 svårigheter,
890 475 54 15 som
963 474 44 15 un-

248 502 45 22 der
320 501 40 24 det
388 501 110 24 rådande
525 504 114 28 systemet
667 503 102 22 beredas
798 502 171 29 befolkningen
992 503 14 21 å

248 538 68 21 snart
341 537 68 29 sagdt
434 537 49 22 alla
505 537 119 22 områden
643 537 26 22 af
685 537 191 28 samhällslifvet,
895 538 62 21 samt
975 537 31 28 på

248 571 30 23 de
303 571 125 28 lidanden,
455 571 78 23 länets
560 571 130 29 inbyggare
718 571 43 23 fått
790 572 62 22 utstå
870 577 88 23 genom
976 570 31 23 de

248 606 126 29 okunnige
393 606 47 22 och
459 606 184 30 inkompetente
661 614 125 22 personer,
805 606 56 22 med
880 606 82 22 hvilka
976 606 31 28 på

248 640 48 22 den
315 640 57 23 sista
391 640 67 23 tiden
477 640 30 23 de
525 641 70 22 forne
614 641 113 29 dugande
745 642 49 22 och
807 641 87 23 aktade
912 641 94 29 tjänste-

248 676 111 21 männen
384 676 69 21 inom
478 675 180 29 länestyrelsen,
677 675 151 23 landsstaten
847 676 47 22 och
913 674 93 30 polisen

248 710 7 21 i
276 710 51 21 stor
346 710 168 29 utsträckning
532 712 91 26 ersatts,
642 712 59 20 enär
720 710 71 23 dessa
810 710 145 29 tjänstemän
968 709 39 23 be-

248 743 93 23 funnits
370 744 135 30 hinderliga
532 744 39 23 för
596 746 126 28 systemets
749 744 193 30 genomförande
960 744 47 22 och

249 778 85 22 därför
362 779 31 29 pä
421 780 46 20 sätt
495 779 58 22 eller
580 781 75 21 annat
676 780 106 29 tvungits
801 781 33 21 att
853 779 83 22 lämna
955 778 52 22 sina

248 813 170 30 befattningar.
456 813 53 23 Och
536 813 64 23 dock
626 814 85 22 kunna
740 813 137 24 Ständerna
901 814 7 21 i
928 813 80 22 denna

249 847 170 30 underdäniga
437 848 179 30 framställning
634 849 61 22 blott
713 849 95 30 flyktigt
825 849 87 22 beröra
931 847 29 23 de
973 850 36 19 ut-

248 882 71 29 tryck
338 883 26 22 af
380 882 48 23 den
456 883 127 22 allmänna
607 883 193 30 depravationen
825 883 68 22 inom
914 883 94 28 tjänste-

249 923 104 16 manna-
372 917 47 22 och
438 917 147 29 poliskären,
603 925 55 15 som
677 918 61 23 visat
763 919 35 28 sig
817 917 19 29 ej
857 917 61 22 blott
936 917 7 22 i
961 917 47 22 för-

249 951 132 29 sumlighet
399 951 47 23 och
466 952 152 23 värdslöshet
636 952 41 23 vid
695 951 170 31 uppfyllandet
878 952 25 22 af
913 951 95 29 tjänste-

250 985 145 30 äligganden
420 988 32 20 än
477 987 70 22 äfven
565 987 8 21 i
591 989 33 20 ett
642 987 158 29 hänsynslöst
819 985 147 24 bemötande
985 985 26 23 af

249 1020 168 23 allmänheten
436 1023 64 20 samt
518 1022 8 21 i
545 1023 32 20 ett
595 1021 116 23 sedeslöst
729 1022 49 23 och
797 1020 157 23 utsväfvande
968 1020 40 22 lef-

249 1054 111 23 nadssätt
387 1055 57 22 med
473 1056 47 22 alla
548 1055 54 23 dess
626 1056 94 29 följder.
757 1056 47 22 Till
832 1055 134 23 utredande
985 1055 26 22 af

250 1089 70 23 dessa
348 1090 239 29 missförhållanden,
611 1092 31 28 pä
661 1091 83 22 hvilka
765 1091 109 28 exempel
893 1091 7 21 i
919 1089 89 29 mängd

250 1124 99 23 anföras
369 1131 59 16 man
447 1125 48 22 och
514 1132 57 15 man
591 1125 112 27 emellan,
722 1125 80 22 skulle
815 1125 107 28 gifvetvis
936 1124 73 22 erfor-

250 1158 57 23 dras
325 1159 58 22 vida
401 1159 155 29 grundligare
575 1160 215 29 undersökningar
808 1162 30 20 än
857 1159 45 22 här
915 1159 93 22 kunnat

250 1193 103 23 komma
372 1194 82 28 ifråga,
474 1194 218 30 undersökningar,
711 1202 55 15 som
786 1194 39 23 det
838 1194 76 29 ålegat
926 1193 83 23 veder-

249 1228 113 22 börande
380 1228 99 23 förmän
498 1231 33 20 att
549 1229 124 29 själfmant
691 1229 105 23 anställa
815 1228 47 23 och
880 1236 53 15 som
956 1228 53 22 där-

245 1262 80 29 jämte
344 1263 49 22 ofta
413 1262 46 23 hos
479 1263 67 23 dessa
565 1264 122 29 påyrkats,
706 1271 59 15 men
785 1266 67 20 ännu
871 1263 61 23 blott
944 1263 8 21 i
966 1269 43 15 un-

249 1296 146 30 dantagsfall
414 1297 100 23 afhörts.
543 1298 136 23 Ständerna
693 1298 73 23 hafva
780 1298 83 22 därför
875 1298 62 22 varit
949 1297 60 22 nöd-

249 1331 92 23 sakade
360 1334 34 21 att
412 1332 134 23 inskränka
573 1333 34 28 sig
625 1333 36 22 till
680 1340 29 15 en
729 1332 119 29 skildring
867 1332 101 23 allenast
986 1332 26 22 af

249 1366 31 23 de
300 1367 241 28 missförhällanden,
560 1374 54 16 som
632 1369 32 28 pä
682 1368 81 29 grund
783 1367 26 23 af
824 1367 116 28 skriftliga
960 1366 50 23 akt-

248 1401 102 29 stycken
369 1401 107 22 kommit
494 1402 35 22 till
549 1402 148 23 Ständernas
716 1401 144 24 kännedom
879 1401 58 23 eller
953 1401 56 28 eljes

248 1437 45 20 äro
322 1436 104 23 allmänt
455 1436 112 29 bekanta,
595 1437 45 22 och
660 1437 96 23 hvilkas
776 1436 112 29 riktighet
906 1435 104 23 sålunda

248 1470 54 23 icke
321 1471 49 22 kan
389 1470 156 29 ifrågasättas.
