1114 1773
228 158 42 21 110
366 157 84 23 Ständ.
467 158 54 22 Pet.
538 170 26 3 —
581 157 171 24 Petitionsbet.
771 157 42 22 N:o
829 157 19 22 7.

226 463 146 27 Öfversättning.

567 525 80 21 XXIX.

299 588 113 27 Söndagen
429 589 40 20 den
488 588 26 21 14
529 588 86 27 augusti
632 588 56 21 1904
703 587 90 28 ungefär
809 588 26 19 kl.
852 588 11 19 7
880 594 18 14 e.
912 594 28 14 m.
950 593 36 15 an-

226 617 60 21 höllo
309 619 79 19 tvänne
411 617 118 21 detektiver
552 617 42 26 mig
617 617 28 26 på
668 619 62 24 gatan
745 617 8 20 i
768 617 94 26 Viborgs
885 616 48 21 stad
948 616 39 21 och

228 646 121 21 anmodade
370 645 49 27 mig,
435 646 6 20 i
458 646 36 21 det
512 645 25 22 de
553 645 92 27 vägrade
661 647 31 19 att
707 645 99 21 meddela
820 647 98 19 närmare
933 651 54 20 upp-

226 674 117 27 lysningar,
366 676 32 19 att
418 673 51 28 följa
488 674 47 21 dem
551 673 31 22 till
598 674 107 21 detektiva
720 673 136 27 afdelningen
872 674 35 21 vid
922 673 64 27 polis-

226 703 148 27 inrättningen
390 703 8 20 i
413 703 93 21 nämnda
527 702 53 22 stad.
611 702 44 21 Där
678 702 116 22 anställdes
818 702 132 22 omedelbart
966 702 23 21 af

229 731 263 27 Gendarmryttmästaren
514 732 7 20 i
537 738 81 14 samma
633 732 47 20 stad
697 731 148 21 Kramarenko
862 733 30 19 ett
908 730 78 26 förhör,

226 760 79 21 hvaraf
315 760 39 27 jag
368 760 88 25 märkte,
473 762 30 19 att
523 760 42 27 jag,
583 760 28 26 på
627 760 69 26 grund
712 759 22 22 af
748 766 26 14 en
791 760 47 20 utaf
858 766 26 14 en
900 759 86 22 kvinns-

226 794 81 21 person
324 789 62 27 gjord
402 788 122 28 angifvelse,
541 789 138 21 misstänktes
695 788 33 22 för
744 788 131 27 delaktighet
885 788 7 21 i
903 790 31 19 ett
948 794 37 20 po-

224 817 71 21 litiskt
309 818 65 20 brott.
405 817 70 21 Sedan
491 817 94 21 förhöret
606 817 105 25 afslutats,
727 817 125 21 meddelade
867 817 44 27 mig
925 816 61 27 Rytt-

227 847 83 20 mästar
326 846 153 26 Kramarenko,
495 848 31 19 att
539 846 37 26 jag
591 846 28 26 pä
633 845 145 22 förordnande
794 845 23 21 af
826 848 14 18 t.
850 845 14 21 f.
876 846 110 21 Guvernö-

227 880 39 15 ren
282 875 8 20 i
304 874 58 22 länet
378 874 56 21 Herr
450 875 70 21 Fuchs
536 875 85 21 komme
636 877 31 18 att
682 874 119 22 tillsvidare
816 874 66 21 hållas
898 874 7 21 i
915 873 71 22 förvar

226 903 14 20 å
262 903 126 22 förberörda
411 903 108 22 detektiva
541 903 112 27 afdelning,
677 903 66 22 hvarä
766 903 39 22 och
821 903 65 21 sedan
906 909 81 15 samma

226 931 60 22 afton
310 932 203 27 husundersökning
537 934 36 25 ägt
595 939 47 14 rum
658 933 6 20 i
680 933 49 20 mitt
745 932 93 25 kvarter,
854 932 132 27 Ryttmästar

226 960 150 21 Kramarenko
399 960 93 27 följande
515 961 41 26 dag
578 961 12 20 ä
613 961 108 21 detektiva
735 960 136 27 afdelningen
886 959 100 22 förhörde

224 989 96 21 nämnda
343 989 164 27 kvinnsperson,
529 993 51 18 utan
604 991 31 19 att
651 989 38 27 jag
704 989 54 22 dock
774 989 35 21 vid
825 989 161 27 ifrägavarande

227 1017 75 22 förhör
325 1017 40 22 fick
388 1019 90 20 närvara
493 1018 74 27 längre
583 1020 25 19 än
625 1020 31 19 att
671 1025 49 14 man
736 1018 74 21 visade
825 1018 44 26 mig
884 1017 102 26 bemälda,

226 1045 34 22 för
284 1047 45 26 mig
350 1045 131 28 fullkomligt
503 1047 106 21 obekanta
623 1047 165 27 kvinnsperson,
806 1053 46 14 som
867 1045 120 22 förklarade

227 1075 35 26 sig
284 1075 102 21 vidblifva
410 1075 31 21 sin
465 1075 116 28 angifvelse
605 1078 44 19 mot
672 1076 49 26 mig.
752 1075 70 21 Sedan
838 1075 23 21 af
874 1075 44 26 mig
932 1080 54 21 upp-

228 1103 60 26 gifna
302 1110 110 21 personer,
428 1110 77 21 genom
521 1104 70 21 hvilka
604 1104 38 27 jag
658 1104 48 21 ville
721 1104 80 26 bevisa,
812 1105 31 20 att
850 1103 38 27 jag
900 1103 36 21 vid
945 1103 41 21 den

227 1131 23 21 af
264 1132 122 21 ännämnda
408 1132 158 27 kvinnsperson
589 1132 104 27 uppgifna
708 1133 58 21 tiden
782 1132 46 21 icke
844 1133 55 20 varit
914 1132 6 21 i
935 1131 51 21 hen-

227 1167 40 14 nes
284 1161 100 26 sällskap,
400 1161 69 21 blifvit
483 1161 94 26 athörde,
592 1161 102 22 likaledes
711 1164 50 19 utan
778 1163 31 19 att
822 1161 38 27 jag
875 1161 66 20 häller
951 1160 35 21 vid

228 1189 60 22 detta
302 1189 82 22 tillfälle
399 1189 41 22 fick
454 1196 52 15 vara
520 1190 139 26 närvarande,
675 1190 39 21 och
727 1190 37 27 jag
775 1189 123 28 ytterligare
908 1189 78 21 under-

227 1217 47 27 gätt
290 1218 72 21 förhör
377 1218 7 21 i
400 1218 72 23 saken,
488 1219 135 21 meddelades
635 1219 44 26 mig
689 1219 98 26 tisdagen
798 1219 40 20 den
852 1218 26 21 16
888 1218 7 20 i
906 1223 82 16 samma

226 1247 80 20 mänad
322 1247 87 26 vidpass
425 1247 27 21 kl.
468 1247 13 21 9
497 1253 16 15 e.
529 1253 32 19 m.,
577 1249 32 19 att
624 1250 31 18 ett
670 1248 91 26 misstag
773 1247 27 26 pä
810 1253 79 20 person
901 1247 6 20 i
918 1246 69 21 denna

225 1275 40 21 sak
288 1277 37 25 ägt
347 1281 53 19 rum,
424 1275 106 22 hvarefter
553 1276 132 27 Ryttmästar
701 1276 155 25 Kramarenko,
872 1275 8 21 i
895 1275 36 21 det
946 1274 41 21 han

227 1304 53 21 sade
303 1304 33 27 sig
359 1304 95 27 beklaga,
477 1306 31 20 att
523 1305 92 21 nämnda
631 1305 90 27 misstag
736 1304 83 22 kunnat
835 1304 43 25 ske,
895 1303 36 27 gaf
944 1304 44 26 mig

223 1332 34 21 fri.
289 1333 83 26 Viborg
388 1333 40 21 den
446 1334 26 20 15
488 1333 111 22 december
616 1334 60 20 1904.

687 1391 26 21 N.
729 1390 37 27 Hj.
781 1390 102 22 Neovius.

686 1424 200 23 Vieehäradshöfding.
