1114 1775
315 141 248 23 Petitionsbetänkande
579 142 38 23 N:o
634 142 22 23 3.
804 145 25 19 81

109 206 141 22 besättande
274 206 78 22 skulle
376 206 70 29 följas
464 206 46 23 den
528 206 121 23 allmänna
665 206 107 30 ordning,
789 214 51 16 som
856 208 8 22 i

109 241 66 23 detta
198 241 136 23 hänseende
358 241 102 23 utbildat
483 242 39 29 sig
540 242 9 22 i
568 242 106 29 enlighet
698 242 54 23 med
776 242 87 30 grund-

109 276 83 29 lagens
218 277 156 29 stadganden.
414 277 75 23 Dessa
515 278 151 29 stadganden
692 279 76 22 måste
794 285 70 16 anses

110 312 120 28 innebära,
247 314 36 21 att
297 313 131 23 Monarken
444 313 30 30 på
490 313 78 30 grund
584 313 25 23 af
624 314 14 29 8
656 317 28 20 10
700 315 7 21 i
723 314 140 29 Regerings-

110 348 92 23 formen
221 350 57 21 utan
296 349 136 29 ansökning
447 349 42 22 och
506 349 179 30 tjänsteförslag
700 350 105 23 besätter
818 350 46 23 alla

109 385 107 28 tjänster,
228 384 81 23 hvilka
325 387 41 20 äro
382 391 17 16 s.
416 385 24 22 k.
457 387 191 27 tromansposter,
666 392 54 16 men
738 387 34 22 att
788 385 76 30 öfriga

110 421 107 28 tjänster,
241 420 54 23 med
320 420 124 29 undantag
466 421 26 22 af
514 421 65 23 vissa
595 421 73 30 lägre,
684 421 58 23 böra
757 421 106 23 besättas

110 456 30 29 på
156 456 80 29 grund
252 456 25 23 af
293 456 134 29 ansökning
442 457 43 22 och
500 457 95 29 förslag.
618 457 44 23 Om
673 457 44 23 ock
733 457 130 23 Monarken

110 491 43 24 har
169 493 48 22 rätt
233 493 36 22 att
285 492 133 23 bestämma
434 492 45 23 den
495 499 62 23 rang
572 499 51 16 som
640 493 92 30 åtföljer
750 494 112 29 tjänsten,

110 528 49 23 kan
176 527 39 24 det
231 528 74 23 likväl
321 528 53 23 icke
390 528 55 23 med
463 529 94 29 hänsyn
572 529 36 22 till
624 530 14 28 &
656 533 26 19 10
698 530 9 21 i
722 529 141 30 Regerings-

110 563 92 23 formen
219 564 44 23 och
279 564 169 23 stadfästelsen
463 565 30 29 på
509 565 140 29 Förenings-
665 565 43 22 och
725 565 138 23 Säkerhets-

111 600 72 23 akten
201 607 70 16 anses
290 607 57 16 vara
363 601 260 23 öfverensstämmande
637 601 53 23 med
702 602 161 29 grundlagens

111 636 68 27 anda,
204 642 39 17 om
259 636 127 23 bestående
405 637 101 29 tjänster
522 637 84 23 endast
622 644 85 22 genom
724 639 35 21 att
775 637 89 23 erhålla

111 671 71 30 högre
204 679 62 22 rang
282 672 56 23 eller
353 679 48 23 nya
421 673 107 29 tjänster,
552 674 58 22 utan
635 673 113 23 afseende
764 673 14 23 å
794 673 69 23 deras

111 709 76 26 natur,
197 708 86 22 endast
291 715 86 22 genom
386 710 36 21 att
430 708 55 23 dem
493 708 101 24 tilldelas
603 709 137 29 tillräckligt
748 709 47 29 hög
802 716 62 22 rang

111 745 70 27 göras
197 744 36 22 till
248 744 224 23 tromansämbeten.
502 744 54 23 Med
572 744 113 24 afseende
701 745 57 23 därå
775 746 34 22 att
825 745 39 23 det

111 779 35 23 för
159 779 333 30 öfverinspektorstjänsterna
508 780 86 23 liksom
610 780 44 23 ock
671 780 36 24 för
722 780 141 24 öfverdirek-

110 815 287 30 törsadjointstjänsterna
417 816 91 23 fordras
523 816 157 30 lagstadgade
702 816 161 28 fackinsikter,

111 851 44 23 och
179 851 29 23 då
233 851 90 23 sådana
342 852 102 22 insikter
459 852 56 23 böra
531 852 112 23 bedömas
660 852 24 23 af
699 852 163 30 fackmyndig-

111 886 47 25 het,
175 893 70 16 anser
261 887 121 23 Utskottet
398 887 88 23 sakens
503 890 71 21 natur
589 888 85 23 kräfva
690 889 34 22 att
740 888 39 23 vid
795 888 69 23 dessa

110 923 113 29 tjänsters
246 923 139 23 besättande
405 923 89 30 förslag
509 925 123 28 upprättas
650 924 23 23 af
688 924 174 29 skolstyrelsen.

183 959 44 22 För
243 965 29 16 en
289 958 74 23 sådan
380 959 101 29 ordning
496 959 40 23 vid
548 959 151 24 besättandet
710 960 24 23 af
747 960 116 29 ifrågava-

110 994 75 23 rande
205 995 100 29 tjänster
321 995 48 22 tala
387 995 122 23 dessutom
522 995 96 30 mycket
631 995 109 29 vägande
757 996 106 29 lämplig-

111 1030 113 23 hetsskäl.

183 1066 9 23 I
211 1070 56 19 1898
284 1067 37 22 års
339 1067 145 28 reglemente
501 1067 35 22 för
552 1061 189 36 Öfverstyrelsen
756 1067 36 23 för
803 1067 61 23 skol-

111 1102 116 23 väsendet
256 1102 98 29 stadgas
382 1103 150 22 beträffande
558 1103 306 30 kompetensfordringarna

110 1137 36 23 för
157 1137 297 31 öfverdirektörsadjoints-
464 1139 43 22 och
519 1139 344 30 öfverinspektorstjänsterna:

113 1193 10 9 »
126 1174 45 22 Till
195 1174 275 30 öfverdirektörsadjoint
493 1175 44 23 och
561 1175 215 29 öfverinspektorer
798 1176 66 22 utses

111 1212 64 25 män,
191 1210 83 23 hvilka
287 1212 76 28 jämte
380 1211 88 29 nödiga
484 1211 181 29 vetenskapliga
684 1211 90 23 studier
793 1210 71 24 hafva

111 1252 88 23 genom
224 1247 160 29 tjänstgöring
407 1247 41 22 vid
470 1246 94 24 landets
580 1247 108 23 läroverk
704 1248 86 22 vunnit
805 1246 59 24 erfa-

110 1282 85 22 renhet
221 1283 7 21 i
255 1282 309 30 undervisningsväsendet.
596 1282 109 24 Sökande
731 1283 35 22 till
790 1282 74 23 öfver-

111 1317 298 31 direktörsadjointstjänst
438 1318 58 23 eller
525 1318 274 30 öfverinspektorstjänst
829 1318 36 23 för

110 1353 164 23 folkskolorna
290 1354 41 22 bör
348 1354 116 30 därjämte
480 1354 73 23 hafva
568 1354 131 23 förvärfvat
709 1354 72 30 nödig
791 1354 74 23 insikt

110 1389 45 23 och
171 1389 135 23 erfarenhet
327 1390 126 29 angående
469 1390 246 23 folkskoleväsendet*
733 1391 23 28 (8
772 1392 28 26 3).
832 1390 33 22 Af

111 1424 245 30 öfverinspektorerne
376 1426 36 22 för
432 1426 271 23 elementarläroverken
724 1444 4 10 ,
729 1425 137 29 företräder

182 1509 103 18 Allmänna
297 1509 184 18 Petitionsutskottets
492 1509 113 19 betänkande
617 1509 35 19 N:o
664 1511 16 16 1.
782 1509 11 18 6
