1111 1773
259 167 28 21 52
427 166 73 23 Ständ.
516 166 45 22 Pet.
579 179 26 3 —
622 166 146 23 Petitionsbet.
785 166 35 22 N:o
836 166 21 22 3.

257 245 44 15 var
328 238 134 22 seminariet
485 238 9 22 i
518 237 108 30 behörigt
650 238 75 22 skick.
761 237 55 23 Icke
841 238 66 22 desto
929 238 92 23 mindre

258 272 107 22 innehöll
382 272 45 22 den
445 272 128 28 skrifvelse,
592 272 111 22 hvarmed
716 271 303 31 öfverdirektörsadjointen

259 306 185 30 Tawaststjerna
462 306 129 23 sedermera
608 306 135 23 inlämnade
755 306 265 30 undersökningsproto-

259 340 77 23 kollet
353 341 39 22 till
411 338 191 32 Öfverstyrelsen,
615 340 73 23 bland
700 343 73 20 annat
786 343 35 20 ett
833 340 121 24 uttalande
966 341 53 22 där-

261 383 38 14 om
325 377 36 21 att
384 375 48 23 han
456 376 26 22 ät
499 372 205 26 Öfverdirektören
721 375 42 23 vid
781 373 183 31 Öfverstyrelsen
983 376 37 22 för

259 409 167 23 skolväsendet
444 409 89 23 anmält
551 412 34 20 att
603 410 25 22 &t
640 410 74 22 första
726 410 104 22 klassens
843 410 76 22 elever
930 410 30 29 pä
972 409 47 23 den

259 444 126 30 kvinnliga
403 444 150 29 afdelningen
571 445 9 21 i
597 444 136 22 seminariet
751 444 36 22 till
805 444 119 30 skrifning
934 444 85 28 gifvits

260 481 35 19 ett
320 478 123 30 olämpligt
466 478 254 30 reproduktionsämne.
757 478 36 23 En
811 479 74 22 vecka
903 479 58 22 efter
979 478 42 23 det

261 513 167 29 inspektionen
454 513 112 28 slutförts,
593 512 73 24 erhöll
690 513 135 23 lärarinnan
849 514 8 22 i
880 513 76 23 finska
975 513 43 23 och

259 548 102 22 svenska
392 547 95 23 Natalia
518 548 134 29 Piispanen,
682 547 96 23 hvilken
807 548 54 22 kort
890 548 62 22 förut
981 550 37 19 ut-

259 584 95 20 nämnts
380 582 37 22 till
440 582 203 22 föreständarinna
666 582 37 22 för
724 582 139 28 seminariet,
881 590 84 20 genom
984 582 34 22 di-

259 616 80 22 rektor
362 616 145 30 uppmaning
531 618 34 20 att
589 616 89 22 infinna
698 616 36 29 sig
752 617 9 21 i
777 616 155 29 Helsingfors.
967 616 53 22 Här

260 650 148 23 meddelades
421 651 75 22 henne
509 652 23 21 af
545 650 199 23 öfverdirektören
756 651 96 22 friherre
864 650 155 30 Yrjö-Koski-

259 692 48 15 nen
325 687 36 20 att
378 685 46 22 hon
443 688 84 26 genast
544 686 73 22 mäste
635 686 105 21 inlämna
757 685 37 22 sin
812 685 207 28 afskedsansökan,

260 719 97 23 emedan
376 720 46 22 hon
441 720 37 22 för
494 720 52 22 sina
563 720 77 22 elever
657 720 30 28 pä
706 720 73 22 första
797 720 91 22 klassen
908 719 40 23 vid
967 719 51 22 dik-

260 754 210 29 tamensskrifning
488 754 105 22 användt
610 754 90 22 Juhani
717 754 65 22 Ahos
805 754 121 30 prosadikt
948 754 70 29 ,Suo-

259 796 54 14 men
340 788 89 30 lippu*,
453 788 96 23 hvilken
573 789 68 29 ingär
664 788 9 22 i
694 788 76 23 denne
787 789 134 22 författares
938 788 79 23 arbete

245 839 3 2 +
267 840 4 12 p
273 822 145 30 Katajainen
446 823 119 27 kansani*;
593 823 71 22 saken
688 830 56 15 vore
768 824 25 21 sä
811 822 152 29 brådskande,
982 825 36 20 att

261 857 257 30 afskedsansökningen
536 857 72 23 redan
626 857 105 30 följande
749 857 47 30 dag
813 857 72 22 borde
903 858 115 28 föreligga

259 892 9 21 i
287 889 192 32 Ofverstyrelsen.
514 892 105 23 Emedan
642 893 133 22 seminariet
792 892 100 29 uppgafs
910 893 81 21 sväfva
1008 893 9 21 i

260 929 49 20 stor
326 927 57 28 fara,
402 934 38 15 om
458 927 20 29 ej
497 927 174 29 uppmaningen
689 927 91 28 följdes,
793 926 132 23 inlämnade
935 927 82 22 fröken

259 961 127 29 Piispanen
404 961 103 30 följande
525 961 52 30 dag,
596 961 45 22 den
661 962 14 21 3
694 961 127 23 november
841 961 72 28 1903,
931 961 37 22 sin
984 961 34 22 af-

259 995 183 28 skedsansökan,
462 1003 47 15 som
527 997 83 28 genast
628 995 136 30 beviljades.

329 1064 47 22 Det
396 1063 132 24 förfarande
552 1064 237 29 Skolöfverstyrelsen
808 1071 95 15 numera
921 1063 97 29 inslagit

259 1098 54 22 med
336 1098 92 29 hänsyn
447 1099 37 21 till
502 1098 29 22 de
549 1099 112 28 politiska
679 1098 172 28 angifvelseroa
869 1098 91 22 afviker
977 1102 41 17 vä-

259 1133 117 29 sentligen
394 1133 52 21 från
464 1140 87 15 samma
568 1130 181 31 OÖfverstyrelses
767 1132 99 28 tidigare
885 1132 131 22 förfarande

259 1167 44 22 och
326 1167 90 22 lämnar
434 1174 51 15 rum
502 1167 37 23 för
558 1167 146 29 berättigade
724 1167 188 29 anmärkningar.
948 1166 69 22 Stän-

259 1201 74 23 derna
358 1202 60 28 hysa
442 1201 44 23 den
502 1202 148 29 principiella
668 1201 161 30 uppfattning,
847 1203 36 20 att
901 1208 116 22 anonyma

260 1236 149 29 angifvelser,
428 1236 79 22 därtill
526 1236 48 22 ofta
586 1243 47 22 nog
648 1236 55 29 föga
715 1235 152 30 preciserade,
879 1236 51 22 icke
945 1234 72 23 borde

258 1270 122 23 föranleda
399 1271 78 28 nägon
496 1270 89 29 ätgärd.
613 1270 55 22 Men
688 1278 36 14 om
742 1278 33 14 nu
793 1270 65 22 detta
876 1270 98 22 oaktadt
987 1269 30 22 de

258 1304 148 30 tillspetsade
424 1304 112 30 politiska
553 1304 179 23 förhällandena
753 1304 64 22 1903
837 1307 88 19 ansetts
937 1304 38 22 till
987 1311 29 15 en

258 1340 84 29 början
361 1338 193 30 nödvändiggöra
571 1339 204 29 undersökningar
792 1339 30 29 pä
840 1339 76 29 grund
935 1339 23 21 af
976 1338 41 29 dy-

257 1374 51 22 lika
333 1374 147 29 angifvelser,
505 1375 25 21 sä
547 1374 60 22 hade
625 1374 149 27 ätminstone,
793 1373 72 22 sedan
884 1372 132 24 erfarenhet

258 1408 98 22 vunnits
379 1416 37 14 om
440 1408 78 22 dessas
537 1410 42 28 art,
598 1408 52 22 skäl
667 1408 91 22 funnits
776 1408 36 22 för
831 1404 185 32 Öfverstyrelsen

259 1444 36 21 att
313 1443 73 22 ändra
404 1442 145 23 förfarandet
567 1442 44 23 och
628 1442 156 30 undandraga
799 1442 36 29 sig
849 1442 46 22 alla
907 1441 109 29 ätgärder

259 1477 62 28 eller,
348 1478 8 21 i
378 1477 43 22 fall
446 1476 42 24 där
504 1478 122 28 yrkanden
644 1478 31 28 pä
692 1477 87 23 lärares
799 1476 141 23 afskedande
960 1476 58 22 eller
