1114 1775
230 144 43 21 124
387 143 348 23 Petitionsbetänkande
749 143 52 23 N:o
817 144 27 22 7.

564 251 113 22 XXXII.

228 317 89 18 Afekrift.

277 359 42 21 Till
337 359 150 22 Prokuratorn
505 360 6 21 i
528 359 123 28 Kejserliga
667 359 96 22 Senaten
780 359 35 22 för
831 359 99 22 Finland.

302 407 75 22 Sedan
396 407 73 27 nägon
485 408 31 20 tid
533 408 40 20 har
590 408 31 21 uti
637 408 78 21 staden
733 407 107 28 försports
857 408 78 27 rykten
952 409 31 19 att

230 443 107 21 personer
361 437 74 21 hvilka
452 437 22 21 af
489 437 152 26 hvarjehanda
665 438 91 21 orsaker
772 437 103 22 anhällits
892 438 23 20 af
931 437 52 26 poli-

229 473 48 18 sen,
302 466 28 27 pä
355 469 30 18 ett
409 467 82 21 brutalt
514 467 41 21 och
579 468 141 26 upprörande
737 469 42 19 sätt
796 467 158 21 misshandlats
971 467 12 21 ä

229 497 221 26 polisvaktkontoren
471 497 54 21 eller
548 497 6 20 i
571 497 138 26 polishäktet.
742 497 75 21 Ehuru
840 503 51 15 man
907 496 32 22 till
956 503 25 14 en

231 527 80 25 början
328 527 7 20 i
351 526 38 21 det
408 527 86 26 längsta
509 526 52 22 ville
577 526 88 22 betvifla
681 527 142 27 möjligheten
840 527 22 20 af
879 529 29 18 ett
925 527 58 25 slikt,

231 557 6 20 i
255 556 78 27 högsta
357 557 54 26 grad
436 557 115 26 lagvidrigt
575 557 41 21 och
633 557 104 21 oerhördt
753 557 128 21 förfarande
898 556 23 22 af
937 557 47 20 ord-

231 586 167 27 ningsmaktens
410 588 183 25 representanter,
605 587 23 21 af
639 587 75 21 hvilka
729 586 174 27 medborgarene
915 586 68 22 borde

231 616 68 21 hafva
314 616 50 21 stöd
380 616 42 21 och
437 617 62 25 värn,
516 616 71 22 mäste
603 623 52 15 man
671 616 58 22 dock
739 622 100 20 numera,
851 617 70 21 sedan
935 616 48 21 icke

231 646 95 21 allenast
342 652 27 15 en
386 646 80 26 mängd
483 647 136 26 graverande
635 646 93 22 indicier
741 646 33 22 till
785 646 48 22 stöd
846 646 35 21 för
891 646 93 28 ryktena

231 676 94 21 kommit
340 676 7 21 i
364 676 77 26 dagen,
458 675 29 28 pä
503 678 43 20 sätt
562 676 88 27 bilagda
667 676 78 27 utdrag
761 682 26 15 ur
804 676 110 21 särskilda
925 676 58 21 läka-

230 712 37 15 res
283 706 7 20 i
307 706 78 21 staden
405 706 164 26 sjukjournaler
585 706 40 21 och
642 705 209 22 Rädstufvurättens
867 706 116 21 härstädes

231 735 111 27 protokoll
367 736 78 25 utvisa,
470 738 53 18 utan
547 736 66 21 äfven
629 736 22 21 af
667 736 90 22 stadens
783 736 153 26 polismästare
953 736 31 20 uti

232 772 28 14 en
277 765 110 27 dagorder
410 766 31 20 till
458 765 126 27 poliskåren
609 766 95 25 erkänts,
721 768 32 19 att
799 765 185 27 polisvaktkonto-

233 801 40 15 ren
290 794 132 22 kvarhällna
438 802 107 20 personer
563 796 19 20 »i
598 796 78 26 högsta
692 796 53 26 grad
763 795 72 21 blifvit
851 794 29 28 pä
896 797 30 19 ett
942 794 43 22 rätt

233 826 45 20 sätt
301 824 186 27 misshandlade,»
513 825 100 21 erkänna
636 826 121 26 sanningen
783 826 23 20 af
829 825 57 21 hvad
911 831 48 15 som
979 826 5 20 i

233 854 161 22 ofvanstäende
411 855 68 21 mätto
495 855 56 27 lagts
567 855 86 27 polisen
671 855 31 21 till
719 856 48 20 last.

303 884 41 21 Vid
362 884 79 21 sädant
457 884 138 21 förhällande
612 885 41 21 och
670 884 28 21 dä
715 885 49 21 med
782 885 87 26 hänsigt
884 885 32 20 till
933 885 52 26 poli-

232 920 53 15 sens
309 914 148 27 hänsynslösa
481 915 41 20 och
545 914 87 21 brutala
655 914 108 22 beteende
787 914 81 27 jemväl
892 915 7 20 i
921 913 63 27 öfrigt

233 946 112 24 gentemot
361 943 43 22 den
421 946 60 19 stora
497 944 147 21 allmänheten
661 944 68 27 några
745 944 176 27 förhoppningar
937 943 48 22 icke

231 973 122 22 förefinnas
378 976 31 19 att
433 974 26 21 de
484 974 66 21 ofvan
573 974 113 21 skildrade
709 973 169 22 förhållandena
894 980 53 15 vore
964 973 22 21 af

232 1003 149 27 öfvergående
405 1006 40 25 art,
465 1003 132 22 åtminstone
613 1003 48 22 icke
678 1003 25 22 så
718 1005 65 26 länge
803 1003 132 28 poliskåren,
961 1003 25 21 så

233 1039 49 16 som
307 1033 34 21 för
357 1034 146 25 närvarande,
525 1034 123 27 rekryteras
665 1034 22 21 af
703 1040 108 21 personer
827 1033 86 22 hvilkas
929 1033 56 27 frejd

233 1063 50 21 icke
300 1064 25 20 är
341 1063 118 26 oantastlig
476 1063 53 22 eller
545 1063 84 22 sådana
645 1063 23 22 af
683 1063 140 22 främmande
839 1063 140 21 nationalitet

232 1093 116 26 okunniga
364 1093 7 20 i
388 1093 85 21 landets
498 1093 65 22 seder
578 1093 43 22 och
643 1093 67 27 språk
727 1093 43 21 och
786 1093 46 22 ofta
847 1099 44 20 nog
906 1093 81 21 hätska

235 1123 43 20 och
302 1123 94 21 hatfulla
412 1125 59 19 emot
487 1123 56 25 dem,
560 1123 86 21 hvilkas
667 1123 100 28 trygghet
784 1123 27 22 de
827 1124 39 20 äro
883 1125 56 19 satta
956 1125 30 18 att

234 1152 95 26 bevaka,
353 1159 54 15 anse
431 1153 203 27 Stadsfullmäktige
659 1153 36 21 det
710 1159 55 15 vara
789 1153 32 20 sin
841 1153 56 26 plikt
912 1151 74 23 såsom

235 1185 181 24 representanter
439 1182 34 22 för
497 1183 141 25 kommunen,
662 1183 89 22 hvilken
773 1182 84 28 årligen
874 1182 113 28 uppoffrar

237 1212 128 27 betydande
390 1212 79 28 belopp
494 1213 34 21 för
543 1213 98 27 polisens
665 1212 118 22 aflönande
799 1212 42 22 och
857 1212 75 22 derför
947 1212 41 21 har

234 1244 45 19 rätt
303 1244 31 19 att
358 1242 75 22 fordra
457 1244 31 19 att
511 1243 129 21 densamma
663 1242 49 22 icke
729 1242 57 22 skall
803 1242 125 21 missbruka
945 1242 42 21 den

234 1274 62 18 stora
321 1272 59 21 makt
405 1279 47 15 som
477 1272 54 27 lagts
548 1274 6 19 i
571 1273 50 21 dess
646 1272 65 25 hand,
729 1275 31 19 att
783 1272 77 21 härom
882 1272 34 21 för
932 1272 56 20 Herr

238 1301 152 22 Prokuratorn
415 1302 88 21 anmäla
519 1303 6 20 i
542 1302 104 22 afseende
670 1302 13 21 å
699 1302 133 27 vidtagande
849 1302 22 20 af
887 1302 42 21 den
946 1308 42 15 em-

237 1331 128 27 betsåtgärd
382 1332 216 26 omständigheterna
614 1331 93 28 påkalla.

308 1397 133 21 Afskriftens
471 1398 102 26 riktighet
596 1398 85 27 intygar
705 1397 13 21 å
742 1397 215 26 Stadsfullmäktiges
982 1398 6 20 i

237 1426 94 28 Wiborg
347 1427 72 21 kansli
437 1427 42 21 den
495 1428 13 20 2
525 1427 58 21 Mars
601 1427 62 21 1905.
778 1433 30 21 Ex
825 1433 74 21 officio

760 1462 68 21 Arvid
846 1462 74 21 Lilius.

309 1504 58 16 Särsk.
381 1504 48 18 Besv,
442 1505 43 16 utks.
498 1505 29 16 bet.
540 1505 35 16 N:o
589 1509 16 15 4.
