1114 1775
241 162 43 21 134
388 161 347 23 Petitionsbetänkande
750 160 52 23 N:o
823 162 26 21 7.

240 228 62 26 stryk
325 228 42 20 och
392 228 37 20 det
452 226 101 27 rundligt.
582 226 42 27 Jag
648 226 104 21 afklädde
771 226 45 27 mig
835 233 28 13 nu
880 227 44 19 min
940 227 53 20 rock

240 258 42 20 och
307 257 59 20 mina
390 257 57 23 skor,
471 256 82 27 hvarpå
573 256 212 26 poliskonstaplarna
802 256 62 26 slogo
881 257 45 26 mig
942 257 50 19 med

241 287 76 26 kedjor
341 287 42 20 och
407 286 115 20 allehanda
546 286 128 26 tillhyggen,
691 293 49 12 men
757 288 38 17 när
809 286 39 26 jag
864 286 129 20 meddelade

241 317 50 20 dem
308 317 44 19 min
369 316 65 21 afsikt
450 319 37 21 att,
505 315 28 20 dä
550 321 28 15 en
593 317 78 24 nykter
687 322 78 20 person
782 319 51 16 utan
852 315 47 20 skäl
911 315 24 21 af
943 317 49 18 dem

241 345 29 28 på
295 347 61 20 detta
379 348 43 18 sätt
445 345 155 24 behandlades,
626 349 76 23 genast
726 345 83 20 besöka
825 345 73 20 läkare
914 345 42 20 och
972 345 25 20 af

241 376 83 20 honom
341 375 103 21 förskaffa
460 375 46 27 mig
521 379 31 16 ett
568 375 62 27 intyg
646 374 114 27 angående
777 375 154 24 misshandeln,
941 382 52 19 upp-

242 406 69 20 hörde
335 406 27 19 de
386 409 31 16 att
441 405 38 25 slå,
504 405 41 20 och
570 405 53 20 efter
646 412 27 13 en
693 405 64 20 stund
774 405 46 19 blef
832 405 38 26 jag
887 405 107 26 frigifven,

242 435 84 27 hvarpå
340 436 39 26 jag
395 435 68 27 begaf
477 435 45 26 mig
538 435 30 20 till
585 435 87 20 läkaren
689 435 29 20 M.
736 434 64 21 Gadd
817 435 42 20 och
876 435 24 20 af
912 435 81 20 honom

242 465 68 20 erhöll
327 468 31 18 ett
381 466 68 25 intyg,
475 465 82 20 hvilket
576 465 38 26 jag
630 464 38 21 ber
684 467 32 18 att
733 463 20 21 få
769 464 39 20 här
824 464 95 27 bilägga.
953 463 41 21 Nå-

243 502 44 19 gon
303 496 31 19 tid
352 495 53 20 efter
421 495 37 20 det
475 494 107 27 poliserna
599 493 39 22 fått
655 495 91 26 vetskap
762 501 37 13 om
816 497 31 17 att
860 494 40 27 jag
916 494 78 21 besökt

242 525 74 20 läkare
340 525 41 20 och
406 525 80 20 ärnade
510 525 69 19 väcka
595 523 43 21 åtal
662 527 46 17 mot
732 525 56 22 dem,
805 524 81 20 hotade
906 524 28 20 de
950 524 45 26 mig

243 557 32 18 att
297 561 36 14 om
358 555 27 20 de
409 561 26 13 en
459 553 59 28 gång
542 554 57 27 finge
616 557 38 23 tag
670 554 6 20 i
693 554 51 26 mig,
765 560 36 13 om
818 554 42 19 ock
876 553 29 27 på
921 557 73 23 gatan,

243 584 60 27 gifva
329 585 47 26 mig
402 591 26 13 en
452 586 57 18 ännu
531 585 61 19 värre
608 584 108 20 bastonad
733 585 27 19 än
777 582 87 28 gången
881 583 56 21 förut
954 583 41 20 och

243 614 113 28 dessutom
374 613 56 21 hålla
446 614 46 26 mig
508 621 28 13 en
552 614 34 20 hel
602 614 69 20 vecka
687 614 4 20 i
710 614 76 23 förvar,
804 614 42 19 och
862 620 28 14 en
901 616 47 18 natt
959 614 36 19 vid

243 644 103 27 liggdags
367 644 89 20 kommo
483 644 111 26 verkligen
618 649 11 14 2
652 643 80 27 poliser
756 643 41 21 och
820 643 101 21 fordrade
946 644 49 19 med

244 674 69 20 hårda
337 674 125 26 bultningar
486 673 28 27 på
532 674 137 26 ytterdörren
685 674 41 20 och
743 676 52 17 utan
812 676 37 22 att,
866 676 55 17 trots
938 674 58 19 mina

245 704 128 26 upprepade
390 703 77 27 frägor,
485 703 105 27 uppgifva
610 703 72 20 hvilka
702 704 27 19 de
749 710 59 17 voro,
828 706 32 17 att
874 703 38 27 jag
928 702 68 20 skulle

245 735 76 25 öppna
346 734 78 19 dörren
451 733 41 20 och
519 734 36 19 det
582 732 28 27 pä
630 732 91 25 fläcken,
742 732 42 20 och
803 731 28 21 dä
852 733 27 19 de
895 732 102 27 slutligen

245 764 54 19 sade
315 764 34 25 sig
360 770 51 13 vara
422 763 86 27 poliser,
521 762 86 21 lofvade
616 762 40 27 jag
666 762 78 27 släppa
754 763 22 19 in
788 763 56 24 dem,
856 762 24 20 sä
891 766 59 16 snart
959 764 39 25 jag

246 793 62 20 klädt
333 793 51 26 mig,
410 800 47 13 men
473 792 72 27 nägot
561 792 62 20 desto
640 792 145 27 angelägnare
802 792 80 20 ärende
898 792 56 20 hade
970 792 28 20 de

246 823 55 20 icke.
333 822 51 20 Icke
408 829 38 13 ens
470 822 92 21 därefter
584 822 41 20 fick
644 822 38 27 jag
699 829 51 13 vara
766 822 6 20 i
789 822 45 20 fred
852 822 32 20 för
900 822 56 24 dem,
974 824 24 24 ty

247 852 54 20 efter
325 853 37 19 det
386 852 98 20 läkarens
509 852 31 20 för
564 852 45 26 mig
628 852 113 20 utfärdade
757 852 63 26 intyg
836 852 27 20 de
880 852 67 20 första
963 852 34 19 da-

247 889 68 19 garna
332 882 24 20 af
369 882 145 20 innevarande
530 881 78 20 mänad
626 882 54 19 varit
692 882 82 26 intaget
785 882 7 19 i
803 881 193 26 tidningsprässen,

247 911 52 20 kom
323 912 49 19 herr
396 911 92 27 Ojanne,
510 910 75 28 ätföljd
602 911 23 20 af
638 918 27 13 en
682 918 71 13 annan
769 911 115 26 polisman,
901 911 42 20 och
960 909 38 21 frä-

247 942 58 25 gade
329 941 54 20 efter
407 942 50 25 mig,
485 941 41 20 och
550 940 28 21 dä
602 942 26 19 de
649 941 78 24 erfarit,
750 943 32 18 att
796 941 38 26 jag
852 947 36 14 var
904 940 93 24 hemma,

247 971 78 20 trädde
342 971 27 20 de
385 971 28 24 in,
431 977 49 14 men
496 969 28 22 dä
540 977 27 14 en
583 971 83 26 tjänare
682 971 41 20 och
736 973 31 18 ett
778 973 67 17 annat
856 971 68 20 vittne
935 970 63 20 Matti

244 1001 100 26 Juvonen
361 1000 95 21 befunno
472 1001 33 26 sig
522 1001 44 24 där,
584 1000 89 27 frägade
689 1001 27 19 de
731 1001 77 19 endast
819 1000 44 20 helt
874 1000 61 26 lugnt
946 1000 53 20 efter

248 1031 44 20 min
316 1031 70 26 dräng
410 1031 67 20 Evert
500 1030 131 24 Makkonen,
655 1030 49 20 med
721 1030 87 20 hvilken
825 1031 33 23 de,
876 1029 71 21 sävidt
961 1030 39 26 jag

247 1060 40 20 har
311 1061 45 26 mig
380 1060 88 24 bekant,
492 1061 53 19 intet
569 1060 56 20 hade
649 1063 31 17 att
696 1060 75 24 skaffa,
789 1060 42 19 och
848 1059 28 20 dä
892 1061 70 18 denne
978 1059 20 27 ej

249 1097 37 13 var
303 1090 93 25 hemma,
414 1091 68 25 gingo
498 1091 26 19 de
541 1093 59 17 strax
616 1090 32 19 sin
666 1092 48 24 väg.

321 1119 76 21 Alfred
418 1119 121 26 Mäntynen
560 1120 41 20 och
622 1119 109 20 Reinhold
752 1119 115 23 Lindroos,
888 1122 32 17 att
936 1119 64 20 äfven

248 1150 21 19 vi
287 1149 90 20 forliden
394 1149 50 20 höst
457 1149 129 27 fullkomligt
602 1149 111 27 oskyldigt
730 1149 70 20 blifvit
813 1149 161 20 misshandlade
988 1148 12 21 ä

248 1179 213 27 polisvaktkontoret
478 1180 5 20 i
500 1179 90 21 Sorvali.

321 1208 79 22 Såsom
416 1209 24 20 af
454 1208 155 21 ofvanstäende
627 1208 99 28 framgår,
744 1208 65 20 hafva
826 1209 18 26 ej
862 1208 83 20 mindre
961 1213 13 15 t.
989 1208 11 20 f.

248 1239 144 20 länsmannen
408 1240 5 18 i
431 1239 105 26 Wiborgs
552 1239 80 20 socken
649 1238 63 21 Antti
730 1238 86 27 Ojanne
834 1240 27 18 än
884 1238 42 20 ock
937 1238 64 26 polis-

249 1268 157 27 konstaplarna
422 1270 6 19 i
445 1268 84 21 Sorvali
546 1268 67 20 under
630 1272 85 16 senaste
731 1268 31 20 tid
779 1269 127 26 upprepade
918 1267 84 27 gänger

249 1298 59 27 gjort
331 1299 35 26 sig
388 1298 102 27 skyldiga
510 1298 31 20 till
560 1298 114 20 allehanda
691 1298 203 27 lagöfverträdelser
909 1298 42 20 och
968 1298 33 19 be-

249 1328 74 20 mälda
339 1328 127 26 konstaplar
482 1329 4 19 i
504 1328 71 20 stället
596 1328 31 20 för
643 1331 38 21 att,
698 1328 73 20 säsom
788 1328 27 20 de
833 1328 54 24 bort,
904 1329 98 25 upprätt-

249 1357 59 21 hälla
324 1358 121 26 ordningen
462 1359 5 19 i
485 1357 90 25 Sorvali,
592 1358 39 20 där
647 1357 157 21 ästadkommit
819 1361 31 16 ett
866 1358 37 19 det
919 1357 84 20 bedröf-

250 1388 79 26 ligaste
352 1386 96 22 tillständ
472 1388 24 19 af
517 1394 38 13 oro
579 1388 41 20 och
644 1388 116 20 osäkerhet
784 1387 47 20 icke
848 1387 56 20 blott
920 1386 32 21 för
968 1394 34 12 en-

250 1418 71 20 skilda
346 1424 109 20 personer,
481 1420 51 17 utan
553 1417 32 20 för
608 1417 104 27 byalaget
732 1418 6 19 i
760 1418 50 19 dess
827 1417 79 24 helhet,
923 1421 24 21 ty
964 1416 39 20 för-

250 1450 62 17 utom
336 1447 176 20 undertecknade
536 1447 68 20 finnes
628 1448 5 19 i
658 1446 83 21 Sorvali
763 1450 31 16 ett
816 1446 60 20 tiotal
894 1452 109 21 personer,

251 1476 74 21 hvilka
349 1477 73 20 kunna
442 1477 82 26 intyga,
546 1480 32 17 att
593 1476 63 20 äfven
673 1476 27 20 de
716 1476 112 26 oskyldigt
845 1476 110 20 beröfvats
971 1476 34 19 sin

325 1518 59 17 Särsk.
397 1518 48 16 Besv.
459 1518 43 17 utsk.
515 1518 28 16 bet.
557 1518 37 16 N:o
607 1523 17 15 4.
