1111 1778
247 145 28 21 16
415 145 414 28 Sammanjämkningsbetänkande.

320 210 84 23 Genom
421 211 87 28 ytterlig
523 211 121 27 skärpning
660 211 22 22 af
694 217 108 15 censuren
813 211 42 21 och
866 211 134 28 hänsynslös

246 240 123 27 förföljelse
386 243 46 19 mot
447 247 92 21 pressen
554 241 42 21 har
608 241 116 27 missnöjet
739 241 60 22 ända
815 241 32 21 till
863 243 89 20 senaste
968 241 32 21 tid

246 270 102 21 hindrats
367 273 32 19 att
418 271 59 27 gifva
498 271 33 26 sig
547 271 106 27 offentligt
670 271 93 27 uttryck.
795 271 41 21 Det
852 271 71 20 finnes
936 278 64 20 grun-

246 300 45 21 dad
307 300 121 27 anledning
438 303 32 19 att
481 303 86 24 antaga,
582 303 31 19 att
624 301 28 21 de
663 300 104 22 officiella
781 300 220 28 framställningarna

245 329 34 22 till
296 330 25 21 H.
339 329 26 22 K.
382 330 38 21 M:t
430 331 48 21 icke
490 331 84 20 lämnat
584 331 159 27 upplysningar
755 337 36 15 om
803 331 36 20 det
849 330 99 27 värkliga
959 331 41 20 till-

245 358 90 22 ståndet
351 360 7 21 i
374 360 76 21 landet
466 360 70 22 under
552 360 73 22 denna
643 360 39 21 tid.
715 360 72 22 Kändt
803 361 25 20 är
844 360 49 26 ock,
910 362 32 19 att
957 360 43 22 den

246 389 60 21 förre
329 390 229 27 generalguvernören
574 390 75 21 städse
665 390 51 21 sökt
731 390 84 21 skildra
830 389 170 23 förhållandena

246 418 30 28 på
295 419 80 22 sädant
393 421 44 20 sätt
455 426 48 15 som
522 420 71 21 skulle
614 420 79 21 endast
713 426 28 15 en
762 420 85 20 mindre
864 420 97 21 fraktion
978 420 23 21 af

246 448 158 28 befolkningen
429 450 56 27 hysa
508 450 105 26 missnöje
637 450 50 21 med
704 449 42 21 den
763 456 44 21 nya
822 450 104 26 regimen.
959 450 41 21 Det

246 480 25 19 är
287 479 137 27 nödvändigt
440 481 32 19 att
487 480 122 26 sanningen
625 480 98 21 omsider
738 479 41 21 når
795 479 57 21 fram
865 479 32 21 till
909 481 90 20 tronens

245 508 61 26 höjd.
339 508 260 28 Folkrepresentationen
623 511 36 19 vet
682 510 34 26 sig
730 510 23 26 ju
777 515 54 15 vara
854 509 119 27 vittnesgill
992 510 7 20 i

246 538 75 22 denna
337 539 40 21 sak
394 539 42 21 och
451 539 63 21 torde
529 545 36 20 nu,
583 540 34 20 sin
634 539 56 27 plikt
700 539 115 27 likmätigt,
828 539 124 21 framställa
963 539 37 21 det

245 568 100 27 verkliga
361 569 105 25 sakläget.

320 598 106 22 Finlands
445 598 52 26 folk,
514 604 48 16 som
578 601 93 24 tidigare
688 599 50 21 rönt
753 598 26 22 så
795 598 80 27 många
891 598 63 22 bevis
970 598 29 28 på

245 628 50 21 sina
319 628 131 23 monarkers
474 628 96 27 välvilja,
594 629 44 21 kan
658 628 49 22 icke
724 628 122 28 öfvergifva
861 628 89 27 hoppet,
968 630 32 20 att

245 658 26 20 H.
290 658 23 20 K.
330 658 27 21 M.
376 658 56 21 skall
448 658 100 27 behjärta
565 659 26 21 de
608 658 192 27 beklagansvärda
815 658 111 27 följderna
938 658 22 22 af
972 658 27 22 de

245 687 111 27 ätgärder,
373 695 48 15 som
440 688 163 22 kännetecknat
613 688 214 27 regeringsmaktens
839 688 78 27 politik
929 688 71 21 under

246 717 43 21 den
305 717 38 26 tid,
361 718 92 21 hvarom
469 718 41 21 här
526 719 24 20 är
566 717 68 27 fräga.
667 718 77 21 Denna
760 717 149 27 förhoppning
924 717 76 22 stöder

246 747 33 26 sig
301 747 66 21 äfven
383 747 76 27 därpä,
477 749 31 20 att
523 747 122 28 Rysslands
661 748 116 25 intressen,
801 754 53 15 vare
873 747 33 27 sig
924 748 8 21 i
948 747 51 21 utri-

246 777 149 26 kespolitiken
412 777 74 22 eller
482 773 15 36 i
502 777 178 26 Kejsaredömets
697 777 47 22 inre
769 777 99 28 styrelse,
885 778 71 21 under
972 777 26 21 de

245 807 66 20 nittio
334 806 54 23 ären
406 807 152 26 1809—1899,
576 807 70 27 aldrig
662 807 48 21 lidit
726 807 70 21 skada
813 807 54 21 eller
883 807 116 27 olägenhet

244 843 81 20 genom
349 837 183 27 respekterandet
557 837 23 21 af
603 837 106 21 Finlands
732 837 134 26 rättigheter.
899 836 41 22 Om
956 837 42 21 ock

245 872 28 15 en
290 872 75 16 annan
386 867 140 27 uppfattning
546 867 23 21 af
585 867 26 22 de
628 867 66 27 ryska
711 867 134 21 intressenas
863 866 49 21 kraf
928 867 70 21 däref-

245 898 34 19 ter
295 896 57 27 gjort
368 897 33 26 sig
411 897 109 26 gällande,
532 896 25 22 sä
567 897 65 26 följer
643 896 64 22 häraf
718 897 27 26 ej,
757 899 32 19 att
799 897 37 20 det
847 903 52 14 vore
911 898 87 19 rättmä-

245 926 40 27 tigt
301 928 32 19 att
349 927 117 26 tillgodose
482 927 114 21 desamma
612 927 50 21 med
678 925 167 23 åsidosättande
856 926 23 21 af
892 926 106 21 Finlands

245 955 68 27 lagar.

318 985 155 28 Oföränderlig
496 987 25 20 är
544 987 64 26 ingen
629 986 108 27 mensklig
752 987 41 26 lag.
826 985 33 22 Dä
875 986 74 27 giltiga
966 992 32 15 or-

244 1015 67 21 saker
335 1015 37 22 det
395 1016 82 26 fordra,
500 1016 43 21 kan
566 1017 94 26 ändring
683 1016 166 21 åstadkommas
866 1016 7 21 i
890 1015 106 22 Finlands

243 1045 105 27 gällande
372 1046 67 26 lagar.
471 1046 49 21 Men
544 1046 124 26 rättsgiltigt
692 1046 44 21 kan
760 1046 60 21 detta
839 1045 39 22 ske
895 1046 103 21 endast
986 1041 15 36 i

243 1074 72 22 sädan
332 1076 100 26 ordning,
449 1082 47 14 som
514 1076 24 20 är
554 1076 92 26 stadgad
663 1076 7 20 i
687 1075 105 21 Finlands
809 1075 140 27 grundlagar,
966 1074 32 22 sä-

244 1104 62 22 ledes
331 1105 79 22 endast
432 1106 50 21 med
507 1106 42 21 den
571 1106 71 21 finska
666 1105 145 28 landtdagens
831 1105 121 28 samtycke,
970 1104 29 23 dä

244 1135 124 26 ändringen
392 1135 60 22 afser
474 1135 107 28 grundlag
605 1135 53 22 eller
674 1141 74 16 annan
765 1136 42 26 lag,
824 1142 48 15 som
889 1135 109 22 utfärdats

244 1165 51 20 med
313 1164 137 23 Ständernas
466 1165 67 21 bifall.

315 1195 80 27 Kejsar
405 1195 127 22 Alexander
542 1195 8 21 I
561 1196 41 21 har
613 1195 144 22 tillförsäkrat
768 1195 94 21 Finland
874 1196 31 20 ett
915 1194 82 22 konsti-

243 1224 104 21 tutionelt
370 1225 125 21 statsskick.
527 1225 81 22 Därom
632 1225 69 21 vittna
723 1225 36 22 det
780 1225 72 20 finska
868 1225 130 20 statslifvets

243 1254 122 22 historiska
387 1255 122 26 verklighet
532 1255 41 21 och
595 1255 126 21 Alexander
744 1255 28 21 I:s
796 1261 54 20 egna
872 1254 55 27 höga
943 1256 54 19 utta-

243 1283 89 22 landen.
368 1284 77 21 »Detta
464 1285 45 20 folk
525 1286 25 20 är
565 1285 35 21 för
616 1285 119 21 framtiden
751 1284 109 27 upphöjdt
876 1284 68 21 bland
961 1290 37 15 na-

243 1313 114 22 tionernas
382 1314 82 22 antal».
492 1313 70 22 »lfrän
581 1315 43 21 den
640 1314 73 26 stund,
731 1314 28 21 dä
775 1320 78 21 genom
871 1314 126 27 Försynens

244 1343 118 27 skickelse,
382 1344 106 21 Finlands
504 1345 42 21 öde
561 1344 46 21 blef
623 1351 37 14 oss
676 1344 131 26 anförtrodt,
824 1344 41 21 har
881 1343 45 22 Vår
942 1344 56 21 före-

245 1375 46 20 sats
315 1375 58 20 varit
396 1376 32 19 att
452 1376 60 25 styra
532 1374 60 22 detta
607 1374 52 21 land
675 1373 29 28 pä
721 1377 30 18 ett
767 1375 43 20 sätt
825 1373 173 22 öfverensstäm-

243 1403 82 21 mande
350 1404 49 21 med
420 1404 120 21 Nationens
556 1404 66 21 frihet
638 1404 42 21 och
696 1404 34 25 de,
747 1405 7 20 i
771 1404 50 21 dess
839 1403 157 25 Konstitution,

243 1432 74 22 henne
333 1432 117 23 förvarade
466 1433 146 27 rättigheter.»
631 1446 29 2 —
676 1446 29 2 —
724 1433 149 22 »Ständernas
888 1439 108 15 samman-

242 1462 107 22 kallande
365 1463 32 21 till
414 1470 27 15 en
460 1463 82 21 allmän
553 1464 110 26 landtdag,
675 1464 148 26 inrättningen
835 1462 23 22 af
869 1462 128 28 Regerings-

316 1503 63 19 Särsk.
393 1504 53 19 Besv.
459 1504 45 19 utsk.
517 1505 31 18 bet.
562 1505 37 18 N:o
613 1506 15 17 1.
