1114 1775
249 160 84 23 Ständ.
349 160 52 22 Pet.
419 173 28 3 —
463 160 173 23 Petitionsbet.
652 160 43 23 N:o
712 160 20 22 7.
841 160 27 22 31

109 275 115 18 Transsumt.

385 327 85 27 Utdrag
486 334 25 14 ur
527 327 135 27 protokollet,
677 326 58 23 fördt
747 328 36 21 vid
796 327 73 22 Stads-

316 355 145 27 fullmäktiges
479 356 8 21 i
505 356 83 27 Viborg
611 356 157 22 sammanträde
792 356 41 21 den
856 356 12 21 8

317 384 42 28 Maj
377 384 61 22 1903.

460 465 11 28 s
487 465 34 21 25.

179 522 121 32 Föredrogs
323 522 152 28 Magistratens
499 522 112 22 skrifvelse
625 522 21 22 at
661 522 41 22 den
718 522 13 22 6
746 522 42 27 Maj
814 522 54 22 1903

110 550 40 22 N:o
166 551 40 21 461
222 551 66 27 jämte
304 551 124 21 densamma
450 551 112 21 närslutna
582 552 78 26 utdrag
675 558 25 14 ur
716 551 152 27 Magistratens

111 580 40 21 den
175 580 28 21 22
224 579 143 28 förutgängne
390 580 62 27 April
475 580 68 21 under
562 580 12 27 $
591 580 15 21 4
621 580 111 21 tillkomna
754 580 116 27 protokoll,

110 608 81 22 hvilket
206 609 204 26 protokollsutdrag,
425 609 39 21 här
479 609 116 26 afskrifvet,
611 611 24 19 är
651 609 123 27 sålydande:

383 700 86 28 Utdrag
484 707 25 14 ur
525 701 152 27 Magistratens
692 701 7 20 i
714 701 94 26 Viborgs
821 701 48 21 stad

317 729 108 27 protokoll
440 729 33 22 för
489 729 41 22 den
545 730 28 21 22
589 729 60 27 April
666 729 61 22 1903.

467 804 48 27 84

180 861 60 21 Efter
263 861 97 21 anmälan
383 861 122 21 företrädde
520 864 14 18 t.
549 861 14 21 f.
579 861 165 21 Polismästaren
766 861 102 27 Kollegii-

111 896 113 15 assessorn
236 890 70 22 Johan
322 890 118 27 Engelbert
454 890 101 21 Melartin
571 890 39 22 och
625 890 71 21 anhöll
711 892 32 19 att
752 890 116 26 nycklarna

111 918 32 21 till
157 918 101 22 festsalen
274 919 7 21 i
295 918 103 22 rädhuset
414 918 69 22 skulle
498 919 32 21 till
543 918 106 28 »polisen»
663 918 141 22 öfverlämnas
813 919 55 21 samt

111 947 125 21 meddelade
251 947 66 21 tillika
332 950 32 18 att
378 948 42 20 han
436 947 22 21 af
473 948 140 21 Guvernören
624 948 7 20 i
641 948 58 20 länet
711 947 83 22 erhållit
805 947 64 21 order

111 977 32 19 att
158 975 94 22 affordra
266 976 152 27 Magistratens
434 976 92 21 berörda
541 976 92 27 nycklar.

181 1005 69 21 Sedan
271 1005 48 21 med
334 1005 116 27 anledning
465 1004 62 22 häraf
540 1004 125 22 antecknats
681 1006 30 19 att
727 1004 141 22 Guvernören

111 1033 32 21 uti
166 1032 112 22 skrifvelse
293 1033 22 21 af
328 1034 40 20 den
386 1033 25 21 11
427 1034 146 20 innevarande
594 1034 61 26 April
678 1033 39 21 N:o
739 1033 56 21 7216
811 1033 57 21 med-

112 1061 58 22 delat
192 1062 146 26 Magistraten,
356 1064 32 19 att
402 1062 47 26 han,
467 1064 65 19 »enär
548 1062 86 22 stadens
649 1062 116 26 magistrat,
782 1061 88 21 oaktadt

111 1090 36 21 tvä
170 1091 80 26 gänger
272 1090 71 22 därtill
366 1090 139 28 uppfordrad,
529 1091 46 21 icke
591 1090 105 22 anskaffat
713 1090 56 22 lokal
784 1090 33 20 för
833 1090 36 20 det

110 1119 225 27 värnepligtsuppbäd,
351 1126 46 14 som
413 1119 106 21 bestämts
532 1122 31 19 att
573 1118 95 28 försiggä
679 1119 7 21 i
697 1120 93 25 Viborgs
802 1118 67 25 stad»,

111 1147 71 21 funnit
206 1148 51 26 godt
278 1148 107 26 förordna,
400 1150 32 19 att
447 1148 24 21 af
485 1148 87 21 stadens
588 1148 79 21 rådhus
684 1148 67 21 skulle
766 1147 47 21 från
830 1146 40 22 och

111 1176 49 22 med
183 1177 70 21 denna
273 1177 41 26 dag
329 1176 33 22 för
377 1177 75 27 antydt
467 1177 99 21 ändamäl
582 1177 98 26 upplätas
698 1176 119 25 »festsalen,
833 1176 37 21 det

111 1205 97 21 därinvid
231 1205 90 27 belägna
339 1205 204 26 stadsfullmäktiges
559 1206 105 21 sessions-
680 1205 121 28 (rätteligen
818 1204 52 21 kan-

111 1233 43 27 sli-)
170 1240 47 15 rum
234 1236 56 19 samt
305 1233 147 26 förrummet»,
468 1241 48 14 men
533 1236 32 19 att
580 1234 202 27 Stadsfullmäktige,
798 1233 73 21 hvilka

111 1268 34 15 om
170 1263 151 21 Guvernörens
344 1251 142 33 nästberörda
509 1263 125 27 förfogande
657 1262 22 22 af
700 1263 68 20 denne
789 1261 80 28 jämväl

111 1291 153 26 underrättats,
288 1291 34 22 vid
345 1292 160 21 sammanträde
527 1292 40 21 den
585 1291 26 21 16
626 1291 143 22 innevarande
792 1289 78 22 mänad

110 1319 95 26 beslutit,
227 1322 31 19 att
280 1319 140 22 omförmälda
442 1327 50 14 rum
514 1321 57 20 inom
595 1320 107 25 rådhuset,
725 1320 58 21 öfver
799 1319 71 21 hvilka

112 1348 141 21 Guvernören
276 1348 46 22 icke
344 1349 54 26 ägde
421 1349 66 27 laglig
502 1351 43 19 rätt
559 1350 32 20 att
606 1348 87 28 förfoga,
709 1349 71 20 säsom
797 1347 73 22 behöf-

110 1377 43 26 liga
175 1377 33 21 för
230 1378 66 21 andra
311 1377 103 26 ändamäl,
430 1377 47 22 icke
493 1377 56 27 finge
564 1378 6 21 i
586 1378 75 26 antydt
675 1377 100 21 afseende
790 1378 80 19 använ-

110 1405 44 26 das,
178 1408 55 19 samt
255 1406 73 21 härom
351 1406 136 21 underrättat
503 1406 146 26 Guvernören,
666 1405 134 22 meddelades
816 1405 54 20 Kol-

109 1434 165 27 legiiassessorn
299 1435 105 25 Melartin,
427 1436 32 20 att
481 1435 66 26 något
569 1434 100 22 afseende
688 1434 23 21 af
729 1434 141 27 Magistraten

109 1463 47 20 icke
171 1463 72 21 kunde
258 1463 65 22 fästas
340 1464 36 21 vid
390 1463 54 21 hans
461 1463 151 28 ofvanangifna
627 1463 104 21 anhållan.
