1111 1775
314 174 269 24 Petitlonsbetänkande
599 174 37 24 No
652 174 22 24 7.
841 176 28 20 33

121 242 119 21 afvikande
261 241 135 26 berättelser,
420 241 46 22 dels
483 241 23 21 af
521 241 78 27 utdrag
615 247 26 15 ur
658 241 109 21 särskilda
783 241 86 21 läkares

121 273 6 20 i
149 272 77 21 staden
247 271 169 26 sjukjournaler.
449 271 78 21 Härtill
544 270 35 22 må
601 271 125 27 ytterligare
749 271 75 26 läggas
840 273 30 19 ett

121 302 61 27 intyg
204 301 22 21 af
249 301 126 21 direktören
400 300 34 21 för
457 300 158 27 länsfängelset
635 300 6 21 i
658 299 82 28 Viborg
756 299 115 28 angående

121 330 116 27 klagomål,
253 337 48 14 som
318 331 23 20 af
357 337 26 14 en
400 330 35 21 del
453 329 78 28 fångar
547 330 84 21 anförts
647 330 63 21 öfver
720 330 43 21 den
775 330 96 21 behand-

119 361 46 26 ling
188 361 27 20 de
239 360 71 21 under
325 360 164 27 ransakningen
506 359 40 22 fått
561 361 56 20 röna
633 359 50 22 från
699 360 97 26 polisens
813 359 57 22 sida.

120 391 51 20 Alla
194 390 65 21 dessa
280 390 193 26 omständigheter,
490 396 37 15 om
544 390 41 21 ock
603 389 85 22 enhvar
703 389 35 21 för
753 390 34 26 sig
802 390 19 26 ej
839 391 32 19 ut-

120 420 97 27 görande
242 419 49 21 fullt
312 419 67 26 bevis,
401 421 39 19 äro
462 419 56 22 dock
534 419 135 21 tillsamman
686 419 22 21 af
724 419 42 22 den
783 422 40 24 art,
840 421 31 19 att

121 451 27 20 de
173 450 19 26 ej
216 450 75 21 lämna
311 456 50 14 rum
377 449 35 21 för
431 449 76 21 tvifvel
524 455 36 15 om
577 451 30 19 att
624 449 209 22 missförhållanden
849 449 23 21 af

121 479 171 27 ofvanangifven
313 479 152 21 beskaffenhet
485 479 36 21 vid
543 479 94 21 berörda
656 479 119 26 inrättning
791 479 6 20 i
814 485 57 22 myc-

121 510 36 21 ket
173 511 46 19 stor
234 509 151 26 utsträckning
400 509 112 26 föreligga.

194 539 45 21 Den
257 539 69 21 andra
342 539 40 20 här
398 539 66 21 ofvan
481 538 98 28 antydda
591 538 158 27 klagoskriften
760 540 25 19 är
796 538 73 22 såsom

121 569 69 21 redan
213 569 92 20 nämdes
329 568 169 22 underskrifven
515 569 23 20 af
554 568 108 21 särskilda
678 574 106 22 personer
800 569 23 20 af
839 574 31 15 ar-

121 598 144 26 betsklassen,
297 598 74 22 hvilka
401 598 102 27 samtliga
528 598 105 27 uppgifva
655 599 32 27 sig
707 598 66 22 hafva
800 599 71 21 blifvit

121 634 48 16 mer
192 628 53 22 eller
267 628 84 21 mindre
372 628 57 27 groft
452 628 167 22 misshandlade
650 628 22 21 af
696 628 84 27 polisen
803 629 7 20 i
837 628 34 21 Vi-

121 658 65 27 borgs
218 658 89 22 socken.
340 658 30 21 En
397 658 22 21 af
441 658 66 21 dessa
535 658 97 27 bilägger
655 658 70 21 tillika
748 660 30 19 ett
801 658 70 22 läkar-

121 689 66 26 intyg,
213 688 116 21 utvisande
350 690 31 19 att
396 688 44 20 han
457 689 59 20 ännu
533 690 32 19 tre
582 688 41 21 och
640 694 27 15 en
683 687 47 21 half
745 688 82 21 veckor
843 688 29 20 ef-

121 720 33 19 ter
170 718 42 21 den
228 718 82 20 honom
325 717 99 27 ågångna
441 718 152 21 misshandeln
609 718 57 20 varit
682 718 148 21 underkastad
843 718 28 20 lä-

121 747 195 27 karebehandling.
349 747 40 21 Om
406 754 52 15 man
474 748 42 20 ock
532 751 59 18 emot
607 748 82 21 nämda
705 754 105 20 personer
828 748 44 20 kan

123 778 102 25 invända,
243 779 31 19 att
290 778 34 24 de,
341 776 72 22 såsom
431 778 89 20 talande
537 778 7 20 i
560 784 54 20 egen
630 778 46 25 sak,
694 777 19 27 ej
731 779 38 19 äro
785 778 87 20 vittnes-

123 807 59 27 gilla,
206 807 81 21 värkar
309 806 57 22 dock
386 807 50 21 hela
452 807 92 21 skriften
561 807 6 21 i
584 807 41 21 och
641 808 34 20 för
691 807 33 27 sig
739 807 25 21 så
780 807 92 27 öfverty-

123 837 78 27 gande,
219 839 31 19 att
266 843 50 15 man
333 836 130 28 näppeligen
481 837 43 21 kan
541 839 33 19 tro
591 839 67 19 annat
674 838 28 20 än
718 839 31 19 att
764 843 28 15 en
805 835 68 29 opar-

123 867 43 20 tisk
191 866 170 27 undersökning,
386 873 35 14 om
445 867 67 20 hvars
532 866 174 21 föranstaltande
722 866 151 27 prokurators-

124 896 95 21 embetet
234 896 36 21 väl
287 896 100 21 kommer
398 898 30 19 att
442 897 69 26 draga
522 896 93 27 försorg,
626 896 56 21 skall
694 896 73 21 lämna
777 896 50 21 fullt
837 896 35 21 be-

123 927 33 20 vis
173 926 34 21 för
228 926 122 26 sanningen
367 925 22 22 af
405 925 27 22 de
449 927 7 20 i
473 926 130 21 densamma
622 926 77 27 gjorda
716 925 155 27 påståendena.

193 951 64 25 Ännu
275 962 27 15 en
318 955 49 21 sida
383 955 23 21 af
422 955 252 28 polismyndigheternas
691 955 138 22 förhållande
840 955 33 21 till

123 985 148 21 allmänheten
296 984 35 22 må
347 985 41 22 här
404 985 96 26 anföras,
518 985 110 27 nämligen
645 985 26 22 de
688 985 127 28 upprepade
831 985 41 21 för-

123 1015 68 21 söken
204 1017 30 19 att
245 1021 78 20 genom
337 1015 117 21 allehanda
463 1015 144 22 trakasserier
619 1015 113 21 förhindra
743 1015 26 22 de
781 1021 92 16 numera

122 1044 62 21 såväl
207 1045 7 20 i
235 1045 103 20 städerna
355 1051 46 15 som
418 1045 106 21 särskildt
539 1045 13 21 å
568 1045 151 27 landsbygden
735 1045 82 26 ganska
834 1045 39 21 tal-

122 1075 49 20 rika
186 1074 116 27 ungdoms-
311 1074 42 21 och
370 1075 69 20 andra
455 1075 109 21 likartade
578 1075 137 26 föreningars
727 1075 145 25 värksamhet,

124 1104 70 21 ehuru
211 1104 64 21 dessa
299 1104 48 21 afse
367 1104 169 27 befolkningens
553 1105 83 26 sedliga
652 1105 41 21 och
710 1104 116 21 kulturella
842 1106 31 19 ut-

122 1134 107 26 veckling.
253 1133 117 22 Initiativet
379 1134 71 21 härtill
468 1134 72 21 måste
550 1134 52 21 väli
617 1134 118 21 allmänhet
746 1140 65 15 anses
822 1133 52 28 utgå

123 1163 49 22 från
196 1165 137 25 guvernören
358 1164 50 27 själf
432 1164 54 21 eller
502 1165 56 21 hans
580 1166 111 20 närmaste
708 1163 165 28 underlydande

123 1194 36 20 vid
176 1193 165 27 länestyrelsen,
359 1200 49 15 men
425 1194 57 21 klart
498 1196 25 19 är
539 1196 31 19 att
581 1195 65 20 äfven
666 1194 70 27 öfriga
755 1194 117 21 underord-

123 1223 69 21 nades
208 1222 41 22 roll
266 1223 114 27 härvidlag
396 1224 19 26 ej
433 1225 25 19 är
469 1226 53 18 utan
535 1224 117 27 betydelse.
678 1224 69 21 Bland
759 1224 115 26 bilagorna

123 1252 51 28 ingå
198 1259 26 15 en
249 1253 34 21 del
307 1253 137 27 handlingar,
469 1254 106 21 afseende
592 1256 30 18 att
638 1254 75 27 belysa
731 1260 28 14 nu
776 1253 97 27 antydda

123 1282 200 22 missförhållande.

196 1312 45 21 Den
258 1312 45 21 bild
321 1312 22 21 af
359 1312 170 22 förhållandena
544 1313 7 20 i
567 1313 93 26 Viborgs
676 1313 44 25 län,
737 1319 46 15 som
801 1320 27 14 ur
844 1319 30 14 nu

123 1342 94 20 anförda
240 1342 61 21 fakta
320 1341 102 28 framgår,
447 1344 25 20 är
492 1343 121 26 ingalunda
629 1342 49 27 ljus.
710 1342 46 22 Den
772 1343 59 21 visar
847 1348 27 15 en

124 1372 75 26 regim,
216 1378 47 14 som
281 1372 78 21 tvekar
373 1372 99 22 hvarken
490 1375 31 19 att
532 1373 98 27 förgripa
641 1373 33 26 sig
686 1372 12 22 å
710 1372 41 21 den
763 1372 112 22 allmänna

124 1401 177 27 rättsordningen
325 1401 53 22 eller
401 1404 31 18 att
456 1402 86 21 kränka
563 1402 43 22 den
622 1402 100 21 enskilde
738 1402 6 20 i
762 1403 54 19 hans
832 1403 44 19 rätt

123 1431 33 21 till
173 1431 110 27 personlig
299 1431 67 21 frihet
381 1432 42 20 och
440 1432 93 21 välfärd.
566 1432 46 21 Den
629 1433 59 20 visar
712 1432 65 21 äfven
795 1438 28 14 en
841 1430 34 28 på-

123 1460 85 27 gående
225 1461 137 26 ombildning
378 1462 22 20 af
416 1462 242 25 tjänstemannakåren,
680 1468 77 20 genom
780 1461 95 22 införan-

125 1490 27 21 de
169 1490 47 21 däri
233 1490 23 21 af
272 1491 102 25 element,
391 1497 47 14 som
456 1491 71 27 aldrig
552 1491 48 21 bort
624 1492 66 20 vinna
714 1491 85 21 inträde
816 1491 59 21 inom

196 1530 64 19 Särsk.
273 1531 53 18 Besv.
339 1531 45 18 utsk.
398 1531 31 18 bet.
443 1531 37 19 N:o
493 1533 19 17 4.
817 1531 11 18 3
