1114 1775
286 139 27 19 74
461 134 246 26 Petitionsbetänkande
725 136 37 24 N:o
778 136 22 23 3.

327 202 51 22 Den
396 202 142 29 föregående
554 201 208 30 framställningen
784 202 160 29 ådagalägger
968 202 40 27 att,

255 244 39 16 om
317 237 45 23 ock
385 237 183 30 ifrågavarande
591 238 138 29 förordning
745 237 24 23 af
786 237 45 23 den
848 241 27 19 31
890 238 46 29 juli
953 241 55 19 1902

254 274 9 21 i
279 273 29 23 de
325 274 70 22 flesta
412 274 41 22 fall
469 274 80 22 kunde
566 274 119 29 tillämpas
701 274 30 29 på
745 273 41 23 det
796 274 54 27 sätt,
863 275 34 21 att
909 274 100 22 bestäm-

256 310 119 28 ningarna
393 310 8 22 i
420 310 140 22 densamma
589 310 53 22 icke
663 310 76 22 skulle
760 309 60 23 råka
842 310 8 22 i
874 309 58 23 strid
956 309 53 23 med

256 345 161 29 grundlagens
438 346 121 22 allmänna
577 346 150 29 stadganden
751 345 123 29 angående
897 346 112 29 tjänsters

257 380 147 28 besättande,
416 381 55 23 dess
487 382 151 29 tillämpning
650 382 73 22 likväl
734 381 74 23 redan
821 381 101 23 kommit
925 376 11 39 i
951 381 59 23 strid

256 417 53 23 med
333 417 29 23 de
386 418 110 28 gällande
521 418 148 29 principerna
685 418 8 22 i
708 418 57 22 våra
782 418 150 28 grundlagar.

328 453 99 29 Följden
444 453 69 23 häraf
528 454 43 22 har
585 453 86 23 främst
681 454 62 22 varit
754 453 53 27 den,
821 454 34 21 att
866 453 143 29 lagstiftnin-

255 495 47 22 gen
330 489 124 29 angående
481 489 165 29 skoltjänsters
672 489 140 23 besättande
837 490 113 28 gestaltat
973 489 37 28 sig

256 525 96 29 mycket
372 524 62 23 olika
452 525 35 22 för
503 525 62 23 olika
581 526 102 28 tjänster
698 525 44 23 och
758 524 92 23 således
867 525 87 23 saknar
970 531 39 16 en-

255 560 122 30 hetlighet.
410 561 104 23 Senaten
537 562 134 26 utnämner,
687 562 66 22 utom
775 560 147 28 öfverlärare,
940 560 69 23 äfven

255 597 103 22 lektorer
378 602 64 18 samt
462 597 105 30 kolleger
586 598 39 21 vid
647 598 108 28 lyceerna
775 597 42 22 och
837 597 171 23 fruntimmers-

256 633 118 27 skolorna,
392 633 239 28 Skolöfverstyrelsen
643 633 105 23 besätter
758 633 252 29 lärarinnetjänsterna

256 668 45 23 och
324 663 208 28 Öfverdirektören
557 675 83 16 ensam
660 669 28 22 de
707 669 66 28 lägre
793 669 215 29 läraretjänsterna.

257 704 189 30 Tjänsteförslag
469 707 118 27 uppgöras
611 705 85 22 endast
720 705 36 22 för
778 704 157 27 öfverlärare-,
955 711 55 16 men

256 740 54 23 icke
322 741 36 22 för
366 740 97 23 lektors-
473 741 44 22 och
527 741 202 28 kollegatjänster,
739 740 76 23 ehuru
826 740 102 23 Senaten
940 740 70 22 äfven

258 776 103 23 besätter
375 776 70 23 dessa
462 783 89 16 senare.
574 776 89 23 Besvär
679 777 24 22 få
720 776 96 23 anföras
832 777 65 22 öfver
912 777 97 28 tjänste-

256 811 89 30 förslag
367 812 55 23 eller
442 813 145 28 utnämning
611 813 84 22 endast
720 812 23 23 af
768 812 61 27 dem,
851 819 50 16 som
926 812 84 22 ansökt

257 847 159 29 öfverlärare-,
442 849 128 22 lärarinne-
597 849 56 22 eller
679 849 66 28 lägre
775 847 235 30 skolläraretjänster,

256 890 54 16 men
335 883 53 23 icke
415 884 25 22 af
466 884 61 25 dem,
551 890 51 16 som
629 884 85 22 ansökt
740 883 190 29 lektorstjänster
956 883 55 23 eller

256 919 198 29 kollegatjänster
469 920 40 22 vid
524 920 77 29 lyceer
617 920 42 22 och
676 920 248 22 fruntimmersskolor.

328 951 38 27 Än
384 962 66 17 mera
467 956 123 28 betänklig
606 958 30 20 än
653 956 80 22 denna
749 955 59 23 brist
818 956 30 28 på
859 954 151 24 konsekvens

256 993 26 21 är
294 991 74 23 likväl
381 991 46 23 den
438 991 214 29 omständigheten,
664 992 35 22 att
709 991 149 23 sökandenes
875 990 136 30 rättsskydd

256 1028 136 28 försvagats
403 1028 43 22 och
459 1028 151 28 garantierna
622 1028 34 22 för
666 1027 289 29 utnämningsärendenas
972 1027 38 22 all-

257 1063 78 29 sidiga
351 1063 113 29 pröfning
481 1063 123 23 minskats.
627 1064 46 22 Det
687 1064 101 26 faktum,
802 1064 34 21 att
846 1063 164 34 utnämnings-

258 1100 78 22 rätten
352 1100 9 21 i
377 1100 65 22 vissa
459 1100 40 22 fall
516 1099 158 29 öfverflyttats
691 1100 29 29 på
737 1106 30 16 en
784 1098 62 23 enda
860 1105 92 23 person,
973 1098 37 23 Öf-

257 1135 176 23 verdirektören
458 1136 8 22 i
490 1130 185 34 Öfverstyrelsen
703 1136 35 22 för
765 1134 171 28 skolväsendet,
962 1134 48 23 kan

256 1170 51 28 lätt,
320 1171 113 23 särskildt
449 1172 75 22 under
540 1171 105 30 politiskt
661 1171 118 30 upprörda
795 1170 67 27 tider,
879 1170 29 23 då
925 1170 85 29 opinio-

256 1214 76 16 nerna
343 1207 83 29 skarpt
437 1207 69 30 bryta
517 1209 37 27 sig
566 1209 47 20 mot
625 1207 140 27 hvarandra,
774 1207 54 22 leda
836 1207 35 22 till
887 1206 123 30 godtycke.

256 1243 133 23 Enahanda
405 1243 49 23 kan
471 1243 156 23 förhållandet
644 1243 102 29 gestalta
762 1243 44 28 sig,
818 1242 30 23 då
860 1237 150 34 Öfverstyrel-

257 1285 44 16 sen
325 1279 35 22 för
384 1279 174 26 skolväsendet,
581 1279 97 22 hvilken
695 1279 59 22 dock
772 1279 7 22 i
796 1279 37 22 sin
850 1278 120 29 egenskap
988 1278 24 22 af

256 1315 112 29 kollegial
383 1315 140 29 myndighet
534 1315 110 29 erbjuder
655 1316 73 21 större
740 1315 121 28 garantier
873 1314 35 23 för
919 1315 92 21 utnäm-

258 1351 206 29 ningsärendenas
481 1350 108 29 allsidiga
601 1351 42 22 och
655 1350 121 30 opartiska
793 1350 136 29 beredning,
942 1349 68 23 föror-

257 1386 44 23 dar
312 1394 28 15 en
354 1387 23 22 af
390 1387 140 22 sökandena
540 1387 35 22 till
585 1387 97 22 lektors-
692 1387 56 22 eller
758 1386 170 29 kollegatjänst
938 1385 75 23 under

257 1423 168 22 medvetandet
442 1423 25 22 af
483 1424 34 21 att
533 1424 71 27 ingen
617 1429 55 22 eger
682 1424 47 21 rätt
741 1423 35 22 att
787 1421 65 23 öfver
862 1422 54 23 dess
929 1421 83 29 åtgärd

257 1458 83 23 anföra
360 1458 90 23 besvär.
484 1459 51 22 Den
552 1459 86 28 gamla,
655 1459 62 22 ända
732 1458 36 23 till
785 1458 26 22 år
829 1461 56 19 1902
902 1457 110 30 gällande

330 1507 100 17 Allmänna
443 1507 184 18 Petilionsutskottets
639 1507 110 18 betänkande
761 1506 35 18 N:o
810 1507 15 16 1.
