1114 1778
243 160 13 21 8
436 159 277 23 Petitionsbetänkande
729 159 45 23 N:o
790 159 18 22 1.

242 225 70 27 aktigt
328 225 78 22 utöfva
421 225 229 22 ämbetsverksamhet
665 226 8 21 i
689 225 101 22 Finland.
815 225 41 22 Det
872 225 127 28 lagstridiga

242 255 7 21 i
266 254 86 22 sådana
374 255 157 27 utnämningar
553 255 152 27 undanröjdes
724 256 19 26 ej
772 255 134 27 därigenom,
924 258 32 19 att
971 262 27 15 en

243 285 95 21 särskild
355 285 131 27 förordning
502 285 43 21 den
561 285 26 21 31
605 285 41 27 juli
664 285 57 22 1902
738 285 46 21 blef
800 285 111 26 utfärdad,
928 286 7 21 i
946 285 53 22 hvil-

243 315 43 21 ken
304 315 96 26 stadgas,
410 317 31 19 att
454 315 27 21 de
493 314 120 22 bestående
624 315 217 26 inskränkningarna
852 315 7 21 i
870 315 128 22 icke-finska

243 344 159 27 medborgares
422 347 44 19 rätt
485 347 31 19 att
531 345 95 21 bekläda
642 345 93 26 tjänster
751 345 7 20 i
775 344 93 22 Finland
885 345 19 27 ej
922 345 76 21 vidare

243 374 63 21 skola
325 374 59 27 gälla
400 374 67 28 ryska
483 374 130 27 infödingar.
647 374 31 28 Ty
695 374 148 27 grundlagens
860 375 137 26 stadganden

243 404 85 26 därom,
350 406 32 19 att
397 404 57 22 finsk
471 404 189 27 medborgarerätt
675 406 25 19 är
716 406 31 20 ett
762 404 80 21 villkor
858 404 35 21 för
909 404 89 22 anställ-

243 434 53 26 ning
312 434 7 21 i
334 434 58 21 finsk
408 434 124 27 statstjänst
548 434 75 21 kunna
639 434 48 22 icke
703 434 83 22 ändras
797 436 53 19 utan
860 434 136 22 Ständernas

244 464 120 27 samtycke,
389 464 42 21 och
451 464 44 21 den
511 464 87 26 nämda,
615 464 8 21 i
639 464 162 21 administrativ
816 466 43 25 väg
874 464 124 28 utfärdade,

243 493 159 27 förordningen
426 494 83 21 saknar
530 493 87 22 således
638 494 66 27 laglig
720 494 104 26 giltighet.
856 494 8 21 I
880 494 58 21 huru
955 494 43 27 hög

243 524 54 26 grad
314 522 61 22 såväl
393 524 112 21 allmänna
521 530 48 14 som
586 524 101 21 enskilda
704 524 110 21 intressen
825 523 71 22 måste
908 524 45 21 lida
964 530 33 20 ge-

243 560 53 14 nom
314 553 169 27 tillämpningen
507 554 22 20 af
550 553 95 21 berörda
661 554 137 26 förordning,
815 553 97 27 framgår
928 554 69 21 redan

244 583 70 25 däraf,
332 585 31 19 att
378 583 132 21 densamma
518 584 48 20 icke
575 590 39 14 ens
625 584 94 22 fordrar,
732 586 31 18 att
774 583 66 27 ryske
851 585 58 24 män,
922 584 34 21 för
968 586 30 18 att

243 613 76 21 kunna
335 613 107 21 anställas
459 613 6 21 i
482 613 56 21 finsk
554 614 73 26 tjänst,
645 613 145 21 därförinnan
807 613 55 21 böra
878 614 67 20 hafva
956 614 42 20 lärt

243 643 34 27 sig
300 642 87 22 landets
408 643 68 27 språk
498 643 40 21 och
555 644 7 20 i
579 643 65 27 öfrigt
660 643 99 27 fullgjort
775 643 119 21 enahanda
910 644 88 26 kompe-

243 673 107 27 tensprof,
368 679 48 15 som
432 673 23 21 af
471 672 71 22 finska
555 674 52 20 män
618 673 95 21 fordras.
738 673 160 21 Erfarenheten
912 673 49 21 från
971 673 27 21 de

244 704 89 19 senaste
357 702 54 21 åren
432 703 113 21 bekräftar
561 703 32 20 till
609 703 56 21 fullo
681 703 133 26 riktigheten
831 703 23 20 af
870 703 36 21 det
922 703 75 26 sagda.

319 732 8 21 I
344 732 44 21 alla
404 733 62 20 delar
482 732 23 21 af
517 732 75 21 landet
602 733 122 26 förspörjes
737 735 31 19 ett
778 733 102 20 växande
892 733 106 26 missnöje

244 762 51 21 med
319 762 37 21 det
379 764 90 25 system,
493 768 48 15 som
561 762 69 21 sedan
649 762 56 21 1899
722 762 101 27 inslagits
839 763 36 20 vid
893 762 105 21 Finlands

244 791 134 27 förvaltning
402 792 41 21 och
468 799 47 14 som
539 792 69 21 redan
632 792 45 21 ledt
692 793 33 20 till
741 792 127 27 betydande
884 791 114 28 dröjsmål,

244 821 154 27 försumlighet
421 822 43 21 och
487 822 68 21 oreda
574 823 7 20 i
597 822 97 21 skötseln
712 823 22 20 af
751 822 181 21 ämbetsverkens
948 822 50 27 ålig-

244 851 94 26 ganden.
371 851 127 22 Orsakerna
517 851 32 22 till
565 851 96 22 berörda
684 851 140 22 förhållande
841 853 39 20 äro
897 853 18 26 ej
934 851 64 22 svåra

245 883 31 19 att
291 881 66 21 finna.
391 881 78 22 Härtill
486 881 131 22 medverkar
630 882 43 21 den
685 881 199 28 omständigheten,
896 884 32 19 att
938 883 60 20 ären-

245 911 58 21 dena
315 911 41 22 hos
367 911 54 21 flera
436 911 146 26 embetsverk,
594 912 129 27 isynnerhet
734 911 264 28 generalguvernörskan-

244 941 56 25 sliet,
322 941 187 27 länestyrelserna
532 941 41 22 och
599 941 27 22 de
647 941 60 27 lägre
726 941 273 28 förvaltningsmyndighe-

244 973 63 19 terna
324 971 64 21 ökats
403 971 7 20 i
427 971 79 27 otrolig
521 971 53 27 grad
591 971 70 21 sedan
678 971 148 27 uppdagande
842 971 23 22 af
881 971 118 28 oppositio-

245 1000 46 21 nelt
306 1001 117 23 tänkesätt,
439 1001 134 21 hämmande
589 1001 22 21 af
627 1001 45 22 alla
686 1001 67 22 friare
765 1002 149 26 strömningar
925 1001 7 21 i
943 1007 55 15 sam-

244 1030 120 21 hällslifvet
388 1033 57 19 samt
464 1031 125 27 sysslandet
612 1031 51 22 med
687 1031 105 28 politiska
814 1031 133 27 angifvelser
964 1031 35 22 be-

244 1063 53 24 gynt
312 1061 8 20 i
336 1061 43 26 hög
394 1061 55 26 grad
466 1063 97 25 upptaga
580 1061 27 21 de
621 1061 171 27 ifrågavarande
805 1061 95 21 verkens
911 1061 38 21 tid.
967 1061 31 21 En

244 1096 74 15 annan
342 1090 67 21 orsak
431 1092 25 20 är
481 1092 30 19 att
531 1090 43 22 den
590 1090 59 22 förre
665 1090 242 27 generalguvernörens
924 1090 35 22 val
976 1091 23 21 af

244 1126 107 21 personer
374 1120 33 21 till
430 1120 98 27 fyllande
545 1120 22 21 af
583 1122 129 25 guvernörs-
729 1121 41 21 och
788 1120 210 22 landssekreterare-

244 1152 106 25 posterna
373 1152 57 19 samt
454 1150 70 21 andra
540 1150 67 27 högre
623 1151 42 21 och
682 1151 60 26 lägre
759 1152 99 25 tjänster,
875 1151 69 21 sedan
961 1151 37 20 du-

244 1180 72 27 gande
332 1180 42 21 och
391 1180 114 27 lagtrogna
521 1182 51 19 män
588 1180 72 21 blifvit
676 1180 50 22 från
743 1181 50 20 dem
811 1180 133 27 aflägsnade,
962 1182 35 19 nä-

244 1211 49 20 stan
317 1210 142 21 uteslutande
475 1210 56 21 fallit
553 1209 30 28 på
606 1216 113 21 personer,
739 1217 49 14 som
805 1210 48 21 icke
870 1212 35 25 egt
921 1210 27 22 de
964 1210 35 21 för

244 1239 66 22 dessa
326 1239 103 22 embeten
445 1240 81 27 nödiga
541 1240 91 27 insigter
647 1241 42 20 och
705 1241 72 26 öfriga
788 1241 144 26 egenskaper.
960 1240 40 21 Det

244 1271 26 19 är
293 1269 135 27 exempelvis
452 1269 49 22 icke
517 1270 90 27 möjligt,
625 1272 31 19 att
672 1277 27 14 en
715 1270 217 21 landssekreterares
948 1269 50 28 ålig-

244 1299 94 26 ganden,
360 1305 48 15 som
425 1299 35 21 för
475 1299 37 22 det
527 1302 70 19 mesta
614 1301 39 20 äro
674 1300 23 21 af
717 1299 95 28 juridisk
833 1302 72 23 natur,
928 1299 70 22 skulle

244 1329 76 21 kunna
344 1329 22 20 af
382 1329 52 27 rysk
450 1329 76 22 officer
541 1329 54 22 eller
610 1329 73 27 någon
700 1336 75 15 annan
792 1329 50 22 med
859 1329 57 22 finsk
932 1330 66 26 lagfa-

245 1359 77 21 renhet
338 1358 96 22 obekant
445 1365 81 20 person
537 1359 146 27 försvarligen
694 1359 147 22 handhafvas.
858 1371 30 4 —
904 1359 48 22 Med
970 1359 29 21 af-

244 1389 82 20 seende
342 1388 14 21 å
372 1389 43 21 den
432 1389 125 27 synnerliga
573 1389 73 26 vigten
660 1389 70 26 däraf,
743 1391 32 20 att
786 1389 213 27 statsjernvägarnas

244 1418 135 26 förvaltning
392 1418 37 21 må
440 1419 61 21 ledas
513 1419 50 21 med
574 1419 72 27 insigt,
659 1419 95 27 ordning
765 1419 42 21 och
818 1419 180 25 ansvarskänsla,

244 1448 63 20 torde
324 1447 126 22 Ständerna
466 1454 39 21 ega
522 1448 48 21 skäl
587 1450 31 20 att
631 1449 60 27 gifva
705 1449 87 27 uttryck
804 1448 22 21 åt
837 1448 43 22 den
892 1454 46 20 oro,
951 1454 48 16 som

244 1477 56 21 efter
324 1478 27 20 de
375 1480 88 19 senaste
487 1479 186 26 utnämningarna
691 1479 36 21 vid
745 1479 73 21 denna
835 1480 61 20 stora
912 1478 86 21 förvalt-

317 1518 62 19 Särsk.
392 1518 53 19 Besv.
458 1520 46 17 utsk.
517 1520 32 18 bet.
562 1519 35 19 N:o
610 1520 15 18 1.
