1111 1773
316 153 246 23 Petitionsbetänkande
579 154 38 22 N:o
633 153 24 23 4.
804 157 28 19 49

109 218 60 18 bilitet
187 218 17 18 af
223 223 23 13 en
262 223 66 19 genom
342 218 54 18 dessa
409 218 64 23 nejder
485 218 69 24 dragen
566 219 135 23 järnvägslinje,
714 220 42 17 bära
769 220 93 18 desamma

109 247 55 19 äfven
183 247 31 19 allt
232 248 89 23 tydligare
340 248 112 18 vittnesbörd
472 248 68 22 därom,
554 249 25 17 att
592 249 26 17 ett
631 249 94 23 tidsenligt
738 249 124 18 kommunika-

110 277 110 19 tionsmedel
239 277 27 19 för
284 278 60 18 denna
357 278 84 18 landsdel
454 280 19 16 är
485 278 18 18 af
515 278 88 19 behofvet
616 278 96 24 påkalladt,
725 280 17 22 ja
755 279 107 23 oundgäng-

109 307 40 24 ligt.
175 307 63 18 Härtill
256 307 43 19 ville
312 308 31 23 jag
356 310 48 16 ännu
417 308 81 24 tillägga,
512 309 26 17 att
551 308 53 18 äfven
617 309 76 17 naturen
706 308 22 24 på
741 309 43 18 flere
797 309 65 18 ställen

110 337 85 23 erbjuder
210 338 47 17 stora
270 337 78 19 fördelar
360 338 5 18 i
378 338 34 18 och
427 343 67 18 genom
507 338 123 22 vattenfallen,
644 344 39 12 som
697 339 126 23 exploaterade
836 338 27 18 för

109 367 90 18 industrin
218 367 61 18 kunna
298 367 125 19 åstadkomma
437 368 86 21 storvärk,
537 373 42 13 men
592 374 24 12 nu
630 369 6 17 i
648 368 70 18 saknad
730 368 18 18 af
761 368 101 18 kommuni-

109 397 82 18 kationer
209 397 62 18 föröda
290 398 28 17 sin
334 397 46 19 kraft
399 398 90 18 oanvänd.
514 398 6 18 1
540 398 41 18 stöd
594 398 18 18 af
624 398 54 18 dessa
692 398 116 24 synpunkter,
822 403 40 13 som

110 427 92 23 garantera
216 427 36 18 den
265 427 118 18 ekonomiska
397 428 115 22 säkerheten,
525 428 59 24 ingafs
598 428 56 18 redan
666 428 26 18 till
707 428 43 18 1891
765 428 28 18 ärs
805 428 57 18 landt-

109 457 38 23 dag
160 462 23 13 en
195 458 76 22 petition
281 462 30 13 om
324 457 124 24 anläggandet
460 458 18 18 af
491 463 23 13 en
526 458 75 23 järnväg
614 458 38 18 frän
666 458 96 18 Nummela
777 458 65 18 station
851 458 10 18 ä

109 487 127 23 Hangöbanan
255 487 26 18 till
301 487 48 23 Kyrö
368 488 66 18 station
451 487 10 19 ä
478 482 55 24 Abo—
540 478 67 38 Toijala
621 488 61 22 linjen.
708 488 45 18 Från
766 488 57 24 sagda
835 488 26 18 tid

109 517 32 17 har
160 522 69 13 samma
248 517 153 24 petitionsförslag
420 518 97 18 framstälts
537 518 31 18 vid
586 517 35 19 alla
634 518 80 23 följande
726 518 136 18 ständermöten

109 547 35 17 och
159 547 61 17 senast
232 547 19 17 är
265 546 50 22 1900,
329 547 22 18 dä
365 548 100 22 petitionen
478 547 55 19 äfven
545 552 48 14 vann
606 548 184 23 järnvägsutskottets
800 548 62 18 erkän-

109 576 66 18 nande.
201 576 63 18 Under
276 577 110 23 hänvisning
398 577 38 23 just
449 577 26 18 till
489 577 54 18 dessa
556 578 5 17 i
574 578 60 18 denna
647 578 50 24 fråga
710 578 68 23 ingiina
791 578 71 23 petitio-

109 612 33 12 ner
161 607 33 17 och
214 607 131 24 motiveringen
358 606 18 18 af
389 607 94 18 desamma
497 608 47 17 samt
557 607 26 18 till
596 608 177 23 järnvägskomitens
786 608 75 18 utlätan-

109 636 37 18 den
161 641 53 13 anser
228 637 31 23 jag
278 636 31 18 det
322 637 79 17 särdeles
415 637 104 21 önskvärdt,
533 638 25 17 att
571 637 60 18 denna
644 637 42 23 plan
699 643 24 12 nu
736 638 61 18 bleive
809 638 53 23 bragt

109 665 27 19 till
155 666 26 18 ett
199 667 98 23 gynnsamt
315 666 104 24 afigörande,
439 667 34 18 och
493 667 51 23 tager
556 668 30 22 jag
600 668 39 22 mig
652 667 58 18 därför
722 667 77 19 friheten
811 668 50 18 hem-

109 696 58 22 ställa,
181 696 25 18 att
218 696 31 18 vid
262 697 94 17 eventuelt
368 696 111 19 fastsläende
493 697 18 18 af
523 697 103 23 riktningen
638 697 27 18 för
673 696 134 25 ifrågavarande
815 698 46 22 järn-

109 728 37 22 väg
159 726 79 23 följande
251 726 67 24 förslag
331 726 19 18 sä
364 727 39 17 vidt
416 726 71 24 möjligt
501 726 115 24 godkändes.

181 756 62 18 Banan
262 756 56 18 borde
331 757 43 23 utgå
387 756 38 19 från
439 757 60 23 någon
513 756 75 24 lämplig
600 757 58 23 punkt
671 758 5 17 i
689 757 86 18 närheten
789 757 17 18 af
819 755 42 20 Hel-

109 786 79 24 singfors
209 786 34 18 och
262 786 64 24 dragas
346 787 37 17 mot
396 787 71 18 trakten
486 786 18 18 af
522 786 97 19 Nummela
638 786 10 18 å
662 787 131 24 Hangöbanan,
807 787 53 18 likväl

109 816 40 18 icke
162 816 62 24 längre
236 816 69 18 österut
318 818 22 16 än
354 817 25 17 till
393 816 98 24 Otalampi,
504 817 47 17 samt
566 817 70 21 ,såsom
650 817 36 18 den
699 817 29 18 del
741 816 18 19 af
771 822 90 13 samman-

109 846 160 24 bindningsbanan
288 851 39 13 som
347 847 58 23 enligt
424 848 37 16 min
477 847 55 17 tanke
545 847 149 23 skyndsammast
705 847 57 18 borde
776 846 84 22 utföras",

109 875 75 24 fortlöpa
197 876 26 18 till
236 876 70 18 Vichtis
318 876 34 19 och
366 876 66 19 Pusula
446 876 95 24 kyrkbyar,
551 876 76 19 därifrån
636 876 38 19 åter
682 877 52 24 längs
743 877 53 18 södra
805 877 56 18 stran-

109 906 37 17 den
165 906 18 17 af
201 905 101 24 Oinasjärvi
321 907 5 17 i
346 906 115 19 Sommarnäs
479 907 26 18 till
523 907 74 18 Somero
616 907 70 23 kyrkby
702 907 34 18 och
757 907 62 18 vidare
834 907 26 18 till

109 935 68 20 Koskis
193 936 75 23 kyrkby,
284 936 98 18 förenande
398 937 29 23 sig
443 937 58 18 sedan
514 937 42 18 med
574 932 194 27 Åbo—Toijalabanan
781 937 20 18 så
819 939 42 16 nära

109 965 48 18 Aura
171 966 65 17 station
249 971 40 13 som
303 966 76 24 möjligt,
393 966 27 18 för
432 967 26 17 att
471 967 87 23 möjligen
575 967 102 18 sedermera
690 967 77 18 härifrån
780 967 81 18 fortsätta

109 995 26 18 till
149 995 48 20 Riste
211 996 43 18 eller
266 996 86 23 Peipohja
366 996 30 18 vid
410 996 188 24 Björneborgsbanan.

181 1025 5 18 I
200 1025 41 18 stöd
260 1026 18 17 af
296 1026 31 17 allt
340 1026 49 18 detta
406 1027 47 17 samt
466 1026 115 23 åberopande
594 1027 38 23 mig
645 1026 23 23 på
681 1027 55 18 redan
749 1027 48 18 förut
809 1026 51 19 fram-

109 1055 60 18 hållna
183 1055 111 24 synpunkter
312 1056 52 23 tager
375 1057 31 22 jag
419 1057 38 22 mig
470 1056 78 18 friheten
560 1056 71 18 anhålla
645 1061 30 13 om
689 1056 119 24 Högvördiga
821 1056 39 18 Prä-

109 1085 111 18 steståndets
234 1085 98 18 understöd
346 1086 27 17 för
385 1091 23 13 en
421 1086 76 22 petition
511 1086 73 21 därhän,

323 1171 30 17 att
365 1170 44 17 med
421 1170 24 22 af
451 1169 112 19 Ständerna
572 1170 97 23 anslagna
679 1170 62 18 medel
749 1170 111 18 ekonomisk

252 1200 35 17 och
300 1200 130 18 insrumental
443 1200 147 23 undersökning
601 1200 123 18 värkstäldes
730 1200 35 22 för
772 1204 24 13 en
809 1204 51 13 sam-

251 1229 204 23 manbindningsbana
471 1230 49 22 från
540 1230 65 22 någon
621 1229 82 24 lämplig
715 1230 64 22 punkt
795 1230 7 17 i
817 1232 43 15 när-

252 1259 56 17 heten
330 1260 24 22 af
376 1260 127 23 Helsingfors
529 1260 29 17 till
583 1259 76 18 trakten
684 1260 24 22 af
726 1259 101 18 Nummela
848 1259 12 18 å

251 1289 188 23 Hangö—Hyvinge
449 1289 94 23 järnväg,
556 1289 90 22 därifrån
660 1289 64 18 banan
736 1289 63 18 skulle
808 1290 52 21 fort-

251 1319 45 22 löpa
310 1319 29 17 till
352 1319 71 18 Vichtis
435 1319 36 18 och
483 1319 75 18 Pusula
570 1319 97 23 kyrkbyar
677 1320 51 17 samt
736 1320 57 22 längs
801 1319 59 18 södra

250 1349 94 17 stranden
352 1349 23 22 af
381 1348 117 24 Oinasjärvi
510 1349 3 17 i
519 1348 127 19 Sommarnäs
656 1349 29 18 till
692 1348 81 19 Somero
781 1348 79 24 kyrkby,

251 1378 90 22 härifrån
360 1379 44 17 åter
417 1384 71 18 genom
504 1378 70 20 Koskis
594 1379 29 17 till
635 1374 141 28 Åbo—Toijala
789 1378 71 21 banan,

251 1408 133 23 nägonstädes
397 1409 70 17 mellan
481 1408 54 18 Aura
548 1409 34 17 och
595 1408 76 18 Mellilä
682 1409 100 20 stationer,
788 1408 36 23 för
831 1409 31 17 att

250 1438 61 18 sedan
333 1438 110 18 utsträckas
463 1438 30 18 till
512 1438 56 20 Riste
585 1439 48 17 eller
650 1437 95 25 Peipohja
761 1438 74 18 station
848 1438 12 18 å

250 1468 211 24 Björneborgsbanan;
471 1470 52 16 samt

180 1509 186 23 Jänrvägsutskottets
377 1510 111 18 betänkande
500 1510 35 18 N:o
547 1511 17 17 2.
801 1510 12 17 4
