<?xml version="1.0" encoding="UTF-8"?>
<alto xmlns="http://www.loc.gov/standards/alto/ns-v3#" xmlns:xlink="http://www.w3.org/1999/xlink" xmlns:xsi="http://www.w3.org/2001/XMLSchema-instance" xsi:schemaLocation="http://www.loc.gov/standards/alto/ns-v3# http://www.loc.gov/alto/v3/alto-3-0.xsd">
	<Description>
		<MeasurementUnit>pixel</MeasurementUnit>
		<sourceImageInformation>
			<fileName>/tmp/tess_ulkd4xep_input.PNG</fileName>
		</sourceImageInformation>
		<OCRProcessing ID="OCR_0">
			<ocrProcessingStep>
				<processingSoftware>
					<softwareName>tesseract 5.3.4</softwareName>
				</processingSoftware>
			</ocrProcessingStep>
		</OCRProcessing>
	</Description>
	<Layout>
		<Page WIDTH="1114" HEIGHT="1764" PHYSICAL_IMG_NR="0" ID="page_0">
			<PrintSpace HPOS="0" VPOS="0" WIDTH="1114" HEIGHT="1764">
				<ComposedBlock ID="cblock_0" HPOS="273" VPOS="158" WIDTH="611" HEIGHT="24">
					<TextBlock ID="block_0" HPOS="273" VPOS="158" WIDTH="611" HEIGHT="24">
						<TextLine ID="line_0" HPOS="273" VPOS="158" WIDTH="611" HEIGHT="24">
							<String ID="string_0" HPOS="273" VPOS="158" WIDTH="83" HEIGHT="23" WC="0.86" CONTENT="Ständ."/><SP WIDTH="17" VPOS="158" HPOS="356"/>
							<String ID="string_1" HPOS="373" VPOS="159" WIDTH="52" HEIGHT="23" WC="0.92" CONTENT="Pet."/><SP WIDTH="17" VPOS="159" HPOS="425"/>
							<String ID="string_2" HPOS="442" VPOS="172" WIDTH="28" HEIGHT="2" WC="0.92" CONTENT="—"/><SP WIDTH="16" VPOS="172" HPOS="470"/>
							<String ID="string_3" HPOS="486" VPOS="159" WIDTH="175" HEIGHT="23" WC="0.91" CONTENT="Petitionsbet."/><SP WIDTH="16" VPOS="159" HPOS="661"/>
							<String ID="string_4" HPOS="677" VPOS="158" WIDTH="43" HEIGHT="23" WC="0.96" CONTENT="N:o"/><SP WIDTH="16" VPOS="158" HPOS="720"/>
							<String ID="string_5" HPOS="736" VPOS="159" WIDTH="21" HEIGHT="22" WC="0.90" CONTENT="7."/><SP WIDTH="114" VPOS="159" HPOS="757"/>
							<String ID="string_6" HPOS="871" VPOS="160" WIDTH="13" HEIGHT="20" WC="0.96" CONTENT="9"/>
						</TextLine>
					</TextBlock>
				</ComposedBlock>
				<ComposedBlock ID="cblock_1" HPOS="108" VPOS="230" WIDTH="776" HEIGHT="1273">
					<TextBlock ID="block_1" HPOS="108" VPOS="230" WIDTH="776" HEIGHT="1273">
						<TextLine ID="line_1" HPOS="125" VPOS="230" WIDTH="757" HEIGHT="30">
							<String ID="string_7" HPOS="125" VPOS="230" WIDTH="149" HEIGHT="23" WC="0.91" CONTENT="förrättande"/><SP WIDTH="24" VPOS="230" HPOS="274"/>
							<String ID="string_8" HPOS="298" VPOS="231" WIDTH="200" HEIGHT="29" WC="0.91" CONTENT="polismästarens"/><SP WIDTH="19" VPOS="231" HPOS="498"/>
							<String ID="string_9" HPOS="517" VPOS="231" WIDTH="44" HEIGHT="22" WC="0.96" CONTENT="hot"/><SP WIDTH="18" VPOS="231" HPOS="561"/>
							<String ID="string_10" HPOS="579" VPOS="232" WIDTH="40" HEIGHT="27" WC="0.96" CONTENT="att,"/><SP WIDTH="19" VPOS="232" HPOS="619"/>
							<String ID="string_11" HPOS="638" VPOS="230" WIDTH="81" HEIGHT="23" WC="0.96" CONTENT="därest"/><SP WIDTH="18" VPOS="230" HPOS="719"/>
							<String ID="string_12" HPOS="737" VPOS="231" WIDTH="20" HEIGHT="29" WC="0.95" CONTENT="ej"/><SP WIDTH="21" VPOS="231" HPOS="757"/>
							<String ID="string_13" HPOS="778" VPOS="230" WIDTH="104" HEIGHT="23" WC="0.96" CONTENT="berörda"/>
						</TextLine>
						<TextLine ID="line_2" HPOS="126" VPOS="264" WIDTH="757" HEIGHT="31">
							<String ID="string_14" HPOS="126" VPOS="264" WIDTH="102" HEIGHT="29" WC="0.95" CONTENT="nycklar"/><SP WIDTH="18" VPOS="264" HPOS="228"/>
							<String ID="string_15" HPOS="246" VPOS="266" WIDTH="51" HEIGHT="21" WC="0.96" CONTENT="före"/><SP WIDTH="24" VPOS="266" HPOS="297"/>
							<String ID="string_16" HPOS="321" VPOS="266" WIDTH="106" HEIGHT="22" WC="0.96" CONTENT="klockan"/><SP WIDTH="25" VPOS="266" HPOS="427"/>
							<String ID="string_17" HPOS="452" VPOS="266" WIDTH="39" HEIGHT="22" WC="0.96" CONTENT="två"/><SP WIDTH="20" VPOS="266" HPOS="491"/>
							<String ID="string_18" HPOS="511" VPOS="266" WIDTH="32" HEIGHT="28" WC="0.95" CONTENT="på"/><SP WIDTH="18" VPOS="266" HPOS="543"/>
							<String ID="string_19" HPOS="561" VPOS="265" WIDTH="78" HEIGHT="30" WC="0.89" CONTENT="dagen"/><SP WIDTH="19" VPOS="265" HPOS="639"/>
							<String ID="string_20" HPOS="658" VPOS="265" WIDTH="104" HEIGHT="23" WC="0.89" CONTENT="tillstälts"/><SP WIDTH="19" VPOS="265" HPOS="762"/>
							<String ID="string_21" HPOS="781" VPOS="265" WIDTH="102" HEIGHT="29" WC="0.96" CONTENT="honom,"/>
						</TextLine>
						<TextLine ID="line_3" HPOS="128" VPOS="299" WIDTH="755" HEIGHT="30">
							<String ID="string_22" HPOS="128" VPOS="299" WIDTH="105" HEIGHT="29" WC="0.92" CONTENT="»polisen"/><SP WIDTH="28" VPOS="299" HPOS="233"/>
							<String ID="string_23" HPOS="261" VPOS="300" WIDTH="100" HEIGHT="22" WC="0.96" CONTENT="komme"/><SP WIDTH="24" VPOS="300" HPOS="361"/>
							<String ID="string_24" HPOS="385" VPOS="302" WIDTH="34" HEIGHT="20" WC="0.96" CONTENT="att"/><SP WIDTH="24" VPOS="302" HPOS="419"/>
							<String ID="string_25" HPOS="443" VPOS="300" WIDTH="70" HEIGHT="29" WC="0.96" CONTENT="bryta"/><SP WIDTH="25" VPOS="300" HPOS="513"/>
							<String ID="string_26" HPOS="538" VPOS="300" WIDTH="34" HEIGHT="28" WC="0.96" CONTENT="sig"/><SP WIDTH="23" VPOS="300" HPOS="572"/>
							<String ID="string_27" HPOS="595" VPOS="300" WIDTH="27" HEIGHT="22" WC="0.96" CONTENT="in"/><SP WIDTH="25" VPOS="300" HPOS="622"/>
							<String ID="string_28" HPOS="647" VPOS="299" WIDTH="57" HEIGHT="23" WC="0.96" CONTENT="med"/><SP WIDTH="18" VPOS="299" HPOS="704"/>
							<String ID="string_29" HPOS="722" VPOS="299" WIDTH="78" HEIGHT="29" WC="0.96" CONTENT="våld»,"/><SP WIDTH="19" VPOS="299" HPOS="800"/>
							<String ID="string_30" HPOS="819" VPOS="300" WIDTH="64" HEIGHT="23" WC="0.96" CONTENT="hade"/>
						</TextLine>
						<TextLine ID="line_4" HPOS="125" VPOS="334" WIDTH="758" HEIGHT="30">
							<String ID="string_31" HPOS="125" VPOS="334" WIDTH="80" HEIGHT="28" WC="0.96" CONTENT="någon"/><SP WIDTH="19" VPOS="334" HPOS="205"/>
							<String ID="string_32" HPOS="224" VPOS="334" WIDTH="98" HEIGHT="28" WC="0.95" CONTENT="verkan,"/><SP WIDTH="25" VPOS="334" HPOS="322"/>
							<String ID="string_33" HPOS="347" VPOS="334" WIDTH="95" HEIGHT="30" WC="0.96" CONTENT="gjordes"/><SP WIDTH="25" VPOS="334" HPOS="442"/>
							<String ID="string_34" HPOS="467" VPOS="335" WIDTH="27" HEIGHT="22" WC="0.96" CONTENT="af"/><SP WIDTH="22" VPOS="335" HPOS="494"/>
							<String ID="string_35" HPOS="516" VPOS="334" WIDTH="113" HEIGHT="23" WC="0.96" CONTENT="Melartin"/><SP WIDTH="19" VPOS="334" HPOS="629"/>
							<String ID="string_36" HPOS="648" VPOS="334" WIDTH="47" HEIGHT="22" WC="0.96" CONTENT="och"/><SP WIDTH="19" VPOS="334" HPOS="695"/>
							<String ID="string_37" HPOS="714" VPOS="334" WIDTH="62" HEIGHT="23" WC="0.93" CONTENT="hans"/><SP WIDTH="19" VPOS="334" HPOS="776"/>
							<String ID="string_38" HPOS="795" VPOS="334" WIDTH="88" HEIGHT="23" WC="0.92" CONTENT="under-"/>
						</TextLine>
						<TextLine ID="line_5" HPOS="125" VPOS="368" WIDTH="758" HEIGHT="31">
							<String ID="string_39" HPOS="125" VPOS="368" WIDTH="113" HEIGHT="29" WC="0.96" CONTENT="lydande,"/><SP WIDTH="28" VPOS="368" HPOS="238"/>
							<String ID="string_40" HPOS="266" VPOS="369" WIDTH="78" HEIGHT="22" WC="0.96" CONTENT="under"/><SP WIDTH="26" VPOS="369" HPOS="344"/>
							<String ID="string_41" HPOS="370" VPOS="371" WIDTH="91" HEIGHT="28" WC="0.96" CONTENT="protest"/><SP WIDTH="28" VPOS="371" HPOS="461"/>
							<String ID="string_42" HPOS="489" VPOS="368" WIDTH="26" HEIGHT="23" WC="0.93" CONTENT="af"/><SP WIDTH="25" VPOS="368" HPOS="515"/>
							<String ID="string_43" HPOS="540" VPOS="370" WIDTH="169" HEIGHT="28" WC="0.91" CONTENT="magistratens"/><SP WIDTH="25" VPOS="370" HPOS="709"/>
							<String ID="string_44" HPOS="734" VPOS="368" WIDTH="149" HEIGHT="24" WC="0.96" CONTENT="ordförande"/>
						</TextLine>
						<TextLine ID="line_6" HPOS="124" VPOS="402" WIDTH="758" HEIGHT="31">
							<String ID="string_45" HPOS="124" VPOS="402" WIDTH="48" HEIGHT="22" WC="0.96" CONTENT="och"/><SP WIDTH="19" VPOS="402" HPOS="172"/>
							<String ID="string_46" HPOS="191" VPOS="403" WIDTH="140" HEIGHT="28" WC="0.95" CONTENT="ledamöter,"/><SP WIDTH="19" VPOS="403" HPOS="331"/>
							<String ID="string_47" HPOS="350" VPOS="406" WIDTH="89" HEIGHT="20" WC="0.96" CONTENT="tvänne"/><SP WIDTH="20" VPOS="406" HPOS="439"/>
							<String ID="string_48" HPOS="459" VPOS="403" WIDTH="120" HEIGHT="23" WC="0.96" CONTENT="särskilda"/><SP WIDTH="18" VPOS="403" HPOS="579"/>
							<String ID="string_49" HPOS="597" VPOS="403" WIDTH="84" HEIGHT="23" WC="0.96" CONTENT="försök"/><SP WIDTH="19" VPOS="403" HPOS="681"/>
							<String ID="string_50" HPOS="700" VPOS="405" WIDTH="34" HEIGHT="21" WC="0.93" CONTENT="att"/><SP WIDTH="19" VPOS="405" HPOS="734"/>
							<String ID="string_51" HPOS="753" VPOS="403" WIDTH="129" HEIGHT="30" WC="0.92" CONTENT="uppdyrka"/>
						</TextLine>
						<TextLine ID="line_7" HPOS="125" VPOS="436" WIDTH="757" HEIGHT="32">
							<String ID="string_52" HPOS="125" VPOS="436" WIDTH="90" HEIGHT="24" WC="0.96" CONTENT="dörren"/><SP WIDTH="19" VPOS="436" HPOS="215"/>
							<String ID="string_53" HPOS="234" VPOS="438" WIDTH="90" HEIGHT="22" WC="0.93" CONTENT="mellan"/><SP WIDTH="19" VPOS="438" HPOS="324"/>
							<String ID="string_54" HPOS="343" VPOS="439" WIDTH="216" HEIGHT="29" WC="0.92" CONTENT="trappuppgången"/><SP WIDTH="20" VPOS="439" HPOS="559"/>
							<String ID="string_55" HPOS="579" VPOS="438" WIDTH="45" HEIGHT="22" WC="0.92" CONTENT="och"/><SP WIDTH="20" VPOS="438" HPOS="624"/>
							<String ID="string_56" HPOS="644" VPOS="438" WIDTH="131" HEIGHT="29" WC="0.91" CONTENT="förstugan."/><SP WIDTH="32" VPOS="438" HPOS="775"/>
							<String ID="string_57" HPOS="807" VPOS="438" WIDTH="75" HEIGHT="22" WC="0.96" CONTENT="Dessa"/>
						</TextLine>
						<TextLine ID="line_8" HPOS="124" VPOS="472" WIDTH="758" HEIGHT="30">
							<String ID="string_58" HPOS="124" VPOS="472" WIDTH="84" HEIGHT="22" WC="0.96" CONTENT="försök"/><SP WIDTH="25" VPOS="472" HPOS="208"/>
							<String ID="string_59" HPOS="233" VPOS="472" WIDTH="71" HEIGHT="23" WC="0.96" CONTENT="ledde"/><SP WIDTH="25" VPOS="472" HPOS="304"/>
							<String ID="string_60" HPOS="329" VPOS="472" WIDTH="62" HEIGHT="23" WC="0.96" CONTENT="dock"/><SP WIDTH="19" VPOS="472" HPOS="391"/>
							<String ID="string_61" HPOS="410" VPOS="473" WIDTH="19" HEIGHT="28" WC="0.96" CONTENT="ej"/><SP WIDTH="21" VPOS="473" HPOS="429"/>
							<String ID="string_62" HPOS="450" VPOS="472" WIDTH="35" HEIGHT="23" WC="0.95" CONTENT="till"/><SP WIDTH="21" VPOS="472" HPOS="485"/>
							<String ID="string_63" HPOS="506" VPOS="473" WIDTH="107" HEIGHT="28" WC="0.96" CONTENT="resultat,"/><SP WIDTH="19" VPOS="473" HPOS="613"/>
							<String ID="string_64" HPOS="632" VPOS="479" WIDTH="58" HEIGHT="16" WC="0.96" CONTENT="men"/><SP WIDTH="19" VPOS="479" HPOS="690"/>
							<String ID="string_65" HPOS="709" VPOS="472" WIDTH="40" HEIGHT="23" WC="0.96" CONTENT="det"/><SP WIDTH="18" VPOS="472" HPOS="749"/>
							<String ID="string_66" HPOS="767" VPOS="472" WIDTH="115" HEIGHT="30" WC="0.96" CONTENT="lyckades"/>
						</TextLine>
						<TextLine ID="line_9" HPOS="125" VPOS="506" WIDTH="758" HEIGHT="31">
							<String ID="string_67" HPOS="125" VPOS="506" WIDTH="112" HEIGHT="30" WC="0.95" CONTENT="slutligen"/><SP WIDTH="22" VPOS="506" HPOS="237"/>
							<String ID="string_68" HPOS="259" VPOS="507" WIDTH="217" HEIGHT="30" WC="0.95" CONTENT="ordningsmakten"/><SP WIDTH="25" VPOS="507" HPOS="476"/>
							<String ID="string_69" HPOS="501" VPOS="509" WIDTH="34" HEIGHT="21" WC="0.95" CONTENT="att"/><SP WIDTH="23" VPOS="509" HPOS="535"/>
							<String ID="string_70" HPOS="558" VPOS="514" WIDTH="89" HEIGHT="23" WC="0.96" CONTENT="genom"/><SP WIDTH="20" VPOS="514" HPOS="647"/>
							<String ID="string_71" HPOS="667" VPOS="514" WIDTH="28" HEIGHT="15" WC="0.92" CONTENT="en"/><SP WIDTH="21" VPOS="514" HPOS="695"/>
							<String ID="string_72" HPOS="716" VPOS="506" WIDTH="109" HEIGHT="24" WC="0.92" CONTENT="bakdörr"/><SP WIDTH="18" VPOS="506" HPOS="825"/>
							<String ID="string_73" HPOS="843" VPOS="507" WIDTH="40" HEIGHT="23" WC="0.92" CONTENT="be-"/>
						</TextLine>
						<TextLine ID="line_10" HPOS="125" VPOS="541" WIDTH="757" HEIGHT="30">
							<String ID="string_74" HPOS="125" VPOS="541" WIDTH="58" HEIGHT="22" WC="0.96" CONTENT="reda"/><SP WIDTH="20" VPOS="541" HPOS="183"/>
							<String ID="string_75" HPOS="203" VPOS="543" WIDTH="34" HEIGHT="28" WC="0.96" CONTENT="sig"/><SP WIDTH="18" VPOS="543" HPOS="237"/>
							<String ID="string_76" HPOS="255" VPOS="542" WIDTH="104" HEIGHT="23" WC="0.96" CONTENT="tillträde"/><SP WIDTH="23" VPOS="542" HPOS="359"/>
							<String ID="string_77" HPOS="382" VPOS="542" WIDTH="35" HEIGHT="22" WC="0.96" CONTENT="till"/><SP WIDTH="19" VPOS="542" HPOS="417"/>
							<String ID="string_78" HPOS="436" VPOS="542" WIDTH="185" HEIGHT="29" WC="0.96" CONTENT="ifrågavarande"/><SP WIDTH="19" VPOS="542" HPOS="621"/>
							<String ID="string_79" HPOS="640" VPOS="542" WIDTH="73" HEIGHT="28" WC="0.95" CONTENT="lokal,"/><SP WIDTH="20" VPOS="542" HPOS="713"/>
							<String ID="string_80" HPOS="733" VPOS="549" WIDTH="53" HEIGHT="16" WC="0.96" CONTENT="som"/><SP WIDTH="20" VPOS="549" HPOS="786"/>
							<String ID="string_81" HPOS="806" VPOS="541" WIDTH="76" HEIGHT="23" WC="0.96" CONTENT="sedan"/>
						</TextLine>
						<TextLine ID="line_11" HPOS="125" VPOS="575" WIDTH="756" HEIGHT="31">
							<String ID="string_82" HPOS="125" VPOS="575" WIDTH="63" HEIGHT="23" WC="0.95" CONTENT="hölls"/><SP WIDTH="19" VPOS="575" HPOS="188"/>
							<String ID="string_83" HPOS="207" VPOS="577" WIDTH="26" HEIGHT="22" WC="0.96" CONTENT="af"/><SP WIDTH="16" VPOS="577" HPOS="233"/>
							<String ID="string_84" HPOS="249" VPOS="575" WIDTH="143" HEIGHT="24" WC="0.96" CONTENT="densamma"/><SP WIDTH="19" VPOS="575" HPOS="392"/>
							<String ID="string_85" HPOS="411" VPOS="577" WIDTH="78" HEIGHT="22" WC="0.96" CONTENT="besatt"/><SP WIDTH="19" VPOS="577" HPOS="489"/>
							<String ID="string_86" HPOS="508" VPOS="577" WIDTH="65" HEIGHT="22" WC="0.96" CONTENT="ända"/><SP WIDTH="18" VPOS="577" HPOS="573"/>
							<String ID="string_87" HPOS="591" VPOS="577" WIDTH="36" HEIGHT="22" WC="0.95" CONTENT="till"/><SP WIDTH="20" VPOS="577" HPOS="627"/>
							<String ID="string_88" HPOS="647" VPOS="576" WIDTH="47" HEIGHT="23" WC="0.96" CONTENT="den"/><SP WIDTH="19" VPOS="576" HPOS="694"/>
							<String ID="string_89" HPOS="713" VPOS="577" WIDTH="28" HEIGHT="22" WC="0.95" CONTENT="29"/><SP WIDTH="18" VPOS="577" HPOS="741"/>
							<String ID="string_90" HPOS="759" VPOS="576" WIDTH="62" HEIGHT="30" WC="0.95" CONTENT="april"/><SP WIDTH="14" VPOS="576" HPOS="821"/>
							<String ID="string_91" HPOS="835" VPOS="577" WIDTH="46" HEIGHT="22" WC="0.96" CONTENT="och"/>
						</TextLine>
						<TextLine ID="line_12" HPOS="125" VPOS="610" WIDTH="680" HEIGHT="30">
							<String ID="string_92" HPOS="125" VPOS="610" WIDTH="124" HEIGHT="23" WC="0.96" CONTENT="därunder"/><SP WIDTH="18" VPOS="610" HPOS="249"/>
							<String ID="string_93" HPOS="267" VPOS="611" WIDTH="149" HEIGHT="29" WC="0.96" CONTENT="begagnades"/><SP WIDTH="19" VPOS="611" HPOS="416"/>
							<String ID="string_94" HPOS="435" VPOS="611" WIDTH="36" HEIGHT="22" WC="0.92" CONTENT="till"/><SP WIDTH="20" VPOS="611" HPOS="471"/>
							<String ID="string_95" HPOS="491" VPOS="611" WIDTH="172" HEIGHT="29" WC="0.91" CONTENT="ofvanangifna"/><SP WIDTH="20" VPOS="611" HPOS="663"/>
							<String ID="string_96" HPOS="683" VPOS="611" WIDTH="122" HEIGHT="22" WC="0.95" CONTENT="ändamål."/>
						</TextLine>
						<TextLine ID="line_13" HPOS="194" VPOS="645" WIDTH="689" HEIGHT="30">
							<String ID="string_97" HPOS="194" VPOS="645" WIDTH="139" HEIGHT="29" WC="0.95" CONTENT="Ytterligare"/><SP WIDTH="25" VPOS="645" HPOS="333"/>
							<String ID="string_98" HPOS="358" VPOS="647" WIDTH="39" HEIGHT="21" WC="0.96" CONTENT="må"/><SP WIDTH="26" VPOS="647" HPOS="397"/>
							<String ID="string_99" HPOS="423" VPOS="645" WIDTH="108" HEIGHT="30" WC="0.96" CONTENT="följande"/><SP WIDTH="26" VPOS="645" HPOS="531"/>
							<String ID="string_100" HPOS="557" VPOS="645" WIDTH="110" HEIGHT="30" WC="0.96" CONTENT="exempel"/><SP WIDTH="19" VPOS="645" HPOS="667"/>
							<String ID="string_101" HPOS="686" VPOS="647" WIDTH="31" HEIGHT="28" WC="0.96" CONTENT="på"/><SP WIDTH="18" VPOS="647" HPOS="717"/>
							<String ID="string_102" HPOS="735" VPOS="645" WIDTH="148" HEIGHT="30" WC="0.96" CONTENT="godtyckligt"/>
						</TextLine>
						<TextLine ID="line_14" HPOS="125" VPOS="679" WIDTH="757" HEIGHT="30">
							<String ID="string_103" HPOS="125" VPOS="679" WIDTH="56" HEIGHT="22" WC="0.96" CONTENT="våld"/><SP WIDTH="20" VPOS="679" HPOS="181"/>
							<String ID="string_104" HPOS="201" VPOS="682" WIDTH="51" HEIGHT="21" WC="0.96" CONTENT="mot"/><SP WIDTH="19" VPOS="682" HPOS="252"/>
							<String ID="string_105" HPOS="271" VPOS="681" WIDTH="94" HEIGHT="22" WC="0.96" CONTENT="enskild"/><SP WIDTH="20" VPOS="681" HPOS="365"/>
							<String ID="string_106" HPOS="385" VPOS="687" WIDTH="102" HEIGHT="22" WC="0.96" CONTENT="persons"/><SP WIDTH="19" VPOS="687" HPOS="487"/>
							<String ID="string_107" HPOS="506" VPOS="680" WIDTH="120" HEIGHT="29" WC="0.96" CONTENT="egendom"/><SP WIDTH="19" VPOS="680" HPOS="626"/>
							<String ID="string_108" HPOS="645" VPOS="681" WIDTH="105" HEIGHT="22" WC="0.96" CONTENT="anföras."/><SP WIDTH="38" VPOS="681" HPOS="750"/>
							<String ID="string_109" HPOS="788" VPOS="680" WIDTH="53" HEIGHT="23" WC="0.91" CONTENT="Den"/><SP WIDTH="14" VPOS="680" HPOS="841"/>
							<String ID="string_110" HPOS="855" VPOS="680" WIDTH="27" HEIGHT="22" WC="0.91" CONTENT="12"/>
						</TextLine>
						<TextLine ID="line_15" HPOS="108" VPOS="713" WIDTH="774" HEIGHT="31">
							<String ID="string_111" HPOS="108" VPOS="713" WIDTH="122" HEIGHT="24" WC="0.75" CONTENT="&quot;februari"/><SP WIDTH="20" VPOS="713" HPOS="230"/>
							<String ID="string_112" HPOS="250" VPOS="715" WIDTH="56" HEIGHT="22" WC="0.96" CONTENT="1904"/><SP WIDTH="17" VPOS="715" HPOS="306"/>
							<String ID="string_113" HPOS="323" VPOS="716" WIDTH="31" HEIGHT="28" WC="0.96" CONTENT="på"/><SP WIDTH="20" VPOS="716" HPOS="354"/>
							<String ID="string_114" HPOS="374" VPOS="715" WIDTH="77" HEIGHT="29" WC="0.96" CONTENT="dagen"/><SP WIDTH="19" VPOS="715" HPOS="451"/>
							<String ID="string_115" HPOS="470" VPOS="715" WIDTH="87" HEIGHT="22" WC="0.96" CONTENT="infann"/><SP WIDTH="18" VPOS="715" HPOS="557"/>
							<String ID="string_116" HPOS="575" VPOS="715" WIDTH="35" HEIGHT="29" WC="0.93" CONTENT="sig"/><SP WIDTH="19" VPOS="715" HPOS="610"/>
							<String ID="string_117" HPOS="629" VPOS="714" WIDTH="157" HEIGHT="23" WC="0.92" CONTENT="oförmodadt"/><SP WIDTH="19" VPOS="714" HPOS="786"/>
							<String ID="string_118" HPOS="805" VPOS="715" WIDTH="14" HEIGHT="22" WC="0.88" CONTENT="å"/><SP WIDTH="18" VPOS="715" HPOS="819"/>
							<String ID="string_119" HPOS="837" VPOS="714" WIDTH="45" HEIGHT="23" WC="0.92" CONTENT="tid-"/>
						</TextLine>
						<TextLine ID="line_16" HPOS="122" VPOS="748" WIDTH="760" HEIGHT="31">
							<String ID="string_120" HPOS="122" VPOS="748" WIDTH="119" HEIGHT="29" WC="0.92" CONTENT="ningarna"/><SP WIDTH="22" VPOS="748" HPOS="241"/>
							<String ID="string_121" HPOS="263" VPOS="749" WIDTH="141" HEIGHT="30" WC="0.57" CONTENT="»Karjala&#39;s»"/><SP WIDTH="22" VPOS="749" HPOS="404"/>
							<String ID="string_122" HPOS="426" VPOS="750" WIDTH="48" HEIGHT="22" WC="0.93" CONTENT="och"/><SP WIDTH="22" VPOS="750" HPOS="474"/>
							<String ID="string_123" HPOS="496" VPOS="749" WIDTH="136" HEIGHT="30" WC="0.92" CONTENT="»Wiipurin"/><SP WIDTH="19" VPOS="749" HPOS="632"/>
							<String ID="string_124" HPOS="651" VPOS="749" WIDTH="135" HEIGHT="23" WC="0.93" CONTENT="Sanomain"/><SP WIDTH="13" VPOS="749" HPOS="786"/>
							<String ID="string_125" HPOS="799" VPOS="749" WIDTH="83" HEIGHT="30" WC="0.91" CONTENT="Supis-"/>
						</TextLine>
						<TextLine ID="line_17" HPOS="121" VPOS="783" WIDTH="760" HEIGHT="30">
							<String ID="string_126" HPOS="121" VPOS="783" WIDTH="58" HEIGHT="22" WC="0.88" CONTENT="tus&#39;»"/><SP WIDTH="20" VPOS="783" HPOS="179"/>
							<String ID="string_127" HPOS="199" VPOS="789" WIDTH="182" HEIGHT="24" WC="0.93" CONTENT="gemensamma"/><SP WIDTH="20" VPOS="789" HPOS="381"/>
							<String ID="string_128" HPOS="401" VPOS="784" WIDTH="204" HEIGHT="29" WC="0.91" CONTENT="redaktionsbyrä"/><SP WIDTH="19" VPOS="784" HPOS="605"/>
							<String ID="string_129" HPOS="624" VPOS="785" WIDTH="7" HEIGHT="21" WC="0.96" CONTENT="i"/><SP WIDTH="19" VPOS="785" HPOS="631"/>
							<String ID="string_130" HPOS="650" VPOS="783" WIDTH="103" HEIGHT="30" WC="0.96" CONTENT="Viborgs"/><SP WIDTH="18" VPOS="783" HPOS="753"/>
							<String ID="string_131" HPOS="771" VPOS="783" WIDTH="54" HEIGHT="23" WC="0.93" CONTENT="stad"/><SP WIDTH="22" VPOS="783" HPOS="825"/>
							<String ID="string_132" HPOS="847" VPOS="783" WIDTH="34" HEIGHT="23" WC="0.92" CONTENT="lä-"/>
						</TextLine>
						<TextLine ID="line_18" HPOS="122" VPOS="817" WIDTH="759" HEIGHT="30">
							<String ID="string_133" HPOS="122" VPOS="819" WIDTH="51" HEIGHT="20" WC="0.95" CONTENT="nets"/><SP WIDTH="28" VPOS="819" HPOS="173"/>
							<String ID="string_134" HPOS="201" VPOS="821" WIDTH="122" HEIGHT="26" WC="0.95" CONTENT="guvernör"/><SP WIDTH="26" VPOS="821" HPOS="323"/>
							<String ID="string_135" HPOS="349" VPOS="818" WIDTH="84" HEIGHT="29" WC="0.94" CONTENT="åtföljd"/><SP WIDTH="20" VPOS="818" HPOS="433"/>
							<String ID="string_136" HPOS="453" VPOS="819" WIDTH="27" HEIGHT="22" WC="0.96" CONTENT="af"/><SP WIDTH="16" VPOS="819" HPOS="480"/>
							<String ID="string_137" HPOS="496" VPOS="821" WIDTH="90" HEIGHT="20" WC="0.96" CONTENT="tvänne"/><SP WIDTH="29" VPOS="821" HPOS="586"/>
							<String ID="string_138" HPOS="615" VPOS="818" WIDTH="126" HEIGHT="23" WC="0.95" CONTENT="officerare"/><SP WIDTH="23" VPOS="818" HPOS="741"/>
							<String ID="string_139" HPOS="764" VPOS="817" WIDTH="42" HEIGHT="23" WC="0.93" CONTENT="vid"/><SP WIDTH="19" VPOS="817" HPOS="806"/>
							<String ID="string_140" HPOS="825" VPOS="824" WIDTH="56" HEIGHT="23" WC="0.93" CONTENT="gen-"/>
						</TextLine>
						<TextLine ID="line_19" HPOS="121" VPOS="851" WIDTH="759" HEIGHT="32">
							<String ID="string_141" HPOS="121" VPOS="851" WIDTH="156" HEIGHT="29" WC="0.92" CONTENT="darmkåren,"/><SP WIDTH="18" VPOS="851" HPOS="277"/>
							<String ID="string_142" HPOS="295" VPOS="853" WIDTH="97" HEIGHT="23" WC="0.96" CONTENT="stadens"/><SP WIDTH="27" VPOS="853" HPOS="392"/>
							<String ID="string_143" HPOS="419" VPOS="853" WIDTH="178" HEIGHT="29" WC="0.93" CONTENT="polismästare,"/><SP WIDTH="25" VPOS="853" HPOS="597"/>
							<String ID="string_144" HPOS="622" VPOS="853" WIDTH="258" HEIGHT="30" WC="0.90" CONTENT="poliskammarsekre-"/>
						</TextLine>
						<TextLine ID="line_20" HPOS="122" VPOS="887" WIDTH="759" HEIGHT="30">
							<String ID="string_145" HPOS="122" VPOS="889" WIDTH="102" HEIGHT="26" WC="0.91" CONTENT="teraren,"/><SP WIDTH="19" VPOS="889" HPOS="224"/>
							<String ID="string_146" HPOS="243" VPOS="888" WIDTH="39" HEIGHT="21" WC="0.93" CONTENT="två"/><SP WIDTH="19" VPOS="888" HPOS="282"/>
							<String ID="string_147" HPOS="301" VPOS="888" WIDTH="250" HEIGHT="29" WC="0.91" CONTENT="poliskommissarier"/><SP WIDTH="22" VPOS="888" HPOS="551"/>
							<String ID="string_148" HPOS="573" VPOS="890" WIDTH="64" HEIGHT="20" WC="0.95" CONTENT="samt"/><SP WIDTH="18" VPOS="890" HPOS="637"/>
							<String ID="string_149" HPOS="655" VPOS="889" WIDTH="32" HEIGHT="20" WC="0.95" CONTENT="ett"/><SP WIDTH="18" VPOS="889" HPOS="687"/>
							<String ID="string_150" HPOS="705" VPOS="887" WIDTH="66" HEIGHT="23" WC="0.96" CONTENT="antal"/><SP WIDTH="19" VPOS="887" HPOS="771"/>
							<String ID="string_151" HPOS="790" VPOS="887" WIDTH="91" HEIGHT="29" WC="0.95" CONTENT="poliser"/>
						</TextLine>
						<TextLine ID="line_21" HPOS="121" VPOS="921" WIDTH="759" HEIGHT="30">
							<String ID="string_152" HPOS="121" VPOS="921" WIDTH="47" HEIGHT="22" WC="0.93" CONTENT="och"/><SP WIDTH="19" VPOS="921" HPOS="168"/>
							<String ID="string_153" HPOS="187" VPOS="921" WIDTH="151" HEIGHT="29" WC="0.92" CONTENT="gendarmer."/><SP WIDTH="37" VPOS="921" HPOS="338"/>
							<String ID="string_154" HPOS="375" VPOS="922" WIDTH="48" HEIGHT="23" WC="0.96" CONTENT="För"/><SP WIDTH="25" VPOS="922" HPOS="423"/>
							<String ID="string_155" HPOS="448" VPOS="922" WIDTH="49" HEIGHT="23" WC="0.96" CONTENT="den"/><SP WIDTH="25" VPOS="922" HPOS="497"/>
							<String ID="string_156" HPOS="522" VPOS="922" WIDTH="82" HEIGHT="29" WC="0.92" CONTENT="häpna"/><SP WIDTH="19" VPOS="922" HPOS="604"/>
							<String ID="string_157" HPOS="623" VPOS="921" WIDTH="257" HEIGHT="30" WC="0.92" CONTENT="redaktionspersona-"/>
						</TextLine>
						<TextLine ID="line_22" HPOS="122" VPOS="955" WIDTH="757" HEIGHT="32">
							<String ID="string_158" HPOS="122" VPOS="955" WIDTH="40" HEIGHT="23" WC="0.95" CONTENT="len"/><SP WIDTH="18" VPOS="955" HPOS="162"/>
							<String ID="string_159" HPOS="180" VPOS="956" WIDTH="151" HEIGHT="23" WC="0.95" CONTENT="förklarades"/><SP WIDTH="19" VPOS="956" HPOS="331"/>
							<String ID="string_160" HPOS="350" VPOS="958" WIDTH="30" HEIGHT="28" WC="0.96" CONTENT="på"/><SP WIDTH="20" VPOS="958" HPOS="380"/>
							<String ID="string_161" HPOS="400" VPOS="957" WIDTH="65" HEIGHT="23" WC="0.96" CONTENT="olika"/><SP WIDTH="15" VPOS="957" HPOS="465"/>
							<String ID="string_162" HPOS="480" VPOS="957" WIDTH="74" HEIGHT="30" WC="0.96" CONTENT="språk"/><SP WIDTH="13" VPOS="957" HPOS="554"/>
							<String ID="string_163" HPOS="567" VPOS="959" WIDTH="34" HEIGHT="21" WC="0.96" CONTENT="att"/><SP WIDTH="12" VPOS="959" HPOS="601"/>
							<String ID="string_164" HPOS="613" VPOS="956" WIDTH="125" HEIGHT="30" WC="0.92" CONTENT="tidningen"/><SP WIDTH="17" VPOS="956" HPOS="738"/>
							<String ID="string_165" HPOS="755" VPOS="956" WIDTH="124" HEIGHT="30" WC="0.90" CONTENT="»Karjala»"/>
						</TextLine>
						<TextLine ID="line_23" HPOS="125" VPOS="990" WIDTH="756" HEIGHT="31">
							<String ID="string_166" HPOS="125" VPOS="990" WIDTH="77" HEIGHT="23" WC="0.92" CONTENT="blifvit"/><SP WIDTH="25" VPOS="990" HPOS="202"/>
							<String ID="string_167" HPOS="227" VPOS="991" WIDTH="90" HEIGHT="23" WC="0.90" CONTENT="medels"/><SP WIDTH="24" VPOS="991" HPOS="317"/>
							<String ID="string_168" HPOS="341" VPOS="994" WIDTH="32" HEIGHT="20" WC="0.96" CONTENT="ett"/><SP WIDTH="19" VPOS="994" HPOS="373"/>
							<String ID="string_169" HPOS="392" VPOS="992" WIDTH="77" HEIGHT="29" WC="0.96" CONTENT="utslag"/><SP WIDTH="20" VPOS="992" HPOS="469"/>
							<String ID="string_170" HPOS="489" VPOS="992" WIDTH="26" HEIGHT="22" WC="0.96" CONTENT="af"/><SP WIDTH="15" VPOS="992" HPOS="515"/>
							<String ID="string_171" HPOS="530" VPOS="994" WIDTH="153" HEIGHT="26" WC="0.96" CONTENT="guvernören"/><SP WIDTH="18" VPOS="994" HPOS="683"/>
							<String ID="string_172" HPOS="701" VPOS="991" WIDTH="39" HEIGHT="23" WC="0.96" CONTENT="för"/><SP WIDTH="19" VPOS="991" HPOS="740"/>
							<String ID="string_173" HPOS="759" VPOS="990" WIDTH="68" HEIGHT="24" WC="0.93" CONTENT="alltid"/><SP WIDTH="18" VPOS="990" HPOS="827"/>
							<String ID="string_174" HPOS="845" VPOS="991" WIDTH="36" HEIGHT="22" WC="0.93" CONTENT="in-"/>
						</TextLine>
						<TextLine ID="line_24" HPOS="125" VPOS="1024" WIDTH="756" HEIGHT="31">
							<String ID="string_175" HPOS="125" VPOS="1024" WIDTH="90" HEIGHT="30" WC="0.96" CONTENT="dragen"/><SP WIDTH="26" VPOS="1024" HPOS="215"/>
							<String ID="string_176" HPOS="241" VPOS="1026" WIDTH="125" HEIGHT="22" WC="0.93" CONTENT="äfvensom"/><SP WIDTH="26" VPOS="1026" HPOS="366"/>
							<String ID="string_177" HPOS="392" VPOS="1026" WIDTH="54" HEIGHT="22" WC="0.93" CONTENT="hela"/><SP WIDTH="20" VPOS="1026" HPOS="446"/>
							<String ID="string_178" HPOS="466" VPOS="1026" WIDTH="116" HEIGHT="29" WC="0.92" CONTENT="tidnings-"/><SP WIDTH="19" VPOS="1026" HPOS="582"/>
							<String ID="string_179" HPOS="601" VPOS="1026" WIDTH="46" HEIGHT="23" WC="0.93" CONTENT="och"/><SP WIDTH="19" VPOS="1026" HPOS="647"/>
							<String ID="string_180" HPOS="666" VPOS="1025" WIDTH="215" HEIGHT="30" WC="0.91" CONTENT="tryckerirörelsen"/>
						</TextLine>
						<TextLine ID="line_25" HPOS="124" VPOS="1060" WIDTH="758" HEIGHT="30">
							<String ID="string_181" HPOS="124" VPOS="1060" WIDTH="93" HEIGHT="28" WC="0.96" CONTENT="stängd,"/><SP WIDTH="19" VPOS="1060" HPOS="217"/>
							<String ID="string_182" HPOS="236" VPOS="1060" WIDTH="26" HEIGHT="22" WC="0.96" CONTENT="af"/><SP WIDTH="16" VPOS="1060" HPOS="262"/>
							<String ID="string_183" HPOS="278" VPOS="1061" WIDTH="72" HEIGHT="22" WC="0.96" CONTENT="orsak"/><SP WIDTH="19" VPOS="1061" HPOS="350"/>
							<String ID="string_184" HPOS="369" VPOS="1062" WIDTH="32" HEIGHT="21" WC="0.93" CONTENT="att"/><SP WIDTH="20" VPOS="1062" HPOS="401"/>
							<String ID="string_185" HPOS="421" VPOS="1060" WIDTH="78" HEIGHT="23" WC="0.91" CONTENT="Eders"/><SP WIDTH="19" VPOS="1060" HPOS="499"/>
							<String ID="string_186" HPOS="518" VPOS="1060" WIDTH="130" HEIGHT="30" WC="0.95" CONTENT="Kejserliga"/><SP WIDTH="20" VPOS="1060" HPOS="648"/>
							<String ID="string_187" HPOS="668" VPOS="1060" WIDTH="121" HEIGHT="29" WC="0.93" CONTENT="Majestäts"/><SP WIDTH="18" VPOS="1060" HPOS="789"/>
							<String ID="string_188" HPOS="807" VPOS="1060" WIDTH="75" HEIGHT="29" WC="0.92" CONTENT="krigs-"/>
						</TextLine>
						<TextLine ID="line_26" HPOS="114" VPOS="1094" WIDTH="767" HEIGHT="31">
							<String ID="string_189" HPOS="114" VPOS="1094" WIDTH="144" HEIGHT="30" WC="0.83" CONTENT="förklaring"/><SP WIDTH="19" VPOS="1094" HPOS="258"/>
							<String ID="string_190" HPOS="277" VPOS="1097" WIDTH="51" HEIGHT="20" WC="0.96" CONTENT="mot"/><SP WIDTH="18" VPOS="1097" HPOS="328"/>
							<String ID="string_191" HPOS="346" VPOS="1096" WIDTH="79" HEIGHT="29" WC="0.96" CONTENT="Japan"/><SP WIDTH="18" VPOS="1096" HPOS="425"/>
							<String ID="string_192" HPOS="443" VPOS="1096" WIDTH="80" HEIGHT="22" WC="0.95" CONTENT="blifvit"/><SP WIDTH="23" VPOS="1096" HPOS="523"/>
							<String ID="string_193" HPOS="546" VPOS="1096" WIDTH="1" HEIGHT="21" WC="0.96" CONTENT="i"/><SP WIDTH="20" VPOS="1096" HPOS="547"/>
							<String ID="string_194" HPOS="567" VPOS="1094" WIDTH="110" HEIGHT="24" WC="0.96" CONTENT="nämnda"/><SP WIDTH="13" VPOS="1094" HPOS="677"/>
							<String ID="string_195" HPOS="690" VPOS="1095" WIDTH="94" HEIGHT="29" WC="0.96" CONTENT="tidning"/><SP WIDTH="11" VPOS="1095" HPOS="784"/>
							<String ID="string_196" HPOS="795" VPOS="1094" WIDTH="86" HEIGHT="30" WC="0.96" CONTENT="tryckt,"/>
						</TextLine>
						<TextLine ID="line_27" HPOS="124" VPOS="1128" WIDTH="758" HEIGHT="30">
							<String ID="string_197" HPOS="124" VPOS="1128" WIDTH="21" HEIGHT="29" WC="0.93" CONTENT="ej"/><SP WIDTH="20" VPOS="1128" HPOS="145"/>
							<String ID="string_198" HPOS="165" VPOS="1129" WIDTH="15" HEIGHT="21" WC="0.92" CONTENT="å"/><SP WIDTH="17" VPOS="1129" HPOS="180"/>
							<String ID="string_199" HPOS="197" VPOS="1129" WIDTH="75" HEIGHT="23" WC="0.96" CONTENT="första"/><SP WIDTH="19" VPOS="1129" HPOS="272"/>
							<String ID="string_200" HPOS="291" VPOS="1129" WIDTH="70" HEIGHT="23" WC="0.96" CONTENT="sidan"/><SP WIDTH="18" VPOS="1129" HPOS="361"/>
							<String ID="string_201" HPOS="379" VPOS="1130" WIDTH="81" HEIGHT="22" WC="0.66" CONTENT="såsom"/><SP WIDTH="20" VPOS="1130" HPOS="460"/>
							<String ID="string_202" HPOS="480" VPOS="1129" WIDTH="137" HEIGHT="29" WC="0.91" CONTENT="vederbort,"/><SP WIDTH="19" VPOS="1129" HPOS="617"/>
							<String ID="string_203" HPOS="636" VPOS="1131" WIDTH="60" HEIGHT="21" WC="0.93" CONTENT="utan"/><SP WIDTH="13" VPOS="1131" HPOS="696"/>
							<String ID="string_204" HPOS="709" VPOS="1130" WIDTH="14" HEIGHT="22" WC="0.92" CONTENT="å"/><SP WIDTH="12" VPOS="1130" HPOS="723"/>
							<String ID="string_205" HPOS="735" VPOS="1129" WIDTH="48" HEIGHT="23" WC="0.96" CONTENT="den"/><SP WIDTH="14" VPOS="1129" HPOS="783"/>
							<String ID="string_206" HPOS="797" VPOS="1128" WIDTH="85" HEIGHT="28" WC="0.96" CONTENT="andra,"/>
						</TextLine>
						<TextLine ID="line_28" HPOS="124" VPOS="1163" WIDTH="759" HEIGHT="30">
							<String ID="string_207" HPOS="124" VPOS="1163" WIDTH="85" HEIGHT="22" WC="0.96" CONTENT="främst"/><SP WIDTH="27" VPOS="1163" HPOS="209"/>
							<String ID="string_208" HPOS="236" VPOS="1164" WIDTH="8" HEIGHT="22" WC="0.93" CONTENT="i"/><SP WIDTH="27" VPOS="1164" HPOS="244"/>
							<String ID="string_209" HPOS="271" VPOS="1164" WIDTH="228" HEIGHT="29" WC="0.90" CONTENT="notisafdelningen."/><SP WIDTH="41" VPOS="1164" HPOS="499"/>
							<String ID="string_210" HPOS="540" VPOS="1164" WIDTH="127" HEIGHT="28" WC="0.90" CONTENT="Protester,"/><SP WIDTH="28" VPOS="1164" HPOS="667"/>
							<String ID="string_211" HPOS="695" VPOS="1164" WIDTH="78" HEIGHT="22" WC="0.93" CONTENT="under"/><SP WIDTH="26" VPOS="1164" HPOS="773"/>
							<String ID="string_212" HPOS="799" VPOS="1163" WIDTH="84" HEIGHT="23" WC="0.92" CONTENT="åbero-"/>
						</TextLine>
						<TextLine ID="line_29" HPOS="124" VPOS="1197" WIDTH="758" HEIGHT="31">
							<String ID="string_213" HPOS="124" VPOS="1197" WIDTH="81" HEIGHT="30" WC="0.96" CONTENT="pande"/><SP WIDTH="19" VPOS="1197" HPOS="205"/>
							<String ID="string_214" HPOS="224" VPOS="1200" WIDTH="33" HEIGHT="20" WC="0.95" CONTENT="att"/><SP WIDTH="14" VPOS="1200" HPOS="257"/>
							<String ID="string_215" HPOS="271" VPOS="1206" WIDTH="58" HEIGHT="15" WC="0.96" CONTENT="man"/><SP WIDTH="13" VPOS="1206" HPOS="329"/>
							<String ID="string_216" HPOS="342" VPOS="1198" WIDTH="127" HEIGHT="30" WC="0.96" CONTENT="härvidlag"/><SP WIDTH="13" VPOS="1198" HPOS="469"/>
							<String ID="string_217" HPOS="482" VPOS="1199" WIDTH="61" HEIGHT="22" WC="0.96" CONTENT="blott"/><SP WIDTH="12" VPOS="1199" HPOS="543"/>
							<String ID="string_218" HPOS="555" VPOS="1199" WIDTH="53" HEIGHT="29" WC="0.93" CONTENT="följt"/><SP WIDTH="13" VPOS="1199" HPOS="608"/>
							<String ID="string_219" HPOS="621" VPOS="1198" WIDTH="159" HEIGHT="23" WC="0.89" CONTENT="häfdvunnen"/><SP WIDTH="13" VPOS="1198" HPOS="780"/>
							<String ID="string_220" HPOS="793" VPOS="1198" WIDTH="89" HEIGHT="29" WC="0.96" CONTENT="praxis,"/>
						</TextLine>
						<TextLine ID="line_30" HPOS="124" VPOS="1231" WIDTH="759" HEIGHT="31">
							<String ID="string_221" HPOS="124" VPOS="1231" WIDTH="64" HEIGHT="23" WC="0.95" CONTENT="hade"/><SP WIDTH="18" VPOS="1231" HPOS="188"/>
							<String ID="string_222" HPOS="206" VPOS="1233" WIDTH="72" HEIGHT="29" WC="0.95" CONTENT="ingen"/><SP WIDTH="19" VPOS="1233" HPOS="278"/>
							<String ID="string_223" HPOS="297" VPOS="1233" WIDTH="98" HEIGHT="29" WC="0.96" CONTENT="påföljd,"/><SP WIDTH="20" VPOS="1233" HPOS="395"/>
							<String ID="string_224" HPOS="415" VPOS="1235" WIDTH="59" HEIGHT="21" WC="0.96" CONTENT="utan"/><SP WIDTH="19" VPOS="1235" HPOS="474"/>
							<String ID="string_225" HPOS="493" VPOS="1233" WIDTH="81" HEIGHT="23" WC="0.96" CONTENT="blefvo"/><SP WIDTH="19" VPOS="1233" HPOS="574"/>
							<String ID="string_226" HPOS="593" VPOS="1234" WIDTH="74" HEIGHT="28" WC="0.96" CONTENT="några"/><SP WIDTH="19" VPOS="1234" HPOS="667"/>
							<String ID="string_227" HPOS="686" VPOS="1234" WIDTH="7" HEIGHT="21" WC="0.93" CONTENT="i"/><SP WIDTH="13" VPOS="1234" HPOS="693"/>
							<String ID="string_228" HPOS="706" VPOS="1232" WIDTH="177" HEIGHT="24" WC="0.92" CONTENT="redaktionslo-"/>
						</TextLine>
						<TextLine ID="line_31" HPOS="124" VPOS="1266" WIDTH="759" HEIGHT="31">
							<String ID="string_229" HPOS="124" VPOS="1266" WIDTH="73" HEIGHT="23" WC="0.92" CONTENT="kalen"/><SP WIDTH="18" VPOS="1266" HPOS="197"/>
							<String ID="string_230" HPOS="215" VPOS="1268" WIDTH="35" HEIGHT="28" WC="0.93" CONTENT="sig"/><SP WIDTH="19" VPOS="1268" HPOS="250"/>
							<String ID="string_231" HPOS="269" VPOS="1267" WIDTH="180" HEIGHT="30" WC="0.91" CONTENT="uppehållande"/><SP WIDTH="12" VPOS="1267" HPOS="449"/>
							<String ID="string_232" HPOS="461" VPOS="1267" WIDTH="217" HEIGHT="23" WC="0.91" CONTENT="kontorsbiträden"/><SP WIDTH="13" VPOS="1267" HPOS="678"/>
							<String ID="string_233" HPOS="691" VPOS="1268" WIDTH="126" HEIGHT="22" WC="0.93" CONTENT="äfvensom"/><SP WIDTH="14" VPOS="1268" HPOS="817"/>
							<String ID="string_234" HPOS="831" VPOS="1274" WIDTH="52" HEIGHT="22" WC="0.90" CONTENT="per-"/>
						</TextLine>
						<TextLine ID="line_32" HPOS="124" VPOS="1301" WIDTH="760" HEIGHT="30">
							<String ID="string_235" HPOS="124" VPOS="1301" WIDTH="103" HEIGHT="23" WC="0.93" CONTENT="sonalen"/><SP WIDTH="18" VPOS="1301" HPOS="227"/>
							<String ID="string_236" HPOS="245" VPOS="1302" WIDTH="8" HEIGHT="22" WC="0.96" CONTENT="i"/><SP WIDTH="18" VPOS="1302" HPOS="253"/>
							<String ID="string_237" HPOS="271" VPOS="1301" WIDTH="40" HEIGHT="23" WC="0.96" CONTENT="det"/><SP WIDTH="18" VPOS="1301" HPOS="311"/>
							<String ID="string_238" HPOS="329" VPOS="1302" WIDTH="7" HEIGHT="22" WC="0.96" CONTENT="i"/><SP WIDTH="19" VPOS="1302" HPOS="336"/>
							<String ID="string_239" HPOS="355" VPOS="1304" WIDTH="108" HEIGHT="21" WC="0.93" CONTENT="rummet"/><SP WIDTH="24" VPOS="1304" HPOS="463"/>
							<String ID="string_240" HPOS="487" VPOS="1302" WIDTH="108" HEIGHT="23" WC="0.90" CONTENT="därintill"/><SP WIDTH="18" VPOS="1302" HPOS="595"/>
							<String ID="string_241" HPOS="613" VPOS="1302" WIDTH="122" HEIGHT="29" WC="0.96" CONTENT="befintliga"/><SP WIDTH="19" VPOS="1302" HPOS="735"/>
							<String ID="string_242" HPOS="754" VPOS="1301" WIDTH="130" HEIGHT="30" WC="0.96" CONTENT="tryckeriet"/>
						</TextLine>
						<TextLine ID="line_33" HPOS="123" VPOS="1335" WIDTH="761" HEIGHT="31">
							<String ID="string_243" HPOS="123" VPOS="1336" WIDTH="134" HEIGHT="23" WC="0.92" CONTENT="bortsända"/><SP WIDTH="19" VPOS="1336" HPOS="257"/>
							<String ID="string_244" HPOS="276" VPOS="1336" WIDTH="26" HEIGHT="22" WC="0.96" CONTENT="af"/><SP WIDTH="16" VPOS="1336" HPOS="302"/>
							<String ID="string_245" HPOS="318" VPOS="1336" WIDTH="47" HEIGHT="23" WC="0.92" CONTENT="den"/><SP WIDTH="24" VPOS="1336" HPOS="365"/>
							<String ID="string_246" HPOS="389" VPOS="1336" WIDTH="227" HEIGHT="24" WC="0.89" CONTENT="tillstädesvarande"/><SP WIDTH="19" VPOS="1336" HPOS="616"/>
							<String ID="string_247" HPOS="635" VPOS="1336" WIDTH="101" HEIGHT="30" WC="0.96" CONTENT="polisen,"/><SP WIDTH="19" VPOS="1336" HPOS="736"/>
							<String ID="string_248" HPOS="755" VPOS="1343" WIDTH="54" HEIGHT="16" WC="0.92" CONTENT="som"/><SP WIDTH="20" VPOS="1343" HPOS="809"/>
							<String ID="string_249" HPOS="829" VPOS="1335" WIDTH="55" HEIGHT="23" WC="0.92" CONTENT="där-"/>
						</TextLine>
						<TextLine ID="line_34" HPOS="119" VPOS="1370" WIDTH="764" HEIGHT="31">
							<String ID="string_250" HPOS="119" VPOS="1370" WIDTH="79" HEIGHT="29" WC="0.96" CONTENT="jämte"/><SP WIDTH="24" VPOS="1370" HPOS="198"/>
							<String ID="string_251" HPOS="222" VPOS="1370" WIDTH="178" HEIGHT="30" WC="0.96" CONTENT="omhändertog"/><SP WIDTH="24" VPOS="1370" HPOS="400"/>
							<String ID="string_252" HPOS="424" VPOS="1372" WIDTH="136" HEIGHT="29" WC="0.96" CONTENT="nycklarna"/><SP WIDTH="25" VPOS="1372" HPOS="560"/>
							<String ID="string_253" HPOS="585" VPOS="1372" WIDTH="35" HEIGHT="22" WC="0.95" CONTENT="till"/><SP WIDTH="18" VPOS="1372" HPOS="620"/>
							<String ID="string_254" HPOS="638" VPOS="1370" WIDTH="121" HEIGHT="24" WC="0.96" CONTENT="hvardera"/><SP WIDTH="18" VPOS="1370" HPOS="759"/>
							<String ID="string_255" HPOS="777" VPOS="1370" WIDTH="106" HEIGHT="28" WC="0.96" CONTENT="lokalen,"/>
						</TextLine>
						<TextLine ID="line_35" HPOS="124" VPOS="1404" WIDTH="760" HEIGHT="32">
							<String ID="string_256" HPOS="124" VPOS="1405" WIDTH="122" HEIGHT="23" WC="0.95" CONTENT="hvarefter"/><SP WIDTH="26" VPOS="1405" HPOS="246"/>
							<String ID="string_257" HPOS="272" VPOS="1409" WIDTH="153" HEIGHT="26" WC="0.89" CONTENT="guvernören"/><SP WIDTH="28" VPOS="1409" HPOS="425"/>
							<String ID="string_258" HPOS="453" VPOS="1406" WIDTH="141" HEIGHT="30" WC="0.89" CONTENT="aflägsnade"/><SP WIDTH="27" VPOS="1406" HPOS="594"/>
							<String ID="string_259" HPOS="621" VPOS="1407" WIDTH="40" HEIGHT="28" WC="0.93" CONTENT="sig."/><SP WIDTH="38" VPOS="1407" HPOS="661"/>
							<String ID="string_260" HPOS="699" VPOS="1405" WIDTH="38" HEIGHT="23" WC="0.91" CONTENT="En"/><SP WIDTH="19" VPOS="1405" HPOS="737"/>
							<String ID="string_261" HPOS="756" VPOS="1404" WIDTH="128" HEIGHT="24" WC="0.92" CONTENT="hänvänd-"/>
						</TextLine>
						<TextLine ID="line_36" HPOS="122" VPOS="1439" WIDTH="762" HEIGHT="29">
							<String ID="string_262" HPOS="122" VPOS="1439" WIDTH="59" HEIGHT="29" WC="0.96" CONTENT="ning"/><SP WIDTH="18" VPOS="1439" HPOS="181"/>
							<String ID="string_263" HPOS="199" VPOS="1440" WIDTH="36" HEIGHT="22" WC="0.96" CONTENT="till"/><SP WIDTH="18" VPOS="1440" HPOS="235"/>
							<String ID="string_264" HPOS="253" VPOS="1439" WIDTH="30" HEIGHT="24" WC="0.92" CONTENT="de"/><SP WIDTH="18" VPOS="1439" HPOS="283"/>
							<String ID="string_265" HPOS="301" VPOS="1441" WIDTH="137" HEIGHT="22" WC="0.92" CONTENT="kvarblifne"/><SP WIDTH="19" VPOS="1441" HPOS="438"/>
							<String ID="string_266" HPOS="457" VPOS="1443" WIDTH="66" HEIGHT="20" WC="0.95" CONTENT="samt"/><SP WIDTH="18" VPOS="1443" HPOS="523"/>
							<String ID="string_267" HPOS="541" VPOS="1442" WIDTH="32" HEIGHT="21" WC="0.93" CONTENT="ett"/><SP WIDTH="18" VPOS="1442" HPOS="573"/>
							<String ID="string_268" HPOS="591" VPOS="1440" WIDTH="153" HEIGHT="23" WC="0.89" CONTENT="förevisande"/><SP WIDTH="13" VPOS="1440" HPOS="744"/>
							<String ID="string_269" HPOS="757" VPOS="1440" WIDTH="27" HEIGHT="23" WC="0.91" CONTENT="af"/><SP WIDTH="10" VPOS="1440" HPOS="784"/>
							<String ID="string_270" HPOS="794" VPOS="1439" WIDTH="90" HEIGHT="23" WC="0.91" CONTENT="tidnin-"/>
						</TextLine>
						<TextLine ID="line_37" HPOS="119" VPOS="1473" WIDTH="765" HEIGHT="30">
							<String ID="string_271" HPOS="119" VPOS="1479" WIDTH="76" HEIGHT="24" WC="0.93" CONTENT="garna"/><SP WIDTH="16" VPOS="1479" HPOS="195"/>
							<String ID="string_272" HPOS="211" VPOS="1475" WIDTH="188" HEIGHT="23" WC="0.88" CONTENT="»Suomalainen"/><SP WIDTH="13" VPOS="1475" HPOS="399"/>
							<String ID="string_273" HPOS="412" VPOS="1475" WIDTH="138" HEIGHT="23" WC="0.90" CONTENT="Virallinen"/><SP WIDTH="13" VPOS="1475" HPOS="550"/>
							<String ID="string_274" HPOS="563" VPOS="1475" WIDTH="83" HEIGHT="23" WC="0.91" CONTENT="Lehti&gt;"/><SP WIDTH="21" VPOS="1475" HPOS="646"/>
							<String ID="string_275" HPOS="667" VPOS="1475" WIDTH="47" HEIGHT="22" WC="0.93" CONTENT="och"/><SP WIDTH="22" VPOS="1475" HPOS="714"/>
							<String ID="string_276" HPOS="736" VPOS="1475" WIDTH="73" HEIGHT="22" WC="0.92" CONTENT="»Uusi"/><SP WIDTH="14" VPOS="1475" HPOS="809"/>
							<String ID="string_277" HPOS="823" VPOS="1473" WIDTH="61" HEIGHT="24" WC="0.91" CONTENT="Suo-"/>
						</TextLine>
					</TextBlock>
				</ComposedBlock>
			</PrintSpace>
		</Page>
	</Layout>
</alto>
