1114 1775
296 147 284 22 Petitionsbetänkande
598 148 43 20 N:o
658 148 23 20 6.
852 154 12 19 5

111 212 185 23 munikationsväg
308 212 31 18 till
352 211 67 19 fördel
432 212 33 18 för
473 213 29 17 ett
511 211 115 19 vidsträckt
634 211 109 24 landskap.
759 211 41 18 Till
809 211 57 19 detta

111 236 126 23 vattendrag
255 236 55 18 stöta
328 235 106 23 nämligen
454 236 72 21 Kaavi,
547 234 127 23 Tuusniemi,
695 235 115 18 Heinävesi
828 235 38 19 och

112 260 114 23 Kuusjärvi
244 260 92 18 socknar.
362 258 72 24 Några
452 260 68 18 större
537 258 114 19 kostnader
663 259 67 18 skulle
743 260 123 23 öppnandet

109 284 20 17 af
145 283 69 18 denna
232 289 42 17 nya
292 284 113 22 vattenväg
417 283 46 19 icke
475 283 78 21 kräfva,
567 284 24 22 ty
603 283 69 18 forsen
685 283 76 18 mellan
776 284 90 17 Kaavin-

109 307 59 18 selkä
181 307 38 18 och
232 307 113 18 Rikkavesi
363 307 78 18 tarfvar
454 306 73 19 endast
541 312 25 13 en
579 306 81 19 mindre
672 307 104 23 rensning,
791 307 74 18 mellan

109 331 114 18 Rikkavesi
242 331 39 18 och
297 331 93 23 Juojärvi
410 331 100 18 behöfves
529 331 53 18 blott
599 336 24 13 en
641 330 84 23 mycket
737 331 48 18 kort
797 330 67 22 kanal,

109 355 38 18 och
162 355 39 18 den
215 353 45 20 från
270 355 94 23 Juojärvi
377 354 32 19 till
422 355 115 18 Suvasvesi
553 354 63 19 södra
634 354 38 22 del,
687 354 34 19 det
733 360 15 13 s.
762 355 20 18 k.
796 355 68 18 Varis-

110 379 50 22 vesi,
178 379 90 18 ledande
286 379 105 23 naturliga
410 379 141 23 vattenvägen
570 379 83 18 kräfver
669 378 45 19 icke
730 378 65 19 heller
810 380 56 17 stora

109 403 241 22 kanaliseringsarbeten.

158 427 62 18 Utom
241 428 30 17 att
289 432 75 18 genom
384 426 69 19 denna
472 427 114 22 vattenväg
605 425 25 19 de
649 426 74 18 hittills
741 427 8 17 i
768 426 52 19 brist
838 425 27 25 pä

109 451 204 18 kommunikationer
325 450 86 19 lidande
423 451 107 18 trakterna
543 450 67 19 skulle
623 450 149 23 uppblomstra,
782 450 84 18 komme

109 474 124 24 öppnandet
253 475 21 18 af
294 475 71 24 sjöfart
386 474 55 18 inom
463 474 58 19 detta
541 474 128 18 vidsträckta
690 473 124 24 vattendrag
836 475 30 18 att

109 498 125 25 möjliggöra
248 498 144 24 exploatering
405 499 20 17 af
439 498 26 19 de
474 499 63 22 kring
549 497 60 19 dessa
622 499 69 17 vatten
702 497 84 24 hopade
794 500 70 17 natur-

110 523 45 23 liga
167 522 150 19 rikedomarna.
338 523 48 18 Icke
398 524 81 16 ensamt
492 522 217 23 skogsprodukternas
721 521 65 19 värde
798 522 68 19 skulle

109 547 61 23 stiga,
184 548 50 17 utan
247 547 60 18 äfven
315 546 93 24 sjöarnas
418 545 90 25 tillgäng
518 546 27 23 pä
554 546 62 18 malm
626 546 39 17 och
673 546 192 18 strandmarkernas

110 570 116 19 värdefulla
238 570 86 19 mineral
337 569 71 20 kunde
418 570 113 19 användas.
546 565 11 33 I
573 569 60 19 dessa
641 570 79 18 trakter
729 570 68 18 finnas
806 571 57 17 näm-

108 595 57 23 ligen
178 594 75 24 rikliga
266 594 106 24 kalkbärg,
386 594 39 18 och
438 594 28 24 pä
478 596 82 17 senaste
572 594 32 18 tid
612 594 38 18 har
658 600 48 12 man
716 594 37 18 här
762 594 104 24 upptäckt

109 618 103 18 värdefull
231 618 73 19 asbest.
331 618 164 24 Petersburgska
514 618 39 19 och
572 619 61 22 tyska
651 618 62 23 bolag
725 618 63 18 hafva
800 618 65 18 redan

108 642 94 19 skyndat
214 644 30 17 att
259 642 99 18 förskaffa
370 643 34 23 sig
415 642 124 24 rättigheter
555 644 31 16 att
599 642 60 23 bryta
671 642 116 18 sistnämda
799 642 65 18 mine-

109 645 39 50 rai,
165 672 47 12 men
226 667 7 17 i
245 666 52 19 brist
309 666 27 24 pä
348 666 206 19 kommunikationer
569 666 38 18 har
619 666 80 18 arbetet
711 666 16 24 ej
742 667 56 17 ännu
811 666 52 18 kun-

109 692 36 16 nat
158 690 102 24 päbörjas.

158 715 115 17 Yttermera
286 713 127 25 päpekande,
425 716 30 16 att
465 714 37 18 vid
511 714 128 24 landtdagen
649 713 22 19 är
682 719 45 18 1900
735 714 130 18 inlämnades

110 744 25 12 en
149 738 89 24 petition
251 744 34 12 om
298 738 112 24 öppnande
423 738 21 18 af
457 738 70 18 denna
535 738 117 23 vattenväg,
663 737 32 19 fär
705 738 32 23 jag
746 737 119 25 ödmjukast

111 761 85 19 anhälla
214 763 30 17 att
263 762 137 18 Hedervärda
418 761 158 19 Bondeständet
588 762 136 18 tillsammans
737 761 47 19 med
798 762 68 23 öfriga

109 786 62 18 ständ
185 786 49 18 ville
247 786 52 23 göra
312 792 25 12 en
350 785 133 24 underdänig
495 785 107 19 anhällan:

396 837 28 14 att
438 840 65 18 genom
518 836 135 20 kanaliserings-
666 836 30 16 och
714 836 152 20 rensningsarbdete

324 865 21 11 en
360 860 78 21 segelbar
455 860 99 20 vattenväg
567 860 40 15 med
620 860 29 15 det
663 860 58 18 första
734 858 54 17 måtte
799 861 66 19 öppnas

319 882 50 23 från
388 883 123 16 Kaavinselkä
529 884 30 15 till
574 884 94 15 Rikkavesi
684 884 29 15 och
732 881 86 23 därifrån
836 883 30 15 till

320 907 88 21 Juojärvi
419 907 30 16 och
463 907 100 17 Suvasvesi.

159 953 132 23 Helsingfors
304 953 40 18 den
358 959 23 12 20
394 953 109 19 december
518 958 50 19 1904.

154 1014 64 27 Juho
236 1014 140 22 Snellman.
552 1014 24 21 A.
593 1015 18 26 J.
629 1014 190 21 Horttanainen.

639 1151 177 28 (Öfversättning).

475 1205 24 20 4.

262 1263 48 18 Till
331 1262 166 20 Hedervärda
517 1262 193 20 Bondeständet.

157 1323 40 17 Det
210 1323 23 17 är
242 1322 70 23 kändt,
324 1324 30 17 att
362 1322 52 19 brist
422 1322 26 24 pä
459 1323 204 19 kommunikationer
672 1323 63 23 utgör
743 1323 36 18 det
788 1323 77 19 största

108 1346 76 18 hinder
202 1347 33 17 för
254 1346 122 20 ekonomisk
395 1347 123 23 utveckling
537 1346 38 19 och
594 1346 105 19 förkofran
713 1346 26 24 pä
753 1347 25 17 de
790 1347 74 18 orter
853 1342 14 32 i

107 1370 77 22 landet,
198 1376 45 12 som
256 1370 46 19 icke
315 1371 39 23 äga
367 1370 55 24 goda
435 1371 134 23 trafikvägar.
595 1371 31 19 En
640 1370 64 19 sädan
718 1372 35 21 ort,
764 1376 44 13 som
818 1370 46 19 blif-

109 1394 31 19 vit
153 1394 171 24 tillbakaskjuten
336 1394 46 19 frän
396 1394 106 19 allmänna
516 1394 262 24 kommunikationsvägar,
790 1395 22 17 är
821 1400 43 12 om-

110 1418 75 24 nejden
198 1418 21 18 af
228 1418 95 24 Juojärvi
336 1419 37 23 sjö,
387 1418 144 19 innefattande
541 1418 57 19 delar
608 1419 20 18 af
638 1418 118 22 Heinävesi,
772 1418 91 22 Libelits,

109 1442 119 23 Kuusjärvi,
242 1442 68 18 Kaavi
324 1442 38 18 och
374 1442 124 19 Tuusniemi
511 1442 129 19 kommuner.
665 1443 41 18 Det
719 1443 22 17 är
749 1442 46 19 icke
803 1443 61 18 tänk-

108 1466 50 21 bart,
180 1467 29 17 att
229 1471 24 13 en
270 1466 76 23 järnväg
378 1466 31 19 till
425 1466 69 19 denna
508 1468 33 17 ort
553 1466 41 18 kan
607 1466 30 18 fås
650 1466 32 18 till
694 1465 61 19 stånd
768 1466 57 18 inom
839 1471 25 13 en

108 1495 49 12 snar
170 1489 88 22 framtid,
272 1495 47 13 men
333 1489 27 19 dä
372 1490 109 24 sjöfartens
495 1489 149 20 utsträckande
655 1490 32 18 till
700 1490 70 18 Saima
780 1491 84 18 vattnen

176 1527 185 21 Järnvägsutskottets
374 1528 107 15 betänkande
493 1528 35 15 N:o
541 1532 16 15 3.
