1111 1775
270 126 346 22 Petitionsbetänkande
631 126 53 22 N:o
701 127 26 21 7.
848 129 25 19 71

125 192 26 21 af
164 193 38 20 det
217 192 137 26 föregående
370 192 68 26 fälde,
456 193 24 20 af
495 193 98 20 öfverste
610 193 102 20 Lvovski
728 193 43 21 har
787 195 87 19 ansetts

125 222 35 20 för
181 223 86 20 horom
288 222 44 21 och
352 222 107 26 Wiborgs
479 222 63 21 stads
561 222 103 28 poliskår
686 223 145 25 kränkande,
848 223 26 20 så

125 252 37 20 rår
176 252 37 27 jag
230 252 19 27 ej
266 252 84 20 därför.
382 264 29 3 —
428 252 73 27 Något
517 252 121 27 lagvidrigt
653 252 43 21 har
718 252 37 28 jag
772 252 19 28 ej
809 252 64 28 gjort,

125 282 19 26 ej
162 282 73 20 häller
259 284 48 24 sagt
331 282 75 26 något,
431 288 49 14 som
506 282 18 27 ej
543 288 53 15 vore
620 282 255 21 öfverensstämmande

126 312 51 20 med
195 312 134 26 sanningen.

197 341 121 27 Samtidigt
341 348 50 14 som
414 342 38 26 jag
476 342 133 26 ödmjukast
632 342 127 20 återställer
783 342 28 20 de
829 342 45 26 mig

125 371 202 21 tillhandakomna
344 371 177 27 handlingarna,
539 372 88 26 bifogar
640 372 39 26 jag
688 372 101 26 följande
803 372 71 20 hand-

126 401 83 27 lingar:

198 432 17 19 1.
235 430 100 22 Officielt
351 430 104 28 bestyrkt
474 431 91 20 afskrift
580 430 25 21 af
619 430 161 27 Magistratens
797 431 6 20 i
821 431 52 21 Hel-

126 460 98 28 singfors
241 460 52 21 bref
307 460 24 21 af
346 460 44 21 den
409 461 25 20 10
452 461 91 26 augusti
561 460 56 21 1903
634 461 42 20 N:o
694 461 48 20 220.

198 491 19 19 2.
235 490 38 21 Ett
289 491 24 20 af
336 490 58 21 Herr
411 491 23 20 R.
453 490 109 27 Trompet
574 490 118 21 utfärdadt
708 490 63 21 bevis
783 490 44 21 och
840 492 33 19 ut-

126 520 56 27 drag
199 526 26 14 ur
242 520 122 27 Kejserlige
383 520 109 27 Wiborgs
509 520 103 21 Hofrätts
628 520 99 20 diarium
745 520 25 20 af
779 520 26 21 år
817 520 56 21 1902

126 550 35 20 för
178 550 131 21 kriminella
325 550 149 21 besvärsmål.

197 580 19 21 3.
234 580 107 27 Bestyrkt
357 579 91 22 afskrift
464 580 25 21 af
503 580 121 21 lönelistan
642 580 35 20 för
691 580 108 27 Wiborgs
811 580 62 21 stads

125 610 187 27 polisinrättning
329 610 34 21 för
379 610 98 21 oktober
494 610 63 21 1903.

196 639 20 21 4.
239 640 99 21 Officielt
363 640 105 27 bestyrkt
490 641 117 19 transumt
630 646 27 14 ur
682 639 160 27 Magistratens
867 639 6 20 i

125 669 108 27 Wiborgs
250 669 49 21 stad
317 670 115 27 protokoll
452 669 34 22 för
503 669 45 21 den
565 671 26 19 22
609 669 97 21 oktober
723 669 63 27 1903,
803 670 13 25 &
833 670 20 21 6.

197 700 19 19 5.
234 699 101 21 Officielt
358 699 104 28 bestyrkt
478 701 116 19 transumt
612 706 27 14 ur
656 699 217 21 Rädstufvurättens

125 729 7 20 i
150 729 141 27 Helsingfors
308 729 50 21 stad
376 729 115 28 protokoll
508 729 36 21 för
559 730 44 20 den
621 729 28 21 24
666 729 58 28 april
737 729 64 26 1902,
813 729 13 26 $
838 730 35 20 27.

196 771 192 21 Willmanstrand
406 771 44 20 den
468 772 26 20 27
512 771 59 28 april
588 771 63 21 1904.

555 819 69 20 Ernst
639 819 20 20 J.
677 819 124 26 Grönberg.

198 884 126 27 Rätteligen
341 884 119 21 afskrifvet
477 892 27 13 ur
520 884 45 21 den
581 884 42 21 här
634 884 120 21 förvarade
766 884 107 26 original-

126 914 68 20 akten
219 914 130 27 bestyrkes:
376 915 12 20 ä
407 914 122 27 Kejserlige
546 913 106 28 Wfborgs
670 914 102 20 Hofrätts
789 914 84 26 kansli,

126 944 45 20 den
187 945 28 19 22
232 944 122 20 december
371 944 63 21 1904.

602 992 77 20 Johan
698 991 101 21 Hoffren.

639 1021 131 27 Expeditör.

196 1487 56 16 Särsk.
266 1486 48 17 Besv.
328 1486 42 16 utsk.
384 1487 28 16 bet.
428 1485 34 18 N:o
474 1491 17 15 4.
