1111 1778
476 434 34 22 IV.

194 500 34 22 Dä
252 501 38 28 jag
310 500 49 22 icke
380 500 82 22 kunnat
480 500 78 22 förena
577 500 47 28 mig
643 506 38 16 om
698 499 123 23 Utskottets
837 499 29 22 be

121 536 43 22 slut
186 537 6 21 i
216 536 122 28 anledning
361 536 21 22 af
404 536 147 22 förenämnda
571 536 31 22 till
618 535 84 23 Preste-
720 536 43 22 och
780 535 88 22 Bonde-

121 572 92 22 stånden
225 572 127 22 inlemnade
363 571 215 23 motionsmemorial
594 571 52 22 med
657 571 84 29 förslag
752 571 37 27 till,
801 571 67 22 bland

121 610 72 25 annat,
214 608 133 28 förordning
375 607 117 29 angäende
524 607 132 29 försäljning
679 607 44 22 och
738 607 94 28 forsling
848 606 21 22 af

120 644 136 29 rusdrycker,
280 644 32 22 fär
327 644 38 28 jag
380 643 91 23 härmed
487 643 116 22 vördsamt
619 643 113 22 framhälla
749 643 44 22 min
811 642 58 29 skilj-

121 680 73 28 aktiga
209 680 98 28 mening.

192 715 74 22 Ehuru
287 715 141 22 erkännande
448 716 29 21 att
493 715 177 22 motionärernas
686 714 182 29 författningsför-

121 751 49 28 slag
185 751 48 22 icke
250 751 124 29 obetydligt
392 751 78 22 vunnit
485 757 85 22 genom
587 750 28 22 de
631 750 22 22 af
667 750 111 22 Utskottet
789 749 80 29 gjorda

121 787 118 28 ändringar
262 787 53 27 deri,
339 787 70 22 måste
432 787 38 28 jag
491 786 60 23 dock
567 793 54 15 anse
638 787 29 21 att
682 785 106 29 förslaget
804 785 64 22 äfven

122 823 93 22 derefter
230 823 6 22 i
252 823 123 28 väsentliga
392 822 60 23 delar
467 823 71 28 gifver
554 822 46 22 skäl
616 822 30 22 till
663 821 153 23 allvarsamma
832 827 37 16 an-

121 859 146 28 märkningar.

192 895 85 22 Främst
300 895 57 22 afser
380 895 38 28 jag
441 894 76 22 härvid
542 894 57 22 hvad
623 894 107 28 förslaget
748 893 121 22 innehåller

121 930 116 29 angående
262 931 37 22 det
322 930 127 23 tillämnade
473 929 215 30 monopolbolagets
713 929 87 29 uppgift
824 929 44 22 och

122 967 151 27 organisation
290 967 56 21 samt
362 966 162 29 befogenheter
541 966 43 21 och
601 965 157 29 skyldigheter.

192 1002 7 22 I
220 1002 65 22 dessa
305 1002 144 22 hänseenden
468 1001 53 29 ingå
537 1002 6 21 i
559 1001 106 29 förslaget
681 1001 186 28 hufvudsakligen

120 1038 98 28 följande
234 1038 178 28 bestämningar:
883 1041 12 23 $
908 1041 11 18 4
932 1046 56 13 mom.
1004 1041 15 18 I.

191 1073 34 22 All
246 1074 6 21 i
272 1074 48 22 stad
337 1073 128 29 medgifven
485 1073 157 28 utminutering
659 1072 44 22 och
719 1072 150 28 utskänkning

120 1109 21 22 af
160 1109 174 29 alkoholhaltiga
354 1109 92 30 drycker
466 1109 32 22 får
518 1108 111 23 bedrifvas
651 1108 56 23 blott
726 1108 21 23 af
763 1108 31 22 ett
809 1107 60 22 enda

121 1145 77 28 bolag,
215 1145 82 22 hvilket
313 1145 92 22 sålunda
422 1145 39 22 har
472 1145 140 22 uteslutande
624 1144 110 29 monopol
745 1144 28 29 på
784 1143 85 29 hvarje

119 1181 84 22 handel
218 1181 52 22 med
287 1181 43 22 och
347 1181 159 28 utskänkning
520 1181 21 22 af
557 1181 41 22 alla
615 1181 73 28 dylika
705 1180 92 29 drycker
808 1179 61 22 inne-

121 1217 102 22 hållande
240 1223 59 16 mera
315 1219 28 20 än
360 1216 50 29 22/2
427 1218 93 27 procent
531 1216 91 23 alkohol
633 1216 21 22 d.
667 1223 21 15 v.
700 1223 17 15 s.
730 1215 59 23 såväl
800 1215 69 28 sprit-

121 1253 98 28 drycker
233 1259 51 16 som
300 1255 65 20 viner
378 1253 43 22 och
438 1252 30 22 öl.
484 1265 30 3 —
884 1256 12 23 $
909 1256 12 18 4
933 1261 55 13 mom.
1002 1255 17 18 2.

192 1289 64 22 Detta
277 1289 182 28 monopolbolag
479 1288 53 27 kan,
554 1294 38 16 om
613 1288 37 22 det
666 1287 43 27 vill,
726 1287 20 22 få
763 1287 105 22 öfverlåta

119 1324 91 23 allenast
223 1331 27 16 en
261 1325 36 22 del
309 1325 21 22 af
341 1325 33 22 sin
385 1324 220 29 utskänkningsrätt
615 1323 21 23 åt
650 1323 100 22 enskilda
761 1329 108 23 personer

120 1361 44 22 och
173 1360 70 29 bolag
251 1360 44 29 (för
303 1360 77 23 hotell-
389 1360 43 22 och
442 1359 256 29 restaurationsrörelse),
707 1365 51 16 men
764 1358 44 29 får
819 1358 49 23 icke

120 1396 104 22 öfverlåta
233 1396 76 28 någon
319 1396 273 28 utminuteringsrättighet
601 1395 21 22 åt
631 1395 68 23 andra
712 1395 20 22 d.
744 1401 21 16 v.
774 1401 17 16 s.
801 1395 19 28 ej
829 1394 40 22 till-

120 1432 70 28 städja
201 1432 75 28 någon
286 1433 29 21 att
325 1432 67 22 driiva
401 1431 85 23 handel
494 1431 52 22 med
555 1430 167 30 ifrågavarande
732 1430 98 29 drycker.
839 1442 30 3 —

192 1468 140 26 Handlande,
357 1468 72 22 hvilka
452 1467 38 22 vid
510 1467 61 22 tiden
588 1467 34 22 för
637 1466 172 28 förordningens
827 1467 61 27 trä-&
901 1470 24 18 50
937 1475 56 13 mom.
1003 1469 16 18 2.

120 1503 74 22 dande
209 1504 7 21 i
232 1504 55 22 kraft
303 1510 42 22 ega
362 1504 39 22 rätt
416 1504 29 22 att
460 1503 90 28 försälja
565 1503 62 21 viner
641 1503 44 21 och
697 1502 67 22 andra
775 1507 94 23 svagare
