1109 1775
315 141 246 23 Petitionsbetänkande
577 141 38 23 N:o
631 142 22 22 3.
818 144 13 19 9

106 206 74 18 cennier
192 206 54 18 sedan
259 206 23 23 på
294 206 33 18 den
341 206 54 22 högre
408 206 162 22 undervisningens
583 206 70 18 område
666 206 7 17 i
685 206 78 18 Finland
775 206 39 18 blef
824 206 36 18 för-

108 235 99 23 verkligad,
221 235 55 17 fattar
288 236 43 16 utan
344 235 68 21 vidare,
425 236 28 16 att
465 235 32 17 den
512 241 35 16 nya
559 235 127 17 institutionen
698 235 58 22 aldrig
763 235 46 17 hade
816 235 45 18 kun-

108 265 32 16 nat
152 264 55 17 vinna
219 269 21 12 en
253 263 55 18 sådan
322 269 55 18 seger,
390 264 63 17 såvida
465 264 32 17 den
512 264 64 18 endast
586 264 83 18 slafviskt
677 264 105 18 efterbildat
788 264 71 23 färdiga

107 293 72 18 mallar.
202 293 27 18 En
245 293 102 23 nödvändig
362 293 131 22 förutsättning
508 293 29 18 för
550 293 154 22 samuppfostrans
717 293 143 23 framgångsrika

108 322 113 17 verksamhet
241 322 34 17 har
292 322 53 22 varit,
363 323 28 16 att
406 322 30 17 vid
451 322 149 22 genomförandet
616 323 19 16 af
645 322 85 17 reformer
742 322 60 17 städse
814 328 44 17 upp-

107 351 99 17 märksamt
224 351 32 17 och
275 352 90 21 noggrant
377 351 90 21 beaktats,
481 351 48 17 hvad
544 351 97 23 vetenskap
655 351 32 18 och
701 351 100 18 erfarenhet
814 351 44 18 fast-

108 380 56 22 slagit
182 379 57 18 såsom
252 380 51 17 klokt
316 380 31 17 och
361 379 156 23 ändamålsenligt.
543 376 52 21 Ännu
608 380 68 17 mindre
688 382 22 15 än
725 380 57 23 öfriga
794 380 63 18 under-

108 409 170 22 visningsanstalter
295 409 60 17 kunna
368 409 122 17 samskolorna
503 409 44 22 utgå
559 409 40 17 från
611 409 30 18 det
654 409 115 22 antagandet,
783 410 28 17 att
824 409 35 18 ele-

107 443 55 12 verna
180 437 37 18 alla
233 437 43 18 böra
288 437 101 18 förberedas
401 437 28 18 för
441 443 67 12 samma
522 437 115 18 lefnadskall:
650 437 79 18 flertalet
742 438 19 17 af
772 438 86 18 flickorna

107 467 33 22 går
152 466 34 18 den
199 468 34 21 väg
244 467 58 22 natur,
315 467 50 17 seder
377 467 33 17 och
422 467 129 22 författningar
563 467 71 17 anvisat
647 467 39 17 dem
695 467 32 17 och
734 467 63 18 förblir
803 467 54 18 främ-

107 495 65 18 mande
183 495 27 18 för
226 497 68 16 statens
306 496 62 22 tjänst,
381 495 72 18 hvilken
466 495 64 23 drager
544 501 21 12 en
578 495 20 18 sä
610 497 37 16 stor
659 495 29 18 del
702 495 19 18 af
732 495 21 18 de
765 501 21 12 ur
793 496 64 17 skolan

107 523 94 24 utgångna
217 525 120 22 ynglingarna
355 525 29 16 till
403 525 32 22 sig.
460 525 35 17 För
513 525 113 17 undvikande
639 525 19 17 af
670 525 77 22 menliga
757 525 100 23 inflytelser

107 553 23 22 på
146 553 91 18 elevernas
256 553 83 18 framtida
357 553 104 22 utveckling
476 554 33 17 har
526 553 50 18 äfven
593 553 202 23 undervisningsplanen
808 554 6 17 i
828 559 31 12 en-

107 581 58 23 lighet
183 582 73 18 härmed
274 583 103 20 anordnats,
397 583 32 17 och
445 582 77 18 sålunda
536 582 99 18 törbehöllo
649 583 28 21 sig
689 583 22 17 de
723 582 23 23 på
759 583 99 19 1880-talet

106 611 93 23 grundade
211 612 123 17 samskolorna
346 617 21 12 en
381 612 99 17 vidsträckt
493 612 107 22 befogenhet
613 613 28 16 att
653 611 22 23 på
687 612 58 22 grund
752 612 20 17 af
781 617 41 12 vare
830 612 28 22 sig

108 640 60 17 hälso-
181 640 44 18 eller
237 640 55 18 andra
305 640 39 18 skäl
358 641 45 17 efter
415 641 83 22 pröfning
511 640 56 18 befria
579 641 81 17 eleverna
673 640 39 18 från
725 642 27 16 att
764 640 46 23 följa
817 640 41 18 med

106 668 150 24 undervisningen
270 670 5 16 i
289 671 26 15 ett
327 670 43 17 eller
382 670 41 17 flere
436 670 109 17 läroämnen.
571 670 53 17 Såväl
637 675 21 12 ur
670 670 90 17 elevernas
768 675 37 12 som
813 670 45 16 läro-

106 698 71 18 verkets
190 698 91 23 synpunkt
292 698 33 18 har
337 698 58 18 denna
408 698 121 18 befrielserätt
541 699 49 17 varit
601 698 20 18 så
633 698 87 22 godtsom
727 698 129 23 oundgänglig,

106 728 43 16 enär
160 726 20 24 ja
192 732 63 18 gossar
267 728 32 17 och
311 727 62 18 flickor
385 728 53 17 hafva
451 728 28 16 att
490 728 120 17 tillsammans
623 728 77 22 fullgöra
713 733 66 11 samma
789 728 69 20 arbete,

106 757 44 16 utan
169 757 28 16 att
215 756 100 22 någotdera
333 756 62 18 könets
410 756 139 18 individualitet,
561 757 43 17 eller
622 757 51 17 hälsa
685 756 63 18 därvid
759 756 28 18 får
799 756 57 18 blifva

106 784 79 18 lidande.

177 819 24 18 Ur
219 820 31 17 det
267 820 105 23 föregående
387 821 79 22 framgår
478 821 55 18 redan
546 821 114 22 svårigheten
673 821 20 17 af
704 821 31 18 det
748 821 44 22 läge,
805 821 51 17 hvari

106 848 52 18 dessa
169 849 82 17 läroverk
264 849 57 20 råkat,
334 849 23 18 då
369 855 62 17 genom
438 849 34 18 den
479 850 175 22 oproportionerliga
661 850 90 22 ökningen
758 850 19 17 af
787 850 70 17 antalet

105 877 212 24 undervisningstimmar
329 879 5 16 i
347 879 54 22 ryska
413 879 73 22 språket
499 879 6 17 i
518 879 33 17 och
563 879 40 17 med
616 879 98 17 detsamma
727 879 32 17 den
769 879 87 22 synnerli-

105 911 34 18 gen
152 907 136 22 betydelsefulla
301 907 105 18 valfriheten
419 907 110 18 inskränkts.
554 907 37 18 Och
609 907 22 18 då
644 908 86 22 slutligen
743 908 53 22 ryska
808 907 49 24 sprä-

105 935 31 18 ket
160 936 97 17 förklarats
274 936 27 17 för
319 937 26 17 ett
361 937 128 22 obligatoriskt
506 937 97 20 läroämne,
622 937 40 17 ifall
681 937 31 17 det
729 937 28 17 för
776 937 37 17 alla
825 942 32 12 un-

105 965 202 22 dervisningsanstalter
321 965 111 22 oumbärliga
448 965 165 18 statsunderstödet
629 966 46 17 skall
689 965 19 18 af
719 966 83 17 skolorna
815 966 43 17 fort-

105 993 119 23 sättningsvis
236 994 128 21 utbekommas,
377 995 32 16 och
423 994 87 23 därjämte
524 994 91 21 bestämts,
628 996 27 16 att
668 996 23 17 40
697 995 158 17 timmar
771 989 12 32 i
793 995 62 17 veckan

105 1022 43 18 böra
166 1022 20 17 åt
204 1022 50 18 detta
267 1025 50 16 ämne
330 1023 65 22 anslås,
406 1023 33 18 har
452 1023 54 18 saken
520 1023 6 18 i
539 1023 64 23 själfva
615 1023 62 18 verket
689 1024 64 17 skridit
765 1023 21 18 så
798 1023 58 23 långt,

105 1052 28 17 att
150 1057 21 12 en
190 1051 65 23 dyrbar
273 1052 88 22 rättighet
379 1052 116 17 annullerats.
523 1052 8 17 I
549 1053 70 17 statens
634 1052 102 18 flickskolor
748 1053 46 17 läses
807 1052 49 18 öfver

104 1080 68 18 hufvud
185 1080 39 18 icke
236 1081 58 22 ryska,
307 1081 32 18 och
352 1081 89 18 ofattbart
453 1083 24 20 är,
490 1081 73 18 hvarför
575 1081 131 18 samskolornas
719 1081 93 23 kvinnliga
818 1081 35 18 ele-

104 1114 30 12 ver
152 1109 52 17 skola
220 1109 71 23 tvingas
307 1111 28 16 att
347 1110 39 17 läsa
398 1111 27 16 ett
436 1110 112 17 främmande
560 1110 59 23 språk,
632 1110 65 17 hvaraf
708 1110 21 17 de
742 1110 95 18 framdeles
850 1110 6 17 i

104 1137 51 18 lifvet
167 1138 39 17 icke
219 1138 60 18 kunna
291 1138 56 23 draga
360 1139 57 22 någon
430 1140 57 21 nytta.
512 1139 36 17 Det
557 1139 50 18 torde
615 1139 88 23 knappast
710 1139 75 18 behöfva
792 1139 62 22 tilläg-

104 1172 37 18 gas,
160 1168 29 16 att
206 1167 53 23 ryska
277 1168 78 22 språket,
375 1168 37 18 lika
429 1168 42 18 litet
489 1173 37 13 som
546 1168 58 22 öfriga
621 1168 110 18 främmande
747 1168 60 23 språk,
819 1168 35 18 kan

103 1196 54 18 hafva
169 1196 59 22 någon
241 1197 128 22 uppfostrande
382 1197 43 17 eller
437 1197 54 18 ideell
505 1197 98 23 betydelse.

174 1226 33 16 Att
219 1226 89 17 särskilda
320 1226 110 22 svårigheter
442 1226 63 18 härvid
520 1226 77 18 drabbat
603 1226 128 21 samskolorna,
739 1226 50 18 beror
798 1226 57 22 därpå

104 1255 28 16 att
144 1259 41 12 man
198 1254 48 18 velat
257 1254 57 18 räkna
326 1255 39 17 dem
377 1255 39 17 helt
428 1255 32 17 och
474 1255 58 17 hållet
544 1255 29 17 till
587 1255 21 17 de
620 1256 49 16 reala
681 1255 114 17 läroverkens
805 1255 51 17 kate-

103 1282 45 23 gori.
173 1283 41 17 Med
235 1283 81 18 afseende
335 1284 44 17 härå
391 1284 33 17 har
435 1289 41 12 man
490 1284 56 17 likväl
559 1284 29 18 vid
601 1284 136 22 påskyndandet
749 1284 19 18 af
779 1284 22 18 de
813 1289 42 17 nyss

103 1311 67 18 timade
188 1312 149 22 förändringarna
353 1312 36 18 fäst
404 1312 62 18 alltför
479 1314 38 16 stor
529 1313 39 17 vikt
580 1313 29 17 vid
623 1319 20 11 en
657 1313 45 17 enda
715 1313 139 22 omständighet,

103 1341 63 17 medan
185 1341 22 18 de
225 1341 57 23 öfriga
300 1342 77 17 lämnats
393 1342 106 17 obeaktade.
524 1342 135 18 Kännetecknet
671 1342 23 23 pä
706 1348 22 12 en
741 1343 36 17 real
790 1342 65 17 under-

103 1370 124 23 visningsplan
240 1371 57 22 ligger
309 1371 45 20 däri,
367 1372 28 16 att
405 1371 33 17 den
445 1371 64 18 främst
516 1373 20 16 är
543 1371 74 18 baserad
624 1371 23 22 på
653 1371 132 22 matematiken,
794 1372 61 17 natur-

103 1399 146 22 vetenskaperna,
265 1405 15 12 o.
294 1400 17 17 d.
335 1400 42 17 Men
389 1399 65 23 många
467 1400 100 17 samskolor
579 1400 58 21 hafva,
650 1405 27 12 om
691 1400 31 17 ock
735 1400 26 17 för
774 1400 22 18 de
809 1400 47 17 klas-

102 1427 49 18 siska
169 1428 76 23 språken
267 1429 100 22 synnerligt
385 1435 39 12 rum
437 1429 6 17 i
456 1429 39 17 dem
508 1429 39 18 icke
560 1429 77 22 beredts,
649 1429 58 18 såsom
720 1429 133 18 hufvudämnen

102 1457 6 16 i
126 1457 33 17 sitt
177 1457 220 23 undervisningsprogram
415 1458 86 22 upptagit
524 1458 22 17 de
564 1464 14 11 s.
596 1458 17 17 k.
631 1458 85 18 ideellare
734 1458 121 20 läroämnena,

174 1499 101 17 Allmänna
287 1499 184 18 Petitionsutskottets
483 1499 111 18 betänkande
607 1499 34 18 N:o
654 1501 15 16 1.
