1114 1775
248 158 84 23 Ständ.
348 158 54 22 Pet.
418 171 27 2 —
461 158 174 22 Petitionsbet.
651 158 43 22 N:o
711 158 20 22 7.
844 158 28 21 29

105 227 98 26 resultat,
222 229 51 19 utan
293 229 93 19 tvärtom
401 226 42 22 kan
459 226 96 22 medföra
570 226 64 22 äfven
651 226 62 22 svåra
728 226 83 27 följder,
827 226 39 22 fin-

107 262 38 15 ner
158 256 39 26 jag
211 256 17 27 ej
246 256 71 26 någon
332 262 71 14 annan
419 257 67 25 utväg
501 258 26 19 än
543 257 36 24 att,
595 255 84 22 oafsedt
691 255 28 21 all
730 255 136 27 halsstarrig-

106 284 43 26 het,
171 284 88 22 härmed
279 284 107 26 förordna,
409 286 32 19 att
463 284 22 21 af
506 284 125 21 stadshuset
647 284 31 20 till
693 284 93 26 antydda
802 284 64 21 ända-

106 313 43 21 mål
172 313 54 21 skall
244 313 99 27 upplåtas
361 312 110 26 festsalen,
487 313 36 21 det
539 312 96 22 därinvid
652 312 89 27 belägna
757 312 110 22 stadsfull-

106 342 106 27 mäktiges
236 342 144 21 sessionsrum
404 343 56 20 samt
482 341 133 27 förrummet,
639 341 48 21 med
711 341 31 21 till
764 342 50 20 dem
830 341 36 21 hö-

107 370 67 22 rande
196 370 119 27 inredning,
338 370 56 22 ända
415 370 32 21 till
470 370 143 22 slutförandet
632 369 22 22 af
667 370 84 25 nämda,
775 370 41 21 den
840 370 27 20 22

107 399 145 21 innevarande
277 399 61 27 April
363 398 130 28 vidtagande
515 398 135 28 förrättning,
673 398 107 22 hvarefter
801 398 67 27 magi-

107 429 82 20 straten
205 430 51 25 äger
272 428 65 26 draga
352 427 86 27 försorg
454 428 81 24 därom,
552 429 31 19 att
598 427 84 21 lokalen
693 428 76 21 varder
780 428 28 26 på
818 427 49 21 kro-

107 463 55 15 nans
176 456 120 22 bekostnad
311 456 102 28 rengjord
428 456 40 21 och
484 456 77 22 försatt
576 456 7 21 i
599 457 37 21 sitt
651 455 57 22 förra
723 456 66 22 skick.

178 484 83 22 Härom
276 485 38 21 har
326 485 38 27 jag
379 486 51 20 äran
449 485 98 21 meddela
567 484 193 28 stadsfullmäktige
777 484 39 22 och
832 484 36 22 vill

108 514 29 27 på
158 520 81 15 samma
262 514 56 26 gång
340 513 90 27 upplysa
451 520 36 15 om
509 515 32 20 att
561 514 38 26 jag
614 514 96 21 kommer
725 516 31 19 att
771 513 99 21 använda

107 542 42 22 alla
164 542 70 22 medel
248 542 33 21 för
296 544 31 19 att
342 542 96 27 aflägsna
452 542 27 22 de
495 542 82 26 hinder,
593 549 46 15 som
651 542 26 27 på
689 544 42 19 sätt
741 542 52 21 eller
804 543 66 20 annat

108 571 102 27 möjligen
226 571 60 22 skola
302 571 72 22 ställas
390 571 8 21 i
412 573 69 25 vägen
497 571 33 22 för
542 571 168 27 förrättningens
720 571 75 27 jämna
806 570 62 28 gång.

396 640 26 21 N.
437 640 147 28 Mjäsojädow.
591 641 4 28 j

629 698 67 28 HAug.
711 698 91 27 Haapio.

178 795 96 21 Emedan
297 795 74 21 staden
386 795 121 27 lagenligen
523 795 18 26 ej
559 797 22 19 är
597 795 87 32 skyldig
695 797 30 19 att
741 795 55 22 afstä
811 795 58 22 lokal

109 823 33 21 för
158 823 37 21 det
210 823 22 22 af
246 825 134 26 guvernören
396 823 87 28 angifna
499 824 97 21 ändamäl
612 823 39 22 och
667 823 17 27 ej
702 830 37 15 ens
755 826 33 19 att
802 824 68 27 draga

109 851 87 28 försorg
218 859 36 14 om
276 852 138 21 anskaffande
436 852 23 21 af
480 853 41 21 slik
542 853 61 25 lokal,
627 853 132 20 fördenskull
782 853 40 21 och
842 840 28 34 då

109 880 149 27 ifrågakomna
279 881 87 22 stadens
390 881 83 27 ägande
495 881 57 22 lokal
574 888 53 15 vore
641 881 33 21 för
690 881 65 22 andra
771 881 100 22 ändamål

109 908 99 28 behöflig,
230 910 83 21 beslöto
335 910 138 27 fullmäktige,
497 912 32 20 att
551 911 48 20 med
619 910 124 27 påpekande
758 910 66 26 däraf,
840 912 32 19 att

111 940 135 25 guvernören
262 938 18 27 ej
297 938 38 22 har
350 939 71 27 någon
436 939 13 21 å
464 939 37 27 lag
516 939 97 26 grundad
635 941 43 19 rätt
696 941 31 19 att
741 938 84 28 förfoga
840 938 31 22 öf-

111 972 38 16 ver
172 968 87 20 stadens
281 967 80 21 lokaler
379 967 43 21 lika
437 968 34 20 väl
488 974 47 15 som
550 970 32 18 att
597 969 140 25 guvernören,
753 968 73 21 såsom
842 968 29 20 lä-

111 997 49 20 nets
182 996 77 26 högste
282 999 119 24 styresman
422 998 50 25 äger
488 996 55 22 vaka
558 996 104 25 däröfver,
677 998 31 19 att
723 996 93 27 ordning
832 996 40 21 och

112 1024 101 21 säkerhet
234 1025 52 21 råda
300 1025 6 20 i
321 1025 63 25 länet,
406 1024 40 22 hos
470 1026 135 26 guvernören
629 1025 88 24 anmäla,
740 1025 36 21 det
794 1024 78 28 ifråga-

111 1053 95 21 varande
228 1053 56 21 lokal
299 1053 18 27 ej
334 1053 71 22 kunde
428 1053 67 22 afstås
518 1053 32 21 för
569 1054 92 21 berörda
676 1053 97 21 ändamål
789 1053 40 21 och
845 1054 27 26 på

113 1088 83 15 samma
218 1082 56 27 gång
296 1082 68 21 uttala
384 1082 33 21 sin
438 1082 147 27 förhoppning
600 1083 73 21 därom
689 1085 31 18 att
736 1084 135 25 guvernören

111 1110 88 22 komme
214 1112 32 20 att
260 1110 102 22 återkalla
380 1111 38 21 sitt
432 1110 134 28 ofvansagda
580 1110 149 22 förordnande.
760 1110 112 27 Därjämte

112 1139 86 21 beslöto
217 1139 133 27 fullmäktige
370 1141 31 20 att
419 1140 28 26 på
465 1146 52 20 nyss
536 1139 89 22 anförda
640 1140 98 26 grunder,
754 1140 40 20 hos
810 1139 62 21 Hans

113 1167 122 28 Kejserliga
256 1168 100 27 Majestät
370 1169 7 20 i
393 1168 171 27 underdånighet
584 1168 83 21 anhålla
683 1174 34 15 om
733 1168 76 27 åtgärd
824 1168 48 21 där-

113 1197 49 24 hän,
185 1199 32 19 att
239 1199 146 25 guvernörens
406 1197 124 22 oftanämda
552 1197 143 21 förordnande
719 1196 153 27 ofördröjligen

113 1224 71 23 blefve
200 1225 125 22 återkalladt
340 1225 109 22 äfvensom
465 1228 33 19 att
513 1225 92 28 delgifva
620 1225 205 27 stadsfullmäktiges
838 1225 35 21 be-

114 1254 45 21 slut
174 1254 139 27 Magistraten
329 1255 40 21 och
384 1254 219 22 Drätselkammaren.

184 1283 130 21 Afskriftens
330 1283 101 27 riktighet
445 1283 122 28 bestyrker:
591 1282 208 28 Stadsfullmäktiges
815 1283 7 20 i
838 1282 40 21 Vi-

115 1311 56 27 borg
185 1311 74 26 kansli,
276 1312 40 21 den
332 1313 26 20 21
375 1311 125 22 November
517 1312 61 21 1904.

650 1369 67 22 Arvid
732 1369 74 21 Lilius.
