1111 1778
286 162 413 29 Sammanjämkningsbotänkande.

403 459 127 24 Särskilda
552 459 236 23 Besvärsutskottets
813 458 53 24 för-

330 495 52 28 slag
402 495 41 23 till
460 495 232 29 sammanjämkning
707 495 27 23 af
747 495 120 23 Ständens

336 531 143 29 skiljaktiga
513 532 81 22 beslut
615 531 43 23 vid
686 531 181 28 behandlingen

330 567 27 22 af
368 567 136 24 Utskottets
517 567 154 23 betänkande
682 567 44 22 N:o
736 567 33 22 11
785 567 82 23 anled-

331 603 60 28 ning
413 603 27 22 af
453 603 251 28 petitionsmemoria],
713 609 52 16 som
776 603 10 22 i
799 603 68 22 samt-

331 639 51 28 liga
408 639 73 23 stånd
500 639 138 23 framstälts
660 639 155 23 beträffande
834 638 34 23 ät-

333 675 88 27 gärder
436 674 41 23 för
492 675 49 22 den
552 675 92 28 lagliga
651 675 149 28 ordningens
809 675 58 22 äter-

331 711 119 23 ställande
465 711 10 22 i
490 711 90 23 landet.

191 770 29 22 Af
243 770 109 22 Utskottet
374 770 192 22 tillhandakomna
587 770 201 28 protokollsutdrag
804 770 63 22 fram-

117 800 46 27 går,
181 803 31 19 att
228 800 164 27 Ridderskapet
408 801 42 21 och
467 800 72 22 Adeln
554 802 59 20 samt
623 800 184 27 Borgareståndet
817 800 50 28 god-

118 830 54 22 känt
188 830 151 22 betänkandet
355 830 151 26 oförändradt,
523 832 31 20 att
565 830 164 22 Bondeståndet
739 830 128 22 äfvenledes

116 861 8 19 i
149 860 126 22 hufvudsak
300 860 97 27 godkänt
420 860 162 22 betänkandets
606 860 57 22 både
672 860 138 31 gnotivering
825 860 42 21 och

117 890 66 26 kläm,
200 896 51 15 men
267 890 169 22 återremitterat
453 890 123 22 detsamma
592 890 34 21 för
642 892 32 19 att
690 891 6 20 i
707 891 159 25 motiveringen

117 919 67 22 måtte
208 920 85 27 intagas
314 920 27 21 de
358 922 56 20 mest
429 920 180 22 beaktansvärda
625 920 91 22 delarna
732 920 22 21 af
769 926 97 16 reserva-

116 950 76 21 tionen
208 952 58 19 samt
282 952 31 19 att
325 950 32 21 till
368 950 198 22 hufvudklämmen
578 950 72 21 skulle
660 950 86 27 bifogas
757 949 109 22 särskilda

117 980 111 21 klämmar
250 979 114 27 angående
388 980 268 27 värnepligtsuppbådens
676 980 132 21 inställande
824 980 43 20 och

117 1010 28 21 de
161 1011 126 25 temporära
296 1010 322 26 undantagsförordningarnas
627 1010 163 26 upphäfvande,
804 1010 62 21 hvar-

118 1039 88 21 förutan
230 1039 92 22 Ständet
343 1042 72 19 ansett
435 1038 78 28 frågan
529 1046 36 15 om
582 1046 28 21 ny
626 1040 169 26 regeringsform
811 1040 56 21 böra

117 1069 7 20 i
140 1069 68 21 skildt
224 1069 140 22 betänkande
377 1069 130 26 behandlas,
523 1069 115 22 äfvensom
655 1071 31 20 att
702 1069 165 22 Prästeståndet

117 1097 169 23 återremitterat
322 1099 151 21 betänkandet
501 1099 35 21 för
559 1101 31 19 att
613 1099 158 27 motiveringen
795 1099 71 21 skulle

117 1128 133 22 formuleras
269 1129 8 21 i
292 1129 158 27 hufvudsaklig
466 1129 232 21 öfverensstämmelse
714 1129 49 21 med
775 1129 43 21 den
832 1128 34 21 till

117 1157 150 23 betänkandet
290 1158 79 28 fogade
393 1160 166 20 reservationen
583 1161 57 19 samt
662 1160 31 19 att
709 1157 73 23 säsom
798 1159 68 20 kläm-

118 1194 48 15 mar
182 1188 7 21 i
210 1188 151 21 betänkandet
376 1188 72 22 skulle
465 1189 85 21 införas
567 1191 30 19 ett
612 1188 84 27 förslag
710 1188 33 21 till
758 1187 109 23 underdä-

116 1218 37 27 nig
177 1218 92 27 petition
293 1219 84 26 därom,
394 1219 37 21 det
451 1219 85 21 täcktes
553 1218 60 21 Hans
630 1219 120 26 Kejserliga
766 1218 101 27 Majestät

140 1247 80 22 nåder:

187 1277 21 28 a)
240 1278 134 21 oförtöfvadt
397 1278 110 22 förordna
531 1285 35 15 om
593 1278 156 27 upphäfvande
773 1278 22 21 af
823 1277 43 22 den

117 1309 127 26 temporära
264 1308 158 27 förordningen
447 1308 42 21 den
514 1308 13 21 2
551 1308 56 27 april
626 1307 63 27 1903,
705 1308 67 27 jämte
788 1313 79 16 senare

117 1337 73 22 därtill
206 1338 80 26 fogade
294 1338 81 27 tillägg,
387 1337 115 28 angående
514 1337 102 28 åtgärder
626 1338 35 21 för
674 1337 192 28 upprätthållande

117 1367 22 21 af
163 1367 43 22 den
222 1368 88 26 statliga
326 1368 123 27 ordningen
466 1375 28 14 m.
507 1375 28 14 m.
553 1368 115 21 äfvensom
682 1374 36 15 om
734 1367 132 22 inställande

116 1397 23 21 af
163 1397 26 21 de
206 1397 109 27 åtgärder,
336 1404 49 15 som
401 1397 30 27 på
446 1398 72 26 grund
534 1397 23 22 af
572 1398 52 21 dem
638 1397 103 27 vidtagits
757 1400 60 19 emot
831 1403 35 16 en-

117 1426 73 22 skilda
207 1433 107 21 personer
329 1428 42 20 och
387 1427 138 22 kommuner.

188 1456 23 27 b)
242 1457 113 27 upphäfva
379 1457 66 22 äfven
472 1458 28 21 de
527 1457 71 27 öfriga
621 1457 7 21 i
652 1457 50 21 dem
718 1456 148 28 medföljande

117 1486 89 28 bilagan
243 1487 145 27 uppräknade
424 1487 156 27 författningar
612 1488 58 20 samt
705 1486 86 28 nädigst
824 1486 42 22 för-

186 1527 64 19 Särsk.
263 1528 52 18 Besv.
328 1528 46 19 utsk.
387 1528 32 19 bet.
432 1528 37 19 N:o
482 1529 16 18 1.
