1114 1775
249 173 29 21 36
454 172 258 26 Petitionsbetänkande
727 172 39 25 N:o
782 173 20 23 7.

540 239 36 21 att
613 238 114 28 åtgärder
757 237 146 23 omedelbart
936 238 70 22 måtte

470 267 107 29 vidtagas
591 268 22 27 |i
635 268 62 30 syfte
713 271 34 19 att
770 268 28 22 de
814 267 192 24 administrativa

469 297 234 22 embetsmissbruken
721 298 8 21 i
753 297 99 29 Viborgs
873 297 39 22 län
931 297 75 31 afläg-

471 335 44 14 nas
539 330 62 19 samt
624 327 117 23 särskildt
755 330 34 19 att
804 327 37 22 till
856 327 90 23 embets-
964 327 42 23 och

470 357 139 28 tjänstemän
650 357 126 22 därstädes
816 360 59 19 utses
913 357 93 22 sådana

469 386 123 23 inhemska
611 389 63 23 män,
691 395 51 14 som
759 387 80 22 besitta
856 387 72 28 laglig
944 387 62 22 kom-

465 418 82 27 petens
573 416 41 23 och
634 417 117 29 förmåga
776 419 33 20 att
826 416 112 30 fullgöra
953 417 53 22 sina

469 446 176 29 embetspligter,
661 446 165 30 befolkningen
840 446 37 23 till
885 454 62 21 gagn
964 446 40 23 och

470 476 49 22 icke
535 476 36 22 till
587 483 59 15 men.

328 762 7 20 I
353 762 103 22 ärendets
474 762 134 27 behandling
624 763 65 21 hafva
706 763 91 26 deltagit
819 762 148 22 ordföranden
985 762 21 21 L.

254 792 117 25 Mechelin,
397 792 151 21 ledamöterne
573 792 21 21 L.
620 792 142 27 Gripenberg,
788 792 18 22 J.
831 792 127 26 Grotenfelt,
982 793 24 20 RB.

256 822 148 25 Hermanson,
429 822 18 21 J.
466 822 24 21 R.
508 822 126 26 Danielson,
659 823 25 20 A.
702 822 134 24 Serlachius,
853 823 18 21 J.
888 822 119 22 Schwartz-

256 851 60 27 berg,
334 852 22 21 E.
376 851 99 26 Castrén,
494 852 23 21 K.
536 852 21 21 F.
576 852 103 27 Ignatius,
696 853 23 20 E.
731 848 93 29 Öhman,
837 852 22 21 F.
872 852 134 25 Lundenius,

255 881 26 21 A.
307 881 107 26 Fellman,
439 882 25 21 K.
488 882 34 21 W.
547 882 112 25 Koskelin,
685 882 23 21 O.
734 882 74 21 Nissin
825 882 41 21 och
883 882 24 20 A.
926 882 80 21 Reuter

254 913 60 19 samt
330 911 70 22 delvis
417 912 172 27 suppleanterne
606 912 22 20 F.
645 911 126 27 Stjernvall,
784 912 92 21 friherre
888 912 24 21 V.
925 911 26 21 M.
964 918 42 15 von

255 941 67 26 Born,
340 940 24 22 O.
382 941 89 22 Donner
487 942 41 20 och
544 941 23 21 E.
585 941 75 22 Polon.

329 971 138 26 Helsingfors
484 971 42 21 den
545 973 9 19 1
573 972 55 26 april
646 972 63 21 1905.

332 1529 64 18 Särsk.
410 1528 54 18 Besv.
478 1528 47 17 utsk.
539 1528 33 18 bet.
585 1527 38 19 N:o
637 1529 17 17 4.
