1111 1773
276 142 27 19 10
465 138 248 23 Petitionsbetänkande
730 138 37 23 N:o
784 138 23 22 4.

316 204 59 20 Hvad
404 205 91 19 sträckan
526 204 30 20 till
580 204 122 26 Haapajärvi
734 204 104 26 beträffar,
861 204 61 20 hafva
945 204 53 20 olika

244 234 104 24 meningar
365 233 45 19 icke
425 234 96 24 försports
536 233 100 25 angående
652 234 75 19 banans
742 233 95 25 riktning,
853 232 82 20 hvilken
948 234 49 24 jäm-

245 262 32 19 väl
295 262 68 19 blifvit
379 262 106 20 undersökt
501 262 30 19 till
548 262 62 19 denna
627 265 37 22 ort;
681 269 42 13 men
741 262 85 19 därifrån
842 262 71 19 framåt
927 261 26 20 ha
969 264 29 17 tre

245 290 67 20 skilda
330 290 113 26 riktningar
458 290 152 26 ifrågakommit.
642 290 44 20 Den
702 290 121 25 nordligaste
838 290 22 20 af
873 290 55 20 dessa
945 290 54 20 leder

244 320 65 18 banan
335 319 42 19 från
394 320 121 24 Haapajärvi
539 319 56 25 längs
618 326 58 12 norra
699 319 54 19 sidan
769 319 22 19 af
804 318 111 26 Pyhäjärvi
929 325 70 19 genom

244 348 110 19 Kiuruvesi
371 348 80 26 kyrkby
467 348 31 18 till
514 348 81 20 Iisalmi.
626 348 43 19 Den
681 348 100 19 mellersta
797 348 112 24 riktningen
918 348 81 19 innebär

246 383 24 13 en
293 377 128 25 fortsättning
444 377 22 19 af
487 377 62 19 banan
572 379 40 17 mot
634 377 70 25 sydost
726 377 93 24 antingen
833 376 31 19 till
880 375 119 26 Suonnejoki

246 405 50 19 eller
319 405 126 25 Kurkimäki;
462 405 35 20 och
515 405 93 25 slutligen
624 406 84 19 föresläs
721 406 119 24 järnvägens
856 405 96 25 dragning
967 404 32 19 till

246 433 98 20 Suolahti.

317 474 68 25 Enligt
408 475 38 18 min
470 474 52 25 äsigt
545 474 37 20 kan
608 475 120 19 sistanförda
749 474 89 25 riktning
860 474 44 19 icke
923 474 76 19 komma

246 503 7 19 i
270 503 64 25 fräga,
359 505 46 17 enär
425 503 36 19 den
485 503 24 19 dä
531 503 43 19 icke
598 509 41 13 mer
658 506 60 22 utgör
732 503 63 25 nägon
812 503 101 19 tvärbana.
945 501 54 20 1898

248 531 85 20 —1899
358 531 31 20 års
411 531 172 26 järnvägskomit6
613 531 37 20 har
676 532 30 19 för
732 532 29 18 sin
785 531 31 19 del
839 531 102 25 föreslagit
963 531 36 18 den

246 561 35 18 vid
297 560 76 19 Iisalmi
389 560 106 25 utlöpande
511 561 119 25 riktningen.
655 561 41 19 Mot
712 561 53 18 detta
781 560 74 25 förslag
866 559 60 20 bafva
937 559 63 19 likväl

246 589 7 19 i
270 589 89 25 afgifven
382 589 120 20 reservaiion
523 592 28 16 te
573 589 22 20 af
616 589 97 20 komitens
736 589 124 19 medlemmar
875 588 72 19 uttalat
962 588 37 25 sig,

247 617 158 20 understödande
421 618 30 19 för
467 618 29 18 sin
512 618 31 19 del
558 618 130 19 ofvannämda
703 617 102 20 mellersta
819 617 119 25 sträckning.

320 646 38 19 Vid
375 653 23 12 en
414 646 89 28 opartisk
518 646 145 25 skärskädning
674 647 22 19 af
706 647 69 24 frägan
787 647 61 18 mäste
859 646 59 19 ocksä
929 646 71 19 erkän-

247 681 42 19 nas,
306 678 30 17 att
352 675 62 19 denna
429 675 100 19 mellersta
545 675 89 25 riktning
649 675 92 25 erbjuder
757 675 24 19 de
797 677 73 17 största
881 674 118 19 fördelarna.

247 703 148 25 Sträckningen
419 703 207 20 Ylivieska—lisalmi
650 711 46 12 vore
720 704 117 24 visserligen
854 703 83 25 kortast,
957 709 43 13 men

248 733 66 18 skulle
336 733 7 18 i
366 732 40 19 alla
428 733 37 19 fall
487 732 64 20 lämna
573 733 21 18 åt
616 733 55 18 sidan
696 735 72 17 största
791 732 55 19 delen
870 732 22 19 af
905 732 36 19 den
957 731 42 20 vid-

248 761 89 20 sträckta
364 761 95 26 landsdel,
482 761 60 19 hvars
566 762 201 19 kommunikationers
783 760 134 20 förbättrande
938 761 62 18 banan

248 790 60 19 borde
331 790 49 19 afse.
411 790 104 19 Dessutom
539 790 87 19 kommer
648 790 139 25 ovillkorligen
813 790 39 19 förr
868 789 50 19 eller
932 795 68 13 senare

248 819 32 18 till
304 819 103 19 utförande
430 825 23 12 en
469 819 151 24 föreningsbana
636 819 43 19 från
696 819 101 24 Uleåborg
813 819 31 18 till
861 817 139 26 Kajanabanan

248 847 50 19 eller
320 847 81 20 Iisalmi.
436 847 68 20 Under
522 847 69 20 sådant
613 847 123 20 förhållande
759 847 97 25 uppstode
879 847 34 18 två
935 845 64 26 paral-

248 875 41 21 lela
307 877 62 19 banor
392 876 11 20 &
419 879 29 17 ett
460 876 144 26 jämförelsevis
620 877 68 25 trångt
704 876 77 20 område
797 876 5 19 i
819 883 23 12 en
858 875 54 19 trakt
927 882 41 12 som
984 875 16 25 ej

249 904 39 20 kan
305 905 82 25 erbjuda
403 905 110 25 tillräcklig
529 905 58 19 trafik
604 905 30 19 för
649 905 46 19 flere
711 906 7 18 i
733 911 72 13 samma
821 904 90 25 riktning
919 903 82 26 löpande

249 934 68 19 banor.

319 974 95 19 Däremot
437 974 55 25 löper
515 975 68 24 banan,
600 974 74 25 dragen
690 975 6 18 i
712 975 36 19 den
765 974 100 19 mellersta
880 974 121 25 riktningen,

248 1003 136 25 tvärsigenom
400 1003 63 19 denna
478 1003 128 25 vidsträckta,
622 1010 44 13 men
681 1004 7 19 i
704 1003 92 19 afseende
817 1003 5 19 å
838 1002 163 20 kommunikatio-

250 1038 60 13 nerna
334 1031 114 20 efterblifna
470 1031 95 20 landsdel.
596 1031 54 20 Inom
670 1032 44 19 dess
730 1031 139 20 trafikomräde
886 1031 54 24 falla,
956 1031 45 19 räk-

249 1061 48 18 nadt
320 1060 42 20 frän
387 1061 128 25 Haapajärvi,
538 1060 86 25 följande
647 1061 123 19 kommuner:
799 1060 115 25 Pyhäjärvi,
938 1059 62 20 Pihti-

249 1090 70 24 pudas,
336 1089 115 25 Viitasaari,
467 1089 84 23 Keitele,
568 1089 106 25 Pielavesi,
691 1089 93 24 Vesanto,
799 1089 92 19 Karttula
903 1088 36 20 och
947 1089 54 18 Kuo-

249 1118 33 25 pio
305 1117 65 20 lands-
394 1118 35 19 och
452 1118 153 26 stadskommun,
629 1118 62 19 under
714 1118 32 19 det
761 1117 75 20 Iisalmi
852 1117 150 26 sträokningens

250 1146 143 20 trafikomräde
412 1147 70 19 endast
497 1147 91 19 omfattar
603 1147 118 26 Pyhäjärvi,
737 1147 110 19 Kiuruvesi
863 1149 50 16 samt
927 1145 76 20 Iisalmi

250 1175 66 20 lands-
332 1175 36 20 och
385 1175 173 20 stadskommuner.
596 1175 69 26 Enligt
688 1175 111 20 oftanämda
823 1175 180 25 järnvägskomit6s

250 1204 112 25 beräkning
385 1204 90 25 utgjorde
499 1204 139 25 folkmängden
662 1205 51 18 inom
736 1204 57 19 dessa
812 1204 53 19 olika
880 1204 67 25 linjers
963 1209 40 14 om-

249 1233 71 19 råden:
355 1233 6 18 i
391 1228 117 35 Ylivieska
522 1233 75 19 Iisalmi
620 1233 90 20 området
740 1232 76 25 61,813
844 1232 48 19 eller
915 1232 28 26 7,1
968 1238 35 19 per

250 1261 194 20 kvadratkilometer
464 1257 16 35 —
491 1264 50 17 samt
583 1262 6 19 i
622 1257 120 35 Ylivieska
759 1261 117 20 Kurkimäki
899 1257 12 35 =
918 1261 86 19 omrädet

253 1289 91 26 116,900
361 1289 49 20 eller
426 1289 31 26 9,2
473 1297 34 18 per
523 1290 195 21 kvadratkilometer.
748 1290 29 19 På
793 1295 73 14 samma
880 1292 40 17 sätt
931 1290 72 25 ädaga-

250 1318 61 26 lägga
326 1319 59 19 &fven
401 1319 40 19 alla
456 1319 60 19 andra
531 1319 111 19 statistiska
655 1319 126 25 jämförelser
795 1319 71 19 mellan
882 1318 61 25 sagda
948 1319 54 24 järn-

251 1347 164 26 vägsriktningar
433 1347 106 20 företrädet
554 1348 22 19 af
590 1347 139 26 sträckningen
745 1347 121 19 Ylivieska
882 1342 121 35 Kurkimäki.

321 1388 33 20 Då
368 1387 67 20 härtill
451 1392 51 16 ännu
521 1391 55 22 tages
592 1389 6 19 i
607 1389 136 24 betraktande,
752 1390 30 17 att
798 1387 117 20 Ylivieska
932 1383 71 35 Kurki-

251 1417 54 19 mäki
328 1417 155 25 bansträckning
505 1417 57 20 berör
585 1417 74 26 nejder,
676 1417 69 20 hvilka
769 1417 82 25 erbjuda
872 1417 86 25 tillgång
980 1416 25 25 pä

251 1445 47 20 flere
326 1446 32 19 för
384 1446 123 19 industriella
533 1446 141 25 inrättningars
693 1445 122 26 anläggning
836 1445 84 26 tjänliga
942 1445 63 20 forsar

323 1498 186 22 Järnvägsutskottets
522 1499 109 17 betänkande
644 1498 34 18 N:o
691 1500 17 16 2.
