1111 1773
314 146 245 22 Petitionsbetänkande
579 146 37 22 N:o
632 146 23 22 4.
801 148 28 19 48

112 212 62 24 dagar
197 212 104 24 petitioner
320 212 108 19 framstälts
444 212 72 25 därom,
532 214 29 17 att
577 218 22 12 en
615 212 245 24 sammanbindningsbana

112 240 66 20 blefve
195 240 72 25 dragen
283 240 71 20 mellan
370 240 282 26 Tammerfors
511 236 12 34 —
533 240 117 26 Björneborg
662 240 35 20 och
710 228 150 42 Åbo—Toijala

110 269 108 25 järnvägar
233 272 50 16 samt
298 271 29 17 att
343 269 63 19 denna
421 269 152 25 föreningsbana
589 269 75 20 komme
679 272 29 16 att
723 270 72 18 beröra
803 276 56 18 nyss-

112 298 82 19 nämnda
217 298 150 19 trafikcentrum
390 298 6 18 i
419 297 127 26 Lauttakylä,
569 298 31 19 för
622 301 29 16 att
666 298 86 19 därifrån
768 298 92 19 fortsätta

113 332 68 19 genom
198 326 103 25 Loimijoki
325 326 61 20 älfdal
410 326 36 19 och
462 326 67 26 utlöpa
544 326 33 20 vid
588 326 104 26 Loimijoki
704 327 77 19 station.
797 326 64 20 Dessa

112 356 104 24 petitioner
234 354 60 20 hafva
310 355 21 19 af
345 354 115 20 flerehanda
476 355 44 19 skäl
536 358 50 17 ännu
602 355 43 20 icke
661 355 78 25 lyckats
754 355 106 19 framkalla

112 387 105 21 gynnsamt
239 390 52 13 svar.
322 384 44 19 Men
383 383 24 20 dä
420 384 36 25 jag
470 386 22 17 är
508 384 118 25 öfvertygad
642 391 28 13 om
687 387 29 15 att
731 390 22 13 en
767 384 93 25 järnväg,

112 418 41 13 som
175 413 118 24 genomskär
321 412 70 20 nämda
414 412 67 23 älfdal,
505 412 44 20 med
571 412 54 20 tiden
656 412 66 20 hblefve
741 419 24 13 en
781 412 21 19 af
816 412 45 20 vårt

113 441 56 19 lands
192 444 49 16 mest
264 441 90 19 räntabla
376 442 67 24 banor,
470 441 86 25 djärfves
573 441 35 25 jag
627 448 25 12 nu
668 441 70 25 förnya
754 441 106 25 petitionen

113 470 73 19 därom.
209 469 40 20 Till
265 470 43 19 stöd
325 467 30 22 för
370 470 39 19 min
425 470 92 20 anhållan
533 470 36 20 ber
581 470 36 26 jag
626 470 18 20 få
656 469 103 20 framhålla
767 469 93 26 följande:

182 504 69 26 Enligt
273 504 131 20 innevarande
424 505 31 19 ärs
471 505 143 25 mantalslängd
630 505 76 25 uppgär
721 504 139 26 folkmängden

112 534 6 18 i
136 533 149 26 ifrågavarande
309 533 61 19 älfdal
393 533 31 19 till
441 533 77 26 53,646
534 540 99 19 personer.
663 533 9 19 I
688 540 23 12 en
727 534 21 18 af
759 533 101 26 juriskan-

113 562 77 20 didaten
208 562 23 19 A.
247 562 90 20 Mikkola
353 562 89 25 utgifven
459 562 94 20 kalender
565 562 96 26 angifves,
673 564 29 17 att
709 562 52 20 inom
769 562 43 19 dess
821 568 40 13 om-

113 591 46 19 räde
183 590 63 20 finnas
266 590 25 20 81
312 590 115 20 industriela
446 591 137 25 inrättningar,
602 591 22 19 af
636 590 70 20 hvilka
721 591 31 19 mä
767 590 94 20 framhäl-

113 619 30 20 las
159 620 26 19 44
205 620 90 25 mejerier
310 623 49 16 samt
375 619 26 20 20
417 620 47 25 äng-
480 620 36 19 och
532 620 132 25 vattensägar,
680 619 134 20 hvarförutom
834 619 26 19 96

113 648 165 20 landthandlande
295 648 47 20 idka
358 655 22 13 en
396 648 64 20 delvis
476 648 109 20 vidsträckt
601 648 72 20 rörelse
689 648 11 20 &
716 655 72 13 samma
799 648 60 25 gebit.

113 676 161 20 Lokaltrafikens
297 677 75 19 storlek
395 677 38 19 kan
457 677 90 20 bedömas
567 677 57 20 äfven
642 677 62 27 däraf,
720 680 27 16 att
763 677 98 25 ängbäten

114 721 5 9 s
121 706 149 26 Lauttakylä't,
293 712 41 13 som
356 706 106 20 förmedlar
480 706 127 20 samfärdseln
623 706 70 19 mellan
710 706 83 25 Kyttälä
806 706 55 24 järn-

113 735 121 25 vägsstation
251 734 35 20 och
302 734 128 25 Lauttakylä,
447 734 60 20 under
522 737 76 17 senaste
615 735 136 25 seglationstid
761 734 100 20 befordrat

114 770 59 12 varor
195 763 31 19 till
244 763 109 25 1,054,777
371 763 41 19 kilo
428 764 84 19 förutom
528 763 61 25 7,000
607 764 55 25 kolly
678 763 60 19 andra
753 763 107 19 försändel-

114 799 37 17 ser,
169 794 49 18 samt
241 795 29 17 att
292 792 217 26 passagerarebiljetter
532 792 30 20 för
584 799 72 13 samma
679 792 28 19 tid
724 792 78 20 försälts
817 792 44 19 icke

113 821 75 19 mindre
210 824 24 16 än
258 821 62 25 4,950
344 821 88 25 stycken.
464 821 83 25 Hvittis,
570 820 126 20 Punkalaitio
712 821 34 19 och
764 820 97 25 Vampula

114 850 91 25 mejerier
227 850 82 19 afsända
332 850 75 25 årligen
431 853 22 15 ut
467 850 7 19 i
490 850 186 19 världsmarknaden
692 850 91 24 omkring
798 849 63 24 9,000

115 878 78 20 drittlar
215 882 58 24 smör,
289 885 40 13 som
338 885 25 12 nu
379 878 30 20 för
425 878 51 20 tiden
494 878 70 20 forslag
579 878 43 20 med
638 878 44 20 häst
697 878 12 20 2
725 880 12 19 &
752 878 11 20 3
780 878 34 19 mil
830 878 31 19 till

111 907 224 26 järnvägsstationerna.
363 907 98 25 Slutligen
476 908 32 19 mä
522 911 51 16 ännu
590 908 86 25 päpekas
691 907 36 19 den
738 907 123 20 oberäknade

113 937 72 24 mängd
207 939 79 22 export-
302 936 37 19 och
348 937 163 24 importartiklar,
528 940 12 16 t.
557 943 31 13 ex.
604 936 95 25 spanmäl,
714 936 146 25 skogsproduk-

115 969 36 21 ter,
170 965 114 25 jordbruks-
302 965 36 20 och
354 965 60 19 andra
430 965 91 25 redskap,
538 972 39 12 som
593 965 22 19 af
630 965 138 25 befolkningen
784 965 6 18 i
806 965 56 19 dessa

115 994 81 25 bördiga
219 993 36 20 och
275 997 38 16 tätt
332 994 88 19 bebodda
436 994 76 19 trakter
528 993 121 20 framforslas
665 993 43 20 frän
724 994 35 19 och
775 993 31 19 till
822 996 39 17 stä-

115 1023 60 18 derna
198 1022 36 20 och
255 1023 212 25 järnvägstationerna.
497 1023 43 18 Allt
562 1023 53 19 detta
631 1022 65 20 blefve
712 1029 23 12 en
750 1024 40 17 rätt
805 1023 56 24 bety-

115 1051 62 20 dande
200 1051 66 20 faktor
289 1051 5 19 i
311 1052 85 19 trafiken
412 1051 11 20 &
438 1058 23 13 en
475 1050 86 27 järnväg
575 1057 69 18 genom
660 1051 104 25 Loimijoki
780 1051 81 19 floddal.

183 1085 53 20 Enär
251 1086 72 19 mellan
339 1078 43 27 Åbo
399 1086 36 19 och
450 1086 115 20 Stockholm
580 1086 57 19 äfven
655 1086 92 19 vintertid
757 1085 105 25 regelbun-

115 1114 36 20 den
167 1115 250 24 ängbätskommunikation
435 1118 47 22 äger
498 1121 49 18 rum,
563 1115 86 19 kommer
664 1106 43 28 Äbo
722 1117 50 16 ännu
788 1117 73 16 merän

115 1143 41 19 förr
171 1146 27 16 att
214 1143 95 20 förmedla
325 1144 36 18 den
377 1143 105 19 utländska
499 1143 83 20 handeln
598 1144 30 18 för
638 1143 140 25 befolkningen
788 1142 6 19 i
806 1142 55 20 Sata-

115 1172 62 19 kunta
199 1172 36 19 och
257 1175 14 16 t.
296 1178 17 13 o.
336 1179 25 13 m.
385 1172 57 19 södra
466 1168 131 28 Österbotten,
614 1171 114 26 isynnerhet
744 1171 57 20 sedan
817 1171 46 19 värt

114 1201 132 25 järnvägsnät
269 1201 100 25 utvidgats
392 1201 43 19 med
451 1208 22 12 en
490 1201 56 25 bana,
562 1207 41 13 som
619 1200 103 26 utlöpande
738 1200 42 20 frän
797 1199 66 20 Seinä-

112 1230 43 25 joki
183 1230 78 18 förenar
284 1230 31 24 sig
337 1230 44 18 med
404 1224 139 35 Tammerfors
552 1230 148 24 —Björneborgs
721 1229 91 25 järnväg,
839 1228 24 20 dä

115 1258 36 19 den
168 1258 250 26 sammanbindningsbana,
432 1258 36 26 jag
484 1258 35 19 här
534 1258 108 26 föreslagit,
658 1258 76 19 komme
749 1260 28 17 att
793 1260 70 22 utgöra

115 1293 22 13 en
154 1287 87 25 naturlig
256 1287 129 25 fortsättning
400 1287 22 19 af
436 1287 118 25 nyssnämda
569 1287 85 20 sträcka.

184 1322 45 19 Man
245 1322 52 20 skall
313 1322 96 19 måhända
424 1322 93 24 invända,
533 1325 29 16 att
577 1314 44 27 Åbo
637 1322 36 19 och
688 1322 131 25 Björneborgs
830 1321 32 19 län

113 1350 94 26 jämfördt
227 1351 43 19 med
286 1351 64 25 öfriga
366 1351 31 19 län
414 1351 78 25 intager
507 1357 22 13 en
546 1351 22 19 sä
583 1350 104 25 förmänlig
702 1350 94 25 ställning
811 1349 52 20 hvad

113 1379 108 25 järnvägar
245 1379 97 20 beträffar
361 1382 29 16 att
406 1379 107 19 detsamma
528 1380 30 18 för
573 1379 59 25 länga
647 1378 51 20 tider
714 1379 16 25 ej
746 1382 22 16 är
783 1379 6 18 i
804 1378 61 20 behof

115 1408 21 19 af
159 1408 60 25 några
242 1415 45 19 nya.
317 1408 118 20 Påståendet
458 1411 22 17 är
502 1408 6 19 i
528 1408 39 19 alla
582 1408 36 19 fall
634 1408 42 20 icke
692 1406 125 26 berättigadt,
834 1409 29 17 att

115 1436 52 20 sluta
188 1436 22 20 af
224 1436 23 20 de
263 1437 107 25 uppgifter,
386 1443 40 13 som
443 1436 99 20 meddelas
557 1437 6 19 i
579 1436 73 20 Finska
665 1437 141 25 järnvägarnes
819 1435 45 20 offi-

115 1465 49 19 ciela
186 1466 89 18 statistik
298 1465 33 19 vid
355 1466 99 24 utgången
478 1466 21 19 af
520 1466 22 18 år
565 1465 58 21 1902,
654 1465 30 20 Ur
699 1465 62 19 denna
777 1464 87 25 framgår

185 1511 186 23 Järnvägsutskottets
383 1512 110 17 betänkande
507 1511 33 18 N:o
553 1512 16 17 2.
