1111 1775
229 130 29 21 22
418 128 277 24 Petittonsbetänkande
712 128 44 22 N:o
772 128 21 22 7.

230 195 22 21 af
262 195 57 21 1904
335 195 90 21 besatts.
445 194 31 21 En
489 194 253 26 kronolänsmanstjänst
751 194 6 20 i
766 193 138 21 förstnämda
912 193 69 21 härad

229 225 41 21 har:
281 224 111 22 likaledes
400 224 53 22 stått
460 226 74 25 öppen
550 224 100 21 altsedan
666 230 60 16 mars
744 223 57 21 1904
818 223 42 26 och
871 222 111 22 därunder

230 254 120 22 handhafts
364 254 22 21 af
399 254 36 21 två
443 254 108 26 vikarier;
560 260 27 14 en
597 260 73 14 annan
680 254 7 20 i
696 253 96 22 Stranda
800 253 69 21 härad
879 253 41 20 har
927 252 56 21 efter

229 285 61 20 förre
299 284 174 21 innehafvarens
482 283 80 27 afgång
570 284 71 21 under
646 290 79 14 senare
731 283 64 21 delen
805 283 21 21 af
840 282 85 21 år1903
936 282 47 21 haft

230 314 19 26 ej
275 314 87 21 mindre
383 315 27 19 än
432 314 49 26 fyra
503 313 149 26 innehafvare,
674 313 64 21 däraf
753 319 27 15 en
797 312 117 25 ordinarie,
932 318 50 14 men

230 350 40 14 var
286 344 37 20 vid
340 344 79 26 början
435 344 23 20 af
474 342 25 22 år
517 343 56 21 1905
589 343 58 27 ånyo
658 343 88 21 vakant.
764 342 218 26 Länsmanstjänsten

230 374 8 20 i
254 373 82 27 Björkö
353 374 42 20 och
411 373 25 21 St
451 373 107 21 Johannis
575 373 107 21 socknars
692 372 87 21 distrikt
797 372 39 21 har
852 372 18 26 ej
888 371 47 21 haft
951 377 32 15 or-

231 404 86 20 dinarie
333 404 144 20 innehafvare
495 403 68 21 sedan
580 403 81 21 medlet
677 402 23 22 af
715 402 40 27 juli
771 401 25 22 år
813 402 63 21 1904.

303 433 63 21 Huru
389 434 122 25 tjänsterna
535 432 70 22 under
625 432 85 21 sådana
731 431 153 22 förhållanden
913 431 71 21 blifvit

231 463 74 21 skötta
325 464 25 20 är
371 463 40 21 lätt
426 465 31 19 att
473 463 54 21 inse.
545 462 77 21 Härtill
638 462 56 21 skall
711 462 109 22 Utskottet
836 461 75 27 längre
927 461 56 21 fram

231 492 144 22 återkomma.

304 522 49 22 Men
377 523 7 21 i
408 522 62 28 fråga
491 528 36 15 om
549 522 185 21 karaktäristiken
757 522 22 20 af
795 521 41 21 den
854 520 129 22 nuvarande

233 552 177 21 administrativa
425 551 234 27 tjänstemannakåren
674 552 6 20 i
692 551 94 27 Viborgs
798 551 43 25 län,
850 551 133 21 åtminstone

232 582 61 21 inom
318 582 27 22 de
362 582 59 27 lägre
442 582 115 27 graderna,
575 581 36 22 må
627 582 41 21 här
683 580 130 23 framhållas
830 583 30 19 att
876 581 48 21 icke
941 580 43 22 alla

232 612 52 21 dess
310 612 144 21 medlemmar
477 612 127 27 obetingadt
626 618 40 15 ens
682 611 77 21 kunna
774 612 52 26 göra
843 610 96 27 anspråk
955 609 29 28 på

233 644 32 19 att
280 641 87 28 åtnjuta
383 642 168 27 medborgerligt
568 641 134 22 förtroende.
730 641 77 21 Denna
823 641 162 26 omständighet

232 672 42 20 har
290 671 87 22 erhållit
393 672 35 21 sin
444 671 116 28 belysning
576 671 135 26 exempelvis
729 677 79 20 genom
825 671 97 26 följande
938 670 45 21 fall.

233 701 43 21 Vid
293 708 27 15 en
338 702 127 21 häradsrätt
481 701 13 21 å
510 701 74 21 landet
600 701 58 21 hade
674 707 28 15 en
718 700 174 27 poliskonstapel
909 699 74 22 åbero-

234 733 50 25 pats
300 731 32 21 till
355 732 75 25 vittne,
447 737 51 15 men
514 731 67 21 tilläts
598 731 18 26 ej
634 730 84 27 aflägga
734 730 144 25 vittneseden,
896 729 29 23 då
940 730 43 21 han

234 761 18 26 ej
270 767 40 15 var
330 761 91 21 försedd
442 761 50 21 med
509 761 133 26 fräjdebevis
659 761 41 20 och
716 762 72 19 rätten
805 760 18 26 ej
840 760 74 21 kunde
931 765 53 15 anse

234 791 44 21 den
302 791 163 26 omständighet
489 793 31 18 att
543 791 43 20 han
608 791 109 21 innehade
734 790 122 26 befattning
872 790 7 20 i
896 790 35 21 det
947 789 36 21 all-

234 822 95 19 männas
353 821 67 26 tjänst
443 821 78 26 utgöra
544 820 62 21 bevis
629 827 36 14 om
689 820 43 27 god
753 819 64 27 fräjd,
838 819 93 21 emedan
949 819 35 21 det

235 857 53 14 vore
312 851 69 20 kändt
404 852 31 19 att
460 851 59 20 inom
544 849 126 28 poliskåren
694 849 81 21 funnes
795 849 66 22 äfven
878 849 47 21 icke
941 848 58 21 väl-:

234 880 102 26 fräjdade
354 886 112 21 personer.
499 880 40 21 Vid
556 879 127 27 afgifvande
700 879 22 21 af
738 879 43 21 den
799 879 126 26 förklaring,
937 885 46 14 som

235 910 51 20 med
303 910 120 26 anledning
439 909 65 21 häraf
520 910 22 20 af
558 910 110 20 hofrätten
685 909 138 21 affordrades
839 910 83 19 rättens
938 908 47 21 ord-

235 939 101 26 förande,
352 946 41 14 var
409 940 71 21 denne
485 934 14 36 i
519 939 85 21 tillfälle
621 941 31 19 att
665 939 81 26 styrka,
759 940 31 19 att
801 938 23 21 af
834 938 27 21 de
873 944 112 21 personer,

235 975 49 15 som
302 968 28 28 på
347 969 78 22 hösten
441 969 25 21 år
479 969 56 21 1903
546 969 102 21 tillhörde
660 968 127 27 poliskåren
807 968 6 21 i
824 968 94 26 Viborgs
930 967 55 26 stad,

236 1005 28 15 en
282 999 42 21 och
341 999 74 21 därtill
431 1006 26 14 en
470 998 22 22 af
503 999 200 24 kommissarierne,
715 998 59 21 förut
785 998 118 21 omnämde
914 997 72 22 Johan

236 1028 151 27 Kaitokangas
403 1028 72 21 blifvit
491 1029 22 21 af
529 1028 93 22 domstol
640 1028 44 21 fäld
696 1028 35 21 för
742 1028 126 26 afgifvande
888 1027 22 21 af
920 1027 67 21 falskt

235 1058 136 26 vittnesmål,
394 1059 80 21 medan
498 1065 27 14 en
549 1058 116 26 konstapel
689 1058 25 21 år
739 1057 57 22 1880
818 1058 72 20 dömts
907 1059 31 19 att
953 1057 34 21 för

236 1088 148 26 förfalskning
393 1088 65 21 mista
469 1090 61 24 äran,
543 1090 57 19 samt
608 1094 27 15 en
644 1088 123 26 konstapel,
777 1087 133 21 tillhörande
919 1086 68 22 landt-

237 1118 88 26 polisen
342 1118 6 21 i
365 1118 94 27 Viborgs
476 1118 88 25 socken,
580 1118 56 20 varit
648 1118 66 20 dömd
731 1118 34 20 för
783 1118 87 20 fortsatt
889 1116 97 22 snatteri.

311 1147 78 22 Såsom
414 1148 70 21 redan
507 1148 92 26 tidigare
623 1148 84 20 anförts
729 1149 24 19 är
774 1147 36 21 det
832 1147 48 21 icke
905 1146 84 26 möjligt

237 1177 36 22 för
290 1178 109 21 Utskottet
410 1180 31 19 att
458 1178 122 21 framställa
599 1183 27 16 en
643 1177 29 27 på
689 1176 106 27 bevisliga
811 1176 61 22 fakta
888 1176 100 27 grundad

237 1207 170 27 fullständigare
428 1207 45 22 bild
495 1207 22 21 af
539 1207 41 21 den
598 1207 129 21 nuvarande
743 1205 246 28 tjänstemannakårens

237 1237 7 20 i
262 1237 60 21 länet
330 1237 98 27 värkliga
437 1237 157 26 beskaffenhet,
604 1237 58 21 hälst
670 1236 167 22 vederbörande
849 1236 106 27 chefskap
968 1236 19 26 ej

238 1268 26 19 är
280 1267 126 27 tillräckligt
422 1267 109 21 medvetet
548 1273 35 15 om
600 1267 34 20 sin
651 1267 53 26 pligt
721 1269 30 18 att
773 1266 120 21 öfvervaka
908 1266 27 21 de
952 1272 37 15 un-

238 1297 142 21 derordnade
402 1297 178 26 tjänstemännen
601 1297 35 20 för
652 1299 29 18 att
698 1297 37 20 vid
752 1297 86 26 yppade
855 1295 134 22 missförhål-

239 1326 82 22 landen
346 1327 95 21 anställa
465 1327 164 26 undersökning
652 1327 42 20 och
711 1326 104 21 befordra
832 1326 42 21 den
891 1325 98 28 skyldige

238 1356 34 21 till
297 1356 50 27 laga
364 1358 72 25 näpst.
469 1356 154 21 Betecknande
640 1356 6 21 i
662 1356 105 21 afseende
783 1355 13 22 ä
806 1362 27 15 en
842 1355 35 21 del
887 1355 22 21 af
918 1355 72 21 denna

237 1386 219 26 tjänstemannakärs
488 1386 119 21 moraliska
638 1385 137 27 ståndpunkt
808 1387 24 19 är
861 1385 57 21 hvad
942 1391 47 14 som

238 1416 81 26 inlupit
345 1416 114 26 angående
483 1416 58 21 förre
564 1415 217 22 kronolänsmannen
803 1415 7 21 i
832 1415 111 21 Ruskeala
961 1415 30 20 di-

239 1445 65 21 strikt
326 1445 84 22 Arthur
434 1445 116 21 Fabritius.
583 1445 35 22 Uti
638 1445 196 26 tjänsteskrifvelse
852 1445 22 20 af
898 1445 42 20 den
964 1444 25 21 11

312 1486 61 18 Särsk.
387 1487 52 18 Besv.
452 1487 45 17 utsk.
511 1487 31 17 bet.
555 1486 37 19 N:o
604 1485 18 20 4.
