1109 1775
235 159 22 19 18
464 160 218 19 Motionsbetänkande
695 161 38 18 N:o
745 160 16 19 1.

307 221 20 19 2.
359 221 41 19 Gör
424 221 66 25 nägon
515 222 70 24 oloflig
607 222 121 25 försäljning
752 222 47 20 eller
814 222 138 24 utskänkning
969 222 21 20 af

233 251 121 25 rusdrycker
369 251 31 19 till
416 251 48 25 yrke
481 251 47 19 eller
543 258 61 16 vana,
622 252 83 20 straffes
722 253 45 19 med
783 252 99 24 fängelse.

309 281 18 18 3.
357 281 45 18 Den
425 281 31 18 till
479 281 46 19 salu
548 281 69 19 hållna
640 288 65 13 varan
721 283 54 18 samt
792 283 24 18 de
831 282 51 22 kärl,
899 282 7 19 i
922 282 69 19 hvilka

235 310 39 19 den
290 309 101 23 förvaras,
409 317 48 13 vare
473 311 112 19 förbrutna.

585 377 26 19 30
629 376 19 27 &.

310 419 17 18 1.
359 419 65 24 Säljer
447 419 114 20 tillverkare
585 419 22 19 af
624 419 120 25 rusdrycker
760 418 47 20 eller
821 418 131 20 innehafvare
969 419 21 18 af

235 448 182 25 distilleringsverk
433 449 6 18 i
455 450 65 19 annat
536 451 26 17 än
579 449 34 19 det
633 449 1 18 i
657 449 4 18 1
681 447 12 28 &
712 449 12 18 3
741 455 58 13 mom.
812 449 132 19 omförmälda
954 449 36 18 fall

235 479 32 18 sin
282 478 130 25 tillverkning
420 479 30 18 till
459 485 69 13 annan
537 481 26 17 än
572 479 166 24 utminuterings-
747 479 47 18 eller
802 479 186 24 utskänkningsbo-

234 508 40 24 lag,
300 508 63 25 plikte
387 508 44 19 frän
455 509 38 19 och
518 509 45 19 med
586 509 120 18 femhundra
729 509 30 18 till
779 509 38 18 och
833 509 44 18 med
893 509 96 19 tvätusen

234 538 58 19 mark
308 538 39 19 och
362 538 62 19 hafve
440 539 74 24 jemväl
529 539 107 19 förvärkat
644 539 31 18 sin
690 538 150 25 tillverknings-
852 538 46 19 eller
906 538 84 19 distille-

233 568 104 24 ringsrätt.

308 598 18 19 3.
353 598 72 25 Bryter
440 599 41 19 han
497 599 120 19 annorledes
633 600 55 18 emot
703 598 109 20 föreskrift,
830 604 44 14 som
884 598 104 24 angäende

233 628 117 19 tillverkare
367 628 6 19 i
390 628 67 19 denna
480 628 117 24 förordning
621 628 118 22 meddelats,
765 628 82 19 straffes
870 629 46 18 med
932 629 57 18 böter

233 657 45 19 frän
296 658 38 19 och
351 658 45 19 med
413 658 109 19 etthundra
537 658 31 19 till
587 658 38 20 och
641 658 45 19 med
701 658 121 19 femhundra
838 658 61 18 mark.

584 724 24 18 31
628 722 19 28 &.

312 772 17 18 1.
361 772 116 18 Uraktläter
498 772 45 22 den,
561 777 44 14 som
628 772 93 19 handhar
736 772 144 23 utminutering
896 771 46 19 eller
957 772 32 18 ut-

235 801 122 24 skänkning,
377 802 31 18 att
427 802 94 24 iakttaga
536 801 34 19 vid
586 802 166 24 utminuterings-
769 801 46 19 eller
830 801 159 24 utskänknings-

233 831 136 24 rättighetens
393 831 115 25 beviljande
527 831 118 19 meddelade
661 831 125 19 föreskrifter
802 830 47 20 eller
864 830 125 20 öfverträder

233 860 42 20 han
299 861 120 19 annorledes
443 861 67 19 denna
534 861 128 25 förordnings
679 861 128 24 stadganden
828 860 105 25 angäende
957 861 31 18 ut-

234 891 123 24 minutering
381 890 46 20 eller
450 891 145 24 utskänkning,
620 891 62 24 plikte
698 890 44 19 frän
759 891 38 19 och
813 891 44 18 med
874 890 115 19 tvähundra

235 920 31 19 till
283 921 38 18 och
337 921 46 18 med
399 921 119 19 femhundra
534 921 63 22 mark,
615 921 38 18 och
676 921 68 22 varde,
761 920 34 19 vid
811 919 85 22 äterfall,
913 919 76 20 förkla-

234 950 37 19 rad
287 950 97 25 olämplig
401 951 31 18 att
447 951 6 18 i
469 951 107 18 framtiden
593 950 55 25 dylik
663 951 130 18 verksamhet
808 950 78 19 utöfva.

308 980 19 19 2.
359 981 50 18 Sker
433 980 159 20 öfverträdelsen
616 981 45 18 med
679 980 87 25 vetskap
785 979 47 20 eller
848 979 104 26 samtycke
968 979 21 19 af

233 1009 168 25 utminuterings-
418 1005 7 34 —
433 1010 46 19 eller
504 1010 245 25 utskänkningsbolagets
775 1009 141 20 föreståndare
942 1009 47 19 eller

233 1041 37 22 gör
293 1041 65 18 denne
383 1040 46 25 sjelf
452 1041 31 24 sig
506 1040 79 25 skyldig
608 1040 31 19 till
655 1039 65 20 sädan
737 1039 150 22 öfverträdelse,
905 1038 82 20 straffes

233 1067 53 29 som"
301 1076 50 19 nyss
375 1071 23 18 är
421 1071 60 24 sagdt
500 1070 38 19 och
554 1076 48 13 vare
618 1071 73 24 genast
715 1070 52 19 skild
789 1069 45 19 frän
858 1069 32 19 sin
911 1068 75 19 befatt-

233 1099 49 25 ning
305 1100 34 19 vid
363 1100 100 25 äfventyr,
481 1100 31 19 att
530 1099 82 25 bolaget
627 1101 6 18 i
649 1101 65 18 annat
729 1099 36 20 fall
781 1099 40 19 kan
837 1098 102 20 förklaras
956 1099 31 19 sin

233 1129 167 25 utminuterings-
418 1130 47 19 eller
480 1130 193 24 utskänkningsrätt
687 1129 110 24 förlustigt.

583 1195 26 20 32
626 1194 19 28 &.

306 1243 56 19 Huru
379 1244 140 19 föreständare
534 1244 33 18 för
582 1242 201 25 utskänkningställe
794 1242 36 19 bör
841 1241 91 22 straffas,
944 1247 44 13 som

233 1272 76 20 lemnar
333 1274 89 18 drucken
446 1279 72 19 person
542 1274 50 18 utan
616 1273 62 23 nödig
696 1272 51 20 värd
763 1272 47 19 eller
825 1270 164 20 tillhandahäller

232 1303 100 25 rusdryck
347 1303 23 19 ät
384 1304 89 18 drucken
490 1303 46 19 eller
552 1303 23 19 ät
591 1303 44 21 den,
653 1308 45 14 som
715 1303 17 23 ej
741 1302 46 25 fyllt
795 1302 77 19 femton
881 1300 28 23 är,
920 1301 68 19 derom

232 1333 87 24 stadgas
335 1333 6 18 i
357 1334 126 23 strafflagen.

581 1374 27 19 33
625 1373 18 27 &.

308 1417 16 19 1.
356 1417 98 19 Beträdes
477 1417 45 21 den,
547 1422 44 14 som
613 1417 22 18 är
651 1416 72 24 pliktig
739 1416 31 18 att
786 1414 57 20 ätala
858 1413 130 26 förbrytelser

234 1447 55 19 emot
313 1447 67 19 denna
399 1446 122 24 förordning,
538 1446 46 24 sjelf
601 1446 43 19 med
662 1445 69 24 oloflig
747 1444 120 25 försäljning
886 1444 46 18 eller
956 1444 32 18 ut-
