1114 1759
241 162 28 20 22
380 160 86 23 Ständ.
484 161 53 23 Pet.
555 174 27 2 —
598 161 175 23 Petitionsbet.
791 161 41 22 N:o
850 161 20 21 7.

241 233 184 29 naltaxeringen
444 234 8 20 i
471 239 31 16 en
529 232 203 29 landskommun,
759 232 83 22 hvilka
869 232 135 23 inlämnats

242 267 49 22 den
310 267 28 22 15
356 266 107 23 februari
483 267 56 23 1904
557 267 47 22 och
623 267 131 23 hvaröfver
772 267 168 23 kommunens
956 267 48 23 för-

242 301 96 29 klaring
356 301 134 22 inkommit
508 301 48 22 den
576 301 27 22 17
621 301 141 30 påföljande
778 308 72 21 mars,
863 301 139 23 sökandens

241 335 151 23 bemötande
416 335 154 23 infordrades
597 336 60 22 först
676 336 48 22 den
742 336 28 21 24
789 335 136 27 december,
944 336 59 23 såle-

243 370 42 23 des
305 371 41 21 nio
366 370 119 23 månader
503 377 92 16 senare.

313 404 47 23 Till
387 405 46 22 och
461 405 58 22 med
546 404 31 23 då
602 405 40 22 det
666 404 75 29 gäller
760 405 86 22 enbart
864 405 138 29 expedition

242 439 86 22 kunna
348 439 119 29 dröjsmål
486 440 31 29 på
536 439 120 22 månader
673 439 162 22 förekomma.
874 439 129 22 Sålunda
988 435 18 39 i

242 475 33 20 ett
293 473 50 29 fall,
363 473 31 23 då
413 473 58 24 med
489 473 133 30 anledning
646 474 26 22 af
688 481 32 15 en
738 473 117 23 anmälan
875 481 41 15 om
936 474 68 22 miss-

242 508 57 29 nöje
319 508 57 23 med
401 511 33 20 ett
458 509 159 28 försiggånget
641 508 227 23 fiskevattensskifte
886 511 118 26 guvernö-

242 549 44 16 ren
305 543 8 21 i
332 543 133 22 resolution
493 543 26 22 af
540 543 47 22 den
613 543 27 22 17
662 542 130 23 december
811 542 55 23 1903
886 543 62 28 ålagt
966 545 38 20 sö-

243 577 99 22 kanden
368 579 34 20 att
425 578 69 21 inom
520 584 40 15 sex
583 577 119 22 månader
721 577 106 21 därefter
846 577 45 20 låta
912 577 33 20 till
965 584 39 15 ve-

243 611 123 30 derbörlig
385 611 107 24 domstol
517 611 133 23 instämma
674 611 146 29 skifteslaget
844 613 63 20 samt
926 611 79 23 seder-

243 645 120 30 dermera,
383 647 59 22 efter
460 646 118 23 särskilda
598 647 140 28 omgångar,
752 647 6 21 i
773 646 134 22 resolution
920 646 26 22 af
956 645 46 23 den

241 680 29 23 28
288 681 142 29 påföljande
445 681 99 29 januari
562 681 78 22 beslöt
659 680 146 23 öfversända
824 680 178 29 handlingarna

242 715 8 21 i
269 715 101 22 ärendet
394 715 35 22 till
453 715 155 29 magistraten
627 716 8 21 i
652 715 92 29 Viborg
768 715 38 22 för
830 717 33 20 att
886 715 117 22 tillställas

242 749 141 23 sökandens
402 749 45 23 där
468 750 94 22 bosatta
581 749 104 29 ombud;
704 749 74 30 sagda
798 749 145 29 handlingar
962 756 41 15 an-

242 783 104 23 kommo
372 785 123 28 nämligen
520 784 35 22 till
576 785 156 28 magistraten
751 784 61 22 först
830 783 47 22 den
896 784 28 22 30
942 783 61 30 april

244 818 63 28 1904,
326 819 47 22 och
393 819 63 22 hade
470 819 70 22 deras
559 818 178 30 expedierande
756 819 54 22 från
829 818 173 29 länestyrelsen

242 853 65 29 förty
326 853 121 23 erfordrat
465 861 30 15 en
514 853 34 22 tid
567 853 26 22 af
608 856 36 19 tre
663 853 126 22 månader.

313 883 142 34 Ödesdigert
474 888 47 22 blir
539 887 105 23 berörda
663 887 221 27 missförhållande,
904 887 30 22 då
954 887 49 22 det-

242 929 97 15 samma
359 922 45 23 har
422 923 35 22 till
477 922 91 30 påföljd
588 924 33 21 att
639 929 123 22 personer,
782 929 54 15 som
855 922 123 22 inmanats
995 922 7 21 i

242 957 245 28 ransakningshäkte,
506 956 92 29 nödgas
617 956 45 23 där
680 957 124 28 tillbringa
823 956 82 29 längre
923 956 34 22 tid
971 958 31 20 än

241 991 40 28 lag
300 991 139 29 medgifver.
479 991 35 23 Då
534 992 79 28 någon
632 991 38 22 för
688 991 66 22 brott
773 990 129 23 misstänkt
914 997 88 23 person

242 1025 88 22 häktas
350 1026 26 22 af
391 1025 185 24 vederbörande
594 1025 214 30 polismyndighet,
823 1025 45 22 bör
881 1025 121 29 nämligen

242 1059 83 23 denna
344 1060 88 23 därom
452 1060 152 23 omedelbart
623 1060 142 23 underrätta
784 1062 153 27 guvernören
956 1060 46 22 och

242 1094 117 23 tillsända
378 1094 80 23 denne
483 1095 40 22 det
541 1095 40 22 vid
606 1095 47 22 den
672 1094 179 23 förberedande
871 1093 132 24 undersök-

243 1129 91 29 ningen
360 1129 69 23 förda
454 1129 212 30 polisprotokollet
690 1130 47 22 och
756 1129 76 28 öfriga
852 1128 151 29 handlingar,

244 1163 85 23 hvilka
349 1163 140 23 sedermera
508 1164 26 22 af
549 1166 153 27 guvernören
722 1164 145 28 öfverstyras
886 1163 35 22 till
934 1163 69 23 dom-

243 1198 88 28 stolen,
350 1198 46 23 där
414 1199 180 28 ransakningen
613 1198 46 23 bör
676 1198 97 29 vidtaga
787 1198 7 22 i
808 1197 52 23 stad
873 1198 69 22 inom
955 1199 48 21 åtta

241 1231 66 30 dygn
335 1233 47 22 och
409 1234 31 28 på
464 1233 83 22 landet
566 1235 80 20 senast
664 1240 31 15 en
715 1232 93 23 månad
827 1232 58 22 efter
904 1232 39 22 det
962 1239 41 15 an-

241 1266 85 23 mälan
352 1274 42 15 om
420 1267 148 30 häktningen
593 1267 68 22 skett.
699 1267 53 22 Fall
777 1267 72 22 hafva
869 1266 133 23 emellertid

241 1300 80 24 under
348 1301 30 23 de
403 1302 39 22 två
461 1302 57 22 sista
537 1302 57 22 åren
613 1302 114 27 inträffat,
747 1301 32 23 då
799 1300 105 23 häktade
923 1307 80 23 perso-

240 1342 46 15 ner
311 1336 36 22 till
375 1336 59 29 följd
454 1337 27 22 af
496 1335 184 24 vederbörande
699 1337 161 28 tjänstemans
879 1335 40 22 vid
939 1335 64 23 läne-

240 1370 119 29 styrelsen
378 1370 153 23 vårdslöshet
549 1371 80 22 hållits
648 1371 40 22 två
707 1370 121 23 månader
846 1369 47 24 och
912 1377 67 15 mera
995 1371 7 21 i

240 1405 246 29 ransakningshäkte,
512 1405 147 30 exempelvis
684 1405 31 22 då
740 1412 31 15 en
796 1405 38 22 för
852 1404 151 23 barnamord

239 1439 132 23 misstänkt
392 1439 101 28 kvinna,
519 1447 54 15 som
592 1439 48 23 den
659 1440 28 22 30
706 1439 132 23 december
856 1439 56 22 1904
929 1439 74 22 inför-

238 1475 95 26 passats
352 1473 36 23 till
407 1474 176 28 länsfängelset,
603 1474 59 22 först
681 1474 47 22 den
743 1474 25 22 11
784 1472 140 31 påföljande
938 1480 64 16 mars
