1114 1775
263 142 29 22 28
408 142 348 24 Petitionsbetänkande
772 142 52 23 N:o
840 143 26 22 7.

623 400 33 21 HI.

264 453 170 33 Öfversättning.

296 494 99 22 Afskrift.

552 561 82 27 Utdrag
666 568 25 15 ur
723 561 138 27 protokollet,
893 561 59 21 fördt
978 561 36 20 vid

483 597 214 27 Stadsfulimäkliges
723 598 7 20 i
753 597 83 27 Viborg
852 597 163 21 sammanträde

481 633 42 21 den
541 633 26 21 16
584 633 62 27 April
665 633 62 21 1903.

617 699 12 27 8
641 699 26 27 1.

325 752 124 28 Föredrogs
469 754 136 25 guvernören
623 754 7 20 i
646 753 60 21 länet
721 753 32 21 till
771 752 198 26 stadsfullmäktige
986 752 29 21 af-

265 781 60 22 lätna
350 782 117 22 skrifvelse
492 782 34 22 för
549 783 42 21 den
616 783 25 20 11
667 782 62 27 April
748 782 56 22 1903
821 782 40 21 N:o
878 782 71 26 7,215,
966 788 48 14 som

263 812 41 20 här
320 812 96 21 afskrefs
434 812 130 27 sälydande:

264 870 145 23 Guvernören
434 872 6 20 i
456 872 94 26 Viborgs

384 907 44 22 län.

266 943 176 21 Landskontoret
453 943 7 21 i
467 943 82 27 Viborg

264 979 44 20 den
340 979 25 20 11
400 979 62 27 April
487 979 56 21 1903

339 1014 39 22 N:o
395 1015 72 25 7,215.

336 1076 74 25 Ärade
428 1081 197 26 stadsfullmäktige
642 1081 7 20 i
665 1081 88 26 Viborg.

325 1133 98 22 Emedan
448 1135 88 20 stadens
560 1135 119 26 magistrat,
701 1135 71 20 ehuru
790 1134 76 21 därom
882 1133 36 21 två
934 1133 81 27 gånger

264 1163 120 26 anmodad,
407 1163 119 23 underlåtit
546 1166 31 20 att
597 1164 104 22 anskaffa
720 1164 59 22 lokal
796 1164 34 21 för
846 1164 36 21 det
898 1164 6 20 i
921 1163 93 27 Viborgs

264 1194 48 20 stad
336 1194 151 21 innevarande
511 1194 24 21 år
558 1194 96 22 skeende
678 1194 114 27 uppbådet
811 1194 23 20 af
849 1194 165 26 värnepliktige,

264 1223 71 21 ehuru
360 1224 66 26 enligt
450 1224 57 21 hvad
527 1224 36 26 jag
578 1224 41 21 har
634 1224 44 26 mig
694 1224 89 25 bekant,
800 1224 91 26 lämplig
906 1223 58 21 lokal
980 1223 36 21 för

260 1253 74 27 dylikt
359 1253 104 22 ändamål
487 1260 43 20 nog
553 1254 62 21 stode
639 1256 32 18 att
694 1253 41 26 fås,
758 1256 58 18 samt
831 1254 19 25 ej
868 1259 39 15 ens
924 1252 92 27 angifvit

264 1283 96 21 orsaken
384 1283 32 21 till
441 1284 73 20 denna
537 1284 34 20 sin
588 1283 169 26 uraktlåtenhet,
777 1282 135 22 fördenskull
929 1283 40 20 och
987 1282 28 21 då

264 1312 38 21 det
325 1312 35 22 för
383 1319 27 15 en
426 1313 56 21 hvar
498 1313 67 21 borde
582 1320 53 14 vara
651 1314 126 26 uppenbart
793 1315 31 19 att
835 1312 59 28 dylik
907 1312 108 22 motsträf-

264 1342 74 26 vighet
362 1342 62 22 såväl
445 1342 13 22 å
474 1343 152 27 magistratens
643 1349 47 15 som
708 1343 112 21 måhända
836 1342 65 21 äfven
918 1342 12 21 å
947 1342 68 21 stads-

264 1372 150 27 fullmäktiges
438 1373 49 21 sida
510 1374 24 20 är
557 1372 75 27 fåfäng
649 1373 135 27 grällystnad
802 1372 41 22 och
862 1371 152 27 småaktighet,

264 1408 48 14 som
337 1403 19 25 ej
382 1402 50 21 leda
455 1402 32 21 till
512 1402 64 27 något
600 1402 115 27 förnuftigt
735 1402 99 25 resultat,
852 1404 52 18 utan
920 1403 93 19 tvärtom

264 1431 44 21 kan
333 1432 101 21 medföra
450 1432 65 21 äfven
531 1432 65 21 svåra
612 1432 87 26 följder,
716 1432 70 21 finner
802 1432 36 26 jag
854 1432 18 26 ej
890 1430 72 28 någon
978 1437 36 15 an-

264 1467 44 14 nan
334 1463 66 25 utväg
423 1464 29 18 än
473 1464 36 23 att,
529 1462 86 21 oafsedt
634 1462 29 21 all
679 1462 174 26 halsstarrighet,
865 1461 91 21 härmed
973 1460 41 21 för-

337 1503 59 17 Särsk.
408 1503 50 18 Besv.
470 1504 43 16 utsk.
525 1504 28 15 bet.
566 1503 35 17 N:o
614 1503 18 18 4,
