1114 1775
327 141 246 23 Petitionsbetänkande
590 142 37 22 N:o
643 142 22 22 3.
813 144 25 19 71

117 206 35 22 för
177 205 150 24 besättandet
352 205 24 23 af
398 206 222 29 lärarinnetjänster
635 206 44 23 har
694 206 106 22 däremot
818 206 52 22 icke

117 242 90 22 berörts
224 242 24 23 af
264 242 29 22 de
309 248 49 22 nya
375 241 218 29 bestämningarna,
610 244 57 20 enär
683 242 70 22 dessa
768 243 103 29 tjänster

116 277 53 22 icke
186 277 112 23 hänföras
314 278 36 21 till
366 278 75 29 några
457 278 159 28 rangklasser.

188 313 62 23 Från
273 313 76 29 laglig
372 313 122 30 synpunkt
518 313 146 27 betraktade,
686 315 40 21 äro
747 313 70 23 dessa
833 313 37 22 be-

117 350 149 28 stämningar
286 349 35 22 till
344 349 170 29 hufvudsaklig
538 349 37 23 del
599 349 25 23 af
646 349 46 22 den
716 350 43 26 art,
784 350 34 22 att
842 349 29 22 de

116 385 81 22 kunde
213 385 120 29 tillämpas
349 385 8 22 i
374 385 246 23 öfverensstämmelse
637 385 54 22 med
708 385 162 29 grundlagens

118 421 52 22 bud.
193 421 48 23 När
255 421 134 22 Ständerna
399 421 39 22 vid
451 425 55 19 1867
520 422 38 21 års
568 421 122 29 landtdag,
702 421 78 22 såsom
796 421 74 22 redan

117 457 71 22 ofvan
205 457 122 26 nämndes,
344 457 53 22 icke
413 457 61 23 hade
492 457 62 30 gjort
570 457 73 29 något
659 457 114 22 förbehåll
784 458 8 21 i
803 456 68 29 fråga

117 499 37 16 om
179 493 164 29 skoltjänsters
369 492 147 28 besättande,
541 493 66 23 torde
631 493 39 22 det
693 493 83 23 kunna
800 499 70 16 anses

117 529 154 29 obestridligt,
297 529 33 22 att
354 529 129 29 Regenten,
508 535 51 16 som
580 529 75 29 enligt
670 529 139 29 Förenings-
827 528 44 23 och

117 565 202 22 Säkerhetsakten
343 571 56 23 eger
423 565 67 23 makt
512 565 48 28 ,att
585 565 115 27 förordna,
725 564 60 23 efter
808 565 62 22 Thes

116 601 63 29 höga
195 600 179 30 godtfinnande,
392 608 38 16 om
446 602 46 22 alla
509 583 82 41 Rikets
608 601 136 27 Embeten*,
755 601 43 23 har
808 601 62 23 varit

119 636 132 30 berättigad
267 638 35 21 att
318 637 135 29 öfverflytta
468 638 236 28 utnämningsrätten
720 620 53 40 från
790 632 80 28 Öfver-

118 672 114 29 styrelsen
256 672 36 23 för
317 672 173 26 skolväsendet,
512 680 52 16 som
580 674 53 22 från
651 673 82 29 början
749 672 45 24 fått
810 674 7 21 i
834 672 36 23 arf

117 708 78 24 denna
218 710 48 22 rätt
289 708 53 23 från
368 708 169 30 domkapitlen,
557 710 34 22 till
612 716 77 16 annan
710 708 73 24 sådan
804 716 65 22 myn-

118 744 87 30 dighet,
225 744 76 23 under
324 744 96 23 hvilken
445 746 107 28 tjänsten
575 745 73 29 lyder.
680 745 36 22 Då
740 744 130 23 emellertid

117 780 28 23 de
169 781 63 22 olika
255 781 83 28 slagen
358 780 24 23 af
398 782 108 28 tjänster,
523 781 63 23 hvad
603 781 131 29 ordningen
750 780 36 24 för
802 780 68 23 deras

117 816 139 24 besättande
267 816 156 28 vidkommer,
440 818 8 21 i
464 816 132 30 åberopade
613 818 14 28 S
646 820 25 20 10
688 816 25 23 af
728 816 141 30 Regerings-

117 852 91 23 formen
225 852 100 23 indelats
342 853 7 22 i
366 853 118 23 särskilda
498 853 139 29 kategorier,
654 852 71 23 borde
749 852 121 30 själffallet

117 888 46 22 den
183 888 139 29 förändring
341 888 150 23 beträffande
512 889 273 29 skolläraretjänsternas
806 888 63 23 ställ-

118 925 64 27 ning,
200 931 50 16 som
266 924 114 29 vidtagits
399 931 86 22 genom
509 924 158 29 nyssberörda
690 923 180 30 öfverflyttning

117 959 24 23 af
164 961 242 28 utnämningsrätten,
424 960 72 23 äfven
513 960 73 23 hafva
601 961 35 22 till
652 960 64 29 följd,
733 961 34 22 att
783 959 86 24 beträf-

117 995 71 23 fande
212 996 69 23 deras
307 996 139 23 besättande
468 997 122 28 iakttagas
610 996 209 29 bestämningarna
835 997 34 21 rö-

117 1031 73 23 rande
217 1032 44 23 den
288 1031 107 29 kategori
422 1032 24 23 af
473 1033 108 28 tjänster,
606 1033 34 22 till
664 1032 95 23 hvilken
784 1032 29 23 de
836 1038 34 16 nu

119 1067 112 23 hänförts.

189 1103 67 23 Hvad
279 1104 35 22 till
338 1110 28 16 en
393 1104 84 29 början
492 1105 134 28 tjänsterna
643 1104 23 23 af
682 1103 102 24 VII-IX
801 1110 68 22 rang-

116 1139 124 23 klasserna
258 1139 119 27 beträffar,
391 1140 76 27 borde,
479 1140 74 22 sedan
564 1140 69 23 deras
645 1139 139 23 besättande
795 1139 73 23 öfver-

116 1175 103 23 lämnats
236 1176 24 22 ät
278 1175 133 30 Kejserliga
432 1176 110 27 Senaten,
563 1176 121 29 iakttagas
705 1175 141 30 stadgandet
862 1176 7 22 i

116 1212 14 28 8
144 1215 26 19 10
183 1212 24 22 af
217 1211 231 29 Regeringsformen,
460 1213 35 21 att
508 1212 35 22 till
560 1212 46 22 alla
622 1212 28 22 de
666 1212 106 29 tjänster,
789 1212 81 22 hvilka

117 1247 52 23 icke
186 1250 39 20 äro
237 1254 18 16 s.
267 1247 22 23 k.
303 1248 227 27 tromansämbeten,
543 1266 7 9 ,
557 1248 96 22 föreslås
665 1248 82 28 Kongl.
764 1248 65 29 Maj:t
846 1248 24 22 af

117 1283 146 29 Collegierne
271 1283 43 23 och
322 1283 72 23 andre
403 1284 177 22 vederbörande
588 1285 35 21 tre
631 1284 40 22 the
680 1284 189 29 förständigaste,

117 1318 135 30 värdigaste
272 1319 43 23 och
333 1319 25 22 til
380 1320 45 22 den
444 1319 80 29 lediga
545 1320 174 28 beställningen
736 1320 133 28 tienligaste

117 1355 122 27 Personer,
251 1362 49 16 som
318 1355 78 23 finnas
415 1356 23 22 at
455 1356 79 28 tilgä.*
557 1355 109 23 Nämnda
682 1356 100 28 tjänster
798 1355 70 23 borde

117 1391 100 23 sälunda
232 1391 105 23 besättas
353 1392 30 28 pä
400 1392 76 28 grund
495 1392 24 22 af
535 1392 185 29 tjänsteförslag.
739 1391 130 29 Angäende

116 1428 238 28 ntnämningsrätten
371 1430 25 20 är
413 1427 119 29 stadgadt,
554 1429 34 21 att
610 1427 64 28 ,utaf
697 1427 40 23 the
761 1427 108 23 Sökande

116 1462 102 29 utväljer
233 1463 84 28 Kongl.
334 1463 66 28 Maj:t
415 1463 64 26 then,
497 1470 51 15 som
564 1463 49 23 han
626 1463 79 22 thertil
717 1463 153 28 skickeligast

188 1511 100 18 Allmänna
300 1511 185 18 Petitionsutskottets
498 1511 111 18 betänkande
621 1511 35 18 N:o
670 1512 14 17 1.
