1111 1773
279 162 73 23 Ständ.
369 162 44 23 Pet.
429 170 28 8 —
473 161 143 24 Petitionsbet.
633 162 35 22 N:o
684 162 22 22 3.
844 163 26 20 47

186 234 104 22 Landets
317 233 53 23 hela
396 233 154 23 skolväsende
573 233 43 22 har
639 233 74 22 under
734 233 28 22 de
781 236 90 19 senaste

118 270 55 21 åren
198 269 68 22 äfven
290 268 111 22 drabbats
426 268 23 22 af
467 268 96 29 olyckor
584 275 48 15 som
651 269 29 28 pä
698 268 45 22 alla
762 267 110 23 områden

118 303 23 22 af
160 303 39 22 det
217 302 122 29 offentliga
357 303 68 22 lifvet
447 302 146 22 framkallats
612 303 24 22 af
654 301 40 23 det
711 303 74 22 under
803 303 67 22 dessa

118 339 25 20 år
161 337 102 23 rådande
280 337 276 28 förvaltningssystemet.

185 372 13 22 I
216 371 100 23 särdeles
333 371 48 30 hög
399 371 58 29 grad
475 371 42 22 har
535 371 165 22 skolväsendet
717 371 63 22 varit
796 373 76 20 utsatt

117 407 37 22 för
179 406 149 29 gendarmers
354 405 43 23 och
425 405 73 23 andra
516 406 132 29 angifvares
671 405 140 29 oansvariga
828 404 43 23 och

117 441 122 29 försåtliga
266 440 153 23 verksamhet.
454 440 83 22 Redan
565 443 63 19 strax
656 440 58 21 efter
741 440 40 22 det
799 439 72 22 mani-

118 476 68 21 festet
204 475 24 22 af
246 474 45 23 den
312 475 30 22 15
358 475 103 22 februari
474 475 64 22 1899
549 474 117 23 föranledt
677 475 108 27 523,000
794 474 76 22 finska

118 509 150 30 medborgare
296 509 43 22 och
366 509 206 29 medborgarinnor
600 511 34 20 att
658 509 8 21 i
684 508 188 29 underdånighet

118 543 94 23 anhålla
230 551 37 15 om
286 543 51 23 dess
365 543 166 28 återkallande,
558 543 83 30 vidtog
659 545 34 20 ett
712 543 160 30 organiseradt

117 579 99 28 hemligt
234 578 172 23 öfvervakande
417 578 23 22 af
450 579 114 28 skolorna,
576 578 65 22 deras
650 577 74 23 lärare
735 577 42 23 och
788 578 83 22 elever.

117 613 12 22 I
149 613 121 22 skrifvelse
289 613 38 21 till
346 613 101 22 Senaten
466 613 23 22 af
502 613 45 22 den
563 614 30 21 10
612 619 60 16 mars
687 613 63 21 1899
763 612 107 22 anmälde

119 647 253 30 Generalguvernören,
390 649 65 20 utom
477 650 79 25 annat,
574 649 36 20 att
627 647 143 28 ungdomens
788 647 83 22 sinnen

117 681 77 23 blefve
213 682 137 30 uppeggade
368 682 8 22 i
394 681 145 28 läroverken,
559 682 43 22 och
620 681 100 30 föreslog
732 682 35 22 för
780 681 35 22 sin
826 681 44 28 del,

118 718 36 21 att
179 714 183 31 Öfverstyrelsen
390 716 37 22 för
449 716 164 22 skolväsendet
631 716 77 22 blefve
726 717 23 21 af
767 716 102 22 Senaten

117 751 234 29 uppmärksamgjord
369 751 79 29 därpå,
468 753 35 20 att
517 751 75 22 elever
601 751 41 22 vid
652 750 136 23 läroverken
797 751 73 21 måtte

117 786 99 22 afhållas
244 786 51 21 från
320 785 141 29 deltagande
479 786 8 22 i
506 785 214 23 demonstrationer.
756 785 114 22 Senatens

117 820 291 29 Ecklesiastikexpedition
433 820 56 22 aflät
506 820 9 22 i
533 820 127 28 anledning
684 820 65 22 häraf
773 820 45 21 den
839 820 31 21 14

117 862 61 14 mars
207 854 63 22 1899
299 854 37 22 till
364 854 236 29 Skolöfverstyrelsen
628 862 28 14 en
683 854 127 28 skrifvelse,
828 854 43 21 där

118 889 93 22 chefens
238 890 36 21 för
300 889 227 29 gendarmstyrelsen
554 891 119 28 rapporter
692 889 111 29 angåfvos
822 896 48 15 som

118 923 79 23 källan
220 924 37 22 till
284 923 259 29 Generalguvernörens
567 923 172 30 framställning
762 923 43 22 och
828 923 42 22 där

116 959 37 21 för
171 958 71 29 öfrigt
260 955 185 32 Öfverstyrelsen
465 958 138 23 anmodades
616 960 36 21 att
663 958 116 22 anbefalla
789 957 81 23 veder-

116 993 102 22 börande
236 993 118 22 läroverks
373 993 160 22 föreståndare
546 995 35 20 att
593 993 158 28 strängeligen
769 992 100 22 tillhålla

117 1027 106 22 eleverna
251 1029 35 20 att
312 1027 105 22 hvarken
442 1027 84 29 själfva
550 1027 108 22 tillställa
676 1027 55 22 eller
749 1027 121 29 deltaga
856 1023 17 38 i

116 1061 98 30 publika
232 1061 209 22 demonstrationer
459 1062 23 21 af
500 1061 62 23 hvad
581 1062 50 29 slag
649 1061 39 22 det
706 1069 55 15 vara
779 1062 44 21 må.

183 1093 78 25 Äfven
280 1095 44 23 den
343 1096 23 22 af
384 1096 109 28 471,000
505 1096 76 22 finska
590 1096 151 29 medborgare
752 1096 43 22 och
805 1095 63 22 med-

115 1130 154 28 borgarinnor
286 1130 191 23 undertecknade
498 1131 162 29 underdåniga
678 1131 106 22 adressen
802 1130 9 21 i
829 1137 39 15 an-

114 1163 97 30 ledning
230 1165 23 22 af
271 1165 258 29 värnepliktsstadgans
553 1165 141 22 utfärdande
712 1165 43 22 den
776 1165 29 21 12
824 1164 44 29 juli

116 1199 63 22 1901
200 1199 135 22 föranledde
346 1199 218 30 tjänstförrättande
575 1199 247 29 Generalguvernören
833 1201 35 19 att

113 1233 9 22 i
141 1233 121 23 skrifvelse
280 1234 37 21 till
336 1233 81 23 chefen
435 1234 36 22 för
490 1235 113 21 Senatens
619 1233 249 29 Ecklesiastikexpedi-

113 1267 51 23 tion
183 1268 23 22 af
225 1268 44 22 den
291 1269 11 21 1
323 1269 98 22 oktober
449 1276 87 15 samma
554 1269 25 21 år
598 1269 20 29 ej
638 1268 89 23 mindre
745 1267 123 23 framhålla

114 1304 35 20 att
167 1303 115 22 särskilda
299 1304 9 21 i
326 1310 28 15 en
373 1303 127 29 upprättad
519 1304 149 28 förteckning
685 1306 127 26 upptagna,
831 1302 37 22 till

113 1337 164 23 skolväsendet
303 1337 104 23 hörande
434 1345 116 21 personer,
573 1338 72 22 bland
668 1338 52 22 dem
744 1338 76 22 elever
838 1337 30 29 på

112 1371 84 29 högsta
214 1372 120 22 klasserna
352 1372 40 22 vid
412 1372 128 22 Sordavala
559 1372 155 28 seminarium,
733 1372 74 22 skulle
819 1371 49 22 del-

112 1406 62 28 tagit
192 1406 8 22 i
218 1406 156 23 insamlandet
401 1406 24 22 af
451 1407 171 22 underskrifter
646 1407 37 21 till
705 1407 113 27 adressen,
838 1410 29 18 än

113 1440 68 22 äfven
200 1440 94 23 anhålla
312 1448 37 16 om
368 1440 97 30 behörig
483 1441 95 29 åtgärds
588 1442 142 28 vidtagande
740 1442 35 22 för
784 1440 84 23 under-

111 1474 101 30 sökning
240 1475 23 23 af
288 1475 153 23 förenämnda
468 1483 119 22 personers
612 1476 145 30 delaktighet
779 1476 8 21 i
805 1474 63 24 hvad
