1114 1761
245 163 84 23 Ständ.
347 163 54 22 Pet.
418 176 26 3 —
460 163 175 23 Petitionsbet.
652 164 41 22 N:o
711 164 20 22 7.
840 165 26 20 21

178 235 9 21 I
206 236 33 21 ett
256 235 50 22 mål
325 234 126 29 angående
471 235 138 29 utmätning
627 235 48 22 och
687 235 144 30 försäljning
845 236 26 22 af

108 269 117 29 fastighet,
245 269 45 22 där
308 269 169 29 ansökningen
499 270 134 22 inlämnats
653 269 47 23 den
719 270 28 22 24
765 273 103 27 septem-

108 303 43 22 ber
175 303 63 29 1903,
261 303 86 23 inkom
372 303 139 23 svaranden
534 304 20 29 ej
574 304 58 22 med
651 304 140 30 förklaring,
810 305 58 22 hva-

108 337 50 23 dan
177 338 74 22 målet
269 338 147 22 åtminstone
435 338 48 22 den
501 338 29 22 22
548 338 141 30 påföljande
707 338 110 29 oktober,
836 339 32 22 då

108 372 234 29 delgifningsbeviset
366 372 163 29 inlämnades,
553 373 63 22 varit
639 372 86 30 färdigt
750 374 35 22 till
804 374 64 28 afgö-

109 406 85 29 rande;
224 407 99 29 utslaget
349 407 50 29 gafs
418 407 53 23 icke
491 406 68 24 desto
579 407 97 23 mindre
694 408 60 22 först
772 408 48 22 den
839 408 29 22 24

108 442 138 29 september
264 441 56 23 1904
338 442 58 22 eller
415 441 94 24 således
531 442 62 23 elfva
613 442 119 23 månader
751 442 59 23 efter
828 442 40 23 det

110 476 74 22 målet
202 476 105 23 kommit
325 477 7 21 i
351 476 40 23 det
410 477 68 22 skick
497 478 34 21 att
550 477 40 22 det
608 477 95 22 kunnat
722 477 101 29 afgöras.

179 511 9 21 I
208 513 32 20 ett
264 513 75 20 annat
361 511 48 22 lika
429 511 136 22 beskaffadt
585 511 96 28 ärende,
700 519 54 15 som
774 512 94 22 anhän-

109 545 112 29 giggjorts
240 545 46 22 den
306 545 27 22 17
351 545 108 22 februari
478 545 63 29 1903,
560 553 44 15 var
622 546 199 29 skriftväxlingen
835 547 33 21 af-

109 579 78 23 slutad
208 579 47 23 den
275 579 26 23 15
319 580 103 22 oktober
440 580 74 29 sagda
533 581 34 27 är,
587 580 32 22 dä
638 581 59 21 altsä
711 581 83 29 utslag,
804 581 64 29 jäm-

108 614 44 22 likt
176 614 28 22 22
227 614 15 28 $
260 614 13 22 2
292 614 54 29 kap.
373 614 226 30 Utsökningslagen,
619 614 175 30 ofördröjligen
813 615 55 22 bort

109 648 107 29 utgifvas.
255 648 68 22 Detta
346 655 44 15 var
414 649 136 22 emellertid
569 650 26 21 sä
614 650 67 28 längt
705 650 63 22 ifrän
794 649 72 28 fallet,

108 684 34 21 att
161 683 74 22 mälet
254 685 65 20 ännu
340 682 47 23 den
411 684 29 21 22
461 684 108 22 februari
589 684 62 28 1905,
670 684 93 22 säledes
782 687 84 19 sexton

109 717 119 23 mänader
246 724 84 16 senare
349 724 43 16 var
411 718 126 29 oafgjordt.

179 752 137 22 Enahanda
335 752 159 29 längsamhet,
509 753 100 22 hvilken
620 753 8 21 i
640 752 41 23 fall
695 760 54 15 som
762 753 69 23 dessa
845 753 19 29 ej

109 786 49 22 kan
183 786 116 30 stämplas
318 788 81 21 säsom
418 789 77 20 annat
513 789 32 21 än
564 787 159 29 värdslöshet,
742 788 46 22 har
806 788 61 22 före-

108 821 106 22 kommit
229 821 93 29 jämväl
342 820 78 23 under
432 821 86 29 själfva
531 822 212 29 handläggningen
760 822 26 22 af
798 824 69 20 ären-

109 855 54 23 den.
201 855 107 23 Sålunda
332 856 52 22 blef
399 856 7 21 i
425 858 33 20 ett
476 856 82 23 enkelt
579 856 213 29 lagsökningsmäl,
812 864 54 14 som

109 889 133 23 inlämnats
266 889 48 23 den
332 890 14 21 2
361 890 47 29 juli
427 890 63 28 1904,
509 891 48 22 och
580 890 53 23 däri
651 891 150 22 svarandens
820 891 47 22 för-

108 923 96 30 klaring
224 924 131 23 inkommit
374 924 47 23 den
441 925 27 22 14
487 925 7 22 i
513 932 97 15 samma
627 925 98 28 mänad,
738 925 130 23 förklarin-

108 964 46 23 gen
173 958 89 23 utstäld
281 959 34 22 till
341 961 150 27 motpartens
511 959 149 23 bemötande
681 959 59 23 först
757 961 40 21 tvä
817 960 51 22 mä-

109 992 77 24 nader
204 1000 85 16 senare
308 994 57 22 eller
384 993 47 23 den
450 994 29 22 28
497 994 144 30 september,
661 994 88 23 medan
767 994 101 23 ärendet

109 1030 68 20 ännu
196 1028 48 22 den
264 1028 26 22 18
307 1028 106 22 februari
433 1028 57 23 1905
509 1029 19 29 ej
548 1036 44 15 var
610 1028 108 31 afgjordt.
736 1029 7 5 ”

180 1062 36 22 Dä
236 1062 200 29 utsökningsmäl,
455 1063 39 23 för
507 1064 95 22 hvilkas
615 1063 181 29 handläggning
808 1065 60 21 stör-

109 1098 35 20 sta
164 1097 98 29 möjliga
281 1097 175 29 skyndsamhet
475 1098 26 22 af
517 1098 39 29 lag
574 1098 158 29 uttryckligen
746 1098 122 22 föreskrif-

109 1138 47 21 ves,
176 1131 134 23 behandlas
329 1132 31 28 pä
379 1133 32 21 ett
429 1132 79 29 dylikt
526 1134 51 26 sätt,
597 1132 49 22 kan
665 1132 39 22 det
717 1132 151 29 naturligtvis

109 1166 20 27 ej
149 1166 103 21 förväna
270 1168 33 20 att
322 1166 77 22 andra
422 1166 117 29 ärenden,
558 1174 42 15 om
619 1167 47 22 ock
684 1167 35 22 till
738 1167 38 22 sin
795 1168 73 20 natur

109 1201 67 20 ännu
196 1199 99 23 enklare
314 1202 31 20 än
364 1199 76 30 dessa,
453 1201 24 22 fä
491 1203 63 20 röna
571 1208 31 15 en
615 1201 130 22 enahanda
758 1200 110 23 behand-

109 1233 55 30 ling.
203 1233 51 23 Här
272 1235 40 22 mä
330 1235 8 21 i
357 1234 86 23 sådant
468 1235 115 23 afseende
601 1235 98 23 anföras
717 1237 33 21 ett
768 1235 49 28 fall,
836 1235 32 22 dä

109 1275 30 16 en
159 1268 48 23 den
226 1269 13 22 6
258 1269 61 29 april
338 1269 56 22 1904
409 1269 131 23 inlämnad
562 1270 111 22 ansökan
692 1277 41 15 om
753 1270 115 22 utskänk-

110 1303 118 29 ningsrätt
246 1303 38 22 för
296 1305 32 20 ett
340 1303 75 23 hotell
434 1304 1 22 i
448 1304 99 29 Viborg,
560 1312 54 15 som
628 1305 95 29 ombytt
736 1306 71 27 ägare
820 1304 48 22 och

109 1337 73 22 hvars
206 1337 64 23 förre
295 1338 157 23 innehafvare
479 1339 52 22 haft
549 1339 130 22 enahanda
698 1339 118 28 rättighet,
836 1339 32 21 af-

108 1371 103 30 giordes,
230 1371 75 23 sedan
324 1374 32 21 ett
368 1372 98 23 stadens
480 1373 193 30 poliskammare
685 1373 135 23 affordradt
833 1375 35 20 ut-

108 1405 98 24 lätande
225 1407 131 22 inkommit
378 1407 47 22 den
445 1407 26 22 11
492 1407 141 30 päföljande
651 1408 57 29 maj,
726 1408 60 22 först
808 1409 59 20 nära

108 1442 35 20 tre
162 1441 120 22 månader
300 1448 91 21 senare,
410 1441 60 23 eller
489 1442 48 23 den
555 1442 14 23 5
587 1443 101 27 augusti.
726 1442 89 22 Likaså
828 1441 40 22 det

108 1474 41 22 fall
170 1474 31 23 dä
219 1475 8 21 i
247 1477 32 20 ett
303 1475 89 23 ärende
417 1476 127 29 angäende
562 1476 88 22 besvär
668 1476 67 22 öfver
753 1476 116 22 kommu-
