1114 1756
303 148 275 24 Petitlonsbetänkande
594 148 44 23 N:o
654 149 21 22 2.
854 150 28 20 13

200 214 102 22 Hörande
323 215 33 21 till
376 215 42 21 den
434 215 7 20 i
457 214 96 21 Finland
570 213 101 28 förlagda
687 214 67 28 ryska
770 214 111 21 militären

127 245 67 21 hafva
210 244 161 27 gendarmerna
382 244 38 21 allt
436 245 70 21 sedan
524 245 27 20 de
565 244 56 21 först
637 244 129 27 placerades
783 244 7 21 i
806 244 76 21 landet

127 275 49 22 icke
198 275 57 20 varit
278 275 164 21 underkastade
466 274 57 21 finsk
548 274 41 27 lag.
622 273 49 22 Men
693 274 73 21 denna
786 275 94 20 omstän-

127 305 74 26 dighet
227 304 92 21 innebar
346 305 56 21 dock
426 304 50 21 icke
499 303 74 28 någon
596 304 170 27 rättsvidrighet,
791 303 91 28 sålänge

127 335 160 26 gendarmerna
306 334 41 21 här
363 335 6 20 i
386 334 75 21 landet
482 334 49 21 icke
548 333 57 22 hade
622 334 70 21 andra
708 333 128 22 funktioner
852 335 29 20 än

127 363 92 26 sådana,
243 371 48 14 som
312 364 108 21 hänförde
443 365 33 26 sig
496 363 34 22 till
546 363 68 27 sagde
630 363 88 26 militär,
735 363 43 22 och
794 363 87 22 således

128 394 48 21 icke
197 394 54 27 egde
272 394 76 21 utöfva
368 393 72 28 någon
461 394 129 27 myndighet
608 396 112 24 gentemot
735 393 71 22 finska
823 393 58 22 med-

127 424 100 27 borgare.
259 423 76 28 Någon
362 424 130 27 förändring
515 424 7 20 i
545 424 60 21 detta
632 423 104 22 afseende
763 423 118 22 inträffade

127 455 59 20 ännu
203 454 49 21 icke
269 453 134 28 därigenom,
420 455 32 20 att
468 453 25 22 år
510 453 59 22 1870
584 453 131 27 gendarmer
726 453 130 27 placerades
868 453 14 21 å

127 484 27 21 de
178 484 71 21 större
271 484 242 27 järnvägsstationerna
532 484 8 20 i
560 483 66 22 södra
650 483 100 26 Finland,
774 485 22 25 ty
821 483 60 21 detta

127 513 84 22 skedde
228 513 139 22 uteslutande
384 514 6 20 i
407 513 37 22 det
454 514 68 27 ryska
534 513 176 28 polisväsendets
722 514 93 20 intresse
827 515 53 19 utan

128 546 31 19 att
175 543 160 28 gendarmerna
351 543 126 22 tilldelades
493 543 74 27 någon
584 543 126 27 myndighet
726 545 112 25 gentemot
850 543 30 21 in-

127 573 98 22 vånarne
242 573 7 21 i
265 573 94 22 Finland
378 573 45 22 lika
439 573 47 21 litet
502 580 49 15 som
567 573 128 27 härigenom
712 572 66 28 något
794 572 88 28 intrång

127 603 88 27 gjordes
231 603 7 20 i
255 603 42 21 den
314 603 72 22 finska
402 603 98 27 polisens
517 603 133 21 funktioner.

199 633 133 27 Visserligen
349 633 73 22 hände
439 633 37 21 det
492 633 93 27 engång,
602 633 110 26 nämligen
729 632 25 22 år
771 632 64 26 1882,
850 635 31 18 att

126 663 67 28 ryska
209 663 132 27 gendarmer
357 663 127 21 värkstälde
502 663 209 27 husundersökning
724 663 7 20 i
743 662 138 27 Helsingfors

126 693 41 21 hos
183 696 33 18 tre
232 699 113 21 personer,
362 693 74 21 hvilka
453 700 55 14 voro
525 693 132 21 misstänkta
673 693 35 21 för
724 692 134 28 delaktighet
873 693 7 21 i

126 723 43 21 den
185 722 165 22 revolutionära
366 723 99 21 rörelsen
482 724 6 20 i
506 723 118 28 Ryssland,
641 725 57 19 samt
714 722 96 22 häktade
821 722 58 22 dem.

127 753 31 21 En
175 752 22 22 af
213 752 28 22 de
260 753 96 21 häktade
372 759 40 15 var
434 753 58 21 finsk
508 753 152 27 medborgare.
693 753 69 21 Dessa
778 752 104 27 åtgärder

126 783 80 21 väckte
223 783 60 21 stark
299 783 67 27 ovilja
383 783 6 21 i
406 783 81 21 landet.
518 783 47 21 Den
582 783 96 21 häktade
694 782 70 23 finska
780 782 101 22 medbor-

126 819 79 21 garens
225 812 80 22 broder
326 813 93 21 anförde
436 812 111 28 klagomål
563 813 41 21 hos
620 813 153 27 prokuratorn.
806 812 74 22 Saken

127 842 115 22 anmäldes
265 842 22 21 af
307 842 230 28 generalguvernören
554 843 35 21 för
608 842 61 22 Hans
685 842 101 27 Majestät
802 842 80 27 Kejsar

126 872 127 22 Alexander
268 872 27 22 III
311 873 42 21 och
369 873 63 21 torde
449 872 74 22 såsom
541 872 77 22 ursäkt
634 872 35 22 för
684 872 37 22 det
735 872 94 27 olagliga
840 872 40 21 till-

126 902 151 27 vägagåendet
292 902 67 22 hafva
375 902 133 22 framhållits
524 902 139 27 svårigheten
680 904 31 20 att
724 904 53 25 göra
794 902 33 26 sig
838 902 41 21 för-

125 934 77 25 trogen
227 932 49 21 med
296 933 7 20 i
324 932 92 22 Finland
440 932 104 27 gällande
568 933 61 26 lagar
652 932 41 22 och
717 932 162 26 författningar.

126 962 8 20 I
151 962 119 27 anledning
285 962 65 22 häraf
366 962 52 22 aflät
434 962 61 22 Hans
512 962 122 28 Kejserliga
650 962 101 27 Majestät
764 964 30 18 ett
805 961 76 27 nådigt

126 992 96 26 reskript
245 992 42 21 den
309 992 26 21 12
353 992 92 22 oktober
462 992 37 28 (30
515 991 133 29 september)
663 992 56 21 1882
732 992 32 21 till
780 992 100 26 general-

125 1022 145 26 guvernören,
287 1022 48 22 däri
358 1022 60 21 Hans
442 1022 122 27 Kejserliga
585 1022 101 26 Majestät
702 1022 53 21 sade
776 1022 33 26 sig
829 1022 50 20 med

125 1051 138 27 beklagande
287 1052 67 21 hafva
378 1052 116 26 inhämtat,
520 1055 32 19 att
574 1052 228 26 generalguvernören
823 1052 57 20 varit

125 1083 96 25 tvungen
238 1084 31 18 att
284 1082 88 27 vidtaga
388 1081 110 27 åtgärder,
510 1088 49 16 som
570 1082 49 21 icke
630 1082 50 21 fullt
690 1081 190 22 öfverensstämde

125 1111 50 21 med
193 1110 26 22 de
235 1112 7 20 i
260 1111 213 22 Storfurstendömet
489 1112 104 27 gällande
609 1111 160 27 författningar,
788 1111 92 21 hvarför

125 1141 61 21 Hans
204 1140 119 28 Kejserliga
344 1142 102 26 Majestät
462 1142 119 21 anbefalde
601 1141 227 27 generalguvernören
848 1143 32 19 att

125 1170 126 26 framdeles,
273 1170 28 22 då
324 1172 36 20 vid
385 1171 183 22 förekommande
590 1171 38 21 fall
650 1172 23 20 af
699 1171 181 27 ofullständighet

125 1201 54 21 eller
195 1200 102 22 oklarhet
308 1202 6 20 i
326 1202 76 26 lagens
419 1202 138 26 stadganden
568 1200 134 23 tvifvelsmål
713 1200 73 22 kunde
798 1200 81 28 uppstå

125 1237 35 15 om
178 1231 51 21 dess
249 1232 57 20 rätta
327 1232 95 26 mening,
439 1231 101 22 infordra
559 1231 158 27 prokuratorns
734 1231 6 21 i
758 1230 121 27 Kejserliga

125 1260 96 22 Senaten
238 1260 120 23 utlåtande.

197 1290 41 21 Det
249 1297 40 15 var
300 1291 55 22 först
366 1291 69 22 sedan
446 1291 223 28 generaladjutanten
681 1291 113 21 Bobrikoff
806 1291 72 20 ställts

125 1321 5 20 i
147 1323 89 24 spetsen
259 1321 34 21 för
317 1321 87 22 landets
423 1321 143 27 förvaltning,
587 1327 48 15 som
651 1321 171 27 gendarmernas
842 1327 36 14 an-

124 1351 112 26 vändning
256 1351 6 20 i
286 1351 72 21 finska
378 1351 187 27 angelägenheter
580 1351 80 26 vidtog.
693 1351 8 21 1
718 1351 33 21 sin
770 1350 31 21 till
817 1350 62 21 Hans

124 1380 121 27 Kejserliga
266 1380 102 27 Majestät
389 1380 83 22 aflåtna
488 1379 153 28 underdåniga
657 1381 91 27 petition
764 1379 115 28 angående

124 1410 176 27 missriktningar
315 1411 7 20 i
339 1410 87 22 landets
445 1411 136 27 förvaltning
600 1410 98 22 uttalade
719 1411 33 26 sig
768 1409 58 22 1900
842 1409 37 22 års

124 1439 95 22 Ständer
234 1439 78 22 härom
329 1440 29 27 på
373 1440 99 27 följande
490 1442 53 20 sätt:

195 1510 71 19 Särsk.
279 1511 57 18 Besv.
350 1511 52 19 utsk.
417 1511 37 18 bet.
467 1511 40 19 N:o
520 1512 19 17 2.
