1114 1775
264 153 85 23 Ständ.
365 154 53 22 Pet.
436 165 28 4 —
480 153 173 23 Petitionsbet.
670 153 42 23 N:o
730 154 20 21 7.
844 154 39 21 101

126 222 87 22 terlahti
228 223 27 27 by
270 222 23 22 af
306 222 80 27 Björkö
402 222 78 22 socken
496 223 103 26 medtagit
614 222 58 22 såväl
683 222 77 21 krono-
772 229 46 15 som
830 228 54 22 egna

125 251 70 21 medel
217 252 31 20 till
271 253 30 19 ett
324 251 78 27 belopp
426 250 22 22 af
468 251 100 27 omkring
583 250 206 27 ettusensjuhundra
805 251 80 25 (1,700)

125 280 61 21 mark
201 280 39 21 och
255 279 133 22 därförutom
404 280 7 20 i
426 279 94 27 Viborgs
536 280 47 20 stad
594 279 22 21 af
626 279 112 27 Kaptenen
750 280 134 21 Aleksander

125 308 69 22 Kurki
209 310 46 20 mot
269 308 60 21 växel
345 308 103 27 upplånat
462 308 128 21 femhundra
606 308 59 28 (500)
681 308 66 23 mark,
762 310 27 19 än
802 308 40 22 ock
852 311 33 19 att

124 337 41 21 han
187 336 23 22 af
229 338 63 20 dessa
314 336 69 22 medel
406 337 54 21 intet
474 337 54 21 hade
544 337 7 21 i
567 332 78 30 behåll;
664 338 48 20 näst
727 337 157 21 antecknandet

124 365 77 22 hvaraf
215 365 109 22 äfvensom
341 367 31 20 att
386 365 83 21 arkivet
483 365 46 21 icke
544 366 54 20 hade
614 350 94 45 ordnats,
724 366 47 20 med
783 365 101 21 afseende

125 394 51 22 därå
193 394 40 21 och
249 394 26 22 då
290 394 119 21 detsamma
431 394 46 21 icke
493 394 70 22 denna
578 393 59 22 afton
653 394 69 21 skulle
736 394 78 21 hunnit
828 394 55 21 revi-

126 423 62 21 deras
205 424 54 20 samt
275 422 187 28 Poliskonstapeln
480 423 86 21 Gabriel
576 422 52 22 Roti
637 422 129 26 försäkrade,
776 425 32 19 att
819 425 64 19 samt-

125 452 42 26 liga
182 451 23 22 af
217 452 71 21 Julius
305 452 52 21 Suni
373 452 40 20 den
431 451 27 21 12
474 451 98 22 sistlidne
586 451 94 27 Augusti
696 453 110 25 mottagna
816 451 67 21 hand-

124 480 69 27 lingar
216 480 69 21 blifvit
307 480 87 27 flyttade
415 482 51 19 utan
483 482 31 19 att
529 480 119 26 någonting
663 479 22 21 af
706 480 108 21 desamma
838 480 45 27 gått

123 508 109 27 förloradt,
248 509 120 21 revisionen
385 508 74 22 afslöts
476 508 39 22 och
533 508 83 22 Henrik
638 508 69 22 Johan
723 508 107 22 Mielonen
847 515 37 15 an-

123 537 105 22 befalldes
243 539 32 19 att
289 537 87 27 ledsaga
391 538 71 21 Julius
486 537 51 21 Suni
553 537 87 21 tillbaka
655 537 31 21 till
701 537 179 27 poliskammaren

124 566 7 21 i
146 566 94 27 Viborgs
256 566 47 21 stad
319 568 31 19 att
366 566 110 22 därstädes
494 566 102 26 förvaras,
612 566 54 21 intill
682 566 48 21 dess
748 566 134 22 Guvernörs-

124 595 94 21 ämbetet
239 597 99 19 närmare
359 595 7 21 i
389 595 65 22 saken
476 595 136 21 bestämmer.
643 595 40 21 Ort
703 595 39 21 och
763 595 30 21 tid
815 595 67 21 förut-

124 623 89 26 skrifne.i

638 658 71 27 "Oscar
724 652 88 32 Älgrön.

193 721 161 22 Transsumtets
370 721 102 27 riktighet
494 722 92 27 intygar:
612 720 240 28 Kronofogdekontoret
876 721 8 20 i

125 749 91 22 Stranda
231 750 65 21 härad
313 751 39 21 den
369 750 27 22 28
413 750 119 21 December
548 750 60 21 1904.

643 813 67 21 Oscar
726 807 88 32 Älgren.
