1109 1775
353 156 217 19 Motionsbetänkande
583 156 37 18 N:o
633 156 16 18 1.
866 155 11 18 5

124 219 59 19 malt-
199 220 38 19 och
261 218 97 20 särskildt
378 224 32 14 om
427 218 63 19 andra
505 218 125 24 rusdrycker.
661 217 60 19 Hvad
737 217 140 20 rådhusstäm-

124 255 33 13 ma
172 249 124 19 härutinnan
311 248 95 23 besluter,
423 248 62 19 blifve
501 247 70 19 dervid
587 248 106 22 beroende,

196 279 18 19 2.
246 279 32 19 Då
293 279 80 21 ärende,
391 278 63 19 som
447 273 15 34 i
472 278 9 19 1
500 283 58 14 mom.
575 279 74 19 nämts,
667 277 80 25 afgöres
763 277 14 20 å
791 277 86 19 rådhus-

124 310 93 21 stämma,
230 315 35 18 ege
281 309 70 24 hvarje
367 308 158 24 röstberättigad
541 308 85 19 medlem
637 307 21 20 af
672 308 122 19 kommunen
805 307 73 20 endast

125 345 24 13 en
165 340 48 19 röst.

197 369 18 19 3.
246 367 184 26 Försäljningsåret
452 367 76 20 räknas
551 367 45 19 från
621 367 37 20 och
683 367 45 19 med
752 367 37 20 den
808 367 9 18 1
835 366 44 25 juni

124 398 31 19 till
171 405 78 13 samma
266 399 39 24 dag
321 397 117 26 påföljande
454 397 27 19 år.

481 455 42 28 4$

199 512 17 19 1.
247 511 32 19 All
303 511 21 19 af
347 511 164 19 rådhusstämma
534 511 115 24 medgifven
672 510 144 25 utminutering
841 509 38 20 och

126 541 139 25 utskänkning
288 541 52 20 skall
363 541 102 20 bedrifvas
486 541 21 18 af
523 541 30 19 ett
569 541 52 19 enda
637 540 67 25 bolag,
721 546 45 13 som
781 540 76 19 bildats
873 540 6 17 i

126 571 53 26 syfte
203 572 31 19 att
254 571 114 20 motarbeta
384 570 140 26 dryckenskap
541 571 38 19 och
595 570 65 20 afstår
676 571 32 18 sin
723 570 57 20 vinst
795 570 30 19 till
842 569 36 19 all-

126 603 75 18 männa
216 601 95 20 ändamål
327 601 27 25 på
369 602 43 18 sätt
427 607 45 13 som
487 601 6 18 i
512 601 26 19 13
554 599 13 27 &
583 600 137 20 föreskrifves.

198 632 19 18 2.
248 631 69 25 Bolag,
335 637 44 13 som
395 631 79 19 erhållit
489 630 198 25 utskänkningsrätt,
704 630 41 19 kan
761 630 62 20 likväl
835 630 44 18 med

126 661 133 25 iakttagande
275 661 21 19 af
311 661 55 19 hvad
381 661 7 19 i
405 661 12 19 5
433 659 13 28 &
463 661 68 19 derom
546 661 85 24 stadgas
648 660 77 20 erhålla
739 660 93 20 tillstånd
849 660 31 18 att

126 691 85 26 upplåta
235 697 24 14 en
283 691 31 19 del
337 690 22 20 af
382 692 120 18 densamma
524 690 22 19 åt
569 690 125 25 välfrejdade
717 696 96 18 personer
833 689 48 19 eller

128 721 92 19 enskilda
243 720 60 25 bolag
327 722 54 18 emot
396 721 43 19 viss
455 720 64 25 afgift,
537 726 34 14 om
587 720 82 20 hvilken
688 721 91 18 närmare
795 720 85 24 stadgas

126 750 73 27 178.

479 786 11 20 5
502 774 23 44 8.

201 835 17 18 1.
250 833 167 25 Utminuterings-
441 834 38 19 och
497 834 218 25 utskänkningsrätten
732 834 52 19 skall
801 834 20 19 af
838 839 42 13 ma-

128 864 98 25 gistraten
250 863 69 20 ansläs
343 864 32 18 att
390 864 54 19 inom
460 864 43 19 viss
519 864 35 22 tid,
572 865 17 24 ej
606 864 64 19 under
685 863 46 26 fyra
746 864 74 19 veckor
836 863 44 19 frän

128 894 103 25 anslagets
253 893 132 25 kungörande
409 893 90 20 ansökas
518 893 21 19 af
555 893 24 20 sä
595 893 120 20 beskaffade
730 893 67 25 bolag,
815 899 44 14 som
875 893 6 18 i

128 924 13 19 4
165 922 13 28 &
204 925 9 18 1
239 929 58 14 mom.
321 924 91 22 nämnes,
437 924 38 19 och
493 923 110 25 hänskjute
619 924 133 24 magistraten
769 923 113 20 sedermera

128 954 165 24 ansökningarna
315 954 61 24 jemte
399 953 37 20 sitt
459 955 45 23 eget
519 953 107 20 utlätande
641 953 32 20 till
689 953 190 24 stadsfullmäktige.

199 984 19 19 2.
249 983 189 25 Stadsfullmäktige
465 989 37 19 ega
525 984 31 19 att
579 985 120 21 bestämma,
724 983 77 20 hvilket
819 983 62 24 bolag

127 1013 165 24 utminuterings-
313 1013 38 19 och
367 1013 219 25 utskänkningsrätten
602 1013 52 20 skall
670 1013 87 19 tilldelas
774 1013 38 20 och
827 1013 53 18 fast-

128 1043 59 20 ställe
210 1043 71 22 tillika,
299 1043 6 18 i
321 1043 70 20 hvilka
413 1043 78 20 trakter
513 1043 22 19 af
558 1044 73 19 staden
654 1043 165 25 utminuterings-
844 1043 38 18 och

128 1073 224 25 utskänkningsställen
375 1074 18 24 ej
417 1073 22 19 fä
461 1073 74 23 finnas,
559 1073 52 20 huru
628 1073 74 24 mänga
717 1073 166 24 utminuterings-

128 1103 38 19 och
189 1103 270 24 utskänkningsrättigheter
481 1103 82 24 bolaget
580 1103 53 20 skall
648 1103 113 24 medgifvas
777 1103 38 20 och
831 1103 52 18 huru

128 1133 74 24 mänga
217 1133 22 19 af
255 1133 61 19 dessa
334 1133 270 24 utskänkningsrättigheter
621 1133 85 24 bolaget
721 1134 23 18 är
759 1132 124 25 berättigadt

128 1163 37 22 att,
182 1163 27 24 pä
225 1163 43 19 sätt
283 1162 7 19 i
305 1161 13 27 &
335 1163 13 18 4
365 1168 58 14 mom.
441 1163 12 19 2
470 1163 137 23 föreskrifves,
624 1163 86 25 uppläta
725 1162 23 19 ät
764 1163 69 18 andra.

200 1193 19 19 3.
250 1193 70 25 Yppas
343 1192 64 20 under
429 1193 228 25 försäljningsperioden
673 1192 102 20 särskilda
791 1193 91 19 omstän-

128 1222 95 25 digheter,
248 1222 70 20 hvilka
339 1228 62 20 synas
418 1223 82 25 päkalla
516 1224 107 24 öppnande
639 1223 22 19 af
676 1222 63 25 nägot
755 1222 46 20 eller
818 1222 65 24 nägra

127 1252 22 19 fä
165 1252 224 25 utskänkningsställen
405 1253 80 19 utöfver
496 1253 24 19 de
531 1253 56 19 förut
603 1253 109 25 medgifna,
724 1252 79 20 beslute
814 1252 69 20 stads-

127 1282 126 25 fullmäktige
270 1283 68 19 derom
353 1283 102 19 särskildt.

199 1312 20 19 4.
245 1312 59 20 Hvad
321 1312 184 25 stadsfullmäktige
522 1313 123 19 härutinnan
662 1312 87 22 besluta,
766 1312 62 19 blifve
840 1312 44 18 der-

127 1342 34 19 vid
176 1343 107 19 beroende.

481 1373 12 18 6
510 1371 19 28 &.

200 1414 17 19 1.
249 1414 99 19 Senatens
364 1413 251 26 Ekonomiedepartement
631 1420 46 19 eger
691 1414 42 19 rätt
749 1415 37 21 att,
799 1414 34 19 der
841 1419 43 13 om-

128 1443 165 26 ständigheterna
317 1443 34 20 det
367 1444 90 24 päkalla,
474 1444 50 19 efter
540 1444 113 20 infordradt
668 1443 95 26 yttrande
779 1443 20 20 af
812 1443 72 20 veder-
