1114 1778
300 156 279 23 Petitionsbetänkande
595 156 44 23 N:o
654 156 20 22 1.
854 157 13 21 7

115 221 93 22 emellan
225 221 168 22 embetsverken
409 221 187 28 hufvudsakligen
612 222 81 21 hänför
708 222 34 27 sig
758 221 34 22 till
807 223 61 20 ären-

115 251 49 26 den,
181 258 47 15 som
245 251 56 28 angä
317 252 144 21 kommuners
478 251 41 22 och
536 251 112 22 enskildes
664 251 116 22 intressen.
802 251 63 22 Huru

115 282 140 26 upprörande
278 282 68 27 sagda
370 281 78 27 spräks
470 281 116 22 införande
602 282 7 20 i
626 281 86 22 landets
728 281 140 22 embetsverk

115 311 6 21 i
138 311 42 21 den
197 311 150 27 utsträckning
364 311 58 21 1900
438 311 36 21 ärs
493 311 105 22 manifest
614 310 128 27 innehäller,
760 310 70 23 mäste
846 313 22 20 te

115 341 33 26 sig
171 341 34 21 för
228 341 73 25 folket,
318 341 98 27 framgår
437 341 70 25 däraf,
528 343 37 23 att,
590 340 75 22 såsom
688 341 96 21 berörda
800 341 67 21 mani-

115 370 43 21 fest
184 370 71 22 blifvit
280 371 7 21 i
311 370 70 22 näder
405 370 129 26 förklaradt,
559 370 66 22 äfven
644 370 100 22 enskilde
760 370 107 28 sakegare

114 400 69 25 skola,
201 402 7 20 i
218 400 93 28 Viborgs
333 401 37 21 län
386 400 55 22 efter
454 400 37 22 tvä
507 400 25 22 är
548 400 42 22 och
606 400 7 21 i
629 400 87 22 landets
724 401 71 26 öfriga
806 401 61 21 delar

115 430 55 21 efter
185 431 44 21 fem
246 430 25 22 är
286 430 49 22 frän
352 431 43 21 den
413 431 10 20 1
441 431 89 26 januari
547 431 63 25 1904,
628 431 84 26 nödgasi
740 431 49 21 sina
804 437 63 20 ange-

116 460 126 27 lägenheter
258 463 110 25 emottaga
384 461 154 26 expeditioner
552 460 50 22 frän
620 460 96 22 Senaten
727 461 140 21 uteslutande

116 489 28 28 pä
161 490 36 22 det
213 490 34 21 för
263 491 50 21 dem
330 490 113 23 obekanta
458 491 68 27 ryska
542 489 96 28 spräket.

187 520 136 27 Stadgandet
324 516 12 36 i
349 520 62 22 tolfte
428 521 99 26 punkten
539 520 22 21 af
577 520 157 27 författningen
745 520 23 22 af
778 521 43 21 den
839 520 28 21 10

114 549 45 22 Juli
175 549 35 29 (27
227 550 54 29 juni)
299 550 63 25 1902,
378 550 67 27 enligt
461 550 83 22 hvilket
560 550 27 22 de
603 550 71 21 finska
693 550 91 27 lagarna
804 551 63 21 skola

114 580 100 21 utfärdas
233 581 7 20 i
259 579 105 29 original
383 579 29 28 pä
428 580 73 27 ryska,
518 579 93 28 ätföljda
628 580 22 21 af
661 580 57 21 finsk
729 581 42 20 och
785 580 81 22 svensk

115 609 178 29 öfversättning,
325 611 80 20 strider
433 610 41 21 ock
503 612 59 19 emot
585 610 113 27 grundlag.
726 610 58 21 Enär
807 612 59 19 näm-

115 639 58 27 ligen
197 640 76 27 hvarje
292 640 23 21 af
331 640 126 22 Ständerna
473 642 95 25 antagen
584 640 42 27 lag,
644 646 48 15 som
708 639 22 22 af
746 639 120 22 Monarken

115 669 125 27 stadfästes,
265 670 56 21 skall
345 670 101 21 utfärdas
467 670 7 21 i
494 670 125 27 ordagrann
636 670 230 21 öfverensstämmelse

115 700 50 20 med
182 700 42 20 den
241 700 22 20 af
279 699 126 22 Ständerna
420 700 118 26 godkända
554 700 118 26 lagtexten,
688 699 85 21 erhälla
789 699 27 22 de
829 699 37 21 vid

115 729 133 27 landtdagen
271 730 125 26 granskade
420 729 72 21 finska
511 730 42 20 och
570 729 95 21 svenska
681 729 136 27 lagtexterna
832 735 34 21 ge-

115 765 52 15 nom
186 760 131 20 sanktionen
337 760 127 26 giltigheten
484 760 22 20 af
526 759 93 27 original
635 759 105 27 jemsides
756 759 50 21 med
823 759 43 21 den

114 789 23 21 af
152 788 121 22 Monarken
289 790 7 20 i
312 789 52 27 rysk
381 789 115 27 affattning
509 789 108 27 pröfvade
632 791 81 19 texten.

186 818 109 22 Utskottet
318 819 157 21 underskattar
490 819 49 21 icke
559 821 78 25 nyttan
653 818 70 26 däraf,
740 821 31 19 att
786 825 80 20 genom

115 848 107 27 ätgärder,
246 856 47 14 som
310 849 23 21 af
348 849 130 27 regeringen
494 849 102 27 vidtagits
613 848 48 22 före
677 848 25 22 är
719 848 63 25 1900,
799 848 67 28 ryska

114 878 90 22 talande
220 879 134 26 tjänstemän
370 879 55 21 eller
435 878 67 28 ryska
513 879 145 21 translatorer
669 878 83 22 funnits
764 878 102 22 anstälda

114 909 36 20 vid
174 908 85 22 sådana
281 909 73 21 finska
370 909 202 26 statsinrättningar
588 909 42 21 och
646 908 172 26 ämbetsställen,
833 908 33 21 till

115 938 76 22 hvilka
203 945 106 20 personer
318 939 50 21 frän
377 939 168 26 Kejsaredömet
555 939 76 21 kunna
642 938 95 22 behöfva
748 938 119 21 hänvända

115 969 39 26 sig.
182 968 41 21 Det
238 969 41 21 har
294 969 42 21 ock
352 969 62 21 alltid
431 969 91 21 erkänts
538 975 54 15 vara
606 968 140 27 nödvändigt,
758 970 31 19 att
799 968 68 27 ryska

115 997 89 28 spräket
219 999 36 20 vid
275 999 210 21 statssekretariatet
502 999 42 21 och
559 997 308 28 generalguvernörskansliet

114 1028 113 21 användes
244 1029 7 20 i
267 1029 42 21 den
326 1029 153 26 utsträckning
495 1028 42 21 och
553 1028 51 21 med
616 1028 42 21 den
670 1028 136 27 skicklighet,
818 1034 48 15 som

114 1060 124 18 motsvarar
261 1059 66 20 dessa
352 1058 152 21 ämbetsverks
529 1058 110 21 särskilda
654 1057 116 27 uppgifter.
803 1057 64 21 Detta

114 1086 41 22 har
170 1087 66 21 äfven
252 1088 57 21 varit
331 1088 87 26 möjligt
440 1090 54 19 utan
511 1090 37 24 att,
569 1087 75 21 säsom
661 1094 29 14 nu
707 1088 63 24 skett,
786 1094 80 20 genom

114 1116 125 22 manifestet
264 1118 22 20 af
309 1118 43 21 den
377 1116 38 24 7/20
438 1118 48 26 juni
511 1117 58 22 1900
589 1117 49 21 från
655 1117 82 21 nämda
752 1117 54 21 verk
821 1117 46 21 helt

113 1146 43 22 och
175 1146 68 22 hället
259 1148 97 21 utesluta
372 1147 86 22 landets
474 1154 58 20 egna
547 1146 74 28 spräk.

189 1176 30 22 De
244 1177 100 27 skadliga
360 1177 111 27 följderna
492 1178 22 21 af
531 1177 27 21 de
574 1176 109 28 åtgärder,
700 1183 47 15 som
763 1174 103 29 vidtagits

113 1206 35 21 för
174 1207 67 27 ryska
265 1206 101 28 spräkets
390 1207 117 22 införande
524 1208 6 20 i
546 1207 169 27 förvaltningen,
734 1208 39 20 äro
796 1206 70 21 redan

114 1236 130 27 uppenbara
267 1237 35 21 för
322 1237 51 22 hela
399 1237 82 21 landet.
513 1236 33 22 Dä
572 1238 31 20 ett
628 1236 88 28 mycket
741 1236 125 28 betydande

114 1266 59 21 antal
195 1266 22 21 af
236 1267 67 27 högre
319 1267 43 21 och
378 1267 60 27 lägre
462 1267 140 21 ämbetsmän
618 1266 92 27 nödgats
727 1266 75 21 lämna
818 1266 48 21 sina

113 1296 90 26 platser,
218 1296 67 22 hafva
301 1296 28 22 de
346 1296 66 22 oftast
429 1299 80 19 ersatts
526 1296 50 22 med
592 1302 113 22 personer,
716 1296 87 21 hvilkas
814 1296 52 21 nöd-

114 1325 89 27 torftiga
213 1326 127 22 kännedom
352 1326 22 22 af
385 1327 67 27 ryska
463 1326 91 28 språket
561 1326 41 22 fått
613 1326 125 27 öfverskyla
747 1326 65 21 deras
821 1326 7 20 i
836 1325 30 21 öf-

113 1356 42 27 rigt
170 1355 113 22 bristande
307 1356 138 28 kompetens.
477 1356 51 22 Men
544 1356 48 22 icke
611 1362 43 21 nog
670 1356 98 21 härmed.
799 1355 67 22 Sträf-

113 1392 43 15 van
173 1388 32 19 att
220 1386 116 28 påskynda
352 1386 175 27 förvaltningens
544 1386 140 28 förryskning
702 1386 41 21 har
758 1386 45 21 ledt
818 1385 48 21 där-

113 1415 51 26 hän,
181 1418 32 18 att
228 1415 112 28 ätskilliga
363 1417 83 27 platser
462 1416 84 22 besatts
568 1416 51 21 med
635 1416 65 26 ryske
717 1417 58 23 män,
791 1415 75 21 hvilka

113 1445 80 21 saknat
208 1446 27 21 de
252 1446 141 27 nödvändiga
409 1446 213 26 förutsättningarna
638 1446 35 20 för
688 1447 31 19 att
734 1445 76 21 kunna
821 1445 45 27 nöj-

185 1486 61 19 Särsk.
259 1487 54 19 Besv.
325 1487 47 19 utsk.
385 1487 33 18 bet.
431 1487 35 18 N:o
478 1488 16 18 1.
