1111 1773
259 131 29 19 24
435 128 246 24 Petitionsbetänkande
698 129 37 23 N:o
751 128 24 23 4.

228 192 96 14 munerna
338 187 22 18 är
373 188 46 22 stor,
432 188 97 18 måhända
543 188 37 18 den
592 188 74 18 största
679 188 6 18 i
698 188 43 18 hela
755 182 127 28 Österbotten,
896 189 20 23 ja
929 189 54 17 snart

228 218 59 22 sagdt
299 218 7 17 i
319 217 44 19 hela
375 218 71 20 landet,
460 218 37 18 och
506 218 7 18 i
522 218 78 18 trakten
609 218 65 18 därtill
682 217 141 24 uppblomstrat
832 222 24 14 en
862 218 121 23 jämförelse-

228 248 31 17 vis
273 248 41 17 stor
333 246 82 19 fabriks-
428 248 37 18 och
477 248 161 22 industrirörelse,
651 248 127 23 hvarigenom
792 248 27 18 ett
832 247 62 19 större
907 248 77 22 import-

228 277 38 18 och
279 276 128 24 exportbehof
419 277 92 23 uppstått,
522 277 22 19 så
558 278 22 18 är
592 278 32 18 det
637 278 51 18 klart
701 278 29 18 att
743 282 23 14 en
776 277 98 25 järnbana
886 278 96 22 utdragen

228 307 52 18 ifrån
294 307 68 18 Gamla
373 308 54 17 Vasa
440 312 69 18 genom
522 312 58 13 norra
593 308 56 18 delen
662 308 21 17 af
695 308 122 20 Mustasaari,
825 307 158 23 Lillkyro,iVörå,

228 336 91 22 Oravais,
339 337 88 18 Munsala
446 337 36 18 och
495 337 28 18 till
536 337 112 23 Nykarleby
661 338 43 17 stad
718 337 61 18 skulle
792 338 77 17 komma
882 338 29 17 att
923 337 60 18 blifva

228 366 39 19 den
285 367 51 18 mest
354 366 193 24 inkomstbringande
565 368 7 17 i
584 368 45 17 hela
642 368 64 17 denna
718 367 94 18 landsdel.
837 367 28 23 Ty
877 368 52 17 utom
943 372 41 18 per-

229 396 148 22 sonaltrafiken,
391 401 41 14 som
446 396 62 19 mäste
522 397 60 18 blifva
594 397 55 23 liflig,
662 397 36 17 har
711 401 44 14 man
768 397 29 18 att
810 397 62 18 räkna
884 397 42 18 med
940 397 43 22 fyra

228 426 56 18 stora
297 426 76 18 andels-
387 426 37 19 och
436 426 162 24 bolagsmejerier,
612 432 41 13 som
667 427 102 23 dageligen
781 427 97 23 mottager
886 427 58 24 mjölk
953 426 30 18 för

228 456 128 23 tillvärkning
375 457 20 18 af
413 457 7 17 i
437 457 89 18 medeltal
545 457 35 18 200
599 457 82 22 stycken
700 457 75 18 drittlar
793 457 57 22 smör,
863 457 66 18 hvilka
942 461 41 14 som

229 487 118 22 exportgods
366 487 62 18 mäste
447 491 27 14 nu
493 487 65 23 släpas
578 487 43 18 med
640 487 98 18 hästforor
756 487 47 18 3—6
822 487 64 23 gamla
898 487 86 18 svenska

228 517 34 17 mil
275 516 29 18 till
316 517 99 18 närmaste
425 517 176 23 järnvägsstation.
623 517 108 18 Enahanda
744 517 22 18 är
779 517 60 18 ocksä
854 517 129 18 förhällandet

228 547 44 17 med
292 546 38 18 den
349 547 53 18 stora
422 546 81 19 Oravais
517 547 89 18 väinads-
619 547 37 18 och
668 546 134 23 yllefabriken,
815 547 36 23 säg
864 547 36 18 och
913 547 70 18 kvarn-

228 576 134 23 inrättningar
375 576 51 19 samt
439 577 28 17 ett
480 576 57 18 20-tal
549 577 150 18 landthandlaro
713 577 6 18 i
732 577 83 18 trakten.

304 606 27 18 Pä
350 606 61 23 grund
432 607 20 17 af
471 607 58 17 ofvan
548 606 116 19 framhällna
684 607 42 18 skäl
744 606 62 23 vägar
820 607 36 23 jag
871 607 71 18 föreslä
955 607 28 17 att

229 635 148 19 Bondeständet
389 636 61 23 jämte
464 636 62 23 öfriga
539 636 57 18 stånd
609 637 45 18 ville
668 637 28 17 till
709 636 52 18 Hans
774 636 108 23 Kejserliga
895 637 89 22 Majestät

228 666 6 17 i
248 665 157 24 underdånighet
420 666 61 18 aflåta
494 671 23 13 en
530 667 81 22 petition
624 667 6 17 i
640 667 56 22 syfte,

447 747 30 18 att
500 746 43 24 före
567 747 59 18 nästa
643 746 95 25 landtdag
754 746 142 20 instrumental
912 745 71 20 under-

374 776 83 25 sökning
480 776 121 19 värkställes
624 777 35 18 och
682 775 172 26 kostnadsförslag
877 777 106 24 upprättas

375 806 33 24 för
432 812 23 13 en
475 806 181 25 Jjärnvägssträcka
680 806 56 24 ifrån
759 806 65 25 gamla
842 806 52 19 Vasa
916 812 68 19 genom

375 835 132 25 Mustasaari,
531 836 101 25 Lillkyro,
653 835 58 26 Vörä,
733 836 86 19 Oravais
838 836 35 19 och
888 836 96 19 Munsala

375 865 32 20 till
422 865 113 26 Nykarleby
551 866 45 19 stad
612 867 30 18 att
658 866 70 25 byggas
746 865 44 20 med
800 866 131 19 statsvärkets
943 866 40 19 till-

375 896 76 24 gångar
467 896 8 18 i
490 897 78 19 normal
583 896 107 25 spårvidd;

230 976 44 13 men
294 976 30 13 om
341 971 109 19 Ständerna
463 972 42 18 icke
519 973 51 17 ännu
584 972 65 18 kunna
662 972 72 24 bevilja
746 972 69 22 nödigt
828 972 68 23 anslag
908 972 30 18 för
951 972 32 18 vä-

230 1006 49 18 gens
291 1001 104 24 byggande
409 1002 65 18 säsom
489 1002 108 22 statsbana,

447 1076 30 18 att
501 1075 20 19 åt
545 1076 55 24 bolag
619 1076 49 19 eller
689 1075 78 20 enskild
778 1082 82 18 person,
876 1082 42 13 som
933 1076 51 25 finge

374 1105 115 20 koncession
505 1105 13 20 a
533 1105 107 25 byggandet
657 1106 25 24 af
694 1106 71 24 denna,
783 1106 32 19 till
830 1105 153 25 understödjan-

557 1137 16 7 SE
584 1125 13 28 vh

375 1135 33 19 det
431 1136 24 24 af
475 1135 97 25 företaget
592 1136 84 24 beviljas
692 1136 77 24 hälften
785 1136 47 24 utaf
845 1136 138 24 anläggnings-

374 1165 110 20 kostnaden
500 1164 56 26 ifrän
572 1166 103 19 allmänna
690 1166 130 19 statskassor.

302 1223 121 23 Helsingfors
436 1223 37 18 den
486 1223 20 17 21
521 1224 100 18 december
635 1224 51 17 1904.

775 1284 67 22 Jakob
858 1283 52 23 Näs.

302 1491 187 23 Järnvägsutskottets
501 1492 109 18 betänkande
622 1492 36 18 N:o
671 1492 17 18 2.
