1109 1773
277 153 42 20 100
454 151 249 23 Petitionsbetänkande
719 150 38 25 N:o
773 150 24 24 4.

246 215 59 30 följd
322 215 25 23 af
363 215 26 24 år
404 215 98 24 komma
525 217 35 22 att
579 215 72 24 hafva
670 216 35 22 sin
723 215 222 30 hufvudsakligaste
962 215 38 23 be-

245 251 92 29 tydelse
354 253 79 22 såsom
458 251 207 30 föreningslänkar
684 252 101 23 emellån
800 251 95 24 relativt
910 251 90 23 vanlot-

246 287 55 23 tade
318 287 136 23 landsdelar
471 287 55 23 med
542 287 40 23 det
597 287 76 30 öfriga
688 287 87 24 landet.
799 287 55 23 Men
871 287 76 24 tillika
958 287 42 23 och

246 323 94 22 kanske
356 323 86 23 främst
458 323 43 23 bör
517 323 40 23 det
568 323 107 28 beaktas,
688 324 35 22 att
736 324 45 23 den
793 323 61 23 efter
864 323 136 23 tariffernas

247 359 123 30 sänkning
385 361 77 26 (1897)
479 359 79 23 starkt
574 359 139 29 tilltagande
730 359 103 24 trafiken
850 359 30 29 på
896 359 28 23 de
936 359 64 23 äldre

248 395 113 28 banorna,
386 395 114 23 särskildt
525 395 140 23 sträckorna
687 397 107 21 närmast
813 395 29 22 de
859 395 40 23 två
916 395 84 23 största

247 430 171 29 trafikpolerna
435 431 34 22 för
485 431 29 22 de
530 431 81 22 finska
624 432 167 28 järnvägarna,
801 431 145 29 Helsingfors
958 430 42 23 och

248 467 32 22 St.
298 467 151 29 Petersburg,
473 467 107 29 påkallat
603 467 26 22 så
652 467 39 22 väl
707 467 91 29 ökning
814 467 24 22 af
854 467 45 22 den
915 466 86 29 rörliga

247 503 141 22 materielen
405 509 51 16 som
473 502 131 23 storartade
615 509 47 16 om-
674 503 43 22 och
728 503 182 29 tillbyggnader,
920 502 80 23 hvilka

248 538 73 23 binda
345 538 92 30 kapital
460 540 58 21 utan
543 539 35 22 att
601 539 262 28 exploatationsvinsten
885 539 8 22 i
909 539 92 22 samma

248 574 56 23 män
321 574 64 23 ökas.
409 575 62 22 Utan
491 575 34 22 att
541 577 109 20 närmare
665 575 57 28 ingå
738 575 30 29 på
779 575 65 22 detta
856 577 75 25 ämne,
943 574 57 23 hvil-

247 610 42 23 ket
306 609 26 24 af
348 610 182 23 Statsutskottet
551 610 94 23 utredes
661 611 8 21 i
685 610 54 23 dess
756 610 65 23 öfver
836 610 164 23 kommunika-

247 645 164 24 tionsfondens
428 645 115 30 ställning
559 645 136 30 afgifvande
711 646 157 27 betänkande,
879 646 43 23 har
933 646 66 23 Järn-

247 682 180 29 vägsutskottet
448 681 53 23 icke
526 682 93 22 kunnat
642 681 81 30 undgå
743 683 34 22 att
798 682 61 23 fästa
874 681 126 30 uppmärk-

248 717 126 24 samheten
386 717 40 23 vid
438 717 69 24 dessa
517 717 136 23 finansiella
664 717 208 30 omständigheter,
881 725 29 15 ur
920 717 81 23 hvilka

248 753 135 23 Utskottets
399 753 147 30 ståndpunkt
563 753 147 23 beträffande
727 755 33 22 ett
776 755 59 21 stort
851 753 65 23 antal
933 753 24 23 af
972 753 28 23 de

247 790 36 22 till
300 789 55 23 dess
372 789 147 30 behandling
534 790 151 22 remitterade
700 791 156 28 petitionerna
871 789 76 23 måste
963 789 36 23 de-

247 825 108 23 duceras.
389 825 34 29 Ty
441 825 153 30 möjligheten
619 825 24 23 af
659 825 45 23 den
721 826 117 26 aktivitet,
854 825 36 23 för
905 825 95 23 hvilken

248 861 122 23 Utskottet
386 862 63 29 gjort
465 862 37 29 sig
518 861 34 22 till
570 868 28 15 en
615 861 55 28 tolk,
681 861 139 23 förutsätter
833 862 35 22 att
880 860 121 31 påpekade

247 897 164 30 förskjutning
429 897 24 22 af
465 897 176 29 järnvägarnas
665 897 152 23 ekonomiska
833 897 99 23 resultat
947 897 53 23 icke

247 933 98 28 fortgår,
362 935 58 21 utan
436 933 115 23 fastmera
575 933 89 30 upphör
679 933 36 22 för
731 935 34 22 att
781 933 102 22 omsider
900 933 77 22 vända
993 934 8 21 i

248 969 99 22 motsatt
363 969 113 28 riktning.

321 1005 54 22 Med
391 1005 97 22 hänsikt
504 1005 78 22 härtill
598 1004 43 24 har
657 1005 120 23 Utskottet
789 1006 77 21 ansett
878 1006 34 21 att
923 1005 77 22 såsom

248 1047 30 16 en
297 1040 184 23 bestämmande
495 1040 122 30 synpunkt
632 1042 122 28 upptages,
772 1041 34 22 att
822 1040 29 23 de
865 1042 135 28 järnvägar,

249 1083 51 16 som
325 1076 105 23 härefter
456 1076 96 23 komma
579 1076 34 23 till
637 1077 132 26 utförande,
793 1076 208 29 hufvudsakligast

249 1112 58 23 böra
324 1112 51 23 afse
391 1112 140 27 landsdelar,
548 1112 94 23 hvilkas
658 1112 163 24 förhållanden
838 1112 30 29 på
883 1112 79 30 grund
978 1113 24 22 af

248 1147 133 30 förefintlig
406 1148 139 23 ekonomisk
566 1149 127 28 utredning
708 1148 83 23 kunna
807 1148 137 23 förutsättas
961 1155 39 22 ga-

248 1184 103 27 rantera,
361 1185 35 22 att
412 1191 30 16 en
459 1183 36 24 för
511 1184 54 22 dem
582 1184 83 23 afsedd
681 1184 62 23 bana
760 1191 42 22 ger
820 1183 135 30 behållning
971 1185 29 22 el-

247 1219 36 23 ler
299 1220 145 22 åtminstone
469 1226 29 16 en
521 1219 182 28 trafikinkomst,
721 1227 50 16 som
788 1219 82 23 täcker
887 1220 113 29 exploata-

247 1255 206 23 tionskostnaden.
486 1255 123 30 Utgående
633 1255 104 23 härifrån
760 1256 41 22 har
817 1256 117 22 utskottet
949 1255 52 24 icke

249 1297 33 16 nu
298 1291 69 28 velat,
384 1293 8 21 i
409 1291 48 22 lika
473 1291 59 29 grad
548 1298 50 15 som
615 1291 270 30 petitionsmemorialen,
902 1291 100 23 omfatta

248 1327 121 28 förslagen
393 1327 35 22 till
452 1327 321 29 sammanbindningsbanor,
793 1327 81 23 hvilka
890 1327 35 23 till
942 1327 59 23 afse-

248 1362 60 23 värd
325 1362 37 23 del
379 1363 95 22 komme
491 1364 34 21 att
542 1363 85 22 tillföra
643 1364 66 21 nätet
721 1358 17 38 ,,
735 1363 73 22 döda"
821 1363 113 28 sträckor,
943 1364 59 21 utan

248 1398 50 27 har,
316 1398 43 23 där
375 1399 90 22 sådana
488 1399 74 22 banor
582 1398 121 28 förordats,
720 1399 128 23 inskränkt
864 1400 36 28 sig
916 1399 35 22 till
968 1400 34 21 att

247 1433 148 24 understöda
412 1434 138 30 byggandet
566 1434 24 23 af
607 1435 89 23 sådana
712 1435 91 23 mindre
820 1434 64 24 delar
900 1435 24 22 af
940 1434 61 28 dem,

249 1476 52 16 som
318 1477 71 21 synas
414 1470 82 23 kunna
519 1477 28 16 ur
570 1470 139 24 ekonomisk
729 1470 123 30 synpunkt
868 1472 133 26 motiveras,

321 1518 187 24 Järnvägsutskottets
520 1518 111 18 betänkande
643 1519 34 17 N:o
689 1520 16 16 2.
