1109 1775
311 149 248 23 Petitionsbetänkande
576 150 37 22 N:o
629 150 22 22 3.
787 153 37 19 111

105 222 38 14 ver
166 217 97 20 bedrifvit
287 219 69 23 någon
377 223 44 13 som
439 217 53 19 helst
508 218 84 24 politisk
608 218 107 24 agitation.
731 228 29 2 —
777 217 32 20 Då
821 218 39 25 jag

106 247 53 19 efter
175 248 90 19 nämnda
281 247 157 25 undersökning
453 248 147 24 inspekterade
619 248 125 22 seminariet,
761 248 46 19 lade
821 248 39 25 jag

105 277 71 19 märke
199 278 30 18 till
250 277 30 19 ett
301 276 181 20 missförhållande
498 277 35 19 vid
550 277 177 25 undervisningen
744 278 6 18 i
766 278 92 19 moders-

105 306 70 20 målet.
207 301 27 24 Åt
260 307 65 19 första
348 307 96 28 klassens
467 307 69 19 elever
563 305 53 21 hade
640 307 104 25 nämligen
768 309 27 23 på
818 307 40 19 den

105 336 109 25 kvinnliga
234 336 134 25 afdelningen
385 336 31 19 till
433 336 104 25 skrifning
557 336 72 25 gifvits
646 337 29 19 ett
691 337 167 24 reproduktions-

106 367 67 22 ämne,
191 372 43 13 som
251 367 45 18 icke
313 372 36 13 var
365 366 100 25 lämpligt.
495 361 180 25 Öfverdirektören
691 366 32 20 för
738 367 120 19 skolväsen-

106 396 35 19 det
157 396 44 23 har,
218 396 53 19 efter
287 396 31 19 att
334 396 27 19 ha
377 395 40 20 fätt
432 396 153 19 underrättelse
602 402 32 13 om
652 397 70 22 saken,
739 397 119 19 sedermera

106 426 89 25 vidtagit
217 427 103 23 ätgärder,
342 426 70 19 hvilka
435 426 75 19 hindra
530 427 31 18 ett
581 426 66 25 dylikt
666 426 192 20 missförhällandes

105 456 153 25 upprepande.”

176 536 47 23 Det
246 536 135 23 förfarande
404 536 238 29 Skolöfverstyrelsen
659 537 73 22 sedan
750 541 57 19 1903
823 537 34 22 in-

104 572 72 29 slagit
200 572 54 23 med
277 573 94 29 hänsyn
396 573 35 22 till
453 573 29 22 de
503 573 113 29 politiska
633 573 174 29 angifvelserna
824 573 32 23 af-

104 608 73 28 viker,
199 609 78 22 säsom
298 614 79 23 synes,
394 609 150 29 väsentligen
561 608 53 23 frän
630 616 91 16 samma
737 604 119 34 Öfversty-

103 644 72 23 relses
200 644 99 29 tidigare
321 644 137 23 förfarande
475 645 44 22 och
534 645 93 22 lämnar
642 652 53 15 rum
711 645 34 22 för
761 645 95 23 berätti-

104 680 60 29 gade
181 681 192 28 anmärkningar.
395 680 10 22 I
421 680 76 23 likhet
514 680 54 23 med
585 676 186 34 Öfverstyrelsen
782 682 8 21 i
802 681 54 22 dess

103 716 43 22 här
154 716 73 23 ofvan
235 716 52 28 (sid.
298 720 27 19 94
335 723 18 16 o.
363 716 36 28 ff.)
412 716 99 23 anförda
520 716 165 30 underdäniga
696 716 125 24 skrifvelse
833 716 24 23 af

103 752 45 22 den
167 756 26 18 12
210 752 127 23 november
355 756 64 23 1901,
436 752 71 29 hyser
524 753 121 23 Utskottet
656 752 44 23 den
712 753 144 29 principiella

103 788 159 29 uppfattning,
280 789 34 22 att
331 795 119 22 anonyma
466 788 151 30 angifvelser,
637 788 76 23 därtill
737 788 48 23 ofta
808 795 48 22 nog

103 824 56 28 föga
174 824 153 29 preciserade,
343 824 53 22 icke
419 824 71 23 borde
516 824 123 23 föranleda
663 824 77 30 nägon
764 824 90 30 ätgärd.

103 860 53 22 Men
173 866 37 16 om
227 867 33 15 nu
276 860 65 22 detta
358 860 99 22 oaktadt
473 860 28 23 de
520 860 146 29 tillspetsade
682 860 110 29 politiska
811 860 44 22 för-

103 895 140 23 hällandena
269 899 56 19 1903
350 897 90 21 ansetts
464 896 36 22 till
517 903 29 15 en
564 896 81 29 början
663 896 193 29 nödvändiggöra

103 931 206 29 undersökningar
319 932 30 28 pä
360 931 77 29 grund
450 931 23 23 af
489 931 81 29 dylika
587 931 149 30 angifvelser,
753 932 26 22 sä
794 931 62 23 hade

102 967 150 27 ätminstone,
269 967 72 22 sedan
366 967 134 23 erfarenhet
525 968 96 22 vunnits
645 974 36 16 om
706 967 81 23 dessas
811 969 43 25 art,

102 1002 52 23 skäl
171 1003 91 22 funnits
283 1003 35 22 för
340 997 189 35 Öfverstyrelsen
554 1005 35 21 att
613 1003 74 23 ändra
711 1003 145 23 förfarandet

102 1038 43 23 och
169 1038 158 30 undandraga
351 1040 36 28 sig
412 1039 46 22 alla
476 1039 111 29 ätgärder
603 1039 62 27 eller,
681 1040 8 21 i
704 1039 41 23 fall
761 1039 42 23 där
818 1045 36 23 yr-

102 1073 96 23 kanden
215 1075 30 28 pä
261 1074 146 23 afskedande
424 1082 31 15 m.
473 1082 30 15 m.
521 1076 83 28 gjorts,
622 1075 150 23 tillbakavisa
785 1075 70 22 dessa

102 1109 54 23 med
173 1110 52 22 stöd
241 1110 24 23 af
280 1111 40 28 lag
336 1111 44 22 och
396 1110 174 29 författningar.

173 1145 152 24 Beträffande
341 1148 66 21 arten
420 1147 24 22 af
455 1147 28 22 de
495 1147 116 28 vidtagna
628 1147 141 28 ätgärderna
785 1153 70 16 anser

101 1182 37 28 sig
150 1181 121 23 Utskottet
287 1182 56 23 böra
360 1182 127 23 framhälla
504 1183 40 27 att,
562 1190 38 16 om
617 1183 44 22 ock
677 1183 29 22 de
723 1182 64 23 öfver
803 1182 51 23 huf-

100 1218 48 22 vud
164 1218 127 22 inskränkt
307 1219 36 28 sig
360 1218 35 23 till
415 1218 152 23 affordrande
584 1218 24 23 af
623 1218 157 29 förklaringar
791 1218 24 23 af
826 1218 28 22 de

102 1253 98 29 angifna
211 1254 92 22 lärarne
315 1254 57 23 eller
383 1254 35 22 till
430 1254 215 30 undersökningar,
657 1262 49 15 som
718 1254 136 23 verkställts

100 1289 25 23 af
140 1290 285 23 läroverksföreständare
441 1290 44 23 och
503 1290 264 30 folkskoleinspektorer
782 1290 50 28 och,
847 1291 8 21 i

100 1325 40 23 det
156 1332 83 16 senare
256 1326 72 27 fallet,
345 1326 133 22 eventuellt
494 1326 35 22 till
546 1326 48 23 åtal
610 1326 61 23 inför
687 1326 115 22 direktion
815 1332 39 16 en-

99 1361 44 29 ligt
158 1361 300 29 folkskoleförordningens
478 1363 14 28 &
515 1366 49 24 136,
587 1362 28 22 de
637 1362 60 22 dock
721 1362 48 23 ofta
791 1362 63 22 varit

99 1396 37 23 för
158 1397 97 23 skolans
275 1398 74 28 lugna
369 1397 158 23 verksamhet
542 1398 111 22 störande
670 1398 43 22 och
728 1398 35 22 för
778 1398 76 22 lärare

100 1432 42 23 och
167 1433 79 22 elever
269 1434 141 28 pinsamma.
445 1434 118 22 Särskildt
584 1434 30 22 ha
634 1434 29 22 de
679 1435 64 21 extra
759 1433 94 29 inspek-

99 1469 100 22 tioner
187 1465 13 37 i
218 1469 107 28 politiskt
349 1469 68 28 syfte,
442 1476 50 15 som
518 1470 249 28 Skolöfverstyrelsens
792 1476 62 22 egna

170 1516 101 18 Allmänna
283 1517 184 18 Petitionsutskottets
479 1517 111 18 betänkande
603 1517 34 18 N:o
650 1519 16 16 1.
