1111 1778
241 154 29 20 24
328 153 83 24 Ständ.
429 153 51 24 Pet.
497 166 29 4 —
542 154 277 24 Petitionsbetänkande
834 154 44 23 N:o
896 154 21 23 1.

311 220 8 20 I
344 220 161 27 sammanhang
528 221 50 21 med
602 220 161 22 ofvanstäende
787 220 206 23 militärförfattnin-

240 256 40 20 gar
296 249 43 22 stä:

311 279 20 28 a)
353 280 126 27 Reskriptet
500 280 22 22 af
538 281 42 21 den
597 280 28 22 25
641 280 44 29 (12)
700 281 88 27 januari
805 280 57 22 1903
879 280 114 27 angäende

241 309 168 27 straffätgärder
432 313 46 18 mot
502 310 27 22 de
553 310 49 22 från
628 310 56 22 1902
708 309 37 23 års
767 310 225 28 värnepligtsuppbäd

241 339 134 22 förfallolöst
390 340 108 21 uteblifne
514 340 165 27 värnepliktige.

311 369 22 27 b)
351 369 125 28 Reskriptet
492 370 23 21 af
531 370 42 22 den
587 370 26 21 31
626 370 44 28 (18)
681 370 118 22 december
811 369 57 22 1903
879 370 114 27 angäende

241 398 166 28 straffätgärder
430 402 46 19 mot
499 400 27 21 de
550 399 49 22 från
624 400 58 21 1903
701 399 37 22 års
754 399 90 28 uppbåd
860 399 134 22 förfallolöst

241 429 108 21 uteblifne
365 429 165 28 värnepligtige.

311 460 20 25 e)
347 459 145 22 Föreskrifter
509 459 22 22 af
547 460 42 21 den
608 459 26 22 18
646 459 28 29 (5)
691 459 99 22 februari
807 459 58 22 1904
879 459 114 27 angående

241 489 124 27 ordningen
388 489 35 22 för
446 489 128 22 inkallande
595 490 32 21 till
645 490 139 27 fullgörande
801 490 23 21 af
839 490 154 27 värnepligten

241 519 36 29 af;
280 525 113 21 personer,
410 526 48 15 som
471 519 62 28 flytta
543 520 32 21 till
587 522 60 19 orter
657 520 8 21 i
676 519 71 22 finska
759 520 162 27 Lappmarken.

312 549 21 28 d)
349 549 169 22 Förordnandet
534 550 21 21 af
576 550 42 21 den
636 550 26 21 18
674 549 29 29 (5)
719 549 98 22 februari
835 549 57 22 1904
911 555 35 16 om
963 551 31 20 att

241 578 72 22 finska
329 579 105 26 rekryter,
452 585 48 15 som
516 579 89 22 tillhöra
621 579 250 27 evangelisk-lutherska
887 579 53 22 eller
951 586 43 15 me-

241 609 118 21 todistiska
382 609 205 26 trosbekännelsen,
604 609 55 22 böra
679 610 84 27 aflägga
779 610 27 21 ed
823 609 56 22 efter
895 609 99 28 Kejsare-

241 639 87 21 dömets
345 639 155 22 edsformulär.

314 669 19 20 7.
351 669 166 27 Förordningen
529 669 23 21 af
562 669 43 22 den
619 669 27 22 10
653 669 40 27 juli
702 669 36 28 (27
747 669 55 29 juni)
813 669 56 22 1902
879 669 114 27 angäende

242 699 95 26 ändring
353 699 22 21 af
391 699 136 21 formulären
543 699 32 21 till
592 701 57 19 samt
665 699 123 27 ordningen
804 699 35 21 för
849 698 145 27 kungörande

241 728 23 21 af
286 728 155 28 författningar
457 729 42 21 och
520 729 120 27 styrelsens
662 728 147 27 förfoganden
825 729 7 21 i
849 728 144 22 Storfursten-

243 758 74 21 dömet
333 758 101 21 Finland.

314 787 20 21 8.
359 788 166 27 Förordningen
535 788 22 21 af
565 789 43 20 den
617 788 26 21 31
654 787 43 29 (18)
704 788 40 27 juli
755 787 56 23 1902
821 787 114 27 angäende
942 787 52 22 änd-

241 818 49 26 ring
307 817 22 21 af
344 818 109 21 särskilda
464 818 137 27 stadganden
613 818 95 21 rörande
719 819 91 26 tjenster
822 818 35 21 vid
870 817 122 22 civilstaten

242 847 7 21 i
266 847 100 22 Finland.

312 877 8 21 I
345 878 160 27 sammanhang
528 878 50 21 med
601 877 157 28 förordningen
775 878 42 21 den
834 877 26 22 31
878 877 41 27 juli
936 877 57 22 1902

242 907 35 21 stä
293 907 97 26 följande
407 907 164 27 författningar:

313 936 26 29 a).
372 937 225 22 Statssekretariatets
621 937 48 22 bref
688 937 23 21 af
726 938 43 21 den
785 938 14 21 9
816 936 125 28 september
956 937 36 26 (27

243 967 94 28 augusti)
356 967 56 22 1902
427 968 50 21 med
489 969 102 20 närmare
603 967 136 22 föreskrifter
750 967 139 22 beträffande
901 967 93 27 tillämp-

241 997 82 26 ningen
340 997 23 21 af
378 997 66 22 ofvan
460 997 68 27 sagda
547 997 134 27 förordning.

312 1026 28 29 b).
372 1027 166 27 Förordningen
562 1028 42 21 den
630 1027 24 22 11
679 1033 59 16 mars
760 1027 63 25 1901,
840 1027 67 21 hvars
924 1027 70 21 andra

242 1057 70 26 punkt
335 1057 91 27 fritagar
450 1057 91 21 embets-
557 1058 42 20 och
615 1058 138 26 tjenstemän,
769 1057 75 21 hvilka
860 1056 66 27 aflagt
940 1057 53 26 tjen-

242 1086 61 22 steed
320 1086 7 21 i
344 1086 172 28 Kejsaredömet,
534 1086 49 22 frän
599 1087 137 27 afläggandet
752 1086 23 22 af
791 1085 70 23 sädan
878 1086 27 21 ed
916 1086 36 22 vid
963 1086 31 22 öf-

242 1116 97 27 vergäng
353 1117 33 21 till
402 1117 66 27 tjenst
484 1117 6 21 i
502 1116 99 22 Finland.

313 1146 20 22 9.
365 1146 166 28 Förordningen
545 1147 22 21 af
579 1147 42 21 den
634 1146 27 22 14
672 1146 28 29 (1)
712 1147 87 26 augusti
811 1146 57 22 1902
880 1145 114 27 angäende

243 1176 122 27 ordningen
390 1176 34 22 för
446 1177 143 26 tjenstemäns
611 1176 36 22 vid
665 1176 27 22 de
708 1176 178 22 administrativa
903 1175 91 22 embets-

242 1206 83 21 verken
341 1207 109 26 skiljande
466 1206 50 21 frän
532 1207 100 26 tjensten.

312 1236 42 21 Till
370 1236 73 22 denna
459 1236 129 28 förordning
603 1236 89 22 ansluta
708 1236 41 28 sig:

314 1265 26 29 a).
373 1266 158 26 Förklaringen
548 1266 22 22 af
586 1267 42 21 den
645 1266 12 21 7
672 1266 43 26 maj
728 1266 36 28 (24
776 1265 63 29 april)
852 1264 64 27 1903,
928 1265 66 27 enligt

243 1296 89 21 hvilken
356 1295 160 22 ofvanstäende
538 1296 128 27 förordning
686 1296 22 21 af
728 1296 43 22 den
789 1296 27 21 14
832 1295 88 27 augusti
937 1295 57 22 1902

243 1326 56 21 skall
323 1325 111 28 tillämpas
451 1326 13 21 ä
481 1326 43 21 alla
540 1326 36 21 vid
593 1326 120 21 skolstaten
730 1326 101 21 anstälde
854 1325 140 27 tjenstemän,

243 1356 51 21 med
311 1356 113 26 undantag
443 1356 22 21 af
484 1356 121 27 Kejserliga
621 1355 315 23 Alexanders-Universitetets
952 1361 43 15 em-

243 1386 56 21 bets-
315 1386 42 21 och
373 1386 139 26 tjänstemän.

313 1415 28 27 b).
373 1416 158 26 Förklaringen
551 1416 22 21 af
589 1416 42 21 den
648 1416 13 21 8
677 1416 88 26 januari
783 1415 59 22 1904
858 1414 37 28 (26
911 1414 84 21 decem-

243 1444 40 22 ber
308 1444 64 29 1903)
397 1445 22 21 af
442 1445 70 27 punkt
535 1445 14 21 2
573 1446 6 20 i
596 1445 93 21 anförda
706 1444 135 27 förordning,
859 1443 23 22 af
897 1443 98 22 innehäll

244 1477 31 19 att
298 1475 139 27 tjenstemän,
462 1481 48 15 som
534 1475 121 27 entledigas
679 1474 49 22 frän
743 1475 96 27 tjensten
855 1474 35 21 för
906 1474 89 26 politisk
