1111 1775
311 164 241 24 Petitionsbetänkande
569 165 40 23 N:o
625 164 13 23 3
648 171 20 17 a.
854 166 13 21 3

117 232 79 26 visning
215 232 79 20 erhållit
309 238 24 14 en
349 231 141 26 utsträckning,
506 232 79 20 hvilken
603 232 111 20 allvarsamt
730 232 98 20 inkräktar
843 232 25 26 på

117 263 60 19 andra
198 264 81 18 ämnens
300 262 120 25 berättigade
435 262 89 27 anspråk,
546 262 64 20 blefve
628 262 129 20 underkastad
777 269 24 13 en
817 263 50 19 revi-

117 298 48 14 sion.

162 322 9 20 I
187 322 153 26 privatskolorna
359 322 34 19 har
408 321 90 20 befrielse
514 321 42 20 från
579 322 115 25 deltagande
710 322 7 19 i
732 322 136 20 undervisnin-

117 359 37 18 gen
171 353 5 18 i
192 355 29 17 ett
239 352 48 20 eller
306 353 59 19 annat
383 354 57 17 ämne
456 352 6 19 i
478 352 66 25 regeln
565 352 89 25 beviljats
676 353 48 24 elev,
744 358 41 14 som
801 353 66 19 därom

117 382 87 20 anhållit.
235 382 68 19 Denna
325 382 177 25 valfrihetsprincip
525 384 22 17 är
572 382 93 19 särskildt
683 382 30 19 för
731 383 136 23 samskolorna,

117 412 58 20 bland
191 412 76 19 hvilkas
283 412 86 25 kvioliga
384 412 65 19 elever
465 412 70 25 många
550 412 43 19 icke
609 412 73 19 sträfva
696 412 31 19 till
743 412 125 19 studentexa-

117 449 51 20 men,
190 442 23 20 så
227 442 47 25 godt
289 448 40 13 som
347 448 22 13 en
386 442 73 19 lifssak.
492 442 120 19 Valfriheten
628 442 115 19 inskränkes
758 442 110 20 emellertid

117 472 26 26 pä
166 475 28 17 ett
217 472 108 25 betänkligt
347 474 39 17 sätt
408 478 70 19 genom
498 472 52 25 Kejs.
567 472 95 19 Senatens
677 472 102 20 skrifvelse
794 472 21 19 af
829 472 38 19 den

119 503 26 19 27
162 502 41 26 juni
221 503 62 24 1904,
300 502 54 19 hvari
369 501 99 26 päbjudes,
484 504 28 17 att
528 502 164 25 undervisningen
708 502 7 19 i
731 502 24 20 de
766 503 61 24 bägge
838 502 29 19 in-

118 532 80 20 hemska
213 532 82 25 spräken
311 532 37 19 och
363 532 6 19 i
382 532 71 25 ryskan
470 532 49 19 skall
535 538 46 13 vara
596 532 123 25 obligatorisk
736 532 29 20 för
779 533 39 19 alla
828 532 39 20 ele-

118 569 35 13 ver
167 562 7 20 i
189 562 174 20 subventionerade
377 568 54 19 goss-
447 562 36 19 och
499 562 112 20 samskolor.

163 592 38 20 Det
223 591 138 27 omisskänliga
384 592 120 20 sträfvandet
526 594 29 18 att
569 592 8 20 i
591 592 36 20 allt
649 594 67 18 närma
736 591 131 27 privatskolan

117 622 32 20 till
167 622 127 20 statsskolans
315 624 36 24 typ
367 622 35 20 har
416 622 92 26 slutligen
526 622 41 20 nått
583 622 30 20 sin
629 622 109 26 höjdpunkt
753 622 6 20 i
775 622 42 26 Kej.
833 622 34 20 Se-

118 655 68 17 natens
202 652 102 20 skrifvelse
319 652 20 20 af
355 652 37 20 den
410 653 10 19 1
437 658 43 14 nov.
502 653 62 24 1904,
581 652 41 20 däri
640 652 32 20 »af
688 652 131 20 förekommen
834 658 33 14 an-

118 682 100 26 ledning»,
241 688 45 14 men
309 686 45 16 utan
378 682 62 25 nägon
464 688 41 14 som
526 682 52 20 helst
595 682 115 25 motivering
725 682 99 26 förklaras,
839 684 29 18 att

118 713 90 25 samtliga
228 712 173 20 subventionerade
420 712 76 26 privata
511 718 54 20 goss-
581 712 37 20 och
633 712 107 20 samskolor
754 712 43 20 frän
813 714 55 18 nästa

118 742 73 20 läseärs
206 742 66 26 början
288 742 53 20 skola
356 742 31 20 till
402 742 38 20 alla
454 742 55 20 delar
523 742 62 20 införa
601 742 24 20 de
638 742 30 20 för
678 744 73 18 statens
761 742 108 25 reallyceer

118 772 117 20 föreskrifna
249 772 133 26 läroplanerna
400 772 19 20 af
437 772 38 20 den
492 773 27 19 26
535 772 37 26 juli
589 773 63 19 1903.
683 772 37 20 Om
735 772 53 20 detta
803 772 65 26 päbud

118 803 65 20 blefve
204 803 55 25 bragt
275 802 7 20 i
298 802 152 26 verkställighet,
474 802 77 20 komme
574 802 132 26 privatskolan
721 804 28 18 att
764 802 104 20 rednceras

118 832 31 20 till
165 839 24 13 en
205 833 49 19 blott
269 832 36 20 och
320 833 34 19 bar
369 832 58 26 kopia
442 832 20 20 af
477 832 38 20 den
531 832 138 20 förherskande
684 832 183 20 statsskoleformen.

118 863 35 19 Att
168 862 34 20 det
217 862 117 20 föreskrifna
354 862 139 25 skyndsamma
512 862 162 26 omgestaltandet
694 862 20 20 af
729 862 138 25 läroplanerna,

116 891 90 22 hvilka
199 887 16 35 i
224 891 70 27 mänga
317 891 129 27 privatskolor
469 893 61 19 förete
552 891 44 21 icke
619 891 121 26 oväsentliga
763 891 106 21 afvikelser

116 922 44 20 frän
175 922 142 26 reallyceernas
338 921 158 27 lektionsplaner,
512 922 63 20 skulle
597 922 98 20 förorsaka
710 921 100 26 praktiska
825 921 43 20 svä-

116 952 88 26 righeter
218 953 20 19 af
253 953 101 20 allvarsam
370 954 35 23 art,
423 952 55 20 torde
494 951 61 27 knapt
570 952 84 20 behöfva
670 951 116 21 framhällas.
823 951 45 21 Men

115 983 58 19 äfven
197 989 30 13 om
250 982 33 21 det
304 982 21 20 af
343 981 84 21 särskild
447 984 60 24 gunst
522 983 37 19 och
581 982 38 20 nåd
634 982 65 20 blefve
715 981 154 26 privatskolorna

117 1012 109 26 medgifvet
241 1014 29 18 att
285 1012 20 20 fä
320 1011 108 21 successivt
443 1012 64 20 införa
528 1013 37 19 den
581 1019 40 18 nya
635 1012 116 25 läroplanen,
764 1011 105 20 kvarstode

117 1041 61 21 likväl
188 1042 38 20 den
238 1041 105 27 viktigaste
353 1041 147 27 invändningen
511 1044 41 18 mot
562 1041 146 26 ifrägavarande
719 1041 69 26 päbud.
810 1041 59 20 Detta

117 1072 62 20 mäste
195 1072 98 26 nämligen
310 1073 103 19 betecknas
429 1072 63 20 säsom
509 1074 28 18 ett
552 1071 84 21 radikalt
648 1078 86 19 angrepp
745 1073 40 18 mot
795 1071 73 26 privat-

117 1103 99 20 skolornas
231 1102 103 26 grundidé.
365 1103 68 20 Denna
448 1103 65 19 skolas
527 1102 101 25 betydelse
643 1101 64 26 ligger
722 1102 69 19 främst
806 1101 7 20 i
829 1101 38 20 den

116 1131 143 27 jämförelsevis
275 1134 61 18 större
351 1132 85 20 friheten
453 1132 8 20 i
476 1133 46 19 dess
538 1131 136 27 organisation.
705 1131 114 26 Upphälves
834 1131 34 20 det

116 1162 107 26 viktigaste
246 1164 105 18 momentet
374 1161 8 21 i
404 1162 64 20 denna
491 1161 66 27 frihet,
581 1162 22 20 sä
618 1164 21 17 är
658 1162 33 19 det
706 1161 53 20 svärt
773 1163 29 18 att
817 1161 50 25 inse,

116 1192 67 20 hvilka
198 1192 61 20 motiv
280 1192 104 20 framdeles
400 1192 67 20 kunde
488 1192 62 20 förmä
565 1192 90 20 enskilda
672 1198 93 20 personer
779 1193 28 18 att
823 1190 43 21 vid-

116 1222 74 20 kännas
213 1222 136 26 uppoffringar
370 1223 30 19 för
422 1222 180 26 upprätthållandet
617 1222 19 20 af
652 1228 24 14 en
692 1220 118 26 institution,
826 1227 42 14 som

116 1252 79 20 förlorat
218 1252 31 20 sin
273 1252 99 26 egentliga
396 1252 64 20 raison
484 1252 66 20 &Wötre.
582 1252 42 20 Den
646 1251 66 21 finska
726 1251 143 27 privatskolans

115 1282 92 20 framtida
231 1282 81 20 bestånd
336 1288 60 20 synes
411 1282 65 20 därför
496 1289 44 13 vara
555 1282 7 20 i
578 1282 39 26 hög
631 1282 48 26 grad
695 1282 95 20 beroende
805 1282 20 19 af
840 1283 29 18 att

116 1313 82 19 anförda
221 1312 70 26 päbud,
314 1312 31 20 till
361 1313 59 19 hvars
440 1312 43 20 stöd
500 1324 26 2 —
544 1312 25 20 dä
584 1312 34 20 det
632 1312 21 26 ju
668 1312 36 20 här
718 1311 44 21 icke
777 1314 22 17 är
814 1311 55 25 fräga

116 1342 94 20 särskildt
225 1348 31 14 om
275 1342 168 26 undervisningen
459 1343 7 19 i
482 1342 59 26 ryska
562 1342 79 26 språket
657 1353 26 3 —
700 1341 44 21 icke
759 1348 36 14 ens
809 1341 60 27 något

115 1373 85 19 förment
225 1372 150 20 »riksintresse»
399 1372 55 20 torde
477 1372 66 20 kunna
563 1372 83 25 anföras,
662 1371 44 21 icke
720 1371 72 21 blifver
807 1373 39 18 satt
861 1370 7 20 i

117 1402 155 26 verkställighet.
303 1402 84 20 Därmed
403 1402 55 20 torde
473 1402 58 20 äfven
547 1402 127 20 statsverkets
690 1402 61 19 fördel
766 1408 46 13 vara
824 1401 44 19 bäst

117 1432 136 26 tillgodosedd,
269 1432 31 26 ity
315 1434 29 18 att
359 1438 24 14 en
399 1432 95 26 ätergäng
508 1432 20 20 af
544 1431 239 27 privatskoleinstutionen
803 1431 65 20 säker-

115 1462 54 25 ligen
192 1463 65 19 skulle
279 1463 31 19 för
332 1464 62 18 staten
411 1463 87 19 medföra
520 1462 169 25 nödvändigheten
704 1463 29 18 att
747 1462 76 25 grunda
839 1462 30 19 ett

117 1494 61 18 större
194 1493 54 19 antal
263 1491 104 26 offentliga
383 1491 140 21 läroanstalter.

189 1532 90 18 Särskilda
291 1533 157 17 Besvärsutskotteis
461 1533 104 17 betänkande
578 1532 34 17 N:o
624 1532 18 18 5.
