1106 1773
246 157 27 19 36
413 155 73 23 Ständ.
502 156 44 22 Pet.
564 168 27 4 —
607 156 145 22 Petitionsbet.
769 156 35 22 N:o
820 155 21 22 3.

246 234 38 14 rer
312 226 43 22 och
381 226 104 30 kolleger
508 229 61 20 samt
592 227 90 29 förslag
700 226 37 23 till
756 226 66 23 dessa
840 228 109 28 tjänsters
968 228 39 21 be-

245 260 110 23 sättande
373 261 63 29 förty
454 260 29 23 då
502 262 19 29 ej
542 261 151 28 erfordrades,
707 262 51 21 kom
776 261 113 22 Senatens
907 261 98 23 berörda

244 295 91 29 förslag
353 296 60 21 altså
431 298 35 20 att
484 296 62 28 gälla
564 296 102 22 nämnda
680 297 104 28 tjänster.
810 296 151 29 Möjligheten
969 296 36 22 för

245 329 30 21 de
303 330 104 22 sökande
435 333 34 19 att
494 331 81 21 anföra
600 331 84 21 besvär
708 338 42 14 var
768 330 94 22 därmed
880 330 124 22 utesluten.

243 363 94 23 Endast
360 364 146 22 beträffande
530 365 273 29 öfverläraretjänsterna
822 368 24 18 är
864 364 45 22 den
927 365 77 28 gamla

243 398 135 29 ordningen
396 399 53 22 med
467 399 160 29 uppgörandet
646 400 24 21 af
687 400 87 28 förslag
794 399 43 22 och
854 401 48 20 rätt
914 399 37 22 till
965 407 39 13 an-

244 433 98 21 förande
361 433 24 22 af
402 433 83 22 besvär
503 434 139 21 bibehållen.

316 467 81 22 Såsom
416 467 69 23 ofvan
503 467 147 28 framhållits,
671 471 25 18 är
715 467 113 22 Senatens
846 467 158 29 nyssnämnda

245 501 121 22 föreskrift
390 502 118 22 stridande
533 505 49 19 mot
604 502 27 22 de
650 503 117 28 principer
784 502 36 22 för
838 503 109 28 tjänsters
966 502 39 21 be-

246 536 116 28 sättande,
381 543 49 15 som
447 537 129 29 uppställas
595 537 8 21 i
622 537 219 29 Regeringsformen
861 536 43 22 och
916 536 87 27 hvilka,

245 570 100 22 oaktadt
363 571 140 28 stadgandet
522 572 7 20 i
550 572 11 20 1
582 572 106 28 punkten
707 571 23 22 af
749 571 139 28 Förenings-
907 571 43 22 och
963 571 40 21 Sä-

245 604 174 29 kerhetsakten,
438 607 72 20 måste
530 613 66 14 anses
615 605 145 23 fortfarande
778 605 69 30 gälla.
883 607 29 28 Hj
932 605 73 22 helier

245 647 71 21 synas
341 639 8 22 i
373 640 72 29 något
475 639 107 23 afseende
610 640 127 28 ordalagen
762 641 7 20 i
794 639 168 30 förordningen
981 639 22 22 af

245 673 46 22 den
317 674 30 21 31
373 674 42 29 juli
442 675 63 22 1902
531 675 70 21 hafva
624 675 52 22 bort
695 677 82 26 utgöra
796 674 83 22 hinder
897 675 36 21 för
951 674 52 22 dess

244 708 210 29 grundlagsenliga
472 709 115 29 tolkning.
614 709 12 22 I
639 709 155 22 betraktande
808 709 66 21 häraf
887 713 25 18 är
924 709 79 28 sagda,

245 743 8 21 i
272 744 85 27 många
375 743 147 22 hänseenden
540 743 113 30 därjämte
667 743 132 30 olämpliga,
813 743 51 22 från
877 743 46 22 den
936 743 67 22 häfd-

244 785 82 14 vunna
353 777 129 30 ordningen
509 778 39 21 vid
577 779 111 28 tjänsters
715 777 137 22 besättande
877 777 126 22 afvikande

246 812 121 22 föreskrift
385 812 77 29 egnad
481 815 34 19 att
533 813 74 22 väcka
626 813 26 21 så
670 812 93 29 mycket
782 814 73 20 större
873 812 130 29 förvåning.

315 846 70 22 Hvad
407 847 110 22 beträffar
535 847 99 29 tjänster
654 847 22 21 af
695 847 25 21 X
738 846 43 23 och
800 847 63 28 lägre
882 846 121 29 rangklas-

244 888 45 20 ser,
309 881 36 21 till
363 881 81 22 hvilka
463 881 55 23 höra
537 882 194 28 kollegatjänster
750 881 42 22 och
812 881 191 29 läraretjänster
992 877 16 38 i

246 915 111 23 moderna
375 916 70 28 språk
464 916 38 22 vid
516 917 52 28 fyra
580 916 56 22 eller
648 916 138 28 treklassiga
799 916 206 22 elementarskolor

246 952 61 20 samt
326 950 75 28 öfriga
419 951 64 28 lägre
501 950 175 29 läraretjänster
694 950 40 22 vid
753 950 47 22 alla
812 950 85 28 skolor,
909 951 26 21 så
947 958 58 21 upp-

246 984 37 21 stå
301 985 7 20 i
328 984 66 29 fråga
413 993 38 14 om
469 984 44 22 den
534 984 38 23 vid
590 985 67 22 deras
676 984 139 23 besättande
831 981 174 26 Öfverdirektö-

246 1026 41 13 ren
306 1019 99 29 tillagda
423 1020 229 28 utnämningsrätten
670 1019 189 29 betänkligheter
871 1027 27 14 ur
911 1019 93 28 rättslig

245 1053 128 29 synpunkt.
409 1054 36 21 Då
472 1054 128 22 Monarken
624 1054 20 29 ej
670 1054 54 29 själf
747 1054 93 21 utöfvar
859 1054 36 21 sin
914 1055 91 20 utnäm-

246 1088 126 29 ningsrätt,
398 1088 47 22 kan
469 1088 76 22 denna
569 1091 48 19 rätt
638 1088 146 29 öfverflyttas
803 1088 82 22 endast
903 1087 38 22 till
959 1087 45 22 den

245 1122 146 29 myndighet,
412 1123 131 21 hvarunder
562 1124 102 28 tjänsten
677 1123 73 28 lyder.
778 1123 123 22 Dessutom
913 1122 92 22 fordrar

245 1156 47 22 den
317 1157 126 28 kollegiala
462 1157 137 28 ordningen,
618 1165 49 14 som
686 1157 40 22 vid
744 1157 145 22 inrättandet
908 1157 24 21 af
949 1157 56 21 flere

245 1191 25 22 af
297 1191 28 22 de
350 1192 104 21 centrala
479 1192 176 21 ämbetsverken
678 1193 8 20 i
704 1191 81 22 landet
803 1192 7 21 i
829 1191 106 28 enlighet
953 1190 52 23 med

245 1225 171 23 traditionerna
437 1226 52 22 frän
508 1227 100 21 svenska
626 1226 65 22 tiden
710 1226 129 29 tillämpats
858 1228 35 20 att
911 1226 25 21 sä
953 1225 52 22 vik-

246 1260 51 27 tiga
315 1260 101 22 ärenden
435 1268 48 15 som
501 1261 339 29 tjänstemannautnämningar
851 1260 52 22 icke
916 1260 89 21 undan-

246 1294 85 29 dragas
355 1295 111 29 kollegial
488 1295 150 29 behandling.
675 1295 75 22 Häraf
767 1295 74 29 följer,
861 1297 35 19 att
913 1295 9 21 i
940 1295 65 21 detta

245 1329 43 21 fall
306 1330 229 28 utnämningsrätten
555 1330 53 21 bort
626 1329 118 30 delegeras
763 1330 24 21 ät
800 1329 205 29 Skolöfverstyrel-

246 1371 41 14 sen
307 1363 43 22 och
370 1364 51 22 icke
441 1365 23 21 ät
483 1361 212 25 Öfverdirektören.
723 1364 47 21 Det
788 1363 144 30 principiellt
945 1363 57 22 orik-

245 1398 52 28 tiga
309 1398 8 21 i
331 1395 216 26 Öfverdirektörens
563 1399 201 29 utnämningsrätt
776 1399 103 21 minskas
892 1398 52 22 icke
953 1397 52 22 där-

246 1433 31 27 af,
296 1435 35 20 att
351 1433 219 30 besvärsanvisning
589 1433 39 22 vid
642 1433 80 28 dylika
736 1433 168 29 utnämningar
915 1432 89 29 gifvits.

315 1467 52 22 Den
394 1468 138 28 föregående
556 1468 205 28 framställningen
786 1467 157 30 ädagalägger
961 1469 42 26 att,
