<?xml version="1.0" encoding="UTF-8"?>
<alto xmlns="http://www.loc.gov/standards/alto/ns-v3#" xmlns:xlink="http://www.w3.org/1999/xlink" xmlns:xsi="http://www.w3.org/2001/XMLSchema-instance" xsi:schemaLocation="http://www.loc.gov/standards/alto/ns-v3# http://www.loc.gov/alto/v3/alto-3-0.xsd">
	<Description>
		<MeasurementUnit>pixel</MeasurementUnit>
		<sourceImageInformation>
			<fileName>/tmp/tess_9w_p2cbb_input.PNG</fileName>
		</sourceImageInformation>
		<OCRProcessing ID="OCR_0">
			<ocrProcessingStep>
				<processingSoftware>
					<softwareName>tesseract 5.3.4</softwareName>
				</processingSoftware>
			</ocrProcessingStep>
		</OCRProcessing>
	</Description>
	<Layout>
		<Page WIDTH="1103" HEIGHT="1764" PHYSICAL_IMG_NR="0" ID="page_0">
			<PrintSpace HPOS="0" VPOS="0" WIDTH="1103" HEIGHT="1764">
				<ComposedBlock ID="cblock_0" HPOS="236" VPOS="149" WIDTH="613" HEIGHT="26">
					<TextBlock ID="block_0" HPOS="236" VPOS="149" WIDTH="613" HEIGHT="26">
						<TextLine ID="line_0" HPOS="236" VPOS="149" WIDTH="613" HEIGHT="26">
							<String ID="string_0" HPOS="236" VPOS="149" WIDTH="29" HEIGHT="25" WC="0.95" CONTENT="50"/><SP WIDTH="124" VPOS="149" HPOS="265"/>
							<String ID="string_1" HPOS="389" VPOS="152" WIDTH="347" HEIGHT="23" WC="0.92" CONTENT="Petitionsbetänkande"/><SP WIDTH="16" VPOS="152" HPOS="736"/>
							<String ID="string_2" HPOS="752" VPOS="151" WIDTH="54" HEIGHT="24" WC="0.93" CONTENT="N:o"/><SP WIDTH="17" VPOS="151" HPOS="806"/>
							<String ID="string_3" HPOS="823" VPOS="152" WIDTH="26" HEIGHT="21" WC="0.96" CONTENT="7."/>
						</TextLine>
					</TextBlock>
				</ComposedBlock>
				<ComposedBlock ID="cblock_1" HPOS="236" VPOS="218" WIDTH="760" HEIGHT="1247">
					<TextBlock ID="block_1" HPOS="236" VPOS="218" WIDTH="758" HEIGHT="87">
						<TextLine ID="line_1" HPOS="310" VPOS="218" WIDTH="683" HEIGHT="27">
							<String ID="string_4" HPOS="310" VPOS="221" WIDTH="32" HEIGHT="18" WC="0.95" CONTENT="all"/><SP WIDTH="17" VPOS="221" HPOS="342"/>
							<String ID="string_5" HPOS="359" VPOS="219" WIDTH="126" HEIGHT="20" WC="0.92" CONTENT="klockaren"/><SP WIDTH="18" VPOS="219" HPOS="485"/>
							<String ID="string_6" HPOS="503" VPOS="219" WIDTH="105" HEIGHT="20" WC="0.92" CONTENT="Suninen"/><SP WIDTH="17" VPOS="219" HPOS="608"/>
							<String ID="string_7" HPOS="625" VPOS="218" WIDTH="45" HEIGHT="21" WC="0.96" CONTENT="den"/><SP WIDTH="19" VPOS="218" HPOS="670"/>
							<String ID="string_8" HPOS="689" VPOS="219" WIDTH="10" HEIGHT="19" WC="0.92" CONTENT="1"/><SP WIDTH="18" VPOS="219" HPOS="699"/>
							<String ID="string_9" HPOS="717" VPOS="218" WIDTH="65" HEIGHT="27" WC="0.96" CONTENT="April"/><SP WIDTH="18" VPOS="218" HPOS="782"/>
							<String ID="string_10" HPOS="800" VPOS="219" WIDTH="56" HEIGHT="20" WC="0.96" CONTENT="1882"/><SP WIDTH="13" VPOS="219" HPOS="856"/>
							<String ID="string_11" HPOS="869" VPOS="218" WIDTH="124" HEIGHT="20" WC="0.92" CONTENT="underlåtit"/>
						</TextLine>
						<TextLine ID="line_2" HPOS="236" VPOS="247" WIDTH="758" HEIGHT="28">
							<String ID="string_12" HPOS="236" VPOS="251" WIDTH="34" HEIGHT="18" WC="0.96" CONTENT="att"/><SP WIDTH="15" VPOS="251" HPOS="270"/>
							<String ID="string_13" HPOS="285" VPOS="249" WIDTH="90" HEIGHT="20" WC="0.96" CONTENT="infinna"/><SP WIDTH="22" VPOS="249" HPOS="375"/>
							<String ID="string_14" HPOS="397" VPOS="249" WIDTH="34" HEIGHT="26" WC="0.96" CONTENT="sig"/><SP WIDTH="21" VPOS="249" HPOS="431"/>
							<String ID="string_15" HPOS="452" VPOS="248" WIDTH="34" HEIGHT="21" WC="0.93" CONTENT="till"/><SP WIDTH="17" VPOS="248" HPOS="486"/>
							<String ID="string_16" HPOS="503" VPOS="248" WIDTH="142" HEIGHT="21" WC="0.88" CONTENT="förrättande"/><SP WIDTH="18" VPOS="248" HPOS="645"/>
							<String ID="string_17" HPOS="663" VPOS="248" WIDTH="25" HEIGHT="20" WC="0.96" CONTENT="af"/><SP WIDTH="14" VPOS="248" HPOS="688"/>
							<String ID="string_18" HPOS="702" VPOS="248" WIDTH="36" HEIGHT="20" WC="0.96" CONTENT="sin"/><SP WIDTH="18" VPOS="248" HPOS="738"/>
							<String ID="string_19" HPOS="756" VPOS="247" WIDTH="70" HEIGHT="28" WC="0.96" CONTENT="tjänst"/><SP WIDTH="18" VPOS="247" HPOS="826"/>
							<String ID="string_20" HPOS="844" VPOS="248" WIDTH="37" HEIGHT="20" WC="0.96" CONTENT="vid"/><SP WIDTH="17" VPOS="248" HPOS="881"/>
							<String ID="string_21" HPOS="898" VPOS="247" WIDTH="44" HEIGHT="20" WC="0.96" CONTENT="den"/><SP WIDTH="17" VPOS="247" HPOS="942"/>
							<String ID="string_22" HPOS="959" VPOS="247" WIDTH="35" HEIGHT="20" WC="0.96" CONTENT="till"/>
						</TextLine>
						<TextLine ID="line_3" HPOS="236" VPOS="277" WIDTH="450" HEIGHT="28">
							<String ID="string_23" HPOS="236" VPOS="279" WIDTH="69" HEIGHT="26" WC="0.92" CONTENT="sagde"/><SP WIDTH="16" VPOS="279" HPOS="305"/>
							<String ID="string_24" HPOS="321" VPOS="279" WIDTH="44" HEIGHT="26" WC="0.93" CONTENT="dag"/><SP WIDTH="18" VPOS="279" HPOS="365"/>
							<String ID="string_25" HPOS="383" VPOS="279" WIDTH="85" HEIGHT="26" WC="0.92" CONTENT="utlysta"/><SP WIDTH="18" VPOS="279" HPOS="468"/>
							<String ID="string_26" HPOS="486" VPOS="277" WIDTH="200" HEIGHT="27" WC="0.91" CONTENT="bibelförklaring;"/>
						</TextLine>
					</TextBlock>
					<TextBlock ID="block_2" HPOS="237" VPOS="307" WIDTH="754" HEIGHT="206">
						<TextLine ID="line_4" HPOS="309" VPOS="307" WIDTH="681" HEIGHT="28">
							<String ID="string_27" HPOS="309" VPOS="311" WIDTH="33" HEIGHT="17" WC="0.96" CONTENT="att"/><SP WIDTH="11" VPOS="311" HPOS="342"/>
							<String ID="string_28" HPOS="353" VPOS="309" WIDTH="47" HEIGHT="19" WC="0.96" CONTENT="han"/><SP WIDTH="15" VPOS="309" HPOS="400"/>
							<String ID="string_29" HPOS="415" VPOS="309" WIDTH="67" HEIGHT="20" WC="0.93" CONTENT="äfven"/><SP WIDTH="13" VPOS="309" HPOS="482"/>
							<String ID="string_30" HPOS="495" VPOS="307" WIDTH="183" HEIGHT="28" WC="0.92" CONTENT="palmsöndagen"/><SP WIDTH="12" VPOS="307" HPOS="678"/>
							<String ID="string_31" HPOS="690" VPOS="307" WIDTH="44" HEIGHT="20" WC="0.96" CONTENT="den"/><SP WIDTH="13" VPOS="307" HPOS="734"/>
							<String ID="string_32" HPOS="747" VPOS="308" WIDTH="12" HEIGHT="19" WC="0.96" CONTENT="2"/><SP WIDTH="13" VPOS="308" HPOS="759"/>
							<String ID="string_33" HPOS="772" VPOS="307" WIDTH="63" HEIGHT="27" WC="0.96" CONTENT="April"/><SP WIDTH="13" VPOS="307" HPOS="835"/>
							<String ID="string_34" HPOS="848" VPOS="307" WIDTH="55" HEIGHT="20" WC="0.96" CONTENT="1882"/><SP WIDTH="14" VPOS="307" HPOS="903"/>
							<String ID="string_35" HPOS="917" VPOS="307" WIDTH="73" HEIGHT="20" WC="0.96" CONTENT="under"/>
						</TextLine>
						<TextLine ID="line_5" HPOS="237" VPOS="337" WIDTH="752" HEIGHT="28">
							<String ID="string_36" HPOS="237" VPOS="338" WIDTH="120" HEIGHT="27" WC="0.93" CONTENT="pågående"/><SP WIDTH="16" VPOS="338" HPOS="357"/>
							<String ID="string_37" HPOS="373" VPOS="338" WIDTH="129" HEIGHT="27" WC="0.89" CONTENT="gudstjenst"/><SP WIDTH="16" VPOS="338" HPOS="502"/>
							<String ID="string_38" HPOS="518" VPOS="340" WIDTH="56" HEIGHT="18" WC="0.96" CONTENT="utan"/><SP WIDTH="17" VPOS="340" HPOS="574"/>
							<String ID="string_39" HPOS="591" VPOS="337" WIDTH="147" HEIGHT="27" WC="0.93" CONTENT="kyrkoherde"/><SP WIDTH="18" VPOS="337" HPOS="738"/>
							<String ID="string_40" HPOS="756" VPOS="337" WIDTH="117" HEIGHT="27" WC="0.92" CONTENT="Gaddings"/><SP WIDTH="13" VPOS="337" HPOS="873"/>
							<String ID="string_41" HPOS="886" VPOS="337" WIDTH="103" HEIGHT="20" WC="0.96" CONTENT="tillstånd"/>
						</TextLine>
						<TextLine ID="line_6" HPOS="238" VPOS="366" WIDTH="752" HEIGHT="29">
							<String ID="string_42" HPOS="238" VPOS="368" WIDTH="55" HEIGHT="21" WC="0.96" CONTENT="eller"/><SP WIDTH="11" VPOS="368" HPOS="293"/>
							<String ID="string_43" HPOS="304" VPOS="368" WIDTH="97" HEIGHT="27" WC="0.92" CONTENT="vetskap"/><SP WIDTH="12" VPOS="368" HPOS="401"/>
							<String ID="string_44" HPOS="413" VPOS="368" WIDTH="113" HEIGHT="26" WC="0.91" CONTENT="aflägsnat"/><SP WIDTH="12" VPOS="368" HPOS="526"/>
							<String ID="string_45" HPOS="538" VPOS="367" WIDTH="39" HEIGHT="27" WC="0.96" CONTENT="sig,"/><SP WIDTH="12" VPOS="367" HPOS="577"/>
							<String ID="string_46" HPOS="589" VPOS="367" WIDTH="73" HEIGHT="20" WC="0.96" CONTENT="innan"/><SP WIDTH="11" VPOS="367" HPOS="662"/>
							<String ID="string_47" HPOS="673" VPOS="367" WIDTH="48" HEIGHT="20" WC="0.96" CONTENT="han"/><SP WIDTH="10" VPOS="367" HPOS="721"/>
							<String ID="string_48" HPOS="731" VPOS="367" WIDTH="101" HEIGHT="27" WC="0.96" CONTENT="fullgjort"/><SP WIDTH="9" VPOS="367" HPOS="832"/>
							<String ID="string_49" HPOS="841" VPOS="367" WIDTH="50" HEIGHT="20" WC="0.93" CONTENT="sina"/><SP WIDTH="9" VPOS="367" HPOS="891"/>
							<String ID="string_50" HPOS="900" VPOS="366" WIDTH="90" HEIGHT="27" WC="0.92" CONTENT="tjenste-"/>
						</TextLine>
						<TextLine ID="line_7" HPOS="238" VPOS="397" WIDTH="753" HEIGHT="27">
							<String ID="string_51" HPOS="238" VPOS="397" WIDTH="145" HEIGHT="27" WC="0.95" CONTENT="åligganden,"/><SP WIDTH="10" VPOS="397" HPOS="383"/>
							<String ID="string_52" HPOS="393" VPOS="398" WIDTH="37" HEIGHT="20" WC="0.96" CONTENT="vid"/><SP WIDTH="11" VPOS="398" HPOS="430"/>
							<String ID="string_53" HPOS="441" VPOS="397" WIDTH="88" HEIGHT="20" WC="0.96" CONTENT="hvilket"/><SP WIDTH="7" VPOS="397" HPOS="529"/>
							<String ID="string_54" HPOS="536" VPOS="397" WIDTH="89" HEIGHT="20" WC="0.92" CONTENT="tillfälle"/><SP WIDTH="7" VPOS="397" HPOS="625"/>
							<String ID="string_55" HPOS="632" VPOS="397" WIDTH="102" HEIGHT="20" WC="0.92" CONTENT="Suninen"/><SP WIDTH="9" VPOS="397" HPOS="734"/>
							<String ID="string_56" HPOS="743" VPOS="397" WIDTH="133" HEIGHT="26" WC="0.93" CONTENT="visserligen"/><SP WIDTH="7" VPOS="397" HPOS="876"/>
							<String ID="string_57" HPOS="883" VPOS="397" WIDTH="61" HEIGHT="26" WC="0.92" CONTENT="fogat"/><SP WIDTH="7" VPOS="397" HPOS="944"/>
							<String ID="string_58" HPOS="951" VPOS="403" WIDTH="40" HEIGHT="14" WC="0.91" CONTENT="an-"/>
						</TextLine>
						<TextLine ID="line_8" HPOS="238" VPOS="426" WIDTH="753" HEIGHT="28">
							<String ID="string_59" HPOS="238" VPOS="428" WIDTH="54" HEIGHT="20" WC="0.92" CONTENT="stalt"/><SP WIDTH="11" VPOS="428" HPOS="292"/>
							<String ID="string_60" HPOS="303" VPOS="434" WIDTH="39" HEIGHT="13" WC="0.96" CONTENT="om"/><SP WIDTH="12" VPOS="434" HPOS="342"/>
							<String ID="string_61" HPOS="354" VPOS="429" WIDTH="33" HEIGHT="18" WC="0.93" CONTENT="att"/><SP WIDTH="13" VPOS="429" HPOS="387"/>
							<String ID="string_62" HPOS="400" VPOS="427" WIDTH="163" HEIGHT="27" WC="0.91" CONTENT="kyrkosången"/><SP WIDTH="9" VPOS="427" HPOS="563"/>
							<String ID="string_63" HPOS="572" VPOS="427" WIDTH="76" HEIGHT="20" WC="0.96" CONTENT="skulle"/><SP WIDTH="9" VPOS="427" HPOS="648"/>
							<String ID="string_64" HPOS="657" VPOS="427" WIDTH="63" HEIGHT="20" WC="0.96" CONTENT="ledas"/><SP WIDTH="12" VPOS="427" HPOS="720"/>
							<String ID="string_65" HPOS="732" VPOS="427" WIDTH="25" HEIGHT="20" WC="0.96" CONTENT="af"/><SP WIDTH="7" VPOS="427" HPOS="757"/>
							<String ID="string_66" HPOS="764" VPOS="433" WIDTH="77" HEIGHT="14" WC="0.95" CONTENT="annan"/><SP WIDTH="12" VPOS="433" HPOS="841"/>
							<String ID="string_67" HPOS="853" VPOS="433" WIDTH="52" HEIGHT="13" WC="0.96" CONTENT="man"/><SP WIDTH="11" VPOS="433" HPOS="905"/>
							<String ID="string_68" HPOS="916" VPOS="426" WIDTH="7" HEIGHT="20" WC="0.96" CONTENT="i"/><SP WIDTH="9" VPOS="426" HPOS="923"/>
							<String ID="string_69" HPOS="932" VPOS="427" WIDTH="59" HEIGHT="19" WC="0.96" CONTENT="hans"/>
						</TextLine>
						<TextLine ID="line_9" HPOS="239" VPOS="455" WIDTH="752" HEIGHT="28">
							<String ID="string_70" HPOS="239" VPOS="457" WIDTH="72" HEIGHT="26" WC="0.96" CONTENT="ställe,"/><SP WIDTH="19" VPOS="457" HPOS="311"/>
							<String ID="string_71" HPOS="330" VPOS="464" WIDTH="53" HEIGHT="13" WC="0.92" CONTENT="men"/><SP WIDTH="17" VPOS="464" HPOS="383"/>
							<String ID="string_72" HPOS="400" VPOS="457" WIDTH="75" HEIGHT="20" WC="0.91" CONTENT="dertill"/><SP WIDTH="17" VPOS="457" HPOS="475"/>
							<String ID="string_73" HPOS="492" VPOS="459" WIDTH="69" HEIGHT="18" WC="0.96" CONTENT="utsett"/><SP WIDTH="15" VPOS="459" HPOS="561"/>
							<String ID="string_74" HPOS="576" VPOS="463" WIDTH="29" HEIGHT="14" WC="0.96" CONTENT="en"/><SP WIDTH="17" VPOS="463" HPOS="605"/>
							<String ID="string_75" HPOS="622" VPOS="456" WIDTH="24" HEIGHT="21" WC="0.93" CONTENT="så"/><SP WIDTH="17" VPOS="456" HPOS="646"/>
							<String ID="string_76" HPOS="663" VPOS="456" WIDTH="114" HEIGHT="27" WC="0.91" CONTENT="oskicklig"/><SP WIDTH="15" VPOS="456" HPOS="777"/>
							<String ID="string_77" HPOS="792" VPOS="463" WIDTH="91" HEIGHT="20" WC="0.96" CONTENT="person,"/><SP WIDTH="12" VPOS="463" HPOS="883"/>
							<String ID="string_78" HPOS="895" VPOS="458" WIDTH="33" HEIGHT="18" WC="0.96" CONTENT="att"/><SP WIDTH="11" VPOS="458" HPOS="928"/>
							<String ID="string_79" HPOS="939" VPOS="455" WIDTH="52" HEIGHT="21" WC="0.96" CONTENT="dess"/>
						</TextLine>
						<TextLine ID="line_10" HPOS="239" VPOS="486" WIDTH="752" HEIGHT="27">
							<String ID="string_80" HPOS="239" VPOS="487" WIDTH="57" HEIGHT="26" WC="0.92" CONTENT="sång"/><SP WIDTH="26" VPOS="487" HPOS="296"/>
							<String ID="string_81" HPOS="322" VPOS="487" WIDTH="65" HEIGHT="20" WC="0.92" CONTENT="ländt"/><SP WIDTH="24" VPOS="487" HPOS="387"/>
							<String ID="string_82" HPOS="411" VPOS="493" WIDTH="93" HEIGHT="14" WC="0.95" CONTENT="snarare"/><SP WIDTH="21" VPOS="493" HPOS="504"/>
							<String ID="string_83" HPOS="525" VPOS="487" WIDTH="35" HEIGHT="20" WC="0.93" CONTENT="till"/><SP WIDTH="19" VPOS="487" HPOS="560"/>
							<String ID="string_84" HPOS="579" VPOS="486" WIDTH="122" HEIGHT="27" WC="0.93" CONTENT="förargelse"/><SP WIDTH="21" VPOS="486" HPOS="701"/>
							<String ID="string_85" HPOS="722" VPOS="487" WIDTH="30" HEIGHT="19" WC="0.96" CONTENT="än"/><SP WIDTH="19" VPOS="487" HPOS="752"/>
							<String ID="string_86" HPOS="771" VPOS="486" WIDTH="34" HEIGHT="20" WC="0.93" CONTENT="till"/><SP WIDTH="20" VPOS="486" HPOS="805"/>
							<String ID="string_87" HPOS="825" VPOS="486" WIDTH="166" HEIGHT="27" WC="0.80" CONTENT="uppbyggelse;"/>
						</TextLine>
					</TextBlock>
					<TextBlock ID="block_3" HPOS="238" VPOS="515" WIDTH="756" HEIGHT="176">
						<TextLine ID="line_11" HPOS="299" VPOS="515" WIDTH="692" HEIGHT="28">
							<String ID="string_88" HPOS="299" VPOS="519" WIDTH="33" HEIGHT="18" WC="0.93" CONTENT="att"/><SP WIDTH="16" VPOS="519" HPOS="332"/>
							<String ID="string_89" HPOS="348" VPOS="517" WIDTH="104" HEIGHT="20" WC="0.91" CONTENT="Suninen"/><SP WIDTH="12" VPOS="517" HPOS="452"/>
							<String ID="string_90" HPOS="464" VPOS="516" WIDTH="70" HEIGHT="27" WC="0.96" CONTENT="enligt"/><SP WIDTH="11" VPOS="516" HPOS="534"/>
							<String ID="string_91" HPOS="545" VPOS="517" WIDTH="45" HEIGHT="20" WC="0.90" CONTENT="den"/><SP WIDTH="12" VPOS="517" HPOS="590"/>
							<String ID="string_92" HPOS="602" VPOS="516" WIDTH="85" HEIGHT="26" WC="0.90" CONTENT="afgifna"/><SP WIDTH="12" VPOS="516" HPOS="687"/>
							<String ID="string_93" HPOS="699" VPOS="515" WIDTH="157" HEIGHT="27" WC="0.95" CONTENT="förklaringen"/><SP WIDTH="12" VPOS="515" HPOS="856"/>
							<String ID="string_94" HPOS="868" VPOS="516" WIDTH="50" HEIGHT="20" WC="0.93" CONTENT="icke"/><SP WIDTH="11" VPOS="516" HPOS="918"/>
							<String ID="string_95" HPOS="929" VPOS="515" WIDTH="62" HEIGHT="21" WC="0.91" CONTENT="afve-"/>
						</TextLine>
						<TextLine ID="line_12" HPOS="238" VPOS="545" WIDTH="752" HEIGHT="27">
							<String ID="string_96" HPOS="238" VPOS="548" WIDTH="35" HEIGHT="19" WC="0.96" CONTENT="tat"/><SP WIDTH="15" VPOS="548" HPOS="273"/>
							<String ID="string_97" HPOS="288" VPOS="547" WIDTH="45" HEIGHT="20" WC="0.96" CONTENT="den"/><SP WIDTH="16" VPOS="547" HPOS="333"/>
							<String ID="string_98" HPOS="349" VPOS="546" WIDTH="34" HEIGHT="21" WC="0.93" CONTENT="till"/><SP WIDTH="17" VPOS="546" HPOS="383"/>
							<String ID="string_99" HPOS="400" VPOS="546" WIDTH="152" HEIGHT="21" WC="0.91" CONTENT="förenämnda"/><SP WIDTH="21" VPOS="546" HPOS="552"/>
							<String ID="string_100" HPOS="573" VPOS="546" WIDTH="79" HEIGHT="26" WC="0.93" CONTENT="lördag"/><SP WIDTH="17" VPOS="546" HPOS="652"/>
							<String ID="string_101" HPOS="669" VPOS="546" WIDTH="86" HEIGHT="26" WC="0.90" CONTENT="utlysta"/><SP WIDTH="16" VPOS="546" HPOS="755"/>
							<String ID="string_102" HPOS="771" VPOS="545" WIDTH="219" HEIGHT="26" WC="0.92" CONTENT="bibelförklaringen"/>
						</TextLine>
						<TextLine ID="line_13" HPOS="239" VPOS="575" WIDTH="753" HEIGHT="28">
							<String ID="string_103" HPOS="239" VPOS="576" WIDTH="52" HEIGHT="26" WC="0.96" CONTENT="och,"/><SP WIDTH="17" VPOS="576" HPOS="291"/>
							<String ID="string_104" HPOS="308" VPOS="578" WIDTH="31" HEIGHT="17" WC="0.96" CONTENT="att"/><SP WIDTH="17" VPOS="578" HPOS="339"/>
							<String ID="string_105" HPOS="356" VPOS="576" WIDTH="48" HEIGHT="20" WC="0.93" CONTENT="han"/><SP WIDTH="24" VPOS="576" HPOS="404"/>
							<String ID="string_106" HPOS="428" VPOS="576" WIDTH="183" HEIGHT="27" WC="0.92" CONTENT="palmsöndagen"/><SP WIDTH="23" VPOS="576" HPOS="611"/>
							<String ID="string_107" HPOS="634" VPOS="575" WIDTH="73" HEIGHT="21" WC="0.93" CONTENT="under"/><SP WIDTH="21" VPOS="575" HPOS="707"/>
							<String ID="string_108" HPOS="728" VPOS="575" WIDTH="157" HEIGHT="27" WC="0.87" CONTENT="gudstjensten"/><SP WIDTH="16" VPOS="575" HPOS="885"/>
							<String ID="string_109" HPOS="901" VPOS="575" WIDTH="91" HEIGHT="20" WC="0.93" CONTENT="erhållit"/>
						</TextLine>
						<TextLine ID="line_14" HPOS="240" VPOS="605" WIDTH="754" HEIGHT="26">
							<String ID="string_110" HPOS="240" VPOS="605" WIDTH="51" HEIGHT="21" WC="0.95" CONTENT="från"/><SP WIDTH="17" VPOS="605" HPOS="291"/>
							<String ID="string_111" HPOS="308" VPOS="613" WIDTH="28" HEIGHT="13" WC="0.96" CONTENT="en"/><SP WIDTH="18" VPOS="613" HPOS="336"/>
							<String ID="string_112" HPOS="354" VPOS="605" WIDTH="36" HEIGHT="21" WC="0.92" CONTENT="sin"/><SP WIDTH="17" VPOS="605" HPOS="390"/>
							<String ID="string_113" HPOS="407" VPOS="606" WIDTH="139" HEIGHT="20" WC="0.92" CONTENT="anförvandt"/><SP WIDTH="16" VPOS="606" HPOS="546"/>
							<String ID="string_114" HPOS="562" VPOS="607" WIDTH="31" HEIGHT="19" WC="0.93" CONTENT="ett"/><SP WIDTH="17" VPOS="607" HPOS="593"/>
							<String ID="string_115" HPOS="610" VPOS="605" WIDTH="55" HEIGHT="26" WC="0.93" CONTENT="bref,"/><SP WIDTH="25" VPOS="605" HPOS="665"/>
							<String ID="string_116" HPOS="690" VPOS="605" WIDTH="66" HEIGHT="20" WC="0.92" CONTENT="hvari"/><SP WIDTH="23" VPOS="605" HPOS="756"/>
							<String ID="string_117" HPOS="779" VPOS="605" WIDTH="47" HEIGHT="20" WC="0.93" CONTENT="han"/><SP WIDTH="22" VPOS="605" HPOS="826"/>
							<String ID="string_118" HPOS="848" VPOS="605" WIDTH="97" HEIGHT="20" WC="0.96" CONTENT="ombads"/><SP WIDTH="17" VPOS="605" HPOS="945"/>
							<String ID="string_119" HPOS="962" VPOS="606" WIDTH="32" HEIGHT="19" WC="0.96" CONTENT="att"/>
						</TextLine>
						<TextLine ID="line_15" HPOS="239" VPOS="634" WIDTH="753" HEIGHT="28">
							<String ID="string_120" HPOS="239" VPOS="635" WIDTH="102" HEIGHT="27" WC="0.92" CONTENT="företaga"/><SP WIDTH="17" VPOS="635" HPOS="341"/>
							<String ID="string_121" HPOS="358" VPOS="642" WIDTH="28" HEIGHT="14" WC="0.93" CONTENT="en"/><SP WIDTH="17" VPOS="642" HPOS="386"/>
							<String ID="string_122" HPOS="403" VPOS="642" WIDTH="51" HEIGHT="14" WC="0.93" CONTENT="resa"/><SP WIDTH="18" VPOS="642" HPOS="454"/>
							<String ID="string_123" HPOS="472" VPOS="635" WIDTH="34" HEIGHT="20" WC="0.96" CONTENT="till"/><SP WIDTH="22" VPOS="635" HPOS="506"/>
							<String ID="string_124" HPOS="528" VPOS="635" WIDTH="105" HEIGHT="21" WC="0.96" CONTENT="Varkaus"/><SP WIDTH="22" VPOS="635" HPOS="633"/>
							<String ID="string_125" HPOS="655" VPOS="635" WIDTH="60" HEIGHT="20" WC="0.96" CONTENT="bruk"/><SP WIDTH="17" VPOS="635" HPOS="715"/>
							<String ID="string_126" HPOS="732" VPOS="635" WIDTH="35" HEIGHT="20" WC="0.96" CONTENT="för"/><SP WIDTH="16" VPOS="635" HPOS="767"/>
							<String ID="string_127" HPOS="783" VPOS="635" WIDTH="126" HEIGHT="20" WC="0.96" CONTENT="utredande"/><SP WIDTH="16" VPOS="635" HPOS="909"/>
							<String ID="string_128" HPOS="925" VPOS="634" WIDTH="25" HEIGHT="21" WC="0.96" CONTENT="af"/><SP WIDTH="14" VPOS="634" HPOS="950"/>
							<String ID="string_129" HPOS="964" VPOS="641" WIDTH="28" HEIGHT="14" WC="0.96" CONTENT="en"/>
						</TextLine>
						<TextLine ID="line_16" HPOS="240" VPOS="665" WIDTH="703" HEIGHT="26">
							<String ID="string_130" HPOS="240" VPOS="672" WIDTH="79" HEIGHT="13" WC="0.93" CONTENT="annan"/><SP WIDTH="17" VPOS="672" HPOS="319"/>
							<String ID="string_131" HPOS="336" VPOS="665" WIDTH="118" HEIGHT="20" WC="0.93" CONTENT="derstädes"/><SP WIDTH="17" VPOS="665" HPOS="454"/>
							<String ID="string_132" HPOS="471" VPOS="665" WIDTH="84" HEIGHT="20" WC="0.93" CONTENT="afliden"/><SP WIDTH="17" VPOS="665" HPOS="555"/>
							<String ID="string_133" HPOS="572" VPOS="665" WIDTH="151" HEIGHT="20" WC="0.91" CONTENT="anförvandts"/><SP WIDTH="17" VPOS="665" HPOS="723"/>
							<String ID="string_134" HPOS="740" VPOS="665" WIDTH="203" HEIGHT="26" WC="0.89" CONTENT="angelägenheter"/><SP WIDTH="-10" VPOS="665" HPOS="943"/>
							<String ID="string_135" HPOS="933" VPOS="661" WIDTH="15" HEIGHT="34" WC="0.89" CONTENT=";"/>
						</TextLine>
					</TextBlock>
					<TextBlock ID="block_4" HPOS="241" VPOS="693" WIDTH="755" HEIGHT="177">
						<TextLine ID="line_17" HPOS="301" VPOS="693" WIDTH="692" HEIGHT="28">
							<String ID="string_136" HPOS="301" VPOS="697" WIDTH="32" HEIGHT="18" WC="0.93" CONTENT="att"/><SP WIDTH="16" VPOS="697" HPOS="333"/>
							<String ID="string_137" HPOS="349" VPOS="695" WIDTH="165" HEIGHT="26" WC="0.93" CONTENT="kyrkoherden"/><SP WIDTH="17" VPOS="695" HPOS="514"/>
							<String ID="string_138" HPOS="531" VPOS="695" WIDTH="111" HEIGHT="26" WC="0.92" CONTENT="Gadding,"/><SP WIDTH="18" VPOS="695" HPOS="642"/>
							<String ID="string_139" HPOS="660" VPOS="695" WIDTH="6" HEIGHT="19" WC="0.96" CONTENT="i"/><SP WIDTH="17" VPOS="695" HPOS="666"/>
							<String ID="string_140" HPOS="683" VPOS="694" WIDTH="51" HEIGHT="21" WC="0.96" CONTENT="stöd"/><SP WIDTH="18" VPOS="694" HPOS="734"/>
							<String ID="string_141" HPOS="752" VPOS="694" WIDTH="25" HEIGHT="20" WC="0.93" CONTENT="af"/><SP WIDTH="13" VPOS="694" HPOS="777"/>
							<String ID="string_142" HPOS="790" VPOS="693" WIDTH="28" HEIGHT="28" WC="0.66" CONTENT="8&amp;"/><SP WIDTH="19" VPOS="693" HPOS="818"/>
							<String ID="string_143" HPOS="837" VPOS="694" WIDTH="41" HEIGHT="21" WC="0.96" CONTENT="103"/><SP WIDTH="17" VPOS="694" HPOS="878"/>
							<String ID="string_144" HPOS="895" VPOS="694" WIDTH="42" HEIGHT="20" WC="0.95" CONTENT="och"/><SP WIDTH="14" VPOS="694" HPOS="937"/>
							<String ID="string_145" HPOS="951" VPOS="694" WIDTH="42" HEIGHT="20" WC="0.96" CONTENT="285"/>
						</TextLine>
						<TextLine ID="line_18" HPOS="242" VPOS="723" WIDTH="754" HEIGHT="28">
							<String ID="string_146" HPOS="242" VPOS="725" WIDTH="25" HEIGHT="20" WC="0.96" CONTENT="K."/><SP WIDTH="19" VPOS="725" HPOS="267"/>
							<String ID="string_147" HPOS="286" VPOS="725" WIDTH="32" HEIGHT="26" WC="0.59" CONTENT="L,"/><SP WIDTH="17" VPOS="725" HPOS="318"/>
							<String ID="string_148" HPOS="335" VPOS="725" WIDTH="36" HEIGHT="20" WC="0.93" CONTENT="för"/><SP WIDTH="17" VPOS="725" HPOS="371"/>
							<String ID="string_149" HPOS="388" VPOS="725" WIDTH="129" HEIGHT="26" WC="0.92" CONTENT="upprepadt"/><SP WIDTH="19" VPOS="725" HPOS="517"/>
							<String ID="string_150" HPOS="536" VPOS="724" WIDTH="166" HEIGHT="21" WC="0.91" CONTENT="värdslösande"/><SP WIDTH="17" VPOS="724" HPOS="702"/>
							<String ID="string_151" HPOS="719" VPOS="724" WIDTH="45" HEIGHT="21" WC="0.93" CONTENT="och"/><SP WIDTH="16" VPOS="724" HPOS="764"/>
							<String ID="string_152" HPOS="780" VPOS="723" WIDTH="175" HEIGHT="21" WC="0.93" CONTENT="försummande"/><SP WIDTH="16" VPOS="723" HPOS="955"/>
							<String ID="string_153" HPOS="971" VPOS="723" WIDTH="25" HEIGHT="20" WC="0.97" CONTENT="af"/>
						</TextLine>
						<TextLine ID="line_19" HPOS="241" VPOS="753" WIDTH="752" HEIGHT="28">
							<String ID="string_154" HPOS="241" VPOS="755" WIDTH="53" HEIGHT="20" WC="0.93" CONTENT="dess"/><SP WIDTH="12" VPOS="755" HPOS="294"/>
							<String ID="string_155" HPOS="306" VPOS="755" WIDTH="69" HEIGHT="26" WC="0.92" CONTENT="tjenst"/><SP WIDTH="11" VPOS="755" HPOS="375"/>
							<String ID="string_156" HPOS="386" VPOS="754" WIDTH="112" HEIGHT="27" WC="0.92" CONTENT="förbjudit"/><SP WIDTH="14" VPOS="754" HPOS="498"/>
							<String ID="string_157" HPOS="512" VPOS="755" WIDTH="126" HEIGHT="20" WC="0.92" CONTENT="klockaren"/><SP WIDTH="12" VPOS="755" HPOS="638"/>
							<String ID="string_158" HPOS="650" VPOS="754" WIDTH="105" HEIGHT="21" WC="0.92" CONTENT="Suninen"/><SP WIDTH="11" VPOS="754" HPOS="755"/>
							<String ID="string_159" HPOS="766" VPOS="754" WIDTH="110" HEIGHT="27" WC="0.92" CONTENT="tjenstens"/><SP WIDTH="12" VPOS="754" HPOS="876"/>
							<String ID="string_160" HPOS="888" VPOS="753" WIDTH="105" HEIGHT="26" WC="0.91" CONTENT="utöfning"/>
						</TextLine>
						<TextLine ID="line_20" HPOS="241" VPOS="783" WIDTH="752" HEIGHT="27">
							<String ID="string_161" HPOS="241" VPOS="784" WIDTH="52" HEIGHT="20" WC="0.93" CONTENT="frän"/><SP WIDTH="17" VPOS="784" HPOS="293"/>
							<String ID="string_162" HPOS="310" VPOS="785" WIDTH="45" HEIGHT="20" WC="0.96" CONTENT="och"/><SP WIDTH="16" VPOS="785" HPOS="355"/>
							<String ID="string_163" HPOS="371" VPOS="785" WIDTH="52" HEIGHT="20" WC="0.96" CONTENT="med"/><SP WIDTH="18" VPOS="785" HPOS="423"/>
							<String ID="string_164" HPOS="441" VPOS="784" WIDTH="45" HEIGHT="21" WC="0.96" CONTENT="den"/><SP WIDTH="18" VPOS="784" HPOS="486"/>
							<String ID="string_165" HPOS="504" VPOS="785" WIDTH="27" HEIGHT="19" WC="0.93" CONTENT="14"/><SP WIDTH="16" VPOS="785" HPOS="531"/>
							<String ID="string_166" HPOS="547" VPOS="784" WIDTH="7" HEIGHT="20" WC="0.92" CONTENT="i"/><SP WIDTH="17" VPOS="784" HPOS="554"/>
							<String ID="string_167" HPOS="571" VPOS="784" WIDTH="141" HEIGHT="26" WC="0.92" CONTENT="ofvansagda"/><SP WIDTH="17" VPOS="784" HPOS="712"/>
							<String ID="string_168" HPOS="729" VPOS="784" WIDTH="64" HEIGHT="26" WC="0.96" CONTENT="April"/><SP WIDTH="16" VPOS="784" HPOS="793"/>
							<String ID="string_169" HPOS="809" VPOS="783" WIDTH="34" HEIGHT="20" WC="0.96" CONTENT="till"/><SP WIDTH="17" VPOS="783" HPOS="843"/>
							<String ID="string_170" HPOS="860" VPOS="783" WIDTH="51" HEIGHT="20" WC="0.93" CONTENT="dess"/><SP WIDTH="12" VPOS="783" HPOS="911"/>
							<String ID="string_171" HPOS="923" VPOS="783" WIDTH="70" HEIGHT="20" WC="0.92" CONTENT="Dom-"/>
						</TextLine>
						<TextLine ID="line_21" HPOS="242" VPOS="813" WIDTH="753" HEIGHT="28">
							<String ID="string_172" HPOS="242" VPOS="814" WIDTH="97" HEIGHT="27" WC="0.92" CONTENT="kapitlet"/><SP WIDTH="24" VPOS="814" HPOS="339"/>
							<String ID="string_173" HPOS="363" VPOS="814" WIDTH="89" HEIGHT="27" WC="0.92" CONTENT="afgäfve"/><SP WIDTH="26" VPOS="814" HPOS="452"/>
							<String ID="string_174" HPOS="478" VPOS="814" WIDTH="116" HEIGHT="20" WC="0.96" CONTENT="utlåtande"/><SP WIDTH="17" VPOS="814" HPOS="594"/>
							<String ID="string_175" HPOS="611" VPOS="814" WIDTH="6" HEIGHT="20" WC="0.94" CONTENT="i"/><SP WIDTH="18" VPOS="814" HPOS="617"/>
							<String ID="string_176" HPOS="635" VPOS="813" WIDTH="71" HEIGHT="21" WC="0.96" CONTENT="saken"/><SP WIDTH="22" VPOS="813" HPOS="706"/>
							<String ID="string_177" HPOS="728" VPOS="813" WIDTH="44" HEIGHT="21" WC="0.96" CONTENT="och"/><SP WIDTH="24" VPOS="813" HPOS="772"/>
							<String ID="string_178" HPOS="796" VPOS="819" WIDTH="77" HEIGHT="14" WC="0.96" CONTENT="annan"/><SP WIDTH="17" VPOS="819" HPOS="873"/>
							<String ID="string_179" HPOS="890" VPOS="819" WIDTH="54" HEIGHT="14" WC="0.96" CONTENT="man"/><SP WIDTH="17" VPOS="819" HPOS="944"/>
							<String ID="string_180" HPOS="961" VPOS="813" WIDTH="34" HEIGHT="20" WC="0.96" CONTENT="till"/>
						</TextLine>
						<TextLine ID="line_22" HPOS="241" VPOS="843" WIDTH="497" HEIGHT="27">
							<String ID="string_181" HPOS="241" VPOS="843" WIDTH="53" HEIGHT="21" WC="0.93" CONTENT="dess"/><SP WIDTH="17" VPOS="843" HPOS="294"/>
							<String ID="string_182" HPOS="311" VPOS="843" WIDTH="142" HEIGHT="21" WC="0.92" CONTENT="förrättande"/><SP WIDTH="17" VPOS="843" HPOS="453"/>
							<String ID="string_183" HPOS="470" VPOS="843" WIDTH="74" HEIGHT="21" WC="0.96" CONTENT="under"/><SP WIDTH="15" VPOS="843" HPOS="544"/>
							<String ID="string_184" HPOS="559" VPOS="843" WIDTH="63" HEIGHT="21" WC="0.93" CONTENT="tiden"/><SP WIDTH="18" VPOS="843" HPOS="622"/>
							<String ID="string_185" HPOS="640" VPOS="843" WIDTH="98" HEIGHT="27" WC="0.94" CONTENT="antagit;"/>
						</TextLine>
					</TextBlock>
					<TextBlock ID="block_5" HPOS="241" VPOS="872" WIDTH="754" HEIGHT="177">
						<TextLine ID="line_23" HPOS="301" VPOS="872" WIDTH="693" HEIGHT="29">
							<String ID="string_186" HPOS="301" VPOS="875" WIDTH="33" HEIGHT="19" WC="0.93" CONTENT="att"/><SP WIDTH="16" VPOS="875" HPOS="334"/>
							<String ID="string_187" HPOS="350" VPOS="873" WIDTH="159" HEIGHT="28" WC="0.92" CONTENT="Domkapitlet"/><SP WIDTH="16" VPOS="873" HPOS="509"/>
							<String ID="string_188" HPOS="525" VPOS="880" WIDTH="67" HEIGHT="13" WC="0.93" CONTENT="anser"/><SP WIDTH="16" VPOS="880" HPOS="592"/>
							<String ID="string_189" HPOS="608" VPOS="873" WIDTH="126" HEIGHT="20" WC="0.93" CONTENT="klockaren"/><SP WIDTH="14" VPOS="873" HPOS="734"/>
							<String ID="string_190" HPOS="748" VPOS="873" WIDTH="103" HEIGHT="20" WC="0.92" CONTENT="Suninen"/><SP WIDTH="14" VPOS="873" HPOS="851"/>
							<String ID="string_191" HPOS="865" VPOS="873" WIDTH="66" HEIGHT="20" WC="0.96" CONTENT="hafva"/><SP WIDTH="13" VPOS="873" HPOS="931"/>
							<String ID="string_192" HPOS="944" VPOS="872" WIDTH="50" HEIGHT="20" WC="0.96" CONTENT="låtit"/>
						</TextLine>
						<TextLine ID="line_24" HPOS="241" VPOS="902" WIDTH="753" HEIGHT="28">
							<String ID="string_193" HPOS="241" VPOS="903" WIDTH="98" HEIGHT="20" WC="0.95" CONTENT="komma"/><SP WIDTH="22" VPOS="903" HPOS="339"/>
							<String ID="string_194" HPOS="361" VPOS="903" WIDTH="35" HEIGHT="27" WC="0.95" CONTENT="sig"/><SP WIDTH="15" VPOS="903" HPOS="396"/>
							<String ID="string_195" HPOS="411" VPOS="903" WIDTH="35" HEIGHT="21" WC="0.96" CONTENT="till"/><SP WIDTH="22" VPOS="903" HPOS="446"/>
							<String ID="string_196" HPOS="468" VPOS="903" WIDTH="44" HEIGHT="20" WC="0.96" CONTENT="last"/><SP WIDTH="16" VPOS="903" HPOS="512"/>
							<String ID="string_197" HPOS="528" VPOS="903" WIDTH="24" HEIGHT="20" WC="0.93" CONTENT="sä"/><SP WIDTH="17" VPOS="903" HPOS="552"/>
							<String ID="string_198" HPOS="569" VPOS="903" WIDTH="51" HEIGHT="26" WC="0.93" CONTENT="grof"/><SP WIDTH="15" VPOS="903" HPOS="620"/>
							<String ID="string_199" HPOS="635" VPOS="903" WIDTH="161" HEIGHT="20" WC="0.92" CONTENT="försummelse"/><SP WIDTH="17" VPOS="903" HPOS="796"/>
							<String ID="string_200" HPOS="813" VPOS="903" WIDTH="6" HEIGHT="19" WC="0.93" CONTENT="i"/><SP WIDTH="17" VPOS="903" HPOS="819"/>
							<String ID="string_201" HPOS="836" VPOS="902" WIDTH="98" HEIGHT="27" WC="0.92" CONTENT="tjensten"/><SP WIDTH="16" VPOS="902" HPOS="934"/>
							<String ID="string_202" HPOS="950" VPOS="902" WIDTH="44" HEIGHT="20" WC="0.96" CONTENT="och"/>
						</TextLine>
						<TextLine ID="line_25" HPOS="241" VPOS="932" WIDTH="754" HEIGHT="27">
							<String ID="string_203" HPOS="241" VPOS="933" WIDTH="138" HEIGHT="26" WC="0.92" CONTENT="likgiltighet"/><SP WIDTH="24" VPOS="933" HPOS="379"/>
							<String ID="string_204" HPOS="403" VPOS="933" WIDTH="35" HEIGHT="20" WC="0.93" CONTENT="för"/><SP WIDTH="24" VPOS="933" HPOS="438"/>
							<String ID="string_205" HPOS="462" VPOS="933" WIDTH="136" HEIGHT="20" WC="0.92" CONTENT="densamma"/><SP WIDTH="25" VPOS="933" HPOS="598"/>
							<String ID="string_206" HPOS="623" VPOS="935" WIDTH="60" HEIGHT="18" WC="0.93" CONTENT="samt"/><SP WIDTH="19" VPOS="935" HPOS="683"/>
							<String ID="string_207" HPOS="702" VPOS="933" WIDTH="73" HEIGHT="20" WC="0.92" CONTENT="sädan"/><SP WIDTH="17" VPOS="933" HPOS="775"/>
							<String ID="string_208" HPOS="792" VPOS="932" WIDTH="151" HEIGHT="21" WC="0.92" CONTENT="vanvördnad"/><SP WIDTH="18" VPOS="932" HPOS="943"/>
							<String ID="string_209" HPOS="961" VPOS="932" WIDTH="34" HEIGHT="20" WC="0.97" CONTENT="för"/>
						</TextLine>
						<TextLine ID="line_26" HPOS="241" VPOS="962" WIDTH="752" HEIGHT="27">
							<String ID="string_210" HPOS="241" VPOS="963" WIDTH="37" HEIGHT="20" WC="0.93" CONTENT="sin"/><SP WIDTH="14" VPOS="963" HPOS="278"/>
							<String ID="string_211" HPOS="292" VPOS="962" WIDTH="92" HEIGHT="21" WC="0.91" CONTENT="förman"/><SP WIDTH="17" VPOS="962" HPOS="384"/>
							<String ID="string_212" HPOS="401" VPOS="963" WIDTH="163" HEIGHT="26" WC="0.92" CONTENT="kyrkoherden"/><SP WIDTH="18" VPOS="963" HPOS="564"/>
							<String ID="string_213" HPOS="582" VPOS="962" WIDTH="111" HEIGHT="27" WC="0.92" CONTENT="Gadding,"/><SP WIDTH="22" VPOS="962" HPOS="693"/>
							<String ID="string_214" HPOS="715" VPOS="964" WIDTH="33" HEIGHT="19" WC="0.96" CONTENT="att"/><SP WIDTH="12" VPOS="964" HPOS="748"/>
							<String ID="string_215" HPOS="760" VPOS="962" WIDTH="76" HEIGHT="21" WC="0.93" CONTENT="denna"/><SP WIDTH="12" VPOS="962" HPOS="836"/>
							<String ID="string_216" HPOS="848" VPOS="962" WIDTH="50" HEIGHT="20" WC="0.89" CONTENT="icke"/><SP WIDTH="13" VPOS="962" HPOS="898"/>
							<String ID="string_217" HPOS="911" VPOS="962" WIDTH="82" HEIGHT="20" WC="0.93" CONTENT="saknat"/>
						</TextLine>
						<TextLine ID="line_27" HPOS="241" VPOS="991" WIDTH="752" HEIGHT="27">
							<String ID="string_218" HPOS="241" VPOS="993" WIDTH="52" HEIGHT="20" WC="0.93" CONTENT="skäl"/><SP WIDTH="16" VPOS="993" HPOS="293"/>
							<String ID="string_219" HPOS="309" VPOS="999" WIDTH="56" HEIGHT="14" WC="0.92" CONTENT="anse"/><SP WIDTH="18" VPOS="999" HPOS="365"/>
							<String ID="string_220" HPOS="383" VPOS="992" WIDTH="116" HEIGHT="21" WC="0.92" CONTENT="Suninens"/><SP WIDTH="21" VPOS="992" HPOS="499"/>
							<String ID="string_221" HPOS="520" VPOS="993" WIDTH="107" HEIGHT="20" WC="0.92" CONTENT="förseelse"/><SP WIDTH="22" VPOS="993" HPOS="627"/>
							<String ID="string_222" HPOS="649" VPOS="992" WIDTH="80" HEIGHT="26" WC="0.91" CONTENT="sädan,"/><SP WIDTH="17" VPOS="992" HPOS="729"/>
							<String ID="string_223" HPOS="746" VPOS="994" WIDTH="33" HEIGHT="18" WC="0.96" CONTENT="att"/><SP WIDTH="16" VPOS="994" HPOS="779"/>
							<String ID="string_224" HPOS="795" VPOS="992" WIDTH="44" HEIGHT="20" WC="0.93" CONTENT="den"/><SP WIDTH="17" VPOS="992" HPOS="839"/>
							<String ID="string_225" HPOS="856" VPOS="991" WIDTH="49" HEIGHT="21" WC="0.90" CONTENT="icke"/><SP WIDTH="17" VPOS="991" HPOS="905"/>
							<String ID="string_226" HPOS="922" VPOS="991" WIDTH="71" HEIGHT="20" WC="0.96" CONTENT="borde"/>
						</TextLine>
						<TextLine ID="line_28" HPOS="241" VPOS="1022" WIDTH="349" HEIGHT="27">
							<String ID="string_227" HPOS="241" VPOS="1022" WIDTH="55" HEIGHT="20" WC="0.92" CONTENT="med"/><SP WIDTH="17" VPOS="1022" HPOS="296"/>
							<String ID="string_228" HPOS="313" VPOS="1022" WIDTH="97" HEIGHT="27" WC="0.92" CONTENT="varning"/><SP WIDTH="16" VPOS="1022" HPOS="410"/>
							<String ID="string_229" HPOS="426" VPOS="1022" WIDTH="87" HEIGHT="27" WC="0.92" CONTENT="aflöpa;"/><SP WIDTH="17" VPOS="1022" HPOS="513"/>
							<String ID="string_230" HPOS="530" VPOS="1024" WIDTH="60" HEIGHT="19" WC="0.96" CONTENT="samt"/>
						</TextLine>
					</TextBlock>
					<TextBlock ID="block_6" HPOS="241" VPOS="1051" WIDTH="754" HEIGHT="146">
						<TextLine ID="line_29" HPOS="302" VPOS="1051" WIDTH="692" HEIGHT="28">
							<String ID="string_231" HPOS="302" VPOS="1054" WIDTH="39" HEIGHT="24" WC="0.96" CONTENT="att,"/><SP WIDTH="15" VPOS="1054" HPOS="341"/>
							<String ID="string_232" HPOS="356" VPOS="1052" WIDTH="30" HEIGHT="20" WC="0.96" CONTENT="dä"/><SP WIDTH="12" VPOS="1052" HPOS="386"/>
							<String ID="string_233" HPOS="398" VPOS="1058" WIDTH="82" HEIGHT="21" WC="0.93" CONTENT="genom"/><SP WIDTH="13" VPOS="1058" HPOS="480"/>
							<String ID="string_234" HPOS="493" VPOS="1052" WIDTH="163" HEIGHT="27" WC="0.92" CONTENT="kyrkoherden"/><SP WIDTH="12" VPOS="1052" HPOS="656"/>
							<String ID="string_235" HPOS="668" VPOS="1051" WIDTH="118" HEIGHT="26" WC="0.92" CONTENT="Gaddings"/><SP WIDTH="14" VPOS="1051" HPOS="786"/>
							<String ID="string_236" HPOS="800" VPOS="1051" WIDTH="79" HEIGHT="26" WC="0.92" CONTENT="ätgärd"/><SP WIDTH="12" VPOS="1051" HPOS="879"/>
							<String ID="string_237" HPOS="891" VPOS="1051" WIDTH="103" HEIGHT="20" WC="0.92" CONTENT="Suninen"/>
						</TextLine>
						<TextLine ID="line_30" HPOS="241" VPOS="1081" WIDTH="754" HEIGHT="26">
							<String ID="string_238" HPOS="241" VPOS="1081" WIDTH="119" HEIGHT="21" WC="0.92" CONTENT="allaredan"/><SP WIDTH="17" VPOS="1081" HPOS="360"/>
							<String ID="string_239" HPOS="377" VPOS="1081" WIDTH="75" HEIGHT="21" WC="0.91" CONTENT="blifvit"/><SP WIDTH="16" VPOS="1081" HPOS="452"/>
							<String ID="string_240" HPOS="468" VPOS="1082" WIDTH="50" HEIGHT="20" WC="0.93" CONTENT="frän"/><SP WIDTH="17" VPOS="1082" HPOS="518"/>
							<String ID="string_241" HPOS="535" VPOS="1083" WIDTH="41" HEIGHT="19" WC="0.96" CONTENT="och"/><SP WIDTH="18" VPOS="1083" HPOS="576"/>
							<String ID="string_242" HPOS="594" VPOS="1081" WIDTH="53" HEIGHT="21" WC="0.96" CONTENT="med"/><SP WIDTH="16" VPOS="1081" HPOS="647"/>
							<String ID="string_243" HPOS="663" VPOS="1081" WIDTH="44" HEIGHT="20" WC="0.96" CONTENT="den"/><SP WIDTH="19" VPOS="1081" HPOS="707"/>
							<String ID="string_244" HPOS="726" VPOS="1082" WIDTH="27" HEIGHT="19" WC="0.96" CONTENT="14"/><SP WIDTH="17" VPOS="1082" HPOS="753"/>
							<String ID="string_245" HPOS="770" VPOS="1081" WIDTH="62" HEIGHT="26" WC="0.96" CONTENT="April"/><SP WIDTH="18" VPOS="1081" HPOS="832"/>
							<String ID="string_246" HPOS="850" VPOS="1081" WIDTH="55" HEIGHT="20" WC="0.93" CONTENT="1882"/><SP WIDTH="18" VPOS="1081" HPOS="905"/>
							<String ID="string_247" HPOS="923" VPOS="1081" WIDTH="72" HEIGHT="20" WC="0.92" CONTENT="afhäl-"/>
						</TextLine>
						<TextLine ID="line_31" HPOS="241" VPOS="1110" WIDTH="754" HEIGHT="28">
							<String ID="string_248" HPOS="241" VPOS="1111" WIDTH="37" HEIGHT="20" WC="0.92" CONTENT="len"/><SP WIDTH="25" VPOS="1111" HPOS="278"/>
							<String ID="string_249" HPOS="303" VPOS="1111" WIDTH="51" HEIGHT="21" WC="0.92" CONTENT="frän"/><SP WIDTH="25" VPOS="1111" HPOS="354"/>
							<String ID="string_250" HPOS="379" VPOS="1112" WIDTH="135" HEIGHT="26" WC="0.92" CONTENT="utöfningen"/><SP WIDTH="24" VPOS="1112" HPOS="514"/>
							<String ID="string_251" HPOS="538" VPOS="1111" WIDTH="25" HEIGHT="20" WC="0.96" CONTENT="af"/><SP WIDTH="21" VPOS="1111" HPOS="563"/>
							<String ID="string_252" HPOS="584" VPOS="1111" WIDTH="36" HEIGHT="21" WC="0.93" CONTENT="sin"/><SP WIDTH="16" VPOS="1111" HPOS="620"/>
							<String ID="string_253" HPOS="636" VPOS="1111" WIDTH="74" HEIGHT="27" WC="0.89" CONTENT="tjenst,"/><SP WIDTH="19" VPOS="1111" HPOS="710"/>
							<String ID="string_254" HPOS="729" VPOS="1111" WIDTH="158" HEIGHT="26" WC="0.90" CONTENT="Domkapitlet"/><SP WIDTH="17" VPOS="1111" HPOS="887"/>
							<String ID="string_255" HPOS="904" VPOS="1110" WIDTH="91" HEIGHT="27" WC="0.93" CONTENT="pröfvar"/>
						</TextLine>
						<TextLine ID="line_32" HPOS="242" VPOS="1141" WIDTH="753" HEIGHT="20">
							<String ID="string_256" HPOS="242" VPOS="1141" WIDTH="117" HEIGHT="20" WC="0.90" CONTENT="Suninens"/><SP WIDTH="25" VPOS="1141" HPOS="359"/>
							<String ID="string_257" HPOS="384" VPOS="1141" WIDTH="29" HEIGHT="20" WC="0.93" CONTENT="fel"/><SP WIDTH="24" VPOS="1141" HPOS="413"/>
							<String ID="string_258" HPOS="437" VPOS="1141" WIDTH="93" HEIGHT="20" WC="0.92" CONTENT="dermed"/><SP WIDTH="27" VPOS="1141" HPOS="530"/>
							<String ID="string_259" HPOS="557" VPOS="1141" WIDTH="79" HEIGHT="20" WC="0.96" CONTENT="kunna"/><SP WIDTH="27" VPOS="1141" HPOS="636"/>
							<String ID="string_260" HPOS="663" VPOS="1147" WIDTH="55" HEIGHT="14" WC="0.92" CONTENT="vara"/><SP WIDTH="27" VPOS="1147" HPOS="718"/>
							<String ID="string_261" HPOS="745" VPOS="1141" WIDTH="121" HEIGHT="20" WC="0.92" CONTENT="försonadt"/><SP WIDTH="16" VPOS="1141" HPOS="866"/>
							<String ID="string_262" HPOS="882" VPOS="1142" WIDTH="55" HEIGHT="18" WC="0.96" CONTENT="utan"/><SP WIDTH="27" VPOS="1142" HPOS="937"/>
							<String ID="string_263" HPOS="964" VPOS="1142" WIDTH="31" HEIGHT="18" WC="0.96" CONTENT="att"/>
						</TextLine>
						<TextLine ID="line_33" HPOS="241" VPOS="1171" WIDTH="556" HEIGHT="26">
							<String ID="string_264" HPOS="241" VPOS="1171" WIDTH="77" HEIGHT="26" WC="0.91" CONTENT="nägon"/><SP WIDTH="17" VPOS="1171" HPOS="318"/>
							<String ID="string_265" HPOS="335" VPOS="1171" WIDTH="130" HEIGHT="26" WC="0.93" CONTENT="ytterligare"/><SP WIDTH="17" VPOS="1171" HPOS="465"/>
							<String ID="string_266" HPOS="482" VPOS="1171" WIDTH="150" HEIGHT="26" WC="0.91" CONTENT="bestraffning"/><SP WIDTH="16" VPOS="1171" HPOS="632"/>
							<String ID="string_267" HPOS="648" VPOS="1171" WIDTH="149" HEIGHT="20" WC="0.90" CONTENT="tillkommer."/>
						</TextLine>
					</TextBlock>
					<TextBlock ID="block_7" HPOS="241" VPOS="1200" WIDTH="754" HEIGHT="265">
						<TextLine ID="line_34" HPOS="314" VPOS="1200" WIDTH="677" HEIGHT="27">
							<String ID="string_268" HPOS="314" VPOS="1201" WIDTH="20" HEIGHT="20" WC="0.94" CONTENT="4."/><SP WIDTH="32" VPOS="1201" HPOS="334"/>
							<String ID="string_269" HPOS="366" VPOS="1201" WIDTH="30" HEIGHT="20" WC="0.93" CONTENT="Af"/><SP WIDTH="15" VPOS="1201" HPOS="396"/>
							<String ID="string_270" HPOS="411" VPOS="1201" WIDTH="169" HEIGHT="26" WC="0.90" CONTENT="Domkapitlets"/><SP WIDTH="17" VPOS="1201" HPOS="580"/>
							<String ID="string_271" HPOS="597" VPOS="1201" WIDTH="6" HEIGHT="20" WC="0.93" CONTENT="i"/><SP WIDTH="18" VPOS="1201" HPOS="603"/>
							<String ID="string_272" HPOS="621" VPOS="1201" WIDTH="73" HEIGHT="26" WC="0.91" CONTENT="Borgä"/><SP WIDTH="16" VPOS="1201" HPOS="694"/>
							<String ID="string_273" HPOS="710" VPOS="1201" WIDTH="76" HEIGHT="26" WC="0.93" CONTENT="utslag"/><SP WIDTH="14" VPOS="1201" HPOS="786"/>
							<String ID="string_274" HPOS="800" VPOS="1200" WIDTH="25" HEIGHT="20" WC="0.96" CONTENT="af"/><SP WIDTH="9" VPOS="1200" HPOS="825"/>
							<String ID="string_275" HPOS="834" VPOS="1200" WIDTH="45" HEIGHT="20" WC="0.96" CONTENT="den"/><SP WIDTH="13" VPOS="1200" HPOS="879"/>
							<String ID="string_276" HPOS="892" VPOS="1200" WIDTH="26" HEIGHT="20" WC="0.96" CONTENT="19"/><SP WIDTH="12" VPOS="1200" HPOS="918"/>
							<String ID="string_277" HPOS="930" VPOS="1200" WIDTH="61" HEIGHT="20" WC="0.96" CONTENT="Mars"/>
						</TextLine>
						<TextLine ID="line_35" HPOS="243" VPOS="1229" WIDTH="748" HEIGHT="28">
							<String ID="string_278" HPOS="243" VPOS="1231" WIDTH="58" HEIGHT="20" WC="0.93" CONTENT="1884"/><SP WIDTH="16" VPOS="1231" HPOS="301"/>
							<String ID="string_279" HPOS="317" VPOS="1231" WIDTH="120" HEIGHT="26" WC="0.92" CONTENT="angäende"/><SP WIDTH="16" VPOS="1231" HPOS="437"/>
							<String ID="string_280" HPOS="453" VPOS="1231" WIDTH="124" HEIGHT="20" WC="0.91" CONTENT="klockaren"/><SP WIDTH="17" VPOS="1231" HPOS="577"/>
							<String ID="string_281" HPOS="594" VPOS="1230" WIDTH="111" HEIGHT="26" WC="0.91" CONTENT="Suninen,"/><SP WIDTH="18" VPOS="1230" HPOS="705"/>
							<String ID="string_282" HPOS="723" VPOS="1230" WIDTH="94" HEIGHT="20" WC="0.92" CONTENT="hvilken"/><SP WIDTH="15" VPOS="1230" HPOS="817"/>
							<String ID="string_283" HPOS="832" VPOS="1230" WIDTH="24" HEIGHT="20" WC="0.93" CONTENT="af"/><SP WIDTH="10" VPOS="1230" HPOS="856"/>
							<String ID="string_284" HPOS="866" VPOS="1229" WIDTH="125" HEIGHT="27" WC="0.91" CONTENT="kyrkoher-"/>
						</TextLine>
						<TextLine ID="line_36" HPOS="241" VPOS="1259" WIDTH="751" HEIGHT="28">
							<String ID="string_285" HPOS="241" VPOS="1260" WIDTH="45" HEIGHT="20" WC="0.96" CONTENT="den"/><SP WIDTH="25" VPOS="1260" HPOS="286"/>
							<String ID="string_286" HPOS="311" VPOS="1261" WIDTH="36" HEIGHT="20" WC="0.96" CONTENT="W."/><SP WIDTH="27" VPOS="1261" HPOS="347"/>
							<String ID="string_287" HPOS="374" VPOS="1261" WIDTH="29" HEIGHT="19" WC="0.92" CONTENT="M."/><SP WIDTH="26" VPOS="1261" HPOS="403"/>
							<String ID="string_288" HPOS="429" VPOS="1260" WIDTH="105" HEIGHT="27" WC="0.91" CONTENT="Gadding"/><SP WIDTH="24" VPOS="1260" HPOS="534"/>
							<String ID="string_289" HPOS="558" VPOS="1260" WIDTH="81" HEIGHT="20" WC="0.92" CONTENT="ätalats"/><SP WIDTH="25" VPOS="1260" HPOS="639"/>
							<String ID="string_290" HPOS="664" VPOS="1260" WIDTH="28" HEIGHT="27" WC="0.96" CONTENT="pä"/><SP WIDTH="24" VPOS="1260" HPOS="692"/>
							<String ID="string_291" HPOS="716" VPOS="1259" WIDTH="76" HEIGHT="27" WC="0.93" CONTENT="grund"/><SP WIDTH="16" VPOS="1259" HPOS="792"/>
							<String ID="string_292" HPOS="808" VPOS="1259" WIDTH="72" HEIGHT="26" WC="0.92" CONTENT="däraf,"/><SP WIDTH="17" VPOS="1259" HPOS="880"/>
							<String ID="string_293" HPOS="897" VPOS="1261" WIDTH="33" HEIGHT="18" WC="0.96" CONTENT="att"/><SP WIDTH="16" VPOS="1261" HPOS="930"/>
							<String ID="string_294" HPOS="946" VPOS="1259" WIDTH="46" HEIGHT="20" WC="0.96" CONTENT="han"/>
						</TextLine>
						<TextLine ID="line_37" HPOS="242" VPOS="1289" WIDTH="751" HEIGHT="28">
							<String ID="string_295" HPOS="242" VPOS="1292" WIDTH="56" HEIGHT="18" WC="0.90" CONTENT="utan"/><SP WIDTH="25" VPOS="1292" HPOS="298"/>
							<String ID="string_296" HPOS="323" VPOS="1290" WIDTH="119" HEIGHT="27" WC="0.90" CONTENT="uppgifvet"/><SP WIDTH="24" VPOS="1290" HPOS="442"/>
							<String ID="string_297" HPOS="466" VPOS="1291" WIDTH="49" HEIGHT="25" WC="0.90" CONTENT="laga"/><SP WIDTH="25" VPOS="1291" HPOS="515"/>
							<String ID="string_298" HPOS="540" VPOS="1290" WIDTH="49" HEIGHT="20" WC="0.95" CONTENT="skäl"/><SP WIDTH="17" VPOS="1290" HPOS="589"/>
							<String ID="string_299" HPOS="606" VPOS="1290" WIDTH="55" HEIGHT="20" WC="0.93" CONTENT="eller"/><SP WIDTH="16" VPOS="1290" HPOS="661"/>
							<String ID="string_300" HPOS="677" VPOS="1289" WIDTH="77" HEIGHT="21" WC="0.92" CONTENT="förfall"/><SP WIDTH="17" VPOS="1289" HPOS="754"/>
							<String ID="string_301" HPOS="771" VPOS="1289" WIDTH="119" HEIGHT="20" WC="0.92" CONTENT="uraktlätit"/><SP WIDTH="17" VPOS="1289" HPOS="890"/>
							<String ID="string_302" HPOS="907" VPOS="1291" WIDTH="32" HEIGHT="18" WC="0.96" CONTENT="att"/><SP WIDTH="16" VPOS="1291" HPOS="939"/>
							<String ID="string_303" HPOS="955" VPOS="1289" WIDTH="38" HEIGHT="20" WC="0.97" CONTENT="vid"/>
						</TextLine>
						<TextLine ID="line_38" HPOS="241" VPOS="1319" WIDTH="753" HEIGHT="28">
							<String ID="string_304" HPOS="241" VPOS="1326" WIDTH="29" HEIGHT="13" WC="0.95" CONTENT="en"/><SP WIDTH="24" VPOS="1326" HPOS="270"/>
							<String ID="string_305" HPOS="294" VPOS="1320" WIDTH="44" HEIGHT="20" WC="0.95" CONTENT="den"/><SP WIDTH="25" VPOS="1320" HPOS="338"/>
							<String ID="string_306" HPOS="363" VPOS="1321" WIDTH="24" HEIGHT="19" WC="0.96" CONTENT="11"/><SP WIDTH="23" VPOS="1321" HPOS="387"/>
							<String ID="string_307" HPOS="410" VPOS="1320" WIDTH="134" HEIGHT="27" WC="0.96" CONTENT="September"/><SP WIDTH="17" VPOS="1320" HPOS="544"/>
							<String ID="string_308" HPOS="561" VPOS="1321" WIDTH="55" HEIGHT="19" WC="0.93" CONTENT="1883"/><SP WIDTH="18" VPOS="1321" HPOS="616"/>
							<String ID="string_309" HPOS="634" VPOS="1319" WIDTH="102" HEIGHT="20" WC="0.92" CONTENT="afhällen"/><SP WIDTH="17" VPOS="1319" HPOS="736"/>
							<String ID="string_310" HPOS="753" VPOS="1319" WIDTH="130" HEIGHT="26" WC="0.88" CONTENT="gudstjänst"/><SP WIDTH="16" VPOS="1319" HPOS="883"/>
							<String ID="string_311" HPOS="899" VPOS="1319" WIDTH="95" HEIGHT="20" WC="0.92" CONTENT="förrätta"/>
						</TextLine>
						<TextLine ID="line_39" HPOS="241" VPOS="1348" WIDTH="754" HEIGHT="28">
							<String ID="string_312" HPOS="241" VPOS="1349" WIDTH="37" HEIGHT="20" WC="0.96" CONTENT="sin"/><SP WIDTH="25" VPOS="1349" HPOS="278"/>
							<String ID="string_313" HPOS="303" VPOS="1349" WIDTH="77" HEIGHT="27" WC="0.93" CONTENT="tjänst,"/><SP WIDTH="26" VPOS="1349" HPOS="380"/>
							<String ID="string_314" HPOS="406" VPOS="1356" WIDTH="68" HEIGHT="20" WC="0.93" CONTENT="synes"/><SP WIDTH="25" VPOS="1356" HPOS="474"/>
							<String ID="string_315" HPOS="499" VPOS="1349" WIDTH="75" HEIGHT="21" WC="0.91" CONTENT="blifvit"/><SP WIDTH="20" VPOS="1349" HPOS="574"/>
							<String ID="string_316" HPOS="594" VPOS="1349" WIDTH="81" HEIGHT="26" WC="0.92" CONTENT="utredt,"/><SP WIDTH="23" VPOS="1349" HPOS="675"/>
							<String ID="string_317" HPOS="698" VPOS="1351" WIDTH="33" HEIGHT="18" WC="0.93" CONTENT="att"/><SP WIDTH="17" VPOS="1351" HPOS="731"/>
							<String ID="string_318" HPOS="748" VPOS="1349" WIDTH="125" HEIGHT="20" WC="0.91" CONTENT="klockaren"/><SP WIDTH="18" VPOS="1349" HPOS="873"/>
							<String ID="string_319" HPOS="891" VPOS="1348" WIDTH="104" HEIGHT="21" WC="0.92" CONTENT="Suninen"/>
						</TextLine>
						<TextLine ID="line_40" HPOS="242" VPOS="1378" WIDTH="752" HEIGHT="27">
							<String ID="string_320" HPOS="242" VPOS="1379" WIDTH="29" HEIGHT="26" WC="0.96" CONTENT="pä"/><SP WIDTH="18" VPOS="1379" HPOS="271"/>
							<String ID="string_321" HPOS="289" VPOS="1381" WIDTH="44" HEIGHT="18" WC="0.93" CONTENT="sätt"/><SP WIDTH="17" VPOS="1381" HPOS="333"/>
							<String ID="string_322" HPOS="350" VPOS="1379" WIDTH="70" HEIGHT="21" WC="0.91" CONTENT="ofvan"/><SP WIDTH="15" VPOS="1379" HPOS="420"/>
							<String ID="string_323" HPOS="435" VPOS="1379" WIDTH="88" HEIGHT="20" WC="0.92" CONTENT="anförts"/><SP WIDTH="11" VPOS="1379" HPOS="523"/>
							<String ID="string_324" HPOS="534" VPOS="1379" WIDTH="138" HEIGHT="20" WC="0.92" CONTENT="försummat"/><SP WIDTH="12" VPOS="1379" HPOS="672"/>
							<String ID="string_325" HPOS="684" VPOS="1379" WIDTH="36" HEIGHT="20" WC="0.96" CONTENT="sin"/><SP WIDTH="12" VPOS="1379" HPOS="720"/>
							<String ID="string_326" HPOS="732" VPOS="1379" WIDTH="78" HEIGHT="26" WC="0.95" CONTENT="tjänst,"/><SP WIDTH="13" VPOS="1379" HPOS="810"/>
							<String ID="string_327" HPOS="823" VPOS="1378" WIDTH="52" HEIGHT="21" WC="0.92" CONTENT="med"/><SP WIDTH="12" VPOS="1378" HPOS="875"/>
							<String ID="string_328" HPOS="887" VPOS="1378" WIDTH="107" HEIGHT="20" WC="0.92" CONTENT="afseende"/>
						</TextLine>
						<TextLine ID="line_41" HPOS="241" VPOS="1407" WIDTH="753" HEIGHT="28">
							<String ID="string_329" HPOS="241" VPOS="1409" WIDTH="74" HEIGHT="20" WC="0.91" CONTENT="hvarä"/><SP WIDTH="24" VPOS="1409" HPOS="315"/>
							<String ID="string_330" HPOS="339" VPOS="1409" WIDTH="111" HEIGHT="25" WC="0.91" CONTENT="Suninen,"/><SP WIDTH="25" VPOS="1409" HPOS="450"/>
							<String ID="string_331" HPOS="475" VPOS="1409" WIDTH="95" HEIGHT="20" WC="0.92" CONTENT="hvilken"/><SP WIDTH="29" VPOS="1409" HPOS="570"/>
							<String ID="string_332" HPOS="599" VPOS="1409" WIDTH="71" HEIGHT="20" WC="0.96" CONTENT="redan"/><SP WIDTH="28" VPOS="1409" HPOS="670"/>
							<String ID="string_333" HPOS="698" VPOS="1409" WIDTH="97" HEIGHT="26" WC="0.96" CONTENT="tidigare"/><SP WIDTH="25" VPOS="1409" HPOS="795"/>
							<String ID="string_334" HPOS="820" VPOS="1408" WIDTH="35" HEIGHT="20" WC="0.93" CONTENT="för"/><SP WIDTH="25" VPOS="1408" HPOS="855"/>
							<String ID="string_335" HPOS="880" VPOS="1407" WIDTH="114" HEIGHT="27" WC="0.93" CONTENT="tjänstefel"/>
						</TextLine>
						<TextLine ID="line_42" HPOS="242" VPOS="1437" WIDTH="751" HEIGHT="28">
							<String ID="string_336" HPOS="242" VPOS="1439" WIDTH="60" HEIGHT="20" WC="0.93" CONTENT="varit"/><SP WIDTH="16" VPOS="1439" HPOS="302"/>
							<String ID="string_337" HPOS="318" VPOS="1439" WIDTH="50" HEIGHT="21" WC="0.93" CONTENT="från"/><SP WIDTH="18" VPOS="1439" HPOS="368"/>
							<String ID="string_338" HPOS="386" VPOS="1439" WIDTH="135" HEIGHT="26" WC="0.92" CONTENT="utöfningen"/><SP WIDTH="17" VPOS="1439" HPOS="521"/>
							<String ID="string_339" HPOS="538" VPOS="1439" WIDTH="25" HEIGHT="20" WC="0.97" CONTENT="af"/><SP WIDTH="11" VPOS="1439" HPOS="563"/>
							<String ID="string_340" HPOS="574" VPOS="1439" WIDTH="35" HEIGHT="20" WC="0.97" CONTENT="sin"/><SP WIDTH="12" VPOS="1439" HPOS="609"/>
							<String ID="string_341" HPOS="621" VPOS="1439" WIDTH="70" HEIGHT="26" WC="0.93" CONTENT="tjänst"/><SP WIDTH="11" VPOS="1439" HPOS="691"/>
							<String ID="string_342" HPOS="702" VPOS="1438" WIDTH="110" HEIGHT="25" WC="0.86" CONTENT="afhällen,"/><SP WIDTH="10" VPOS="1438" HPOS="812"/>
							<String ID="string_343" HPOS="822" VPOS="1437" WIDTH="93" HEIGHT="28" WC="0.93" CONTENT="jämlikt"/><SP WIDTH="11" VPOS="1437" HPOS="915"/>
							<String ID="string_344" HPOS="926" VPOS="1438" WIDTH="13" HEIGHT="25" WC="0.67" CONTENT="$"/><SP WIDTH="12" VPOS="1438" HPOS="939"/>
							<String ID="string_345" HPOS="951" VPOS="1438" WIDTH="42" HEIGHT="19" WC="0.96" CONTENT="285"/>
						</TextLine>
					</TextBlock>
				</ComposedBlock>
				<ComposedBlock ID="cblock_2" HPOS="315" VPOS="1480" WIDTH="296" HEIGHT="20">
					<TextBlock ID="block_8" HPOS="315" VPOS="1480" WIDTH="296" HEIGHT="20">
						<TextLine ID="line_43" HPOS="315" VPOS="1480" WIDTH="296" HEIGHT="20">
							<String ID="string_346" HPOS="315" VPOS="1481" WIDTH="58" HEIGHT="16" WC="0.28" CONTENT="Särsk."/><SP WIDTH="14" VPOS="1481" HPOS="373"/>
							<String ID="string_347" HPOS="387" VPOS="1481" WIDTH="48" HEIGHT="16" WC="0.76" CONTENT="Besv,"/><SP WIDTH="14" VPOS="1481" HPOS="435"/>
							<String ID="string_348" HPOS="449" VPOS="1481" WIDTH="43" HEIGHT="15" WC="0.90" CONTENT="utsk."/><SP WIDTH="14" VPOS="1481" HPOS="492"/>
							<String ID="string_349" HPOS="506" VPOS="1481" WIDTH="28" HEIGHT="16" WC="0.95" CONTENT="bet,"/><SP WIDTH="14" VPOS="1481" HPOS="534"/>
							<String ID="string_350" HPOS="548" VPOS="1480" WIDTH="34" HEIGHT="16" WC="0.90" CONTENT="N:o"/><SP WIDTH="13" VPOS="1480" HPOS="582"/>
							<String ID="string_351" HPOS="595" VPOS="1485" WIDTH="16" HEIGHT="15" WC="0.96" CONTENT="4."/>
						</TextLine>
					</TextBlock>
				</ComposedBlock>
			</PrintSpace>
		</Page>
	</Layout>
</alto>
