1109 1773
282 159 41 19 140
459 156 246 23 Petitionsbetänkande
721 156 38 23 N:o
775 156 24 23 4.

249 219 56 24 dare
332 221 54 22 icke
413 221 40 23 bör
476 221 97 30 påkalla
596 221 103 23 särskild
721 221 92 29 åtgärd,
829 221 45 23 och
889 221 37 23 får
941 220 62 30 förty

249 256 123 23 vördsamt
389 256 95 23 föreslå:

467 318 38 21 att
540 317 69 22 detta
637 317 262 29 petitionsmemorial
925 315 79 23 måtte

395 352 100 23 lemnas
512 353 64 22 utan
593 353 125 23 afseende.

451 573 380 28 Riste—Lauttakylä—Loimaa:
848 573 154 27 Helsingfors

378 608 257 27 —Nummela—Aura;
644 609 358 29 Helsingfors—Björneborgs-

379 645 85 22 banan.

465 717 220 18 Petitionsmemorialen
698 716 77 22 24—27,
788 717 22 17 66
824 717 37 18 och
874 717 28 18 68.

319 793 54 23 Den
384 793 155 28 vidsträckta,
550 794 123 22 välodlade
683 794 109 23 landsdel
803 794 29 22 de
843 795 9 21 i
862 794 43 22 här
916 794 85 29 ifråga-

247 829 106 23 varande
391 830 237 28 petitionsmemorial
662 829 123 24 förordade
813 830 189 29 järnvägslinjer

247 864 96 24 komme
368 866 35 22 att
427 865 103 30 betjäna,
555 868 26 20 är
605 866 76 23 såsom
698 865 105 32 varande
819 866 8 22 i
844 865 116 24 afsaknad
978 865 25 24 af

247 901 186 23 vattenfarleder
448 902 40 22 väl
504 903 8 21 i
530 901 69 24 behof
611 902 24 23 af
645 901 146 24 förbättrade
802 901 198 24 kommunikatio-

247 943 43 16 ner
313 937 68 22 såväl
397 937 36 23 för
448 937 45 23 den
510 937 78 24 lokala
604 938 103 23 trafiken
723 944 52 16 som
791 937 36 23 för
843 938 119 29 transport
978 937 24 23 af

247 973 54 22 sina
323 973 289 30 landtmannaprodukter
636 973 35 23 till
690 973 112 24 städerna
827 973 43 23 och
894 973 107 23 utförsel-

247 1007 139 24 hamnarna.
405 1009 84 22 Härtill
500 1009 108 23 kommer
619 1011 71 26 ännu,
699 1010 36 22 att
742 1009 140 30 riktningen
891 1009 24 23 af
925 1009 77 23 denna

247 1043 64 24 bana
335 1047 50 20 mot
408 1044 177 24 hufvudstaden
610 1045 55 23 med
689 1045 54 23 dess
767 1045 108 29 ständigt
893 1045 108 23 växande

247 1079 153 24 konsumtion
427 1081 78 22 skulle
528 1083 77 27 öppna
629 1087 30 16 en
682 1088 31 22 ny
737 1081 208 29 afsättningsplats
966 1081 36 22 för

246 1115 153 24 landsdelens
419 1117 72 22 alster
508 1116 44 23 och
567 1117 8 22 i
590 1117 65 22 vissa
671 1117 64 23 delar
750 1116 88 29 rikliga
854 1117 102 29 tillgång
971 1116 30 29 på

246 1151 53 23 ved.
332 1151 109 24 Förbises
457 1152 37 23 får
510 1153 53 22 icke
578 1152 81 28 häller,
676 1154 34 21 att
721 1152 73 23 redan
806 1152 145 29 förefintliga
963 1152 36 23 be-

246 1187 105 28 tydande
366 1187 150 24 industriella
531 1189 160 28 inrättningar
701 1188 148 23 omedelbart
859 1188 95 23 komme
966 1189 35 22 att

246 1223 82 23 lämna
345 1225 34 21 ett
395 1223 120 24 afsevärdt
530 1224 190 28 fraktkvantum,
736 1223 163 24 hvarförutom
916 1230 84 23 genom

243 1259 149 30 järnvägens
417 1259 116 24 tillkomst
552 1259 76 24 ökade
648 1259 143 30 betingelser
815 1259 77 24 skulle
916 1260 85 22 vinnas

247 1294 36 23 för
309 1295 161 30 exploatering
495 1296 24 22 af
542 1302 113 22 resurser,
679 1303 50 16 som
750 1295 75 23 under
845 1302 33 17 nu
896 1295 105 23 rådande

245 1330 389 24 kommunikationsförhållanden
650 1332 111 22 förblifva
778 1331 89 23 orörda.

318 1367 54 22 Men
397 1373 37 17 om
457 1367 42 23 ock
520 1368 70 22 dessa
608 1368 89 29 förslag
717 1368 76 22 måste
810 1367 118 23 erkännas
944 1373 57 17 vara

247 1402 25 22 af
296 1402 120 30 betydelse
441 1403 35 23 för
498 1403 139 23 landsdelen
661 1404 43 22 och
725 1403 71 23 äfven
819 1403 64 23 inom
900 1409 29 17 en
946 1409 56 17 snar

246 1437 97 24 framtid
355 1438 97 24 komma
463 1439 35 23 till
509 1439 198 29 förverkligande,
720 1440 79 22 finner
811 1438 121 24 Utskottet
941 1438 61 23 dock

246 1473 37 23 för
306 1474 40 22 det
369 1474 148 24 närvarande
541 1474 123 24 desamma
688 1475 57 23 böra
765 1474 69 23 träda
850 1474 100 24 tillbaka
966 1474 36 23 för

318 1522 188 23 Järnvägsutskottets
518 1522 110 19 betänkande
640 1523 35 18 N:o
687 1524 16 17 2.
