1114 1775
306 143 247 23 Petitionsbetänkande
569 143 38 23 N:o
623 144 22 22 3.
794 146 26 20 55

99 214 50 17 som
167 208 53 23 med
236 208 147 28 billighetens
395 208 132 29 fordringar
539 208 43 22 och
593 208 96 22 skolans
704 208 110 23 ändamål
826 210 26 20 är

99 239 117 38 förenligt.
461 259 2 2 :

171 279 83 23 Såsom
274 280 73 22 motiv
365 279 36 23 för
422 280 28 21 de
467 280 94 22 senaste
579 280 68 22 årens
663 279 165 29 förändringar
844 280 6 21 i

100 315 150 23 läroverkens
266 315 294 29 undervisningsprogram
570 315 90 29 uppgaf
671 315 179 30 generalguver-

99 353 41 20 nör
166 351 124 23 Bobrikoff
306 351 49 22 dels
372 351 207 29 nödvändigheten
596 351 24 22 af
637 352 34 21 att
688 351 28 22 de
732 351 119 22 blifvande

99 387 101 22 ämbets-
225 387 43 22 och
291 388 194 29 tjänstemännen
508 388 8 21 i
532 387 34 22 tid
583 387 80 29 gjorde
680 387 36 29 sig
731 387 119 29 förtrogne

99 422 54 23 med
177 423 40 22 det
240 423 78 28 språk,
336 422 90 23 hvilket
449 422 54 28 han,
528 424 8 21 i
555 424 58 21 trots
629 423 24 22 af
670 422 111 23 Finlands
798 422 52 23 obe-

99 459 108 28 stridliga
223 459 42 22 och
283 459 75 28 aldrig
375 458 119 23 bestridda
510 459 47 22 rätt
574 459 33 22 till
624 459 50 22 inre
689 458 161 30 själfstyrelse,

99 495 75 28 ansåg
190 495 56 22 böra
263 494 72 23 blifva
352 494 232 23 administrationens
601 493 72 30 språk
684 495 7 22 i
702 494 87 28 landet,
800 494 50 23 dels

99 530 206 29 nödvändigheten
315 531 23 22 af
350 531 34 22 att
394 530 66 23 öfver
472 530 90 23 hufvud
573 530 100 23 utbreda
684 531 164 22 kännedomen

99 566 25 22 af
141 566 173 30 ,riksspräket*
332 567 7 22 i
356 566 107 23 Finland.

170 602 67 23 Hvad
261 602 39 23 det
323 603 62 22 förra
402 602 24 23 af
442 602 69 23 dessa
527 603 116 29 uppgifna
659 603 52 22 skäl
729 602 121 27 beträffar,

99 639 77 21 mäste
193 638 127 24 anmärkas
342 639 34 22 att
393 638 113 23 Finlands
523 638 71 29 högre
611 639 105 28 manliga
731 638 119 23 statsläro-

98 674 70 22 verks
193 674 93 30 uppgift
309 674 53 23 icke
380 677 25 20 är
426 676 35 20 att
477 674 85 23 bereda
579 674 108 23 eleverna
702 674 35 22 för
753 675 96 29 tjänste-

99 710 175 27 mannabanan,
294 712 57 21 utan
367 724 30 2 —
413 710 76 23 säsom
507 712 8 21 i
531 710 110 29 gällande
657 710 153 29 skolordning
826 709 25 23 af

99 746 44 22 den
162 750 12 18 8
192 747 93 28 augusti
306 750 54 18 1872
378 749 69 26 säges
464 760 29 2 —
510 747 49 27 ,att
574 746 149 30 grundlägga
737 747 113 28 antingen

98 782 167 29 vetenskaplig
285 782 55 22 eller
356 782 45 22 ock
418 788 28 16 en
464 782 35 22 för
515 782 62 22 olika
594 782 188 28 medborgerliga
798 781 53 23 värf

97 817 95 29 lämpad
210 818 86 22 allmän
315 818 132 29 bildning";
465 824 28 16 en
510 819 48 21 stor
574 818 38 22 del
629 818 24 22 af
665 818 185 22 elementarläro-

97 853 102 23 verkens
216 854 76 22 elever
308 860 73 22 egnar
398 855 36 27 sig
450 854 8 22 i
475 854 86 29 själfva
576 854 83 22 verket
670 855 7 21 i
688 854 127 22 framtiden
826 854 25 21 ät

97 889 75 22 andra
195 892 30 20 än
250 889 242 23 ämbetsmannavärf.
524 889 9 22 I
557 891 30 20 än
608 889 71 29 högre
700 889 58 29 grad
777 889 74 29 gäller

97 925 66 22 detta
187 932 37 16 om
248 925 29 22 de
301 925 53 22 med
378 925 110 29 lyceerna
503 925 137 29 jämförliga
656 925 193 28 privatskolorna,

97 961 82 22 hvilka
202 961 30 30 pä
256 962 33 21 ett
312 961 124 29 undantag
459 964 43 19 när
523 964 39 19 äro
582 961 139 27 samskolor;
738 961 43 22 och
798 960 52 23 frän

98 996 281 27 fruntimmersskolorna,
396 997 93 22 hvilkas
507 997 94 29 uppgift
617 998 6 21 i
640 996 166 29 förordningen
826 995 24 24 af

97 1032 44 23 den
163 1036 26 18 27
211 1033 128 22 november
356 1036 56 19 1885
430 1033 109 28 angifves
556 1039 57 16 vara
629 1034 34 21 att
680 1031 108 24 meddela
808 1039 42 15 un-

96 1068 139 29 dervisning
257 1069 21 27 ,i
298 1069 28 22 de
344 1068 35 23 för
395 1069 87 22 allmän
499 1068 173 29 medborgerlig
689 1067 107 30 bildning
811 1069 38 21 nö-

96 1104 56 29 diga
168 1103 138 30 kunskaper
333 1104 121 23 äfvensom
481 1105 8 22 i
515 1104 172 29 handslöjder*,
716 1103 134 30 rekryteras

96 1139 152 30 naturligtvis
260 1140 258 23 ämbetsmannakären
529 1141 8 21 i
548 1139 95 23 alldeles
655 1139 118 30 obetydlig
783 1139 65 29 grad.

95 1175 32 23 Af
145 1175 110 23 eleverna
270 1176 8 22 i
294 1175 58 23 vära
368 1176 236 23 elementarläroverk
621 1175 43 23 och
677 1175 173 23 fruntimmers-

97 1212 57 22 eller
170 1212 136 23 flickskolor
317 1226 28 2 —
359 1215 116 19 1902--03
491 1213 7 21 i
510 1213 89 21 statens
611 1211 239 23 elementarläroverk

96 1251 72 24 6,177,
190 1249 8 21 i
218 1248 92 29 privata
329 1247 238 23 elementarläroverk
584 1251 64 23 5,596
666 1247 32 29 (af
714 1247 53 23 dem
784 1250 65 24 2,915

96 1283 140 29 kvinnliga),
253 1284 7 22 i
276 1285 91 21 statens
387 1283 242 23 fruntimmersskolor
645 1286 72 24 2,405,
733 1283 8 22 i
757 1284 93 28 privata

96 1319 137 23 flickskolor
257 1323 71 23 2,135,
355 1319 55 23 eller
434 1319 159 23 tillsammans
619 1322 86 24 16,313,
726 1318 24 23 af
768 1318 82 23 hvilka

95 1358 65 23 7,455
185 1355 125 29 kvinnliga
326 1369 27 2 —
370 1357 26 21 är
417 1355 40 23 det
478 1355 91 23 säledes
590 1355 59 23 blott
666 1356 33 21 ett
715 1354 133 28 mindretal,

93 1397 52 16 som
162 1391 8 21 i
186 1390 126 24 framtiden
337 1392 69 28 ingär
422 1392 8 21 i
446 1391 92 23 statens
554 1392 81 28 tjänst.
668 1390 30 23 Af
714 1390 69 23 dessa
800 1390 50 22 äter

93 1429 27 20 är
143 1426 41 22 det
204 1426 175 30 jämförelsevis
403 1426 31 27 fä,
450 1426 37 23 för
505 1426 82 24 hvilka
604 1426 132 23 kännedom
753 1426 8 22 i
776 1426 73 28 ryska

93 1462 98 29 språket
214 1469 54 15 vore
292 1463 24 22 af
335 1462 77 23 nöden
434 1463 54 22 med
504 1462 94 29 hänsyn
615 1462 34 22 till
666 1462 67 22 deras
750 1463 98 28 tjänste-

166 1510 100 18 Allmänna
278 1510 184 18 Petitionsutskottets
474 1510 111 18 betänkande
597 1510 34 18 N:o
645 1511 16 16 1.
