1111 1773
269 154 40 19 158
445 150 247 23 Petitionsbetänkande
709 150 37 23 N:o
763 150 23 22 4.

237 215 35 23 till
287 215 113 23 hamnen.
432 215 127 23 Kexholms
575 215 81 29 gamla
672 215 79 27 hamn,
769 220 50 17 som
836 214 59 23 efter
911 214 77 23 Vuok-

237 258 56 16 sens
317 251 102 29 fällning
443 251 74 23 delvis
534 251 152 27 tillslammat,
704 251 48 23 kan
769 256 85 24 genom
873 250 117 29 inloppets

236 287 178 29 uppmuddring
437 287 44 22 och
504 287 138 28 skyddande
667 288 48 21 mot
738 285 185 31 uppgrundning
946 285 44 23 och

237 323 107 29 vågsvall
370 323 97 28 bringas
492 323 7 22 i
523 322 215 23 tillfredsställande
761 322 75 23 skick.
869 321 122 29 Förslaget

237 359 36 22 till
288 358 81 23 härför
384 358 154 29 erforderliga
554 359 104 27 arbeten,
674 359 40 22 vid
730 360 35 21 ett
781 359 98 28 antaget
895 357 95 24 farleds-

238 394 57 30 djup
313 395 24 22 af
353 397 12 20 3
382 395 81 27 meter,
481 395 74 22 slutar
571 395 14 22 å
601 401 28 16 en
647 394 100 23 kostnad
765 393 24 24 af
806 397 93 23 166,000
915 393 75 26 mark,

238 430 44 23 och
305 430 44 23 har
373 430 91 27 staden,
486 437 50 16 som
555 430 135 23 tillerkänts
706 429 145 29 statsbidrag
866 429 37 23 för
919 429 71 22 ända-

238 466 80 27 målet,
343 465 121 24 förbundit
486 467 38 28 sig
548 467 39 26 att,
609 467 7 21 i
632 465 112 24 händelse
757 467 104 28 järnväg
875 465 64 23 ledes
956 464 33 23 till

239 504 73 26 orten,
341 502 78 23 utföra
447 502 70 23 dessa
544 501 171 23 hamnarbeten
742 503 74 21 innan
839 502 151 29 järnvägsar-

238 538 76 23 betets
338 537 170 23 fullbordande.
541 537 143 23 Sortanlahti
708 537 72 23 hamn
803 540 26 19 är
852 537 64 29 djup,
937 543 53 16 men

239 573 40 23 illa
303 573 109 30 skyddad
436 573 43 23 och
503 573 134 30 isynnerhet
660 574 76 22 utsatt
758 573 36 22 för
817 573 105 29 nordliga
948 571 41 24 och

239 609 145 29 nordostliga
400 609 90 23 vindar.

311 645 32 23 Af
359 645 29 22 de
404 651 33 16 nu
453 646 7 21 i
472 645 68 29 fråga
556 645 62 22 satta
632 645 105 22 banorna
748 645 42 22 har
799 644 120 23 Utskottet
931 645 60 22 utan

241 681 277 29 meningsskiljaktighet
543 681 117 23 förkastat
685 681 74 30 linjen
782 680 209 24 Kexholm—Teri-

235 717 60 29 joki,
313 717 101 23 emedan
430 716 103 24 trafiken
549 718 34 22 uti
599 717 107 29 sydöstra
722 716 100 24 Finland
839 716 60 23 efter
912 716 78 23 Karel-

240 753 45 23 ska
301 752 93 24 banans
414 752 163 24 fullbordande
602 752 89 30 begynt
714 752 41 24 allt
781 759 64 16 mera
868 752 62 23 rikta
955 753 37 27 sig

239 789 52 23 mot
317 788 97 30 Viborg,
436 789 44 22 och
502 788 136 24 landsdelen
665 788 71 30 kring
759 788 105 24 Suvanto
888 790 35 28 sjö
948 788 43 22 och

240 824 73 23 nedre
338 824 69 23 delen
428 824 24 22 af
472 824 112 23 Vuoksen
600 824 74 23 redan
690 831 55 23 eger
761 831 29 15 en
807 824 38 22 väl
861 823 131 23 trafikerad

240 867 39 16 om
296 860 45 23 ock
357 860 40 22 vid
413 860 127 23 Kiviniemi
555 860 109 23 afbruten
684 860 307 23 kommunikationsförbin-

241 896 66 23 delse
324 895 35 24 till
380 897 48 29 sjös
451 896 55 23 med
528 897 91 22 Antrea
642 897 92 22 station.
766 896 84 23 Banan
873 895 118 30 Koljola—

241 932 146 23 Sortanlahti
402 932 44 23 har
461 933 21 28 ej
500 932 72 23 häller
587 932 122 23 tillvunnit
724 933 37 28 sig
776 931 128 24 understöd
929 932 63 22 inom

242 967 128 28 Utskottet,
395 967 24 24 af
442 967 70 24 orsak
536 969 35 21 att
592 967 54 23 dess
663 967 77 30 bägge
756 967 151 30 ändpunkter
924 971 68 25 synts

241 1003 93 23 mindre
345 1003 39 23 väl
395 1003 76 28 valda,
482 1003 91 30 Koljola
583 1004 78 22 såsom
672 1004 164 28 grannstation
849 1003 36 22 till
896 1003 96 27 Antrea,

241 1039 97 22 hvilken
358 1039 73 23 redan
451 1042 26 20 är
496 1039 202 29 korsningspunkt
715 1039 35 23 för
766 1039 79 23 banan
862 1039 35 23 till
914 1039 77 22 Vuok-

242 1075 122 27 senniska,
388 1075 43 23 och
455 1075 143 23 Sortanlahti
619 1076 77 22 säsom
718 1075 104 23 varande
838 1074 130 23 tillsvidare
985 1075 8 22 i

242 1110 119 23 afsaknad
377 1111 25 22 af
417 1111 47 22 alla
479 1111 36 22 för
531 1117 29 16 en
578 1111 118 23 blifvande
713 1111 108 22 handels-
834 1111 42 22 och
888 1111 104 30 sjöfarts-

242 1147 36 22 ort
305 1147 151 29 erforderliga
482 1147 143 29 byggnader.
668 1147 137 29 Skapandet
831 1146 24 23 af
881 1148 34 21 ett
941 1148 52 27 nytt

243 1182 208 23 handelscentrum
467 1183 31 29 pä
514 1189 18 16 c.
550 1186 12 19 3
579 1182 52 23 mils
649 1182 94 23 afständ
760 1182 55 23 frän
835 1189 30 16 en
887 1182 106 29 gammal

242 1218 119 23 kulturort
384 1218 42 23 har
450 1222 67 25 synts
537 1218 26 23 sä
582 1218 95 29 mycket
694 1218 91 23 mindre
801 1218 191 23 eftersträfvans-

241 1253 71 23 värdt
327 1260 50 16 som
395 1253 144 24 Sortanlahti
554 1254 53 23 icke
623 1261 42 16 ens
682 1254 54 23 med
752 1254 113 23 afseende
881 1254 14 23 ä
910 1254 82 23 hamn-

242 1289 181 23 förhällandena
439 1296 57 23 eger
512 1290 73 28 nägra
601 1290 8 22 i
624 1292 91 27 ögonen
732 1290 104 23 fallande
852 1290 104 23 fördelar.

315 1325 113 23 Däremot
441 1325 43 23 har
496 1325 119 24 Utskottet
630 1326 61 23 varit
706 1326 116 29 temligen
837 1332 56 16 ense
905 1326 88 26 därom,

243 1362 36 22 att
295 1368 29 16 en
337 1362 104 29 järnväg
457 1362 41 22 bör
514 1361 64 23 ledas
595 1362 33 22 till
641 1362 108 29 sydöstra
761 1361 112 23 Finlands
885 1362 109 28 urgamla

243 1396 90 23 kultur-
358 1397 43 22 och
426 1397 180 23 trafikcentrum
630 1398 121 26 Kexholm,
776 1398 71 22 hvars
873 1396 121 30 betydelse

243 1432 80 23 säsom
347 1432 115 28 handels-,
487 1433 60 23 skol-
571 1432 43 24 och
639 1433 80 23 badort
740 1433 72 23 äfven
828 1440 32 16 nu
876 1434 36 22 för
927 1433 66 23 tiden

244 1471 27 20 är
295 1469 46 21 rätt
365 1468 141 29 betydande.
538 1468 81 24 Säsom
642 1469 51 23 skäl
711 1469 80 23 härför
808 1468 41 23 har
866 1468 70 24 bland
954 1476 39 16 an-

317 1516 186 24 Järnvägsutskottets
514 1517 109 18 betänkande
635 1517 35 19 N:o
682 1518 16 17 2.
