1114 1770
263 157 87 22 Ständ.
367 157 54 22 Pet.
438 169 26 3 —
480 157 174 22 Petitionsbet.
671 156 41 22 N:o
728 157 21 21 7.
858 157 29 20 43

191 227 32 20 att
238 224 132 22 beträffande
384 225 144 27 anklagelsen,
544 227 32 19 att
586 228 46 18 mot
642 225 78 21 honom
735 225 147 27 »upprepadt>

123 253 70 27 gjorts
208 253 128 28 angifvelser
352 260 35 15 om
403 254 55 21 hans
479 254 138 21 värksamhet
632 254 48 21 med
696 254 82 26 hänsyn
794 254 30 21 till
841 254 42 20 den

123 288 41 20 nya
179 282 199 28 värnepliktslagen,
395 282 36 22 det
446 282 32 22 för
500 282 80 22 honom
596 284 24 19 är
635 282 87 22 alldeles
738 282 98 27 omöjligt
852 284 32 19 att

123 317 64 15 svara
207 311 71 27 härpå,
299 311 89 21 emedan
412 311 41 21 han
477 311 18 27 ej
519 312 41 25 vet,
576 313 38 19 när
630 311 39 21 och
685 311 55 21 huru
756 310 41 22 han
814 310 70 22 skulle

123 339 98 22 däremot
235 340 80 25 värkat,
340 339 39 21 och
402 340 90 21 emedan
508 340 7 20 i
531 340 41 20 den
588 340 107 26 egentliga
710 339 138 28 anklagelsen
864 340 18 26 ej

123 370 89 20 nämnes
228 374 38 16 ens
282 370 30 19 ett
328 368 38 21 ord
382 369 86 25 därom;

192 399 32 19 att
238 396 164 28 ifrågavarande
416 396 130 28 angifvelser
562 398 37 20 äro
615 396 135 27 lögnaktiga
740 392 12 36 ;

192 428 32 19 att
245 425 148 22 Prokuratorn
415 426 87 25 vidtoge
522 426 82 25 åtgärd,
619 428 32 18 att
666 426 26 20 de
707 425 124 27 lögnaktiga
846 431 37 14 an-

124 453 109 27 gifvarena
254 453 87 22 braktes
356 454 7 20 i
379 454 75 27 dagen,
476 454 24 21 så
514 455 32 20 att
562 453 73 28 hvarje
651 453 102 27 sakegare
768 453 57 27 finge
840 453 44 21 för-

124 488 63 15 svara
202 483 33 26 sig
250 482 39 21 och
304 484 30 19 att
350 482 26 21 de
392 483 114 26 brottsliga
522 481 69 22 blefve
607 481 126 22 befordrade
748 482 32 21 till
795 482 89 27 förtjent

124 510 63 22 straff
199 511 40 21 och
255 511 85 21 braktes
356 511 32 21 till
403 513 32 19 att
449 511 48 21 inse
512 511 38 21 sitt
565 511 67 26 brott;

193 540 106 21 Assessor
319 539 87 27 Saurén,
422 540 22 21 åt
459 539 86 22 hvilken
560 539 156 27 handlingarna
731 539 154 22 öfverlämnats

123 568 8 21 i
146 567 39 22 och
200 568 33 21 för
248 568 158 27 föredragning,
426 568 96 27 föreslog
537 568 28 27 på
585 569 70 26 grund
670 567 24 22 af
706 567 129 27 föregående
851 568 33 20 så-

124 603 47 15 som
188 597 157 27 Domkapitlets
361 597 120 21 utlåtande:

193 626 34 21 Då
249 625 23 22 af
285 629 14 18 t.
314 625 14 21 f.
344 625 149 27 kyrkoherden
516 625 121 22 Gräsbecks
652 625 117 27 förklaring
784 625 100 26 framgår,

124 655 32 20 att
177 653 162 28 ifrågavarande
361 654 107 27 ringning,
492 654 72 21 såsom
587 654 119 27 utgörande
728 653 88 22 kallelse
832 653 54 22 till
876 649 15 37 i

124 682 35 27 lag
181 683 89 27 stadgad
291 683 122 27 gudstjänst
428 683 7 21 i
450 683 82 27 kyrkan
545 683 48 26 just
607 683 7 21 i
630 683 114 26 anledning
759 682 23 22 af
796 683 90 21 Hennes

125 711 120 28 Kejserliga
261 711 102 27 Majestät
379 712 155 27 Kejsarinnans
550 711 56 27 höga
622 711 124 27 namnsdag,
762 718 38 14 var
815 711 23 21 af
852 711 34 21 så-

125 740 52 21 dant
200 741 51 26 slag,
275 742 31 19 att
329 740 41 21 den
393 741 18 26 ej
428 741 84 20 kunnat
530 740 128 27 uppskjutas
674 740 31 21 till
720 746 69 15 annan
806 740 80 24 timme,

124 767 33 22 får
174 769 147 27 Domkapitlet
335 769 7 20 i
358 768 100 22 afseende
475 769 13 21 å
503 768 119 22 infordradt
638 769 110 20 utlåtande
762 768 34 21 för
807 769 33 20 sin
852 768 34 21 del

125 797 158 22 vördsammast
297 797 117 26 framhålla,
430 799 33 20 att
478 800 15 19 t.
508 797 13 22 f.
537 797 148 27 kyrkoherden
700 797 108 21 Gräsbeck
819 797 68 26 enligt

127 825 158 28 Domkapitlets
300 826 56 21 åsikt
370 826 7 21 i
392 826 164 27 ifrågavarande
572 826 38 21 sak
626 826 17 27 ej
661 826 37 21 har
714 825 57 27 gjort
786 826 33 27 sig
830 825 57 27 skyl-

129 855 36 26 dig
179 855 32 21 till
227 855 125 27 nägotslags
367 854 115 27 tjänstefel,
498 855 40 21 och
552 854 42 22 kan
606 855 36 21 det
652 854 66 27 enligt
728 854 160 27 Domkapitlets

126 883 57 21 åsikt
197 883 18 27 ej
232 883 109 21 föranleda
357 883 30 21 till
403 883 123 27 tjänsteätal
542 885 58 19 emot
615 883 85 21 honom.

197 912 96 21 Emedan
317 912 141 21 Guvernören
474 912 7 20 i
497 912 93 27 Viborgs
606 912 40 25 län,
670 911 65 27 enligt
750 910 55 22 hvad
821 911 67 21 Dom-

126 940 90 27 kapitlet
235 940 40 22 har
297 940 34 27 sig
354 940 84 26 bekant,
458 941 56 21 bäde
532 940 47 21 före
594 947 29 14 nu
638 940 162 26 ifrägavarande
814 939 74 21 ankla-

127 968 59 27 gelse
201 969 39 21 och
263 968 61 22 äfven
348 969 92 21 därefter
456 969 39 21 har
510 969 91 27 vidtagit
616 969 104 27 ätgärder,
734 968 72 21 hvilka
820 968 68 26 enligt

127 997 158 27 Domkapitlets
307 997 57 21 åsikt
386 1000 37 19 äro
443 998 83 26 egnade
542 999 31 19 att
588 998 76 26 bringa
679 999 13 19 t.
708 996 14 22 f.
738 996 149 28 kyrkoherden

128 1026 20 21 S.
169 1025 24 22 F.
215 1026 108 22 Gräsbeck
338 1026 8 21 i
361 1026 118 22 ledsamma
494 1025 115 23 konflikter
625 1026 35 21 vid
675 1026 53 21 hans
744 1024 142 28 tjänstevärk-

127 1054 84 22 samhet
233 1054 39 22 och
292 1056 52 26 göra
362 1054 80 22 honom
458 1054 98 28 politiskt
571 1054 115 22 misstänkt
700 1054 70 22 säsom
787 1054 100 21 medbor-

127 1089 56 21 gare,
206 1090 64 15 anser
288 1083 147 27 Domkapitlet
450 1084 29 26 pä
495 1083 70 27 grund
580 1083 22 21 af
615 1084 30 20 alt
660 1084 58 20 detta
732 1082 33 21 för
781 1083 33 21 sin
830 1082 57 27 skyl-

127 1112 74 26 dighet
215 1114 32 19 att
262 1112 83 21 anhälla
361 1118 35 15 om
412 1112 58 21 Herr
486 1112 161 21 Prokuratorns
662 1112 75 26 ätgärd
752 1111 88 25 därhän,
855 1112 33 20 att

126 1140 37 22 det
178 1140 95 22 luterska
285 1141 161 27 prästerskapet
459 1141 86 21 ostördt
560 1140 32 22 fär
608 1140 71 22 utföra
694 1140 46 21 sina
755 1139 132 28 tjänsteälig-

127 1169 84 27 ganden
229 1170 39 20 och
284 1169 41 21 den
340 1169 97 22 luterska
452 1169 82 27 kyrkan
550 1171 51 19 utan
613 1169 75 21 hinder
698 1168 70 22 utföra
779 1168 31 22 till
821 1168 66 27 guds-

126 1198 95 26 tjänsten
236 1198 95 21 hörande
346 1198 139 21 ceremonier.

196 1226 192 27 Framställningen
405 1226 126 27 godkändes
547 1225 23 22 af
583 1226 152 26 Domkapitlet.

196 1254 132 22 Afskriftens
344 1254 102 28 riktighet
462 1254 114 28 bestyrker
591 1255 13 20 ä
619 1253 146 28 Domkapitlet
780 1254 7 21 i
802 1253 88 28 Nyslott

127 1283 42 21 den
184 1283 29 22 20
227 1283 94 22 februari
338 1283 61 22 1904.

656 1334 28 22 M.
700 1334 26 21 N.
742 1334 78 26 Lauha,

673 1370 13 16 t.
699 1368 13 18 f.
725 1368 75 18 notarie,
