1111 1775
238 156 25 16 36
467 155 217 19 Motionsbetänkande
697 155 37 18 N:o
747 155 17 19 1.

240 214 204 29 motionsförslaget
459 215 136 29 befogenhet
611 216 35 22 att
662 217 25 21 ät
704 215 103 22 enskilda
822 215 111 23 öfverläta
943 216 50 21 rät-

238 250 73 29 tighet
336 250 34 23 till
393 252 162 28 utminutering
577 251 49 23 icke
649 251 77 22 blifvit
748 251 95 28 bolagen
866 251 126 23 tillerkänd.

239 287 89 22 Endast
351 287 61 23 hvad
435 288 184 29 utskänkningen
643 287 110 23 beträffar
771 288 40 21 har
834 287 25 22 af
874 287 117 29 praktiska

240 322 51 22 skäl
307 323 34 21 ett
357 323 116 28 undantag
489 323 50 22 frän
555 323 43 22 den
615 324 115 22 allmänna
745 323 74 28 regeln
837 324 75 28 gjorts.

312 354 76 26 Äfven
403 359 61 22 inom
479 359 117 22 Utskottet
611 360 41 21 har
668 359 44 22 den
724 359 88 22 äsikten
823 359 108 28 enhälligt
943 366 48 15 om-

238 393 91 29 fattats,
347 395 34 21 att
397 395 90 28 bolaget
502 395 60 29 sjelft
577 395 68 22 borde
662 395 74 22 drifva
747 395 97 22 handeln
856 395 52 22 med
919 396 71 21 samt-

240 430 47 27 liga
302 430 121 23 inhemska
438 431 148 29 spritdrycker
602 432 60 21 samt
672 431 156 29 maltdrycker.
845 430 145 23 Beträffande

239 465 79 29 frågan
342 466 8 21 i
372 466 91 22 hvilken
488 468 52 21 män
563 474 28 15 en
614 467 186 29 monopolisering
822 467 7 21 i
850 466 106 22 afseende
977 467 14 20 &

240 501 72 29 öfriga
328 501 175 29 alkoholhaltiga
519 503 93 28 drycker
627 503 68 22 borde
712 503 7 21 i
734 503 37 28 lag
787 502 118 29 päbjudas,
920 501 71 23 hafva

240 537 102 22 deremot
358 537 60 22 olika
434 539 116 27 meningar
564 539 104 22 uttalats.
699 539 44 22 Det
759 538 102 30 yrkande
877 538 41 22 har
927 545 65 14 nem-

239 573 60 28 ligen
322 573 141 29 framställts,
485 575 34 21 att
539 574 207 28 stadsfullmäktige
767 573 68 23 äfven
852 575 7 21 i
875 573 64 23 detta
955 574 34 22 af-

240 609 82 22 seende
345 611 72 21 måtte
440 610 84 22 erhålla
545 610 173 28 afgöranderätt,
741 610 114 28 antingen,
872 613 75 19 såsom
963 617 29 15 en

240 645 36 22 del
301 645 224 23 utskottsledamöter
547 646 69 27 velat,
640 646 97 22 sålunda
760 647 35 21 att
817 646 91 28 bolaget
929 646 63 27 finge

241 681 51 22 med
308 681 156 29 fullmäktiges
480 682 116 29 samtycke
612 682 25 21 åt
653 682 100 22 enskilde
770 682 129 22 handlande
916 681 75 22 öfver-

239 717 48 22 låta
309 718 139 27 rättigheten
472 718 34 21 att
528 718 92 28 försälja
646 718 113 28 egentliga
781 718 70 27 viner,
874 718 52 21 eller
941 717 49 27 ock,

240 754 76 20 såsom
332 753 71 22 andra
418 753 119 28 föreslagit,
554 753 97 22 sålunda
668 754 36 22 att
719 754 8 20 i
742 754 74 22 denna
830 753 109 29 rättighet
954 753 37 21 in-

239 788 108 30 begrepes
368 789 83 29 jemväl
471 789 70 22 andra
559 796 96 21 svagare
671 789 132 30 rusdrycker
819 789 117 23 äfvensom
952 790 38 21 ut-

239 825 99 22 ländska
361 825 154 30 spritdrycker.
547 825 41 22 Om
612 825 67 22 dessa
701 825 83 28 förslag
805 825 41 22 har
861 825 130 22 Utskottets

235 857 80 26 flertal
338 861 62 28 dock,
417 861 80 22 främst
519 863 30 27 på
572 861 69 22 ofvan
663 861 95 22 anförda
777 861 137 29 principiella
934 860 56 28 skäl,

239 896 49 23 icke
313 897 88 22 kunnat
424 897 79 22 förena
525 897 39 28 sig.
594 897 36 22 Då
653 897 27 22 de
705 897 99 22 enskilde
821 896 170 23 handlandenes

239 932 108 29 förtjänst
371 935 26 20 är
419 933 135 28 fullkomligt
577 933 111 22 beroende
711 933 25 22 af
757 933 177 30 rusdryckernas
953 933 36 21 åt-

240 969 66 28 gång,
324 969 69 28 ligger
409 969 38 22 det
462 969 7 21 i
485 969 83 22 sakens
583 970 74 27 natur,
674 970 36 21 att
725 969 33 28 de,
775 970 125 21 tvärtemot
917 968 72 22 afsik-

239 1005 39 20 ten
302 1004 50 22 med
375 1005 39 21 det
437 1005 153 28 Göteborgska
614 1006 116 28 systemet,
753 1005 64 22 skola
832 1005 54 28 göra
901 1004 40 22 allt
956 1004 35 22 för

240 1041 35 21 att
291 1040 44 22 öka
351 1040 179 23 konsumtionen.
562 1040 46 23 Och
629 1041 27 21 så
675 1041 65 27 länge
756 1041 38 21 det
809 1041 92 28 privata
916 1040 76 22 vinst-

239 1076 93 28 begäret
355 1076 74 29 spelar
450 1077 22 21 in
491 1077 7 20 i
519 1076 74 22 denna
613 1076 71 29 fråga,
702 1077 26 21 så
743 1077 67 27 länge
826 1076 64 22 skola
906 1075 41 22 ock
963 1075 29 22 de

239 1113 167 27 noggrannaste
422 1112 176 28 ordningsregler
614 1112 42 22 och
672 1112 27 22 de
715 1113 58 21 mest
789 1111 121 28 energiska
925 1111 66 29 polis-

240 1147 111 28 åtgärder,
376 1147 61 22 hvad
460 1147 123 30 stäfjandet
607 1148 25 21 af
654 1148 138 22 missbruket
806 1147 117 28 beträffar,
940 1147 51 22 visa

240 1183 34 28 sig
297 1183 118 23 fruktlösa.
445 1183 86 23 Endast
554 1191 81 21 genom
658 1185 36 21 att
716 1183 93 30 upplåta
832 1183 52 22 hela
906 1183 84 27 ifråga-

239 1219 101 22 varande
362 1219 134 29 handtering
519 1221 25 21 åt
567 1221 33 21 ett
623 1220 67 28 bolag
713 1220 45 22 kan
781 1219 44 22 den
841 1220 8 20 i
865 1219 34 22 sin
915 1218 76 22 helhet

240 1255 151 23 underkastas
414 1256 133 22 effektivare
565 1256 98 22 kontroll
678 1256 41 22 och
735 1255 81 22 endast
833 1254 96 23 sålunda
944 1254 45 22 kan

240 1290 133 23 densamma
393 1292 57 21 utan
471 1292 89 27 intrång
575 1292 8 21 i
599 1291 103 22 enskilda
722 1298 116 22 personers
855 1290 134 22 affärsverk-

239 1327 91 22 samhet
345 1328 41 21 och
402 1327 127 29 kränkning
545 1328 23 21 af
584 1328 65 21 deras
669 1327 133 28 rättigheter
817 1326 50 23 fritt
882 1326 111 23 bedömas

240 1363 41 22 och
297 1363 8 22 i
321 1363 100 28 enlighet
436 1363 50 22 med
505 1363 101 22 rådande
626 1363 153 22 förhållanden
796 1363 88 22 ordnas.
915 1359 75 25 Äfven

238 1399 292 30 rusdryckshandteringen,
548 1400 74 21 såsom
638 1398 42 23 den
697 1398 112 23 härintills
825 1399 60 22 varit
898 1397 91 28 ordnad,

238 1434 43 23 har
296 1436 127 27 egentligen
444 1435 82 28 utgjort
545 1436 33 21 ett
599 1435 33 22 för
648 1436 72 27 några
735 1435 24 21 få
775 1434 130 22 handlande
921 1433 69 22 förlä-

238 1471 58 21 nadt
312 1471 103 28 monopol
430 1472 29 28 på
475 1471 131 22 samhällets
622 1471 132 22 bekostnad.
