<?xml version="1.0" encoding="UTF-8"?>
<alto xmlns="http://www.loc.gov/standards/alto/ns-v3#" xmlns:xlink="http://www.w3.org/1999/xlink" xmlns:xsi="http://www.w3.org/2001/XMLSchema-instance" xsi:schemaLocation="http://www.loc.gov/standards/alto/ns-v3# http://www.loc.gov/alto/v3/alto-3-0.xsd">
	<Description>
		<MeasurementUnit>pixel</MeasurementUnit>
		<sourceImageInformation>
			<fileName>/tmp/tess_9sdrkv35_input.PNG</fileName>
		</sourceImageInformation>
		<OCRProcessing ID="OCR_0">
			<ocrProcessingStep>
				<processingSoftware>
					<softwareName>tesseract 5.3.4</softwareName>
				</processingSoftware>
			</ocrProcessingStep>
		</OCRProcessing>
	</Description>
	<Layout>
		<Page WIDTH="1109" HEIGHT="1775" PHYSICAL_IMG_NR="0" ID="page_0">
			<PrintSpace HPOS="0" VPOS="0" WIDTH="1109" HEIGHT="1775">
				<ComposedBlock ID="cblock_0" HPOS="232" VPOS="162" WIDTH="526" HEIGHT="20">
					<TextBlock ID="block_0" HPOS="232" VPOS="162" WIDTH="526" HEIGHT="20">
						<TextLine ID="line_0" HPOS="232" VPOS="162" WIDTH="526" HEIGHT="20">
							<String ID="string_0" HPOS="232" VPOS="164" WIDTH="11" HEIGHT="17" WC="0.96" CONTENT="8"/><SP WIDTH="217" VPOS="164" HPOS="243"/>
							<String ID="string_1" HPOS="460" VPOS="162" WIDTH="219" HEIGHT="20" WC="0.91" CONTENT="Motionsbetänkande"/><SP WIDTH="12" VPOS="162" HPOS="679"/>
							<String ID="string_2" HPOS="691" VPOS="164" WIDTH="37" HEIGHT="18" WC="0.90" CONTENT="N:o"/><SP WIDTH="14" VPOS="164" HPOS="728"/>
							<String ID="string_3" HPOS="742" VPOS="162" WIDTH="16" HEIGHT="19" WC="0.96" CONTENT="1."/>
						</TextLine>
					</TextBlock>
				</ComposedBlock>
				<ComposedBlock ID="cblock_1" HPOS="235" VPOS="264" WIDTH="753" HEIGHT="77">
					<TextBlock ID="block_1" HPOS="235" VPOS="264" WIDTH="753" HEIGHT="77">
						<TextLine ID="line_1" HPOS="235" VPOS="264" WIDTH="753" HEIGHT="36">
							<String ID="string_4" HPOS="235" VPOS="264" WIDTH="127" HEIGHT="35" WC="0.96" CONTENT="Förslag"/><SP WIDTH="13" VPOS="264" HPOS="362"/>
							<String ID="string_5" HPOS="375" VPOS="264" WIDTH="44" HEIGHT="27" WC="0.96" CONTENT="till"/><SP WIDTH="14" VPOS="264" HPOS="419"/>
							<String ID="string_6" HPOS="433" VPOS="264" WIDTH="184" HEIGHT="35" WC="0.96" CONTENT="förordning"/><SP WIDTH="15" VPOS="264" HPOS="617"/>
							<String ID="string_7" HPOS="632" VPOS="264" WIDTH="160" HEIGHT="36" WC="0.96" CONTENT="angående"/><SP WIDTH="12" VPOS="264" HPOS="792"/>
							<String ID="string_8" HPOS="804" VPOS="264" WIDTH="184" HEIGHT="35" WC="0.96" CONTENT="försäljning"/>
						</TextLine>
						<TextLine ID="line_2" HPOS="378" VPOS="306" WIDTH="468" HEIGHT="35">
							<String ID="string_9" HPOS="378" VPOS="306" WIDTH="58" HEIGHT="28" WC="0.93" CONTENT="och"/><SP WIDTH="20" VPOS="306" HPOS="436"/>
							<String ID="string_10" HPOS="456" VPOS="306" WIDTH="133" HEIGHT="35" WC="0.92" CONTENT="forsling"/><SP WIDTH="19" VPOS="306" HPOS="589"/>
							<String ID="string_11" HPOS="608" VPOS="306" WIDTH="30" HEIGHT="27" WC="0.93" CONTENT="af"/><SP WIDTH="20" VPOS="306" HPOS="638"/>
							<String ID="string_12" HPOS="658" VPOS="306" WIDTH="188" HEIGHT="34" WC="0.90" CONTENT="rusdrycker."/>
						</TextLine>
					</TextBlock>
				</ComposedBlock>
				<ComposedBlock ID="cblock_2" HPOS="552" VPOS="372" WIDTH="120" HEIGHT="28">
					<TextBlock ID="block_2" HPOS="552" VPOS="372" WIDTH="120" HEIGHT="28">
						<TextLine ID="line_3" HPOS="552" VPOS="372" WIDTH="120" HEIGHT="28">
							<String ID="string_13" HPOS="552" VPOS="372" WIDTH="9" HEIGHT="22" WC="0.93" CONTENT="I"/><SP WIDTH="28" VPOS="372" HPOS="561"/>
							<String ID="string_14" HPOS="589" VPOS="372" WIDTH="83" HEIGHT="28" WC="0.96" CONTENT="Kap."/>
						</TextLine>
					</TextBlock>
				</ComposedBlock>
				<ComposedBlock ID="cblock_3" HPOS="423" VPOS="419" WIDTH="376" HEIGHT="35">
					<TextBlock ID="block_3" HPOS="423" VPOS="419" WIDTH="376" HEIGHT="35">
						<TextLine ID="line_4" HPOS="423" VPOS="419" WIDTH="376" HEIGHT="35">
							<String ID="string_15" HPOS="423" VPOS="425" WIDTH="40" HEIGHT="23" WC="0.95" CONTENT="Om"/><SP WIDTH="15" VPOS="425" HPOS="463"/>
							<String ID="string_16" HPOS="478" VPOS="425" WIDTH="132" HEIGHT="29" WC="0.96" CONTENT="försäljning"/><SP WIDTH="16" VPOS="425" HPOS="610"/>
							<String ID="string_17" HPOS="626" VPOS="425" WIDTH="22" HEIGHT="23" WC="0.93" CONTENT="af"/><SP WIDTH="16" VPOS="425" HPOS="648"/>
							<String ID="string_18" HPOS="664" VPOS="419" WIDTH="135" HEIGHT="35" WC="0.92" CONTENT="rusdrycker."/>
						</TextLine>
					</TextBlock>
				</ComposedBlock>
				<ComposedBlock ID="cblock_4" HPOS="234" VPOS="509" WIDTH="754" HEIGHT="104">
					<TextBlock ID="block_4" HPOS="234" VPOS="509" WIDTH="754" HEIGHT="104">
						<TextLine ID="line_5" HPOS="591" VPOS="509" WIDTH="46" HEIGHT="28">
							<String ID="string_19" HPOS="591" VPOS="509" WIDTH="46" HEIGHT="28" WC="0.82" CONTENT="18"/>
						</TextLine>
						<TextLine ID="line_6" HPOS="309" VPOS="557" WIDTH="679" HEIGHT="25">
							<String ID="string_20" HPOS="309" VPOS="558" WIDTH="17" HEIGHT="19" WC="0.94" CONTENT="1."/><SP WIDTH="32" VPOS="558" HPOS="326"/>
							<String ID="string_21" HPOS="358" VPOS="558" WIDTH="8" HEIGHT="19" WC="0.96" CONTENT="I"/><SP WIDTH="23" VPOS="558" HPOS="366"/>
							<String ID="string_22" HPOS="389" VPOS="558" WIDTH="46" HEIGHT="19" WC="0.93" CONTENT="stad"/><SP WIDTH="24" VPOS="558" HPOS="435"/>
							<String ID="string_23" HPOS="459" VPOS="564" WIDTH="35" HEIGHT="18" WC="0.92" CONTENT="ege"/><SP WIDTH="24" VPOS="564" HPOS="494"/>
							<String ID="string_24" HPOS="518" VPOS="558" WIDTH="164" HEIGHT="20" WC="0.91" CONTENT="rådhusstämma"/><SP WIDTH="24" VPOS="558" HPOS="682"/>
							<String ID="string_25" HPOS="706" VPOS="559" WIDTH="31" HEIGHT="19" WC="0.96" CONTENT="att"/><SP WIDTH="15" VPOS="559" HPOS="737"/>
							<String ID="string_26" HPOS="752" VPOS="558" WIDTH="119" HEIGHT="22" WC="0.95" CONTENT="bestämma,"/><SP WIDTH="17" VPOS="558" HPOS="871"/>
							<String ID="string_27" HPOS="888" VPOS="557" WIDTH="100" HEIGHT="20" WC="0.95" CONTENT="huruvida"/>
						</TextLine>
						<TextLine ID="line_7" HPOS="234" VPOS="587" WIDTH="754" HEIGHT="26">
							<String ID="string_28" HPOS="234" VPOS="588" WIDTH="146" HEIGHT="24" WC="0.92" CONTENT="utminutering"/><SP WIDTH="24" VPOS="588" HPOS="380"/>
							<String ID="string_29" HPOS="404" VPOS="588" WIDTH="38" HEIGHT="19" WC="0.96" CONTENT="och"/><SP WIDTH="22" VPOS="588" HPOS="442"/>
							<String ID="string_30" HPOS="464" VPOS="588" WIDTH="140" HEIGHT="25" WC="0.94" CONTENT="utskänkning"/><SP WIDTH="23" VPOS="588" HPOS="604"/>
							<String ID="string_31" HPOS="627" VPOS="588" WIDTH="22" HEIGHT="19" WC="0.93" CONTENT="ai"/><SP WIDTH="17" VPOS="588" HPOS="649"/>
							<String ID="string_32" HPOS="666" VPOS="588" WIDTH="119" HEIGHT="25" WC="0.90" CONTENT="rusdrycker"/><SP WIDTH="16" VPOS="588" HPOS="785"/>
							<String ID="string_33" HPOS="801" VPOS="588" WIDTH="34" HEIGHT="19" WC="0.93" CONTENT="der"/><SP WIDTH="15" VPOS="588" HPOS="835"/>
							<String ID="string_34" HPOS="850" VPOS="587" WIDTH="76" HEIGHT="20" WC="0.92" CONTENT="tillätes"/><SP WIDTH="16" VPOS="587" HPOS="926"/>
							<String ID="string_35" HPOS="942" VPOS="587" WIDTH="46" HEIGHT="20" WC="0.95" CONTENT="eller"/>
						</TextLine>
					</TextBlock>
				</ComposedBlock>
				<ComposedBlock ID="cblock_5" HPOS="234" VPOS="617" WIDTH="755" HEIGHT="295">
					<TextBlock ID="block_5" HPOS="234" VPOS="617" WIDTH="755" HEIGHT="57">
						<TextLine ID="line_8" HPOS="234" VPOS="617" WIDTH="755" HEIGHT="27">
							<String ID="string_36" HPOS="234" VPOS="618" WIDTH="50" HEIGHT="19" WC="0.94" CONTENT="icke."/><SP WIDTH="31" VPOS="618" HPOS="284"/>
							<String ID="string_37" HPOS="315" VPOS="618" WIDTH="31" HEIGHT="19" WC="0.94" CONTENT="På"/><SP WIDTH="22" VPOS="618" HPOS="346"/>
							<String ID="string_38" HPOS="368" VPOS="617" WIDTH="76" HEIGHT="23" WC="0.93" CONTENT="landet,"/><SP WIDTH="24" VPOS="617" HPOS="444"/>
							<String ID="string_39" HPOS="468" VPOS="618" WIDTH="97" HEIGHT="19" WC="0.92" CONTENT="hvarmed"/><SP WIDTH="22" VPOS="618" HPOS="565"/>
							<String ID="string_40" HPOS="587" VPOS="618" WIDTH="75" HEIGHT="25" WC="0.91" CONTENT="köping"/><SP WIDTH="21" VPOS="618" HPOS="662"/>
							<String ID="string_41" HPOS="683" VPOS="618" WIDTH="107" HEIGHT="22" WC="0.91" CONTENT="likställes,"/><SP WIDTH="16" VPOS="618" HPOS="790"/>
							<String ID="string_42" HPOS="806" VPOS="619" WIDTH="23" HEIGHT="18" WC="0.95" CONTENT="är"/><SP WIDTH="15" VPOS="619" HPOS="829"/>
							<String ID="string_43" HPOS="844" VPOS="617" WIDTH="56" HEIGHT="27" WC="0.96" CONTENT="dylik"/><SP WIDTH="14" VPOS="617" HPOS="900"/>
							<String ID="string_44" HPOS="914" VPOS="617" WIDTH="75" HEIGHT="19" WC="0.96" CONTENT="handel"/>
						</TextLine>
						<TextLine ID="line_9" HPOS="234" VPOS="647" WIDTH="589" HEIGHT="27">
							<String ID="string_45" HPOS="234" VPOS="647" WIDTH="81" HEIGHT="20" WC="0.95" CONTENT="tillåten"/><SP WIDTH="20" VPOS="647" HPOS="315"/>
							<String ID="string_46" HPOS="335" VPOS="648" WIDTH="73" HEIGHT="20" WC="0.96" CONTENT="endast"/><SP WIDTH="16" VPOS="648" HPOS="408"/>
							<String ID="string_47" HPOS="424" VPOS="648" WIDTH="6" HEIGHT="19" WC="0.96" CONTENT="i"/><SP WIDTH="16" VPOS="648" HPOS="430"/>
							<String ID="string_48" HPOS="446" VPOS="648" WIDTH="24" HEIGHT="19" WC="0.96" CONTENT="de"/><SP WIDTH="16" VPOS="648" HPOS="470"/>
							<String ID="string_49" HPOS="486" VPOS="648" WIDTH="41" HEIGHT="23" WC="0.92" CONTENT="fall,"/><SP WIDTH="18" VPOS="648" HPOS="527"/>
							<String ID="string_50" HPOS="545" VPOS="653" WIDTH="44" HEIGHT="14" WC="0.96" CONTENT="som"/><SP WIDTH="16" VPOS="653" HPOS="589"/>
							<String ID="string_51" HPOS="605" VPOS="648" WIDTH="6" HEIGHT="19" WC="0.96" CONTENT="i"/><SP WIDTH="17" VPOS="648" HPOS="611"/>
							<String ID="string_52" HPOS="628" VPOS="649" WIDTH="12" HEIGHT="18" WC="0.93" CONTENT="6"/><SP WIDTH="17" VPOS="649" HPOS="640"/>
							<String ID="string_53" HPOS="657" VPOS="647" WIDTH="13" HEIGHT="27" WC="0.90" CONTENT="&amp;"/><SP WIDTH="17" VPOS="647" HPOS="670"/>
							<String ID="string_54" HPOS="687" VPOS="648" WIDTH="136" HEIGHT="19" WC="0.92" CONTENT="omförmälas."/>
						</TextLine>
					</TextBlock>
					<TextBlock ID="block_6" HPOS="234" VPOS="676" WIDTH="754" HEIGHT="116">
						<TextLine ID="line_10" HPOS="308" VPOS="676" WIDTH="680" HEIGHT="27">
							<String ID="string_55" HPOS="308" VPOS="678" WIDTH="18" HEIGHT="19" WC="0.95" CONTENT="2."/><SP WIDTH="22" VPOS="678" HPOS="326"/>
							<String ID="string_56" HPOS="348" VPOS="677" WIDTH="122" HEIGHT="20" WC="0.96" CONTENT="Tillverkare"/><SP WIDTH="16" VPOS="677" HPOS="470"/>
							<String ID="string_57" HPOS="486" VPOS="678" WIDTH="21" HEIGHT="19" WC="0.93" CONTENT="af"/><SP WIDTH="16" VPOS="678" HPOS="507"/>
							<String ID="string_58" HPOS="523" VPOS="677" WIDTH="119" HEIGHT="26" WC="0.92" CONTENT="rusdrycker"/><SP WIDTH="15" VPOS="677" HPOS="642"/>
							<String ID="string_59" HPOS="657" VPOS="678" WIDTH="48" HEIGHT="19" WC="0.93" CONTENT="eller"/><SP WIDTH="15" VPOS="678" HPOS="705"/>
							<String ID="string_60" HPOS="720" VPOS="678" WIDTH="132" HEIGHT="19" WC="0.92" CONTENT="innehafvare"/><SP WIDTH="16" VPOS="678" HPOS="852"/>
							<String ID="string_61" HPOS="868" VPOS="677" WIDTH="21" HEIGHT="20" WC="0.93" CONTENT="af"/><SP WIDTH="16" VPOS="677" HPOS="889"/>
							<String ID="string_62" HPOS="905" VPOS="676" WIDTH="83" HEIGHT="20" WC="0.92" CONTENT="distille-"/>
						</TextLine>
						<TextLine ID="line_11" HPOS="235" VPOS="707" WIDTH="753" HEIGHT="25">
							<String ID="string_63" HPOS="235" VPOS="708" WIDTH="105" HEIGHT="24" WC="0.92" CONTENT="ringsverk"/><SP WIDTH="21" VPOS="708" HPOS="340"/>
							<String ID="string_64" HPOS="361" VPOS="707" WIDTH="33" HEIGHT="19" WC="0.96" CONTENT="må"/><SP WIDTH="15" VPOS="707" HPOS="394"/>
							<String ID="string_65" HPOS="409" VPOS="707" WIDTH="85" HEIGHT="25" WC="0.96" CONTENT="försälja"/><SP WIDTH="16" VPOS="707" HPOS="494"/>
							<String ID="string_66" HPOS="510" VPOS="708" WIDTH="45" HEIGHT="19" WC="0.96" CONTENT="sina"/><SP WIDTH="16" VPOS="708" HPOS="555"/>
							<String ID="string_67" HPOS="571" VPOS="713" WIDTH="52" HEIGHT="19" WC="0.93" CONTENT="egna"/><SP WIDTH="15" VPOS="713" HPOS="623"/>
							<String ID="string_68" HPOS="638" VPOS="707" WIDTH="159" HEIGHT="25" WC="0.91" CONTENT="tillverkningar,"/><SP WIDTH="17" VPOS="707" HPOS="797"/>
							<String ID="string_69" HPOS="814" VPOS="713" WIDTH="46" HEIGHT="14" WC="0.96" CONTENT="men"/><SP WIDTH="15" VPOS="713" HPOS="860"/>
							<String ID="string_70" HPOS="875" VPOS="708" WIDTH="55" HEIGHT="19" WC="0.93" CONTENT="inom"/><SP WIDTH="15" VPOS="708" HPOS="930"/>
							<String ID="string_71" HPOS="945" VPOS="707" WIDTH="43" HEIGHT="18" WC="0.92" CONTENT="lan-"/>
						</TextLine>
						<TextLine ID="line_12" HPOS="235" VPOS="736" WIDTH="753" HEIGHT="27">
							<String ID="string_72" HPOS="235" VPOS="737" WIDTH="35" HEIGHT="19" WC="0.96" CONTENT="det"/><SP WIDTH="24" VPOS="737" HPOS="270"/>
							<String ID="string_73" HPOS="294" VPOS="738" WIDTH="73" HEIGHT="19" WC="0.96" CONTENT="endast"/><SP WIDTH="23" VPOS="738" HPOS="367"/>
							<String ID="string_74" HPOS="390" VPOS="737" WIDTH="30" HEIGHT="19" WC="0.96" CONTENT="till"/><SP WIDTH="24" VPOS="737" HPOS="420"/>
							<String ID="string_75" HPOS="444" VPOS="737" WIDTH="74" HEIGHT="20" WC="0.96" CONTENT="sådant"/><SP WIDTH="18" VPOS="737" HPOS="518"/>
							<String ID="string_76" HPOS="536" VPOS="737" WIDTH="67" HEIGHT="25" WC="0.96" CONTENT="bolag,"/><SP WIDTH="18" VPOS="737" HPOS="603"/>
							<String ID="string_77" HPOS="621" VPOS="743" WIDTH="44" HEIGHT="14" WC="0.95" CONTENT="som"/><SP WIDTH="17" VPOS="743" HPOS="665"/>
							<String ID="string_78" HPOS="682" VPOS="738" WIDTH="62" HEIGHT="24" WC="0.95" CONTENT="enligt"/><SP WIDTH="16" VPOS="738" HPOS="744"/>
							<String ID="string_79" HPOS="760" VPOS="738" WIDTH="12" HEIGHT="19" WC="0.93" CONTENT="5"/><SP WIDTH="17" VPOS="738" HPOS="772"/>
							<String ID="string_80" HPOS="789" VPOS="736" WIDTH="13" HEIGHT="27" WC="0.92" CONTENT="&amp;"/><SP WIDTH="17" VPOS="736" HPOS="802"/>
							<String ID="string_81" HPOS="819" VPOS="743" WIDTH="45" HEIGHT="19" WC="0.93" CONTENT="eger"/><SP WIDTH="15" VPOS="743" HPOS="864"/>
							<String ID="string_82" HPOS="879" VPOS="737" WIDTH="109" HEIGHT="19" WC="0.90" CONTENT="utminute-"/>
						</TextLine>
						<TextLine ID="line_13" HPOS="234" VPOS="767" WIDTH="342" HEIGHT="25">
							<String ID="string_83" HPOS="234" VPOS="767" WIDTH="66" HEIGHT="24" WC="0.91" CONTENT="rings-"/><SP WIDTH="17" VPOS="767" HPOS="300"/>
							<String ID="string_84" HPOS="317" VPOS="767" WIDTH="47" HEIGHT="20" WC="0.93" CONTENT="eller"/><SP WIDTH="15" VPOS="767" HPOS="364"/>
							<String ID="string_85" HPOS="379" VPOS="768" WIDTH="197" HEIGHT="24" WC="0.92" CONTENT="utskänkningsrätt."/>
						</TextLine>
					</TextBlock>
					<TextBlock ID="block_7" HPOS="235" VPOS="796" WIDTH="754" HEIGHT="116">
						<TextLine ID="line_14" HPOS="309" VPOS="796" WIDTH="679" HEIGHT="24">
							<String ID="string_86" HPOS="309" VPOS="797" WIDTH="18" HEIGHT="19" WC="0.93" CONTENT="3."/><SP WIDTH="32" VPOS="797" HPOS="327"/>
							<String ID="string_87" HPOS="359" VPOS="797" WIDTH="95" HEIGHT="23" WC="0.92" CONTENT="Bränvin,"/><SP WIDTH="25" VPOS="797" HPOS="454"/>
							<String ID="string_88" HPOS="479" VPOS="803" WIDTH="44" HEIGHT="14" WC="0.96" CONTENT="som"/><SP WIDTH="20" VPOS="803" HPOS="523"/>
							<String ID="string_89" HPOS="543" VPOS="797" WIDTH="44" HEIGHT="19" WC="0.96" CONTENT="icke"/><SP WIDTH="24" VPOS="797" HPOS="587"/>
							<String ID="string_90" HPOS="611" VPOS="799" WIDTH="22" HEIGHT="17" WC="0.96" CONTENT="är"/><SP WIDTH="24" VPOS="799" HPOS="633"/>
							<String ID="string_91" HPOS="657" VPOS="797" WIDTH="23" HEIGHT="20" WC="0.93" CONTENT="så"/><SP WIDTH="16" VPOS="797" HPOS="680"/>
							<String ID="string_92" HPOS="696" VPOS="797" WIDTH="78" HEIGHT="22" WC="0.92" CONTENT="renadt,"/><SP WIDTH="17" VPOS="797" HPOS="774"/>
							<String ID="string_93" HPOS="791" VPOS="803" WIDTH="45" HEIGHT="14" WC="0.96" CONTENT="som"/><SP WIDTH="16" VPOS="803" HPOS="836"/>
							<String ID="string_94" HPOS="852" VPOS="803" WIDTH="32" HEIGHT="13" WC="0.93" CONTENT="om"/><SP WIDTH="16" VPOS="803" HPOS="884"/>
							<String ID="string_95" HPOS="900" VPOS="796" WIDTH="88" HEIGHT="20" WC="0.90" CONTENT="tillverk-"/>
						</TextLine>
						<TextLine ID="line_15" HPOS="236" VPOS="826" WIDTH="753" HEIGHT="26">
							<String ID="string_96" HPOS="236" VPOS="827" WIDTH="48" HEIGHT="24" WC="0.96" CONTENT="ning"/><SP WIDTH="16" VPOS="827" HPOS="284"/>
							<String ID="string_97" HPOS="300" VPOS="827" WIDTH="39" HEIGHT="19" WC="0.93" CONTENT="och"/><SP WIDTH="17" VPOS="827" HPOS="339"/>
							<String ID="string_98" HPOS="356" VPOS="827" WIDTH="118" HEIGHT="25" WC="0.92" CONTENT="distillering"/><SP WIDTH="16" VPOS="827" HPOS="474"/>
							<String ID="string_99" HPOS="490" VPOS="827" WIDTH="21" HEIGHT="19" WC="0.96" CONTENT="af"/><SP WIDTH="15" VPOS="827" HPOS="511"/>
							<String ID="string_100" HPOS="526" VPOS="827" WIDTH="86" HEIGHT="19" WC="0.96" CONTENT="bränvin"/><SP WIDTH="16" VPOS="827" HPOS="612"/>
							<String ID="string_101" HPOS="628" VPOS="827" WIDTH="97" HEIGHT="20" WC="0.96" CONTENT="särskildt"/><SP WIDTH="15" VPOS="827" HPOS="725"/>
							<String ID="string_102" HPOS="740" VPOS="829" WIDTH="23" HEIGHT="17" WC="0.92" CONTENT="är"/><SP WIDTH="15" VPOS="829" HPOS="763"/>
							<String ID="string_103" HPOS="778" VPOS="827" WIDTH="103" HEIGHT="24" WC="0.91" CONTENT="stadgadt,"/><SP WIDTH="17" VPOS="827" HPOS="881"/>
							<String ID="string_104" HPOS="898" VPOS="832" WIDTH="36" HEIGHT="19" WC="0.92" CONTENT="ege"/><SP WIDTH="15" VPOS="832" HPOS="934"/>
							<String ID="string_105" HPOS="949" VPOS="826" WIDTH="40" HEIGHT="19" WC="0.92" CONTENT="till-"/>
						</TextLine>
						<TextLine ID="line_16" HPOS="235" VPOS="856" WIDTH="752" HEIGHT="25">
							<String ID="string_106" HPOS="235" VPOS="857" WIDTH="85" HEIGHT="19" WC="0.91" CONTENT="verkare"/><SP WIDTH="24" VPOS="857" HPOS="320"/>
							<String ID="string_107" HPOS="344" VPOS="857" WIDTH="52" HEIGHT="24" WC="0.95" CONTENT="sälja"/><SP WIDTH="24" VPOS="857" HPOS="396"/>
							<String ID="string_108" HPOS="420" VPOS="857" WIDTH="30" HEIGHT="19" WC="0.92" CONTENT="till"/><SP WIDTH="23" VPOS="857" HPOS="450"/>
							<String ID="string_109" HPOS="473" VPOS="857" WIDTH="179" HEIGHT="24" WC="0.88" CONTENT="distilleringsverk"/><SP WIDTH="24" VPOS="857" HPOS="652"/>
							<String ID="string_110" HPOS="676" VPOS="858" WIDTH="38" HEIGHT="19" WC="0.96" CONTENT="och"/><SP WIDTH="23" VPOS="858" HPOS="714"/>
							<String ID="string_111" HPOS="737" VPOS="857" WIDTH="95" HEIGHT="19" WC="0.96" CONTENT="tekniska"/><SP WIDTH="15" VPOS="857" HPOS="832"/>
							<String ID="string_112" HPOS="847" VPOS="856" WIDTH="140" HEIGHT="25" WC="0.96" CONTENT="inrättningar,"/>
						</TextLine>
						<TextLine ID="line_17" HPOS="236" VPOS="886" WIDTH="544" HEIGHT="26">
							<String ID="string_113" HPOS="236" VPOS="886" WIDTH="52" HEIGHT="20" WC="0.95" CONTENT="dock"/><SP WIDTH="16" VPOS="886" HPOS="288"/>
							<String ID="string_114" HPOS="304" VPOS="887" WIDTH="44" HEIGHT="19" WC="0.95" CONTENT="icke"/><SP WIDTH="16" VPOS="887" HPOS="348"/>
							<String ID="string_115" HPOS="364" VPOS="886" WIDTH="6" HEIGHT="19" WC="0.96" CONTENT="i"/><SP WIDTH="17" VPOS="886" HPOS="370"/>
							<String ID="string_116" HPOS="387" VPOS="886" WIDTH="75" HEIGHT="20" WC="0.96" CONTENT="mindre"/><SP WIDTH="16" VPOS="886" HPOS="462"/>
							<String ID="string_117" HPOS="478" VPOS="887" WIDTH="52" HEIGHT="25" WC="0.96" CONTENT="parti"/><SP WIDTH="16" VPOS="887" HPOS="530"/>
							<String ID="string_118" HPOS="546" VPOS="888" WIDTH="27" HEIGHT="17" WC="0.93" CONTENT="än"/><SP WIDTH="15" VPOS="888" HPOS="573"/>
							<String ID="string_119" HPOS="588" VPOS="886" WIDTH="126" HEIGHT="26" WC="0.91" CONTENT="fyrahundra"/><SP WIDTH="15" VPOS="886" HPOS="714"/>
							<String ID="string_120" HPOS="729" VPOS="886" WIDTH="51" HEIGHT="20" WC="0.96" CONTENT="liter."/>
						</TextLine>
					</TextBlock>
				</ComposedBlock>
				<ComposedBlock ID="cblock_6" HPOS="590" VPOS="957" WIDTH="48" HEIGHT="27">
					<TextBlock ID="block_8" HPOS="590" VPOS="957" WIDTH="48" HEIGHT="27">
						<TextLine ID="line_18" HPOS="590" VPOS="957" WIDTH="48" HEIGHT="27">
							<String ID="string_121" HPOS="590" VPOS="957" WIDTH="48" HEIGHT="27" WC="0.84" CONTENT="28."/>
						</TextLine>
					</TextBlock>
				</ComposedBlock>
				<ComposedBlock ID="cblock_7" HPOS="235" VPOS="1010" WIDTH="756" HEIGHT="200">
					<TextBlock ID="block_9" HPOS="235" VPOS="1010" WIDTH="756" HEIGHT="200">
						<TextLine ID="line_19" HPOS="308" VPOS="1010" WIDTH="682" HEIGHT="26">
							<String ID="string_122" HPOS="308" VPOS="1011" WIDTH="202" HEIGHT="25" WC="0.91" CONTENT="Utminuteringsrätt"/><SP WIDTH="15" VPOS="1011" HPOS="510"/>
							<String ID="string_123" HPOS="525" VPOS="1012" WIDTH="85" HEIGHT="19" WC="0.96" CONTENT="innebär"/><SP WIDTH="15" VPOS="1012" HPOS="610"/>
							<String ID="string_124" HPOS="625" VPOS="1012" WIDTH="93" HEIGHT="19" WC="0.96" CONTENT="tillstånd"/><SP WIDTH="13" VPOS="1012" HPOS="718"/>
							<String ID="string_125" HPOS="731" VPOS="1012" WIDTH="31" HEIGHT="18" WC="0.96" CONTENT="att"/><SP WIDTH="11" VPOS="1012" HPOS="762"/>
							<String ID="string_126" HPOS="773" VPOS="1011" WIDTH="30" HEIGHT="19" WC="0.93" CONTENT="till"/><SP WIDTH="11" VPOS="1011" HPOS="803"/>
							<String ID="string_127" HPOS="814" VPOS="1011" WIDTH="124" HEIGHT="24" WC="0.90" CONTENT="afhemtning"/><SP WIDTH="11" VPOS="1011" HPOS="938"/>
							<String ID="string_128" HPOS="949" VPOS="1010" WIDTH="41" HEIGHT="20" WC="0.91" CONTENT="för-"/>
						</TextLine>
						<TextLine ID="line_20" HPOS="235" VPOS="1040" WIDTH="755" HEIGHT="26">
							<String ID="string_129" HPOS="235" VPOS="1041" WIDTH="54" HEIGHT="25" WC="0.92" CONTENT="sälja"/><SP WIDTH="9" VPOS="1041" HPOS="289"/>
							<String ID="string_130" HPOS="298" VPOS="1041" WIDTH="121" HEIGHT="25" WC="0.92" CONTENT="rusdrycker"/><SP WIDTH="11" VPOS="1041" HPOS="419"/>
							<String ID="string_131" HPOS="430" VPOS="1042" WIDTH="3" HEIGHT="18" WC="0.96" CONTENT="i"/><SP WIDTH="9" VPOS="1042" HPOS="433"/>
							<String ID="string_132" HPOS="442" VPOS="1042" WIDTH="95" HEIGHT="24" WC="0.96" CONTENT="mängder"/><SP WIDTH="16" VPOS="1042" HPOS="537"/>
							<String ID="string_133" HPOS="553" VPOS="1048" WIDTH="33" HEIGHT="13" WC="0.96" CONTENT="om"/><SP WIDTH="12" VPOS="1048" HPOS="586"/>
							<String ID="string_134" HPOS="598" VPOS="1042" WIDTH="62" HEIGHT="19" WC="0.96" CONTENT="minst"/><SP WIDTH="9" VPOS="1042" HPOS="660"/>
							<String ID="string_135" HPOS="669" VPOS="1042" WIDTH="45" HEIGHT="19" WC="0.96" CONTENT="åtta"/><SP WIDTH="11" VPOS="1042" HPOS="714"/>
							<String ID="string_136" HPOS="725" VPOS="1041" WIDTH="45" HEIGHT="19" WC="0.96" CONTENT="liter"/><SP WIDTH="10" VPOS="1041" HPOS="770"/>
							<String ID="string_137" HPOS="780" VPOS="1041" WIDTH="22" HEIGHT="19" WC="0.95" CONTENT="af"/><SP WIDTH="10" VPOS="1041" HPOS="802"/>
							<String ID="string_138" HPOS="812" VPOS="1041" WIDTH="70" HEIGHT="25" WC="0.96" CONTENT="hvarje"/><SP WIDTH="11" VPOS="1041" HPOS="882"/>
							<String ID="string_139" HPOS="893" VPOS="1040" WIDTH="97" HEIGHT="20" WC="0.96" CONTENT="särskildt"/>
						</TextLine>
						<TextLine ID="line_21" HPOS="236" VPOS="1070" WIDTH="754" HEIGHT="26">
							<String ID="string_140" HPOS="236" VPOS="1071" WIDTH="45" HEIGHT="25" WC="0.96" CONTENT="slag"/><SP WIDTH="24" VPOS="1071" HPOS="281"/>
							<String ID="string_141" HPOS="305" VPOS="1072" WIDTH="21" HEIGHT="18" WC="0.93" CONTENT="af"/><SP WIDTH="24" VPOS="1072" HPOS="326"/>
							<String ID="string_142" HPOS="350" VPOS="1071" WIDTH="134" HEIGHT="25" WC="0.88" CONTENT="maltdrycker"/><SP WIDTH="22" VPOS="1071" HPOS="484"/>
							<String ID="string_143" HPOS="506" VPOS="1072" WIDTH="37" HEIGHT="19" WC="0.96" CONTENT="och"/><SP WIDTH="16" VPOS="1072" HPOS="543"/>
							<String ID="string_144" HPOS="559" VPOS="1071" WIDTH="37" HEIGHT="19" WC="0.96" CONTENT="två"/><SP WIDTH="14" VPOS="1071" HPOS="596"/>
							<String ID="string_145" HPOS="610" VPOS="1072" WIDTH="46" HEIGHT="19" WC="0.96" CONTENT="liter"/><SP WIDTH="15" VPOS="1072" HPOS="656"/>
							<String ID="string_146" HPOS="671" VPOS="1072" WIDTH="22" HEIGHT="18" WC="0.96" CONTENT="af"/><SP WIDTH="18" VPOS="1072" HPOS="693"/>
							<String ID="string_147" HPOS="711" VPOS="1072" WIDTH="70" HEIGHT="24" WC="0.96" CONTENT="hvarje"/><SP WIDTH="17" VPOS="1072" HPOS="781"/>
							<String ID="string_148" HPOS="798" VPOS="1070" WIDTH="96" HEIGHT="20" WC="0.96" CONTENT="särskildt"/><SP WIDTH="16" VPOS="1070" HPOS="894"/>
							<String ID="string_149" HPOS="910" VPOS="1070" WIDTH="44" HEIGHT="25" WC="0.96" CONTENT="slag"/><SP WIDTH="16" VPOS="1070" HPOS="954"/>
							<String ID="string_150" HPOS="970" VPOS="1070" WIDTH="20" HEIGHT="19" WC="0.96" CONTENT="af"/>
						</TextLine>
						<TextLine ID="line_22" HPOS="236" VPOS="1100" WIDTH="755" HEIGHT="26">
							<String ID="string_151" HPOS="236" VPOS="1107" WIDTH="69" HEIGHT="13" WC="0.92" CONTENT="annan"/><SP WIDTH="23" VPOS="1107" HPOS="305"/>
							<String ID="string_152" HPOS="328" VPOS="1101" WIDTH="106" HEIGHT="25" WC="0.92" CONTENT="rusdryck,"/><SP WIDTH="23" VPOS="1101" HPOS="434"/>
							<String ID="string_153" HPOS="457" VPOS="1108" WIDTH="45" HEIGHT="12" WC="0.96" CONTENT="men"/><SP WIDTH="24" VPOS="1108" HPOS="502"/>
							<String ID="string_154" HPOS="526" VPOS="1101" WIDTH="76" HEIGHT="19" WC="0.95" CONTENT="medför"/><SP WIDTH="24" VPOS="1101" HPOS="602"/>
							<String ID="string_155" HPOS="626" VPOS="1102" WIDTH="16" HEIGHT="24" WC="0.94" CONTENT="ej"/><SP WIDTH="22" VPOS="1102" HPOS="642"/>
							<String ID="string_156" HPOS="664" VPOS="1103" WIDTH="41" HEIGHT="17" WC="0.96" CONTENT="rätt"/><SP WIDTH="21" VPOS="1103" HPOS="705"/>
							<String ID="string_157" HPOS="726" VPOS="1102" WIDTH="31" HEIGHT="18" WC="0.96" CONTENT="att"/><SP WIDTH="15" VPOS="1102" HPOS="757"/>
							<String ID="string_158" HPOS="772" VPOS="1101" WIDTH="85" HEIGHT="25" WC="0.93" CONTENT="försälja"/><SP WIDTH="15" VPOS="1101" HPOS="857"/>
							<String ID="string_159" HPOS="872" VPOS="1100" WIDTH="119" HEIGHT="25" WC="0.92" CONTENT="rusdrycker"/>
						</TextLine>
						<TextLine ID="line_23" HPOS="235" VPOS="1130" WIDTH="756" HEIGHT="26">
							<String ID="string_160" HPOS="235" VPOS="1130" WIDTH="31" HEIGHT="20" WC="0.90" CONTENT="till"/><SP WIDTH="23" VPOS="1130" HPOS="266"/>
							<String ID="string_161" HPOS="289" VPOS="1131" WIDTH="99" HEIGHT="24" WC="0.93" CONTENT="förtäring"/><SP WIDTH="16" VPOS="1131" HPOS="388"/>
							<String ID="string_162" HPOS="404" VPOS="1131" WIDTH="12" HEIGHT="19" WC="0.92" CONTENT="&amp;"/><SP WIDTH="16" VPOS="1131" HPOS="416"/>
							<String ID="string_163" HPOS="432" VPOS="1131" WIDTH="74" HEIGHT="20" WC="0.93" CONTENT="stället."/><SP WIDTH="31" VPOS="1131" HPOS="506"/>
							<String ID="string_164" HPOS="537" VPOS="1131" WIDTH="195" HEIGHT="25" WC="0.87" CONTENT="Utskänkningsrätt"/><SP WIDTH="21" VPOS="1131" HPOS="732"/>
							<String ID="string_165" HPOS="753" VPOS="1131" WIDTH="84" HEIGHT="19" WC="0.96" CONTENT="innebär"/><SP WIDTH="15" VPOS="1131" HPOS="837"/>
							<String ID="string_166" HPOS="852" VPOS="1130" WIDTH="92" HEIGHT="20" WC="0.95" CONTENT="tillstånd"/><SP WIDTH="16" VPOS="1130" HPOS="944"/>
							<String ID="string_167" HPOS="960" VPOS="1131" WIDTH="31" HEIGHT="17" WC="0.97" CONTENT="att"/>
						</TextLine>
						<TextLine ID="line_24" HPOS="235" VPOS="1160" WIDTH="755" HEIGHT="26">
							<String ID="string_168" HPOS="235" VPOS="1160" WIDTH="93" HEIGHT="26" WC="0.66" CONTENT="försälja"/><SP WIDTH="10" VPOS="1160" HPOS="328"/>
							<String ID="string_169" HPOS="338" VPOS="1162" WIDTH="51" HEIGHT="18" WC="0.96" CONTENT="huru"/><SP WIDTH="16" VPOS="1162" HPOS="389"/>
							<String ID="string_170" HPOS="405" VPOS="1161" WIDTH="48" HEIGHT="19" WC="0.96" CONTENT="liten"/><SP WIDTH="17" VPOS="1161" HPOS="453"/>
							<String ID="string_171" HPOS="470" VPOS="1161" WIDTH="73" HEIGHT="25" WC="0.96" CONTENT="mängd"/><SP WIDTH="17" VPOS="1161" HPOS="543"/>
							<String ID="string_172" HPOS="560" VPOS="1167" WIDTH="44" HEIGHT="13" WC="0.96" CONTENT="som"/><SP WIDTH="16" VPOS="1167" HPOS="604"/>
							<String ID="string_173" HPOS="620" VPOS="1161" WIDTH="59" HEIGHT="22" WC="0.96" CONTENT="helst,"/><SP WIDTH="17" VPOS="1161" HPOS="679"/>
							<String ID="string_174" HPOS="696" VPOS="1166" WIDTH="46" HEIGHT="14" WC="0.96" CONTENT="men"/><SP WIDTH="17" VPOS="1166" HPOS="742"/>
							<String ID="string_175" HPOS="759" VPOS="1161" WIDTH="73" HEIGHT="19" WC="0.96" CONTENT="endast"/><SP WIDTH="16" VPOS="1161" HPOS="832"/>
							<String ID="string_176" HPOS="848" VPOS="1160" WIDTH="29" HEIGHT="20" WC="0.95" CONTENT="till"/><SP WIDTH="16" VPOS="1160" HPOS="877"/>
							<String ID="string_177" HPOS="893" VPOS="1160" WIDTH="97" HEIGHT="24" WC="0.96" CONTENT="förtäring"/>
						</TextLine>
						<TextLine ID="line_25" HPOS="237" VPOS="1190" WIDTH="104" HEIGHT="20">
							<String ID="string_178" HPOS="237" VPOS="1190" WIDTH="13" HEIGHT="19" WC="0.92" CONTENT="å"/><SP WIDTH="16" VPOS="1190" HPOS="250"/>
							<String ID="string_179" HPOS="266" VPOS="1191" WIDTH="75" HEIGHT="19" WC="0.96" CONTENT="stället."/>
						</TextLine>
					</TextBlock>
				</ComposedBlock>
				<ComposedBlock ID="cblock_8" HPOS="589" VPOS="1250" WIDTH="47" HEIGHT="27">
					<TextBlock ID="block_10" HPOS="589" VPOS="1250" WIDTH="47" HEIGHT="27">
						<TextLine ID="line_26" HPOS="589" VPOS="1250" WIDTH="47" HEIGHT="27">
							<String ID="string_180" HPOS="589" VPOS="1251" WIDTH="12" HEIGHT="19" WC="0.80" CONTENT="3"/><SP WIDTH="17" VPOS="1251" HPOS="601"/>
							<String ID="string_181" HPOS="618" VPOS="1250" WIDTH="18" HEIGHT="27" WC="0.76" CONTENT="8"/>
						</TextLine>
					</TextBlock>
				</ComposedBlock>
				<ComposedBlock ID="cblock_9" HPOS="237" VPOS="1303" WIDTH="756" HEIGHT="175">
					<TextBlock ID="block_11" HPOS="237" VPOS="1303" WIDTH="756" HEIGHT="175">
						<TextLine ID="line_27" HPOS="312" VPOS="1303" WIDTH="680" HEIGHT="26">
							<String ID="string_182" HPOS="312" VPOS="1305" WIDTH="17" HEIGHT="19" WC="0.92" CONTENT="1,"/><SP WIDTH="33" VPOS="1305" HPOS="329"/>
							<String ID="string_183" HPOS="362" VPOS="1305" WIDTH="132" HEIGHT="24" WC="0.95" CONTENT="Magistraten"/><SP WIDTH="16" VPOS="1305" HPOS="494"/>
							<String ID="string_184" HPOS="510" VPOS="1305" WIDTH="6" HEIGHT="18" WC="0.96" CONTENT="i"/><SP WIDTH="16" VPOS="1305" HPOS="516"/>
							<String ID="string_185" HPOS="532" VPOS="1305" WIDTH="47" HEIGHT="19" WC="0.96" CONTENT="stad"/><SP WIDTH="21" VPOS="1305" HPOS="579"/>
							<String ID="string_186" HPOS="600" VPOS="1304" WIDTH="75" HEIGHT="25" WC="0.96" CONTENT="åligger"/><SP WIDTH="21" VPOS="1304" HPOS="675"/>
							<String ID="string_187" HPOS="696" VPOS="1305" WIDTH="32" HEIGHT="18" WC="0.96" CONTENT="att"/><SP WIDTH="18" VPOS="1305" HPOS="728"/>
							<String ID="string_188" HPOS="746" VPOS="1304" WIDTH="56" HEIGHT="19" WC="0.96" CONTENT="inom"/><SP WIDTH="16" VPOS="1304" HPOS="802"/>
							<String ID="string_189" HPOS="818" VPOS="1304" WIDTH="84" HEIGHT="19" WC="0.95" CONTENT="oktober"/><SP WIDTH="16" VPOS="1304" HPOS="902"/>
							<String ID="string_190" HPOS="918" VPOS="1303" WIDTH="74" HEIGHT="19" WC="0.96" CONTENT="månad"/>
						</TextLine>
						<TextLine ID="line_28" HPOS="237" VPOS="1333" WIDTH="755" HEIGHT="26">
							<String ID="string_191" HPOS="237" VPOS="1335" WIDTH="61" HEIGHT="18" WC="0.91" CONTENT="hvart"/><SP WIDTH="15" VPOS="1335" HPOS="298"/>
							<String ID="string_192" HPOS="313" VPOS="1334" WIDTH="64" HEIGHT="25" WC="0.96" CONTENT="tredje"/><SP WIDTH="16" VPOS="1334" HPOS="377"/>
							<String ID="string_193" HPOS="393" VPOS="1334" WIDTH="22" HEIGHT="19" WC="0.93" CONTENT="år"/><SP WIDTH="17" VPOS="1334" HPOS="415"/>
							<String ID="string_194" HPOS="432" VPOS="1335" WIDTH="122" HEIGHT="19" WC="0.91" CONTENT="öfverlemna"/><SP WIDTH="15" VPOS="1335" HPOS="554"/>
							<String ID="string_195" HPOS="569" VPOS="1334" WIDTH="31" HEIGHT="19" WC="0.93" CONTENT="till"/><SP WIDTH="14" VPOS="1334" HPOS="600"/>
							<String ID="string_196" HPOS="614" VPOS="1334" WIDTH="176" HEIGHT="20" WC="0.91" CONTENT="rådhusstämmas"/><SP WIDTH="12" VPOS="1334" HPOS="790"/>
							<String ID="string_197" HPOS="802" VPOS="1333" WIDTH="116" HEIGHT="25" WC="0.90" CONTENT="afgörande,"/><SP WIDTH="12" VPOS="1333" HPOS="918"/>
							<String ID="string_198" HPOS="930" VPOS="1333" WIDTH="62" HEIGHT="19" WC="0.92" CONTENT="huru-"/>
						</TextLine>
						<TextLine ID="line_29" HPOS="238" VPOS="1363" WIDTH="754" HEIGHT="26">
							<String ID="string_199" HPOS="238" VPOS="1364" WIDTH="48" HEIGHT="19" WC="0.93" CONTENT="vida"/><SP WIDTH="23" VPOS="1364" HPOS="286"/>
							<String ID="string_200" HPOS="309" VPOS="1364" WIDTH="145" HEIGHT="25" WC="0.92" CONTENT="utminutering"/><SP WIDTH="18" VPOS="1364" HPOS="454"/>
							<String ID="string_201" HPOS="472" VPOS="1365" WIDTH="38" HEIGHT="18" WC="0.96" CONTENT="och"/><SP WIDTH="20" VPOS="1365" HPOS="510"/>
							<String ID="string_202" HPOS="530" VPOS="1364" WIDTH="139" HEIGHT="25" WC="0.96" CONTENT="utskänkning"/><SP WIDTH="16" VPOS="1364" HPOS="669"/>
							<String ID="string_203" HPOS="685" VPOS="1364" WIDTH="21" HEIGHT="19" WC="0.93" CONTENT="af"/><SP WIDTH="15" VPOS="1364" HPOS="706"/>
							<String ID="string_204" HPOS="721" VPOS="1363" WIDTH="120" HEIGHT="26" WC="0.92" CONTENT="rusdrycker"/><SP WIDTH="15" VPOS="1363" HPOS="841"/>
							<String ID="string_205" HPOS="856" VPOS="1363" WIDTH="64" HEIGHT="20" WC="0.93" CONTENT="under"/><SP WIDTH="15" VPOS="1363" HPOS="920"/>
							<String ID="string_206" HPOS="935" VPOS="1364" WIDTH="57" HEIGHT="18" WC="0.92" CONTENT="näst-"/>
						</TextLine>
						<TextLine ID="line_30" HPOS="238" VPOS="1393" WIDTH="755" HEIGHT="26">
							<String ID="string_207" HPOS="238" VPOS="1393" WIDTH="90" HEIGHT="26" WC="0.82" CONTENT="följande"/><SP WIDTH="16" VPOS="1393" HPOS="328"/>
							<String ID="string_208" HPOS="344" VPOS="1395" WIDTH="30" HEIGHT="18" WC="0.93" CONTENT="tre"/><SP WIDTH="16" VPOS="1395" HPOS="374"/>
							<String ID="string_209" HPOS="390" VPOS="1394" WIDTH="154" HEIGHT="25" WC="0.87" CONTENT="försäljningsär"/><SP WIDTH="16" VPOS="1394" HPOS="544"/>
							<String ID="string_210" HPOS="560" VPOS="1394" WIDTH="33" HEIGHT="19" WC="0.93" CONTENT="mä"/><SP WIDTH="15" VPOS="1394" HPOS="593"/>
							<String ID="string_211" HPOS="608" VPOS="1394" WIDTH="114" HEIGHT="25" WC="0.90" CONTENT="medgifvas"/><SP WIDTH="17" VPOS="1394" HPOS="722"/>
							<String ID="string_212" HPOS="739" VPOS="1393" WIDTH="47" HEIGHT="20" WC="0.93" CONTENT="eller"/><SP WIDTH="15" VPOS="1393" HPOS="786"/>
							<String ID="string_213" HPOS="801" VPOS="1393" WIDTH="49" HEIGHT="19" WC="0.96" CONTENT="icke."/><SP WIDTH="16" VPOS="1393" HPOS="850"/>
							<String ID="string_214" HPOS="866" VPOS="1393" WIDTH="72" HEIGHT="20" WC="0.96" CONTENT="Beslut"/><SP WIDTH="13" VPOS="1393" HPOS="938"/>
							<String ID="string_215" HPOS="951" VPOS="1393" WIDTH="42" HEIGHT="18" WC="0.96" CONTENT="kan"/>
						</TextLine>
						<TextLine ID="line_31" HPOS="237" VPOS="1422" WIDTH="755" HEIGHT="27">
							<String ID="string_216" HPOS="237" VPOS="1423" WIDTH="66" HEIGHT="20" WC="0.89" CONTENT="fattas"/><SP WIDTH="23" VPOS="1423" HPOS="303"/>
							<String ID="string_217" HPOS="326" VPOS="1424" WIDTH="96" HEIGHT="19" WC="0.96" CONTENT="särskildt"/><SP WIDTH="17" VPOS="1424" HPOS="422"/>
							<String ID="string_218" HPOS="439" VPOS="1424" WIDTH="104" HEIGHT="25" WC="0.93" CONTENT="angående"/><SP WIDTH="17" VPOS="1424" HPOS="543"/>
							<String ID="string_219" HPOS="560" VPOS="1424" WIDTH="144" HEIGHT="25" WC="0.92" CONTENT="utminutering"/><SP WIDTH="16" VPOS="1424" HPOS="704"/>
							<String ID="string_220" HPOS="720" VPOS="1423" WIDTH="39" HEIGHT="20" WC="0.93" CONTENT="och"/><SP WIDTH="16" VPOS="1423" HPOS="759"/>
							<String ID="string_221" HPOS="775" VPOS="1423" WIDTH="97" HEIGHT="20" WC="0.96" CONTENT="särskildt"/><SP WIDTH="16" VPOS="1423" HPOS="872"/>
							<String ID="string_222" HPOS="888" VPOS="1422" WIDTH="104" HEIGHT="25" WC="0.95" CONTENT="angående"/>
						</TextLine>
						<TextLine ID="line_32" HPOS="238" VPOS="1452" WIDTH="754" HEIGHT="26">
							<String ID="string_223" HPOS="238" VPOS="1454" WIDTH="140" HEIGHT="24" WC="0.96" CONTENT="utskänkning"/><SP WIDTH="24" VPOS="1454" HPOS="378"/>
							<String ID="string_224" HPOS="402" VPOS="1454" WIDTH="105" HEIGHT="20" WC="0.96" CONTENT="äfvensom"/><SP WIDTH="16" VPOS="1454" HPOS="507"/>
							<String ID="string_225" HPOS="523" VPOS="1455" WIDTH="6" HEIGHT="18" WC="0.96" CONTENT="i"/><SP WIDTH="15" VPOS="1455" HPOS="529"/>
							<String ID="string_226" HPOS="544" VPOS="1453" WIDTH="58" HEIGHT="25" WC="0.95" CONTENT="fråga"/><SP WIDTH="24" VPOS="1453" HPOS="602"/>
							<String ID="string_227" HPOS="626" VPOS="1460" WIDTH="33" HEIGHT="13" WC="0.92" CONTENT="om"/><SP WIDTH="20" VPOS="1460" HPOS="659"/>
							<String ID="string_228" HPOS="679" VPOS="1453" WIDTH="151" HEIGHT="24" WC="0.91" CONTENT="utminutering,"/><SP WIDTH="18" VPOS="1453" HPOS="830"/>
							<String ID="string_229" HPOS="848" VPOS="1452" WIDTH="96" HEIGHT="20" WC="0.96" CONTENT="särskildt"/><SP WIDTH="17" VPOS="1452" HPOS="944"/>
							<String ID="string_230" HPOS="961" VPOS="1458" WIDTH="31" HEIGHT="14" WC="0.96" CONTENT="om"/>
						</TextLine>
					</TextBlock>
				</ComposedBlock>
			</PrintSpace>
		</Page>
	</Layout>
</alto>
