1114 1778
364 145 218 19 Motionsbetänkande
595 145 37 19 N:o
645 145 16 19 1.
869 145 23 18 78

490 204 50 30 88

212 259 17 21 1.
260 258 190 29 Utminuterings-
475 259 52 22 eller
550 258 237 29 utskänkningsställe
810 260 38 20 må
871 259 19 28 ej

137 296 86 28 öppnas
239 294 70 22 innan
325 294 103 22 tillstånd
444 295 33 22 till
493 294 110 22 rörelsens
614 294 148 23 bedrifvande
775 294 117 23 derstädes

137 330 125 23 utverkats.
283 330 87 22 Sådant
386 330 103 23 tillstånd
505 332 38 20 mä
559 330 24 22 af
599 330 92 28 bolaget
706 330 127 29 skriftligen
849 338 42 14 an-

137 366 69 22 sökas
228 366 42 22 hos
292 366 147 28 magistraten
456 367 27 21 så
498 366 39 22 väl
552 366 34 22 för
602 366 52 22 dess
671 373 56 21 egen
743 366 35 22 del
795 373 48 15 som
858 366 34 22 för

137 401 66 22 deras
213 401 103 29 räkning,
328 403 25 21 åt
363 402 79 22 hvilka
456 402 39 22 det
509 402 116 22 öfverlåtit
640 402 251 28 utskänkningsrättig-

137 437 69 22 heter.

210 473 20 22 2.
262 473 146 28 Magistraten
431 473 136 23 öfverlemne
586 473 100 28 ärendet,
703 473 52 22 med
770 473 122 28 bifogande

138 509 25 22 af
186 510 50 27 eget
259 509 111 30 yttrande,
392 510 33 22 till
442 509 220 28 stadsfullmäktiges
688 509 127 28 afgörande.
847 509 43 22 Sä-

137 545 70 22 framt
230 544 205 29 stadsfullmäktige
459 545 122 28 godkänna
604 545 39 22 det
665 545 128 29 föreslagna
815 545 79 22 stället

137 581 35 22 för
186 581 110 22 rörelsens
311 581 148 22 bedrifvande
475 582 41 21 och
524 581 172 22 föreståndaren
707 581 34 22 för
751 581 139 27 densamma,

137 616 91 23 utfärde
252 617 147 28 magistraten
423 619 25 20 åt
471 617 117 22 sökanden
612 617 180 22 tillståndsbevis
816 616 74 29 angif-

137 653 76 22 vande
236 653 69 28 tiden,
330 653 71 22 under
420 653 101 28 hvilken,
538 653 41 22 och
596 653 77 22 stället
688 653 39 22 der
741 653 99 22 rörelsen
855 652 36 22 får

139 688 120 28 bedrifvas,
276 690 60 21 samt
355 689 43 22 den
414 697 87 21 person,
518 689 93 22 hvilken
627 689 112 28 godkänts
755 690 36 21 att
805 689 86 22 förestå

137 724 133 22 densamma
288 725 82 27 f(utesl.).
402 725 77 28 Angår
497 724 206 23 tillständsbeviset
722 724 88 22 enskild
825 724 66 22 inne-

137 760 95 21 hafvare
254 760 24 22 af
297 760 222 29 utskänkningsrätt,
545 761 58 22 skall
623 760 46 22 deri
689 760 69 23 äfven
779 761 112 28 upptagas

138 795 44 22 den
204 795 72 29 afgift,
296 803 47 15 som
364 796 33 22 för
417 797 138 28 rättigheten
572 797 39 21 bör
626 796 34 22 till
675 796 91 28 bolaget
781 796 111 27 erläggas.

491 862 50 30 98.

210 909 25 29 Ej
257 911 38 20 mä
316 917 72 21 egare,
404 910 104 28 delegaro
532 910 53 22 eller
608 909 147 23 innehaivare
774 909 25 22 af
817 909 76 28 fabrik

134 945 40 27 för
184 946 137 29 tillverkning
336 946 29 29 af
376 947 165 28 alkoholhaltiga
557 946 89 29 drycker
662 945 51 23 eller
729 945 161 28 destillerings-

138 981 56 22 verk
217 983 78 26 (utesl.)
319 982 53 28 ingå
396 983 76 21 såsom
495 982 101 28 delegare
615 982 8 21 i
641 982 187 27 utminuterings-
849 981 42 22 och

138 1016 242 30 utskänkningsbolag.
411 1021 10 25 (
427 1019 72 27 Utesl.)

487 1083 27 22 10
530 1083 19 29 8.

207 1136 36 22 Då
258 1136 82 23 ärende
357 1137 118 28 angående
493 1137 164 28 utminutering
673 1137 52 21 eller
735 1136 158 28 utskänkning

137 1171 25 23 af
178 1172 176 29 alkoholhaltiga
370 1173 94 29 drycker
479 1173 53 22 utaf
548 1172 206 28 stadsfullmäktige
771 1172 52 22 eller
837 1172 54 22 råd-

136 1208 145 22 husstämma
301 1210 66 27 samt,
382 1210 30 28 på
432 1209 84 28 landet,
541 1210 7 21 å
566 1208 230 22 kommunalstämma
816 1207 75 22 hand-

137 1244 83 28 lägges,
244 1245 38 21 må
302 1245 20 28 ej
342 1252 71 21 egare,
438 1244 105 29 delegare
567 1245 53 22 eller
635 1244 148 23 innehafvare
799 1244 25 22 af
838 1243 55 23 eller

136 1279 158 23 föreståndare
317 1280 33 22 för
368 1280 78 29 fabrik
464 1280 40 29 for
526 1281 138 28 tillverkning
687 1280 30 28 af
727 1280 164 28 alkoholhaltiga

136 1316 96 28 drycker,
237 1315 212 30 destilleringsverk,
455 1317 189 27 utminuterings-
652 1316 52 22 eller
711 1316 181 27 utskänknings-

136 1352 82 22 rörelse
242 1352 52 22 eller
316 1353 74 27 någon
406 1354 15 20 å
437 1352 73 22 sådan
533 1353 126 27 inrättning
683 1352 91 22 anstäld
789 1358 79 23 person
884 1351 8 21 i

137 1387 199 29 öfverläggningen
352 1388 53 22 eller
420 1388 101 23 beslutet
537 1388 100 28 deltaga;
652 1389 59 22 detta
721 1388 82 28 förbud
813 1386 81 29 hänför

136 1424 34 28 sig
194 1423 68 23 likväl
284 1424 46 22 icke
345 1424 32 22 till
393 1425 95 27 delegare
503 1425 9 21 i
527 1425 78 21 sådant
620 1424 65 28 bolag,
700 1431 43 15 som
759 1423 135 27 omförmäles

135 1460 77 26 148.
