1114 1773
256 159 85 22 Ständ.
358 159 54 22 Pet.
428 171 26 3 —
471 158 172 23 Petitionsbet.
662 159 42 22 N:o
719 159 20 22 7.
850 159 28 20 93

117 227 101 21 eventuel
241 227 93 22 decision
358 227 46 22 från
428 227 126 21 Hofrättens
571 227 45 21 sida
632 226 22 22 af
667 227 57 21 känd
739 227 117 27 anledning
870 228 7 21 i

117 256 42 21 alla
173 255 37 22 fall
225 255 46 22 icke
286 256 72 21 kunde
373 257 76 20 väntas
464 256 58 21 inom
538 255 86 22 kortare
639 255 31 22 tid
685 257 26 20 än
728 258 30 19 ett
774 256 28 21 år.
826 256 51 21 Som

117 285 37 20 det
175 290 38 15 var
236 286 31 19 att
289 284 88 26 förutse,
400 284 99 21 underlät
522 284 127 27 gäldenären
666 284 95 22 Afzelius
777 285 35 20 vid
828 287 49 19 när-

118 319 59 15 mare
200 313 133 22 betänkande
356 315 32 20 att
409 313 59 21 inom
490 313 130 26 fataljetiden
636 313 161 27 anhängiggöra
812 315 66 20 rätte-

117 341 63 27 gäng,
203 341 92 26 hvarför,
318 342 28 21 dä
367 342 47 21 äret
434 341 40 22 den
491 341 26 22 15
533 341 80 22 dennes
630 342 128 26 expirerade,
775 341 33 22 väl
824 342 54 21 intet

117 370 76 21 hinder
206 370 50 21 bort
270 372 58 19 möta
343 370 203 21 Lifränteanstalten
562 369 51 22 eller
625 370 160 21 undertecknad
796 371 7 20 i
814 376 65 21 egen-

118 398 53 27 skap
187 398 24 22 af
223 399 124 21 nuvarande
369 398 136 22 innehafvare
525 398 23 22 af
560 398 216 22 Lifränteanstaltens
792 399 27 27 pä
834 399 45 27 mig

118 433 79 21 genom
220 427 92 22 särskild
331 427 237 28 transportafhandling
586 427 121 22 öfverförda
722 429 42 20 rätt
780 430 32 19 att
826 427 52 28 lyfta

119 456 91 21 medlen.

188 485 66 20 Detta
276 484 38 22 har
338 484 118 22 emellertid
480 486 52 20 stött
547 485 28 26 pä
590 484 36 21 det
641 485 69 20 under
725 484 96 22 normala
836 484 42 21 för-

118 513 114 21 hällanden
255 515 48 19 rent
318 513 124 22 otänkbara.
472 513 34 21 Dä
520 514 48 21 mitt
584 513 91 27 lagligen
691 513 189 27 befullmäktigade

118 541 82 22 ombud
212 541 186 27 juriskandidaten
416 542 68 21 Ernst
499 542 93 21 Grästen
608 542 41 21 den
667 542 25 21 17
708 542 81 21 dennes
804 541 74 22 infann

120 571 34 26 sig
169 571 12 21 ä
195 570 165 28 Länestyrelsen
385 569 33 22 för
438 572 33 19 att
492 570 52 28 lyfta
566 570 83 22 medlen
665 571 38 20 och
721 571 159 21 vederbörande

120 600 143 20 räntmästare
284 599 102 22 anvisade
400 599 80 21 honom
496 602 31 19 att
542 599 12 22 ä
569 599 165 21 Landskansliet
749 600 80 26 begära
844 599 36 21 de-

120 633 36 15 ras
179 628 170 26 utanordnande,
372 629 78 20 möttes
474 628 102 21 ombudet
591 627 23 22 af
627 630 71 19 svaret
714 630 31 19 att
760 628 59 21 detta
834 628 46 21 icke

120 655 72 22 kunde
215 658 40 25 äga
277 663 48 14 rum
341 659 51 19 utan
408 656 94 28 skriftlig
516 657 101 24 ansökan,
633 656 58 21 öfver
706 657 91 25 hvilken,
814 657 66 21 sedan

120 684 318 23 kommunikationsresolution
462 685 116 22 meddelats
602 685 40 21 och
665 691 76 21 genom
758 685 122 22 sökandens

121 712 86 29 försorg
229 714 107 27 delgifvits
360 714 129 28 gäldenären
507 714 95 22 Afzelius
619 716 55 19 samt
690 714 68 22 denne
774 714 48 21 med
837 714 43 21 för-

121 742 84 26 klaring
228 742 119 27 inkommit,
370 743 83 27 slutligt
472 744 72 26 utslag
566 743 68 21 skulle
656 742 56 28 följa.
742 744 46 20 Mot
811 743 70 21 denna

122 770 117 28 oformliga,
263 771 116 22 kostnader
401 771 118 22 kräfvande
540 772 106 26 procedur
667 772 147 26 protesterade
836 778 45 14 om-

123 799 72 27 budet,
218 802 51 19 enär
291 800 36 22 det
350 801 33 21 väl
406 800 46 22 icke
473 800 41 22 kan
530 801 86 27 åläggas
632 800 44 27 mig
691 802 31 19 att
736 801 7 21 i
758 800 66 22 saken
841 800 41 21 till-

123 830 52 24 göra
190 831 65 19 annat
269 830 26 20 än
312 831 37 24 att,
365 831 38 19 när
417 828 131 28 fataljetiden
564 828 94 28 förlupit,
674 828 49 28 själf
736 829 51 21 eller
803 835 77 21 genom

126 858 81 21 ombud
221 857 84 21 anmäla
317 858 45 27 mig
376 858 33 21 för
424 860 32 19 att
471 858 51 27 lyfta
537 858 153 27 penningarna.
719 858 49 20 Men
784 858 46 21 icke
841 864 45 20 nog

125 886 94 21 härmed.
249 886 42 21 Det
314 886 74 22 befans
411 886 110 22 dessutom
545 889 31 19 att
598 893 25 14 ur
646 886 32 22 till
700 886 67 22 hands
791 886 93 21 varande

125 915 77 21 diarier
225 915 39 21 och
287 915 69 28 öfriga
378 916 126 26 handlingar
526 916 64 27 ingen
614 921 45 15 som
679 915 55 21 hälst
754 915 131 27 upplysning

125 943 72 22 kunde
220 944 75 21 vinnas
319 945 79 24 därom,
420 944 106 21 huruvida
542 945 40 20 den
597 944 7 21 i
619 944 130 27 protokollet
764 943 22 22 af
800 944 41 21 den
858 944 28 20 14

126 972 113 21 december
262 973 55 21 1903
340 973 140 21 omförmälda
499 973 163 26 nedsättningen
679 972 23 21 af
715 972 83 21 medlen
814 973 7 20 i
836 974 48 19 rän-

126 1001 62 21 teriet
203 1000 142 23 öfverhufvud
360 1001 39 22 alls
415 1003 36 25 ägt
466 1008 54 19 rum,
536 1003 27 19 än
579 1001 82 22 mindre
678 1001 73 21 därom
762 1001 62 21 hvem
837 1007 47 15 som

126 1029 69 22 skulle
210 1029 63 22 hafva
288 1030 103 21 värkstält
406 1030 41 21 den
463 1030 40 21 och
518 1030 85 21 hvilken
618 1029 55 22 form
684 1030 74 21 därvid
768 1029 118 27 iakttagits.

221 1058 58 27 hopp
301 1061 32 19 att
355 1059 65 21 saken
436 1059 72 21 kunde
524 1059 78 21 ordnas
618 1059 58 20 inom
692 1059 66 26 nägra
774 1058 66 27 dagar
855 1058 30 21 lät

123 1086 39 27 jag
176 1086 33 21 för
225 1087 40 21 den
281 1087 85 28 gången
381 1087 74 22 härvid
472 1087 57 22 bero.
555 1087 49 21 Men
621 1087 26 21 dä
663 1087 47 21 mitt
725 1085 80 23 ombud
820 1087 8 20 i
843 1087 43 26 dag

126 1115 96 27 återigen
237 1116 7 20 i
259 1115 129 22 förbemäldt
410 1116 54 27 syfte
480 1116 73 21 infann
570 1116 33 27 sig
617 1116 13 21 &
645 1116 169 27 Länestyrelsen,
830 1115 55 21 hade

127 1144 89 21 ärendet
238 1145 65 21 sedan
327 1145 41 21 den
393 1145 25 20 17
442 1145 80 21 dennes
545 1145 46 21 icke
613 1147 113 18 avancerat
748 1145 36 20 det
800 1144 85 21 minsta.

127 1172 34 21 Dä
173 1173 39 26 jag
226 1173 46 21 icke
287 1173 79 22 önskar
382 1173 118 22 vidkännas
516 1173 120 22 kostnaden
651 1173 33 21 för
700 1173 70 27 daglig
781 1173 105 26 uppvakt-

127 1201 53 27 ning
195 1201 68 21 under
279 1208 25 15 en
321 1202 112 21 obestämd
448 1202 30 21 tid
494 1202 77 21 framät
586 1202 12 21 ä
611 1202 58 21 detta
679 1201 141 27 ämbetsvärk,
831 1201 55 21 äter-

128 1230 44 21 stär
195 1231 44 26 mig
261 1231 77 21 endast
360 1233 32 19 att
414 1231 84 21 anhälla
513 1233 31 19 att
560 1236 77 21 genom
653 1231 57 20 Herr
725 1229 161 22 Prokuratorns

127 1259 126 27 ingripande
269 1260 66 21 varda
350 1259 101 27 förhjälpt
466 1259 32 21 till
513 1259 44 21 min
573 1261 48 20 rätt.

197 1288 38 21 Ett
257 1288 24 21 sä
304 1288 100 27 märkligt
426 1288 133 28 förhällande
583 1294 46 15 som
651 1290 31 19 att
704 1288 100 22 tillvaron
820 1286 22 22 af
860 1293 26 15 en

128 1316 128 27 deposition,
278 1316 86 22 hvilken
386 1316 23 22 af
430 1316 170 22 Ofverexekutor
616 1317 49 21 bort
680 1318 62 26 göras
757 1316 46 22 icke
818 1316 70 26 prima

128 1345 59 27 facie,
200 1345 23 27 ja
238 1345 46 21 icke
300 1352 38 15 ens
354 1346 55 21 efter
424 1345 98 27 ihärdiga
537 1344 190 28 efterforskningar
750 1345 82 21 kunnat
855 1346 33 19 ut-

129 1374 67 25 redas,
213 1376 50 19 utan
279 1376 32 20 att
326 1375 36 21 det
377 1376 91 20 tvärtom
485 1376 23 19 är
524 1380 26 15 en
566 1376 70 25 öppen
651 1374 61 27 fräga
721 1374 106 21 huruvida
838 1373 50 21 den-

129 1408 82 16 samma
233 1402 39 22 alls
295 1405 37 25 ägt
349 1409 54 20 rum,
420 1409 63 21 synes
499 1403 44 27 mig
559 1404 51 26 göra
623 1403 35 21 det
674 1402 113 22 otänkbart
802 1404 32 19 att
849 1408 39 15 un-

129 1431 131 27 dersökning
282 1432 69 21 skulle
366 1431 104 22 uteblifva
486 1432 39 21 och
541 1432 40 21 den
598 1431 50 21 eller
664 1431 26 21 de
706 1431 95 27 skyldige
817 1430 73 27 undgä

129 1462 32 18 att
183 1459 110 22 befordras
317 1460 32 22 till
371 1460 48 27 laga
434 1466 85 16 ansvar.
550 1461 42 25 Jag
607 1460 62 21 utber
685 1460 43 27 mig
743 1459 82 22 tillfälle
840 1459 49 21 atti
