1114 1778
237 163 14 22 6
406 161 416 30 Sammanjämkningsbetiäinkande.

237 229 75 21 finska
323 229 172 27 grundlagarna,
514 229 54 21 enär
581 228 146 27 landtdagens
744 228 73 21 beslut
841 227 67 28 enligt
923 227 70 28 sagda

237 258 76 27 päbud
330 259 79 21 endast
425 258 72 22 skulle
513 265 42 20 ega
570 258 130 27 betydelsen
716 258 23 21 af
749 257 137 26 utlätanden,
903 257 42 22 och
961 256 32 22 sä-

237 289 62 21 ledes
316 289 45 20 alla
377 289 28 21 de
421 288 81 27 frägor,
516 295 47 14 som
581 287 94 28 ansäges
691 288 56 21 böra
762 288 61 21 föras
839 287 72 22 under
927 287 67 21 mani-

237 318 78 21 festets
339 318 138 27 stadganden
493 318 43 21 och
552 318 35 21 för
601 318 75 21 hvilka
687 318 50 21 icke
753 324 40 15 ens
809 317 72 27 någon
893 317 101 21 bestämd

237 349 67 26 gräns
323 355 40 14 var
382 348 111 25 utstakad,
515 348 88 21 komme
619 350 32 18 att
674 347 158 27 undandragas
856 347 43 21 den
922 346 73 21 finska

238 378 148 26 landtdagens
395 378 194 26 grundlagsenliga
597 377 142 22 medverkan.
757 376 8 22 I
777 376 144 22 betraktande
930 376 65 21 häraf

238 407 98 22 anmälte
349 407 69 22 också
429 407 125 22 Ständerna
569 407 37 21 vid
623 407 82 21 urtima
720 406 135 27 landtdagen
871 406 25 22 år
913 406 57 22 1899
987 406 7 20 i

239 436 178 28 underdånighet
433 438 35 20 för
484 437 61 21 Hans
561 437 122 27 Kejserliga
694 436 102 28 Majestät
812 438 44 19 »att
868 436 127 21 manifestet

239 467 43 21 och
306 467 74 21 därtill
404 467 100 21 hörande
527 466 217 28 grundstadganden,
769 466 76 21 hvilka
867 466 128 21 tillkommit

239 499 54 19 utan
307 497 107 21 Finlands
426 496 106 22 Ständers
549 496 62 22 bifall
629 497 42 21 och
687 496 114 27 samtycke
817 498 58 19 samt
890 495 81 27 jemväl
988 496 6 20 i

239 526 67 28 öfrigt
322 527 7 21 i
345 533 76 15 annan
437 527 94 27 ordning
547 528 28 20 än
591 526 87 22 landets
702 526 134 28 grundlagar
855 525 139 25 föreskrifva,

239 557 58 27 förty
314 556 49 22 icke
379 557 76 21 kunna
471 557 8 21 i
494 556 94 21 Finland
605 562 40 21 ega
660 556 66 27 helgd
743 556 23 21 af
781 555 56 27 lag».

311 586 9 21 I
336 586 98 28 enlighet
449 586 50 22 med
511 586 73 22 denna
599 586 204 27 rättsuppfattning,
820 585 83 22 saknar
918 585 77 25 hvarje

239 615 236 28 lagstiftningsätgärd,
501 622 49 16 som
575 616 100 27 vidtages
705 616 68 26 enligt
798 615 126 21 manifestet
953 614 42 22 och

239 646 234 27 grundstadgandena,
489 646 140 27 egenskapen
645 646 24 21 af
685 652 27 15 en
729 646 37 20 det
781 645 72 21 finska
869 645 69 21 folket
953 644 42 22 för-

240 676 113 27 pligtande
370 676 41 27 lag.

312 706 89 21 Nämda
424 706 209 27 grundstadganden
656 706 68 20 hafva
748 705 129 26 visserligen
897 704 56 21 blott
968 710 28 15 en

241 735 58 22 enda
315 735 64 28 gång,
395 735 67 22 äfven
478 735 29 22 då
522 735 79 22 endast
617 735 76 26 delvis,
705 735 73 21 blifvit
789 734 134 27 tillämpade,
936 735 59 20 näm-

241 765 58 27 ligen
315 765 8 22 i
339 765 63 27 fråga
418 772 36 15 om
471 772 29 21 ny
516 765 219 26 militärförfattning.
765 764 49 21 Men
831 763 26 22 så
872 764 64 27 länge
953 769 43 15 ma-

241 795 90 21 nifestet
355 795 42 22 och
415 795 225 27 grundstadgandena
662 795 23 21 af
701 795 43 21 den
763 793 38 23 %/15
821 793 98 22 februari
939 793 57 21 1899

241 825 50 21 icke
315 824 129 23 äterkallats
463 825 54 21 eller
540 827 79 19 ersatts
636 825 51 20 med
706 823 73 28 nägon
795 824 7 21 i
818 823 179 28 grundlagsenlig

242 855 96 27 ordning
353 855 139 22 tillkommen
508 855 191 26 lagstiftningsakt,
717 855 78 26 utgöra
811 854 28 21 de
855 859 28 16 en
898 853 98 21 hotande

242 884 49 22 fara
315 885 35 21 för
367 885 106 21 Finlands
489 884 190 22 konstitutionella
695 883 243 28 lagstiftningsordning
954 883 42 21 och

243 921 28 14 en
287 915 61 21 källa
363 915 33 20 till
413 914 66 21 svåra
495 915 41 20 och
553 914 200 28 olycksbringande
769 913 179 22 rättskonflikter.

315 944 32 21 De
372 945 117 26 ödesdigra
511 944 110 27 följderna
643 944 23 21 af
687 946 32 19 att
737 943 175 28 lagföreskrifter
928 942 68 21 blifva

243 974 119 21 utfärdade
383 975 7 20 i
411 981 75 14 annan
509 975 28 20 än
558 974 179 27 grundlagsenlig
753 973 95 27 ordning
863 973 67 21 hafva
946 972 51 21 med

243 1004 114 27 synnerlig
373 1005 75 26 styrka
464 1004 57 21 visat
537 1004 33 27 sig
585 1004 37 21 vid
638 1004 106 21 försöken
760 1005 33 20 att
807 1003 101 26 tillämpa
922 1004 77 19 värne-

243 1033 225 28 pligtsförfattningen
485 1034 22 21 af
523 1034 43 21 den
584 1034 26 21 12
626 1033 40 27 juli
685 1033 36 28 (29
737 1033 56 27 juni)
810 1033 63 21 1901.
893 1032 106 21 Tusental

244 1070 58 20 unge
318 1065 60 24 män,
395 1070 49 15 som
461 1063 109 22 uteblifvit
585 1063 50 21 frän
651 1063 128 27 uppbäden,
793 1063 94 21 emedan
898 1062 28 21 de
937 1063 7 19 i
956 1061 43 21 den

243 1100 46 21 nya
304 1094 242 26 militärförordningen
561 1095 43 19 sett
615 1099 27 15 en
653 1093 125 26 kränkning
789 1092 22 22 af
822 1092 87 22 landets
920 1091 79 27 grund-

244 1123 68 27 lagar,
330 1124 67 21 hafva
416 1125 79 20 utsatts
512 1124 33 21 för
561 1123 190 27 tvängspäföljder
767 1123 23 21 af
806 1122 141 27 upprörande
964 1121 35 22 be-

245 1153 130 26 skaffenhet,
393 1153 75 22 säsom
484 1153 81 22 förbud
581 1155 31 20 att
628 1153 51 27 ingä
695 1153 130 26 äktenskap,
843 1154 58 19 samt
917 1152 34 21 för
961 1151 40 21 hot

244 1183 24 21 af
276 1183 157 27 mängahanda
442 1183 53 27 slag.
519 1183 31 21 De
567 1183 184 25 samvetsstrider,
762 1189 49 15 som
827 1182 27 21 de
866 1181 135 28 uppbädade

243 1213 50 21 haft
305 1215 32 19 att
352 1213 65 26 utstå,
430 1213 67 21 hafva
512 1213 121 26 tillskärpts
644 1219 80 20 genom
735 1212 142 22 föreskriften
888 1217 36 16 om
937 1211 64 26 afläg-

244 1243 73 26 gande
329 1243 23 21 af
363 1243 70 21 sädan
445 1243 177 26 krigsmannaed,
635 1243 66 21 hvars
717 1241 98 22 innehäll
829 1242 49 21 icke
889 1241 112 21 öfverens-

245 1274 107 20 stämmer
368 1273 51 21 med
436 1273 105 20 Finlands
557 1273 67 27 lagar.
649 1272 85 22 Genom
750 1271 105 22 oerhördt
870 1271 57 27 höga
941 1271 60 20 viten

245 1302 43 21 och
300 1303 71 20 andra
387 1303 72 21 medel
476 1303 23 21 af
514 1302 45 21 lika
575 1303 116 26 förkastlig
704 1304 35 19 art
753 1301 68 22 hafva
832 1301 27 22 de
876 1301 23 21 af
915 1301 86 21 landets

245 1332 140 25 kommuner,
403 1339 48 14 som
468 1333 19 26 ej
505 1332 140 21 annorlunda
668 1332 86 21 kunnat
772 1331 83 22 förmäs
872 1333 31 19 att
927 1331 74 20 lämna

246 1363 35 20 sin
298 1362 137 21 medvärkan
451 1363 32 20 till
494 1363 81 20 nämda
586 1362 141 26 författnings
738 1361 181 28 genomförande,
932 1359 70 28 älagts

246 1394 31 19 att
295 1392 77 22 skrida
387 1392 33 21 till
436 1391 102 28 åtgärder
558 1392 7 21 i
581 1391 80 22 sådant
677 1391 64 28 syfte.
773 1385 115 32 Åtskilliga
904 1391 99 20 kommu-

247 1428 52 15 ners
319 1422 67 21 valda
409 1421 180 21 förtroendemän
614 1421 67 21 hafva
700 1421 23 21 af
747 1421 118 21 enahanda
883 1419 121 27 anledning

247 1451 108 21 drabbats
366 1452 23 20 af
399 1452 61 21 viten
470 1452 42 21 och
521 1451 121 27 aflägsnats
651 1450 50 22 frän
709 1452 50 20 sina
768 1450 154 26 befattningar,
932 1449 71 21 hvari-

246 1487 81 21 genom
343 1480 66 22 svära
429 1482 91 26 ingrepp
536 1482 67 26 gjorts
625 1481 1 21 i
643 1481 174 21 kommunernas
833 1480 24 21 af
872 1480 64 26 lagen
953 1478 50 22 dem

320 1522 63 18 Särsk.
395 1522 54 19 Besv.
462 1522 47 19 utsk.
522 1523 33 18 bet.
567 1522 35 19 N:o
615 1523 16 17 1.
