<?xml version="1.0" encoding="UTF-8"?>
<alto xmlns="http://www.loc.gov/standards/alto/ns-v3#" xmlns:xlink="http://www.w3.org/1999/xlink" xmlns:xsi="http://www.w3.org/2001/XMLSchema-instance" xsi:schemaLocation="http://www.loc.gov/standards/alto/ns-v3# http://www.loc.gov/alto/v3/alto-3-0.xsd">
	<Description>
		<MeasurementUnit>pixel</MeasurementUnit>
		<sourceImageInformation>
			<fileName>/tmp/tess_ds3v3okm_input.PNG</fileName>
		</sourceImageInformation>
		<OCRProcessing ID="OCR_0">
			<ocrProcessingStep>
				<processingSoftware>
					<softwareName>tesseract 5.3.4</softwareName>
				</processingSoftware>
			</ocrProcessingStep>
		</OCRProcessing>
	</Description>
	<Layout>
		<Page WIDTH="1114" HEIGHT="1775" PHYSICAL_IMG_NR="0" ID="page_0">
			<PrintSpace HPOS="0" VPOS="0" WIDTH="1114" HEIGHT="1775">
				<ComposedBlock ID="cblock_0" HPOS="247" VPOS="154" WIDTH="620" HEIGHT="24">
					<TextBlock ID="block_0" HPOS="247" VPOS="154" WIDTH="620" HEIGHT="24">
						<TextLine ID="line_0" HPOS="247" VPOS="154" WIDTH="620" HEIGHT="24">
							<String ID="string_0" HPOS="247" VPOS="156" WIDTH="85" HEIGHT="22" WC="0.90" CONTENT="Ständ."/><SP WIDTH="16" VPOS="156" HPOS="332"/>
							<String ID="string_1" HPOS="348" VPOS="155" WIDTH="55" HEIGHT="23" WC="0.93" CONTENT="Pet."/><SP WIDTH="16" VPOS="155" HPOS="403"/>
							<String ID="string_2" HPOS="419" VPOS="167" WIDTH="28" HEIGHT="3" WC="0.92" CONTENT="—"/><SP WIDTH="15" VPOS="167" HPOS="447"/>
							<String ID="string_3" HPOS="462" VPOS="154" WIDTH="173" HEIGHT="23" WC="0.90" CONTENT="Petitionsbet."/><SP WIDTH="15" VPOS="154" HPOS="635"/>
							<String ID="string_4" HPOS="650" VPOS="154" WIDTH="42" HEIGHT="22" WC="0.95" CONTENT="N:o"/><SP WIDTH="15" VPOS="154" HPOS="692"/>
							<String ID="string_5" HPOS="707" VPOS="154" WIDTH="20" HEIGHT="22" WC="0.95" CONTENT="7."/><SP WIDTH="115" VPOS="154" HPOS="727"/>
							<String ID="string_6" HPOS="842" VPOS="154" WIDTH="25" HEIGHT="21" WC="0.83" CONTENT="77"/>
						</TextLine>
					</TextBlock>
				</ComposedBlock>
				<ComposedBlock ID="cblock_1" HPOS="107" VPOS="223" WIDTH="762" HEIGHT="287">
					<TextBlock ID="block_1" HPOS="107" VPOS="223" WIDTH="762" HEIGHT="287">
						<TextLine ID="line_1" HPOS="107" VPOS="223" WIDTH="760" HEIGHT="28">
							<String ID="string_7" HPOS="107" VPOS="227" WIDTH="94" HEIGHT="19" WC="0.90" CONTENT="rummet"/><SP WIDTH="23" VPOS="227" HPOS="201"/>
							<String ID="string_8" HPOS="224" VPOS="231" WIDTH="52" HEIGHT="15" WC="0.92" CONTENT="vore"/><SP WIDTH="22" VPOS="231" HPOS="276"/>
							<String ID="string_9" HPOS="298" VPOS="226" WIDTH="31" HEIGHT="20" WC="0.93" CONTENT="att"/><SP WIDTH="15" VPOS="226" HPOS="329"/>
							<String ID="string_10" HPOS="344" VPOS="224" WIDTH="74" HEIGHT="27" WC="0.92" CONTENT="föregä"/><SP WIDTH="20" VPOS="224" HPOS="418"/>
							<String ID="string_11" HPOS="438" VPOS="224" WIDTH="66" HEIGHT="22" WC="0.96" CONTENT="folket"/><SP WIDTH="14" VPOS="224" HPOS="504"/>
							<String ID="string_12" HPOS="518" VPOS="224" WIDTH="49" HEIGHT="21" WC="0.96" CONTENT="med"/><SP WIDTH="16" VPOS="224" HPOS="567"/>
							<String ID="string_13" HPOS="583" VPOS="224" WIDTH="96" HEIGHT="27" WC="0.96" CONTENT="exempel"/><SP WIDTH="15" VPOS="224" HPOS="679"/>
							<String ID="string_14" HPOS="694" VPOS="224" WIDTH="28" HEIGHT="26" WC="0.93" CONTENT="pä"/><SP WIDTH="16" VPOS="224" HPOS="722"/>
							<String ID="string_15" HPOS="738" VPOS="223" WIDTH="78" HEIGHT="27" WC="0.92" CONTENT="sedligt"/><SP WIDTH="14" VPOS="223" HPOS="816"/>
							<String ID="string_16" HPOS="830" VPOS="223" WIDTH="37" HEIGHT="21" WC="0.93" CONTENT="lef-"/>
						</TextLine>
						<TextLine ID="line_2" HPOS="108" VPOS="252" WIDTH="761" HEIGHT="28">
							<String ID="string_17" HPOS="108" VPOS="260" WIDTH="70" HEIGHT="19" WC="0.93" CONTENT="verne,"/><SP WIDTH="16" VPOS="260" HPOS="178"/>
							<String ID="string_18" HPOS="194" VPOS="253" WIDTH="95" HEIGHT="27" WC="0.90" CONTENT="iakttaga"/><SP WIDTH="14" VPOS="253" HPOS="289"/>
							<String ID="string_19" HPOS="303" VPOS="255" WIDTH="32" HEIGHT="19" WC="0.93" CONTENT="ett"/><SP WIDTH="14" VPOS="255" HPOS="335"/>
							<String ID="string_20" HPOS="349" VPOS="255" WIDTH="91" HEIGHT="19" WC="0.92" CONTENT="motsatt"/><SP WIDTH="15" VPOS="255" HPOS="440"/>
							<String ID="string_21" HPOS="455" VPOS="252" WIDTH="139" HEIGHT="28" WC="0.91" CONTENT="uppförande."/><SP WIDTH="30" VPOS="252" HPOS="594"/>
							<String ID="string_22" HPOS="624" VPOS="252" WIDTH="95" HEIGHT="22" WC="0.91" CONTENT="Sälunda"/><SP WIDTH="15" VPOS="252" HPOS="719"/>
							<String ID="string_23" HPOS="734" VPOS="252" WIDTH="104" HEIGHT="21" WC="0.92" CONTENT="anmältes"/><SP WIDTH="16" VPOS="252" HPOS="838"/>
							<String ID="string_24" HPOS="854" VPOS="254" WIDTH="15" HEIGHT="19" WC="0.91" CONTENT="t."/>
						</TextLine>
						<TextLine ID="line_3" HPOS="109" VPOS="280" WIDTH="759" HEIGHT="23">
							<String ID="string_25" HPOS="109" VPOS="288" WIDTH="30" HEIGHT="15" WC="0.93" CONTENT="ex."/><SP WIDTH="22" VPOS="288" HPOS="139"/>
							<String ID="string_26" HPOS="161" VPOS="282" WIDTH="36" HEIGHT="21" WC="0.93" CONTENT="vid"/><SP WIDTH="22" VPOS="282" HPOS="197"/>
							<String ID="string_27" HPOS="219" VPOS="282" WIDTH="104" HEIGHT="21" WC="0.92" CONTENT="läsförhör"/><SP WIDTH="22" VPOS="282" HPOS="323"/>
							<String ID="string_28" HPOS="345" VPOS="284" WIDTH="87" HEIGHT="19" WC="0.92" CONTENT="senaste"/><SP WIDTH="15" VPOS="284" HPOS="432"/>
							<String ID="string_29" HPOS="447" VPOS="282" WIDTH="69" HEIGHT="20" WC="0.92" CONTENT="vinter"/><SP WIDTH="16" VPOS="282" HPOS="516"/>
							<String ID="string_30" HPOS="532" VPOS="288" WIDTH="35" HEIGHT="15" WC="0.91" CONTENT="om"/><SP WIDTH="16" VPOS="288" HPOS="567"/>
							<String ID="string_31" HPOS="583" VPOS="283" WIDTH="74" HEIGHT="19" WC="0.91" CONTENT="ortens"/><SP WIDTH="15" VPOS="283" HPOS="657"/>
							<String ID="string_32" HPOS="672" VPOS="281" WIDTH="124" HEIGHT="21" WC="0.93" CONTENT="nuvarande"/><SP WIDTH="15" VPOS="281" HPOS="796"/>
							<String ID="string_33" HPOS="811" VPOS="280" WIDTH="57" HEIGHT="22" WC="0.92" CONTENT="läns-"/>
						</TextLine>
						<TextLine ID="line_4" HPOS="108" VPOS="309" WIDTH="760" HEIGHT="28">
							<String ID="string_34" HPOS="108" VPOS="317" WIDTH="49" HEIGHT="15" WC="0.96" CONTENT="man"/><SP WIDTH="16" VPOS="317" HPOS="157"/>
							<String ID="string_35" HPOS="173" VPOS="310" WIDTH="83" HEIGHT="22" WC="0.96" CONTENT="Arthur"/><SP WIDTH="15" VPOS="310" HPOS="256"/>
							<String ID="string_36" HPOS="271" VPOS="310" WIDTH="109" HEIGHT="22" WC="0.96" CONTENT="Fabritius"/><SP WIDTH="16" VPOS="310" HPOS="380"/>
							<String ID="string_37" HPOS="396" VPOS="312" WIDTH="31" HEIGHT="19" WC="0.96" CONTENT="att"/><SP WIDTH="15" VPOS="312" HPOS="427"/>
							<String ID="string_38" HPOS="442" VPOS="310" WIDTH="41" HEIGHT="21" WC="0.93" CONTENT="han"/><SP WIDTH="16" VPOS="310" HPOS="483"/>
							<String ID="string_39" HPOS="499" VPOS="310" WIDTH="107" HEIGHT="27" WC="0.91" CONTENT="offentligt"/><SP WIDTH="15" VPOS="310" HPOS="606"/>
							<String ID="string_40" HPOS="621" VPOS="310" WIDTH="113" HEIGHT="26" WC="0.92" CONTENT="ädagalagt"/><SP WIDTH="14" VPOS="310" HPOS="734"/>
							<String ID="string_41" HPOS="748" VPOS="309" WIDTH="120" HEIGHT="27" WC="0.92" CONTENT="osedlighet"/>
						</TextLine>
						<TextLine ID="line_5" HPOS="109" VPOS="337" WIDTH="759" HEIGHT="30">
							<String ID="string_42" HPOS="109" VPOS="340" WIDTH="40" HEIGHT="21" WC="0.93" CONTENT="och"/><SP WIDTH="15" VPOS="340" HPOS="149"/>
							<String ID="string_43" HPOS="164" VPOS="338" WIDTH="87" HEIGHT="28" WC="0.91" CONTENT="uppfört"/><SP WIDTH="16" VPOS="338" HPOS="251"/>
							<String ID="string_44" HPOS="267" VPOS="340" WIDTH="33" HEIGHT="27" WC="0.96" CONTENT="sig"/><SP WIDTH="15" VPOS="340" HPOS="300"/>
							<String ID="string_45" HPOS="315" VPOS="339" WIDTH="84" HEIGHT="27" WC="0.93" CONTENT="mycket"/><SP WIDTH="15" VPOS="339" HPOS="399"/>
							<String ID="string_46" HPOS="414" VPOS="339" WIDTH="143" HEIGHT="27" WC="0.92" CONTENT="oanständigt,"/><SP WIDTH="15" VPOS="339" HPOS="557"/>
							<String ID="string_47" HPOS="572" VPOS="338" WIDTH="86" HEIGHT="22" WC="0.92" CONTENT="hvilken"/><SP WIDTH="16" VPOS="338" HPOS="658"/>
							<String ID="string_48" HPOS="674" VPOS="338" WIDTH="98" HEIGHT="21" WC="0.92" CONTENT="anmälan"/><SP WIDTH="12" VPOS="338" HPOS="772"/>
							<String ID="string_49" HPOS="784" VPOS="337" WIDTH="23" HEIGHT="21" WC="0.93" CONTENT="af"/><SP WIDTH="7" VPOS="337" HPOS="807"/>
							<String ID="string_50" HPOS="814" VPOS="338" WIDTH="54" HEIGHT="27" WC="0.93" CONTENT="Kyr-"/>
						</TextLine>
						<TextLine ID="line_6" HPOS="109" VPOS="366" WIDTH="757" HEIGHT="23">
							<String ID="string_51" HPOS="109" VPOS="368" WIDTH="188" HEIGHT="21" WC="0.92" CONTENT="koherdeembetet"/><SP WIDTH="19" VPOS="368" HPOS="297"/>
							<String ID="string_52" HPOS="316" VPOS="367" WIDTH="122" HEIGHT="22" WC="0.96" CONTENT="befordrats"/><SP WIDTH="20" VPOS="367" HPOS="438"/>
							<String ID="string_53" HPOS="458" VPOS="368" WIDTH="31" HEIGHT="20" WC="0.96" CONTENT="till"/><SP WIDTH="16" VPOS="368" HPOS="489"/>
							<String ID="string_54" HPOS="505" VPOS="368" WIDTH="57" HEIGHT="20" WC="0.92" CONTENT="Herr"/><SP WIDTH="17" VPOS="368" HPOS="562"/>
							<String ID="string_55" HPOS="579" VPOS="367" WIDTH="153" HEIGHT="21" WC="0.92" CONTENT="Guvernörens"/><SP WIDTH="14" VPOS="367" HPOS="732"/>
							<String ID="string_56" HPOS="746" VPOS="366" WIDTH="120" HEIGHT="22" WC="0.96" CONTENT="kännedom"/>
						</TextLine>
						<TextLine ID="line_7" HPOS="108" VPOS="395" WIDTH="759" HEIGHT="29">
							<String ID="string_57" HPOS="108" VPOS="398" WIDTH="7" HEIGHT="20" WC="0.93" CONTENT="i"/><SP WIDTH="16" VPOS="398" HPOS="115"/>
							<String ID="string_58" HPOS="131" VPOS="396" WIDTH="100" HEIGHT="22" WC="0.92" CONTENT="afseende"/><SP WIDTH="22" VPOS="396" HPOS="231"/>
							<String ID="string_59" HPOS="253" VPOS="397" WIDTH="12" HEIGHT="21" WC="0.90" CONTENT="&amp;"/><SP WIDTH="23" VPOS="397" HPOS="265"/>
							<String ID="string_60" HPOS="288" VPOS="396" WIDTH="129" HEIGHT="28" WC="0.90" CONTENT="vidtagande"/><SP WIDTH="15" VPOS="396" HPOS="417"/>
							<String ID="string_61" HPOS="432" VPOS="396" WIDTH="23" HEIGHT="21" WC="0.96" CONTENT="af"/><SP WIDTH="19" VPOS="396" HPOS="455"/>
							<String ID="string_62" HPOS="474" VPOS="396" WIDTH="26" HEIGHT="21" WC="0.93" CONTENT="de"/><SP WIDTH="16" VPOS="396" HPOS="500"/>
							<String ID="string_63" HPOS="516" VPOS="396" WIDTH="105" HEIGHT="26" WC="0.91" CONTENT="ätgärder,"/><SP WIDTH="15" VPOS="396" HPOS="621"/>
							<String ID="string_64" HPOS="636" VPOS="395" WIDTH="85" HEIGHT="22" WC="0.91" CONTENT="hvartill"/><SP WIDTH="16" VPOS="395" HPOS="721"/>
							<String ID="string_65" HPOS="737" VPOS="395" WIDTH="130" HEIGHT="27" WC="0.93" CONTENT="omständig-"/>
						</TextLine>
						<TextLine ID="line_8" HPOS="109" VPOS="424" WIDTH="760" HEIGHT="26">
							<String ID="string_66" HPOS="109" VPOS="426" WIDTH="89" HEIGHT="20" WC="0.96" CONTENT="heterna"/><SP WIDTH="20" VPOS="426" HPOS="198"/>
							<String ID="string_67" HPOS="218" VPOS="426" WIDTH="72" HEIGHT="21" WC="0.93" CONTENT="kunde"/><SP WIDTH="21" VPOS="426" HPOS="290"/>
							<String ID="string_68" HPOS="311" VPOS="425" WIDTH="115" HEIGHT="21" WC="0.95" CONTENT="föranleda."/><SP WIDTH="40" VPOS="425" HPOS="426"/>
							<String ID="string_69" HPOS="466" VPOS="424" WIDTH="134" HEIGHT="22" WC="0.86" CONTENT="Polisförhör"/><SP WIDTH="22" VPOS="424" HPOS="600"/>
							<String ID="string_70" HPOS="622" VPOS="424" WIDTH="38" HEIGHT="21" WC="0.96" CONTENT="har"/><SP WIDTH="21" VPOS="424" HPOS="660"/>
							<String ID="string_71" HPOS="681" VPOS="424" WIDTH="49" HEIGHT="21" WC="0.92" CONTENT="med"/><SP WIDTH="22" VPOS="424" HPOS="730"/>
							<String ID="string_72" HPOS="752" VPOS="424" WIDTH="117" HEIGHT="26" WC="0.95" CONTENT="anledning"/>
						</TextLine>
						<TextLine ID="line_9" HPOS="109" VPOS="452" WIDTH="757" HEIGHT="29">
							<String ID="string_73" HPOS="109" VPOS="454" WIDTH="60" HEIGHT="21" WC="0.96" CONTENT="häraf"/><SP WIDTH="21" VPOS="454" HPOS="169"/>
							<String ID="string_74" HPOS="190" VPOS="454" WIDTH="77" HEIGHT="26" WC="0.93" CONTENT="hållits,"/><SP WIDTH="22" VPOS="454" HPOS="267"/>
							<String ID="string_75" HPOS="289" VPOS="460" WIDTH="49" HEIGHT="15" WC="0.96" CONTENT="men"/><SP WIDTH="16" VPOS="460" HPOS="338"/>
							<String ID="string_76" HPOS="354" VPOS="454" WIDTH="70" HEIGHT="27" WC="0.95" CONTENT="någon"/><SP WIDTH="16" VPOS="454" HPOS="424"/>
							<String ID="string_77" HPOS="440" VPOS="453" WIDTH="97" HEIGHT="27" WC="0.96" CONTENT="praktisk"/><SP WIDTH="14" VPOS="453" HPOS="537"/>
							<String ID="string_78" HPOS="551" VPOS="452" WIDTH="79" HEIGHT="28" WC="0.96" CONTENT="påföljd"/><SP WIDTH="17" VPOS="452" HPOS="630"/>
							<String ID="string_79" HPOS="647" VPOS="452" WIDTH="61" HEIGHT="22" WC="0.96" CONTENT="däraf"/><SP WIDTH="13" VPOS="452" HPOS="708"/>
							<String ID="string_80" HPOS="721" VPOS="452" WIDTH="38" HEIGHT="21" WC="0.96" CONTENT="har"/><SP WIDTH="16" VPOS="452" HPOS="759"/>
							<String ID="string_81" HPOS="775" VPOS="454" WIDTH="58" HEIGHT="19" WC="0.96" CONTENT="ännu"/><SP WIDTH="15" VPOS="454" HPOS="833"/>
							<String ID="string_82" HPOS="848" VPOS="452" WIDTH="18" HEIGHT="26" WC="0.95" CONTENT="ej"/>
						</TextLine>
						<TextLine ID="line_10" HPOS="109" VPOS="483" WIDTH="110" HEIGHT="27">
							<String ID="string_83" HPOS="109" VPOS="483" WIDTH="56" HEIGHT="21" WC="0.96" CONTENT="visat"/><SP WIDTH="15" VPOS="483" HPOS="165"/>
							<String ID="string_84" HPOS="180" VPOS="483" WIDTH="39" HEIGHT="27" WC="0.96" CONTENT="sig."/>
						</TextLine>
					</TextBlock>
				</ComposedBlock>
				<GraphicalElement ID="cblock_2" HPOS="109" VPOS="520" WIDTH="758" HEIGHT="7"></GraphicalElement >
				<ComposedBlock ID="cblock_3" HPOS="179" VPOS="540" WIDTH="344" HEIGHT="21">
					<TextBlock ID="block_2" HPOS="179" VPOS="540" WIDTH="344" HEIGHT="21">
						<TextLine ID="line_11" HPOS="179" VPOS="540" WIDTH="344" HEIGHT="21">
							<String ID="string_85" HPOS="179" VPOS="540" WIDTH="106" HEIGHT="21" WC="0.92" CONTENT="Ruskeala"/><SP WIDTH="16" VPOS="540" HPOS="285"/>
							<String ID="string_86" HPOS="301" VPOS="540" WIDTH="41" HEIGHT="21" WC="0.96" CONTENT="den"/><SP WIDTH="17" VPOS="540" HPOS="342"/>
							<String ID="string_87" HPOS="359" VPOS="540" WIDTH="25" HEIGHT="20" WC="0.96" CONTENT="11"/><SP WIDTH="17" VPOS="540" HPOS="384"/>
							<String ID="string_88" HPOS="401" VPOS="540" WIDTH="44" HEIGHT="21" WC="0.96" CONTENT="Juli"/><SP WIDTH="17" VPOS="540" HPOS="445"/>
							<String ID="string_89" HPOS="462" VPOS="540" WIDTH="61" HEIGHT="21" WC="0.96" CONTENT="1902."/>
						</TextLine>
					</TextBlock>
				</ComposedBlock>
				<ComposedBlock ID="cblock_4" HPOS="654" VPOS="601" WIDTH="145" HEIGHT="63">
					<TextBlock ID="block_3" HPOS="654" VPOS="601" WIDTH="145" HEIGHT="63">
						<TextLine ID="line_12" HPOS="654" VPOS="601" WIDTH="145" HEIGHT="23">
							<String ID="string_90" HPOS="654" VPOS="603" WIDTH="20" HEIGHT="21" WC="0.91" CONTENT="J."/><SP WIDTH="14" VPOS="603" HPOS="674"/>
							<String ID="string_91" HPOS="688" VPOS="601" WIDTH="111" HEIGHT="23" WC="0.90" CONTENT="Jalkanen."/>
						</TextLine>
						<TextLine ID="line_13" HPOS="654" VPOS="636" WIDTH="145" HEIGHT="28">
							<String ID="string_92" HPOS="654" VPOS="636" WIDTH="145" HEIGHT="28" WC="0.95" CONTENT="Kyrkoherde."/>
						</TextLine>
					</TextBlock>
				</ComposedBlock>
				<ComposedBlock ID="cblock_5" HPOS="125" VPOS="693" WIDTH="744" HEIGHT="53">
					<TextBlock ID="block_4" HPOS="125" VPOS="693" WIDTH="744" HEIGHT="53">
						<TextLine ID="line_14" HPOS="179" VPOS="693" WIDTH="690" HEIGHT="29">
							<String ID="string_93" HPOS="179" VPOS="695" WIDTH="116" HEIGHT="27" WC="0.91" CONTENT="Utdragets"/><SP WIDTH="16" VPOS="695" HPOS="295"/>
							<String ID="string_94" HPOS="311" VPOS="695" WIDTH="102" HEIGHT="27" WC="0.96" CONTENT="riktighet"/><SP WIDTH="15" VPOS="695" HPOS="413"/>
							<String ID="string_95" HPOS="428" VPOS="695" WIDTH="123" HEIGHT="27" WC="0.91" CONTENT="bestyrker:"/><SP WIDTH="30" VPOS="695" HPOS="551"/>
							<String ID="string_96" HPOS="581" VPOS="694" WIDTH="108" HEIGHT="21" WC="0.95" CONTENT="Ruskeala"/><SP WIDTH="16" VPOS="694" HPOS="689"/>
							<String ID="string_97" HPOS="705" VPOS="694" WIDTH="40" HEIGHT="21" WC="0.96" CONTENT="den"/><SP WIDTH="9" VPOS="694" HPOS="745"/>
							<String ID="string_98" HPOS="754" VPOS="689" WIDTH="13" HEIGHT="37" WC="0.96" CONTENT="7"/><SP WIDTH="-5" VPOS="689" HPOS="767"/>
							<String ID="string_99" HPOS="762" VPOS="693" WIDTH="107" HEIGHT="27" WC="0.96" CONTENT="januari"/>
						</TextLine>
						<TextLine ID="line_15" HPOS="125" VPOS="724" WIDTH="47" HEIGHT="22">
							<String ID="string_100" HPOS="125" VPOS="724" WIDTH="47" HEIGHT="22" WC="0.95" CONTENT="905."/>
						</TextLine>
					</TextBlock>
				</ComposedBlock>
				<ComposedBlock ID="cblock_6" HPOS="652" VPOS="757" WIDTH="149" HEIGHT="62">
					<TextBlock ID="block_5" HPOS="652" VPOS="757" WIDTH="149" HEIGHT="62">
						<TextLine ID="line_16" HPOS="652" VPOS="757" WIDTH="146" HEIGHT="22">
							<String ID="string_101" HPOS="652" VPOS="757" WIDTH="20" HEIGHT="22" WC="0.92" CONTENT="J."/><SP WIDTH="15" VPOS="757" HPOS="672"/>
							<String ID="string_102" HPOS="687" VPOS="757" WIDTH="111" HEIGHT="22" WC="0.90" CONTENT="Jalkanen."/>
						</TextLine>
						<TextLine ID="line_17" HPOS="654" VPOS="791" WIDTH="147" HEIGHT="28">
							<String ID="string_103" HPOS="654" VPOS="791" WIDTH="147" HEIGHT="28" WC="0.70" CONTENT="Kyrkoherde."/>
						</TextLine>
					</TextBlock>
				</ComposedBlock>
			</PrintSpace>
		</Page>
	</Layout>
</alto>
