1109 1773
276 150 41 19 112
455 146 246 23 Petitionsbetänkande
718 146 37 23 N:o
771 146 22 23 3.

245 211 130 24 ledamöter
391 211 131 28 verkställt,
548 212 1 21 i
566 212 88 28 många
675 211 40 23 fall
741 210 92 30 ådragit
855 211 37 29 sig
915 211 84 23 lärare-

245 247 89 23 kårens
351 247 43 22 och
411 247 173 23 allmänhetens
606 247 125 29 ogillande.
763 247 34 22 De
814 246 41 23 två
870 246 44 23 här
930 247 70 23 ofvan

247 283 51 28 (sid.
310 287 41 19 109
361 289 19 16 o.
390 283 35 28 ff.)
435 283 97 23 anförda
541 283 73 22 fallen
623 283 77 22 vittna
708 284 8 21 i
725 283 36 22 sin
771 282 56 23 män
837 289 38 16 om
884 283 73 22 sättet
965 283 36 22 för

247 319 81 28 dylika
339 319 174 29 inspektioners
524 319 131 22 utförande.
672 318 168 30 Egendomligt
852 318 42 23 och
906 319 94 28 oegent-

246 355 45 28 ligt
311 361 70 23 synes
401 355 40 22 det
460 355 36 22 för
515 354 70 29 öfrigt
604 354 128 27 Utskottet,
753 355 33 22 att
805 354 115 29 protokoll
936 354 64 23 öfver

247 390 71 23 dessa
339 391 214 28 undersökningar,
570 391 8 22 i
593 391 59 22 trots
672 390 24 23 af
715 390 143 29 stadgandet
874 391 8 21 i
898 389 102 24 skolord-

248 427 102 29 ningens
367 427 14 28 $
399 430 27 19 72
442 426 149 23 beträffande
613 427 170 22 visitationer
775 421 15 39 i
801 426 134 27 allmänhet,
953 425 48 23 ofta

247 462 54 23 icke
318 463 58 22 förts
393 462 56 23 eller
465 462 143 23 åtminstone
624 462 53 23 icke
693 461 169 24 öfverlämnats
873 461 36 23 till
922 456 78 28 Öfver-

248 498 124 29 styrelsen.

323 533 83 24 Såsom
423 534 152 29 synnerligen
591 533 135 30 betänkligt
742 533 75 23 måste
828 533 123 23 Utskottet
962 533 38 23 be-

249 569 94 28 teckna,
369 570 35 21 att
427 569 175 30 behandlingen
627 569 24 23 af
673 569 176 29 angifvelserna
864 570 8 21 i
888 569 28 23 de
932 569 69 23 flesta

248 605 42 23 fall
302 605 140 30 öfvertagits
459 605 25 23 af
499 601 212 27 Öfverdirektören.
734 605 79 28 Enligt
829 606 14 28 8
861 609 27 18 12
904 607 8 20 i
928 606 73 29 regle-

250 642 91 22 mentet
356 641 37 22 för
409 641 236 29 Skolöfverstyrelsen
667 641 24 22 af
711 641 45 22 den
779 645 26 18 18
827 641 97 22 oktober
946 644 56 20 1898

250 677 79 23 tillhör
345 677 40 22 det
404 672 186 34 Öfverstyrelsen
615 677 78 23 såsom
716 677 129 29 kollegium
870 678 34 21 att
928 677 74 23 öfver-

249 713 64 23 vaka
339 714 119 22 lärarenes
484 712 229 24 lärareverksamhet
739 713 43 22 och
807 713 146 29 behandling
979 712 24 23 af

249 749 139 29 ungdomen
414 749 124 23 äfvensom
565 749 68 23 deras
659 748 148 30 uppförande
831 748 44 23 och
898 749 105 22 lefverne

251 784 42 30 (jfr
309 785 71 22 äfven
399 786 14 28 8
426 789 26 19 73
464 786 8 22 i
483 785 184 29 skolordningen
684 785 24 22 af
724 784 46 23 den
787 788 12 19 8
817 786 95 28 augusti
930 786 72 33 1872).

251 820 60 24 Lika
327 821 51 22 litet
395 828 50 15 som
461 822 8 22 i
486 820 75 30 öfriga
581 820 126 30 kollegiala
726 820 158 28 ämbetsverk,
903 820 43 23 har
966 815 37 29 Öf-

250 856 178 24 verdirektören
460 857 78 23 såsom
567 856 74 23 sådan
668 864 28 16 en
723 856 102 23 särskild
856 856 147 29 myndighet,

251 893 98 22 hvilken
369 893 78 23 skulle
468 893 115 29 berättiga
607 893 85 22 honom
717 893 35 22 att
775 893 51 22 föra
850 899 29 16 en
904 893 100 22 ämbets-

251 928 190 30 korrespondens
463 929 30 30 på
516 929 66 22 sidan
609 935 37 16 om
671 923 189 34 Öfverstyrelsen
883 929 7 21 i
914 928 90 23 dennas

252 964 204 29 angelägenheter
472 965 62 22 samt
550 966 35 21 att
600 965 31 28 på
647 971 62 22 egen
724 964 65 23 hand
809 964 97 29 vidtaga
928 965 76 28 åtgär-

251 1000 42 23 der
318 1001 56 22 eller
398 1000 23 23 af
445 1000 180 23 underordnade
649 1001 58 22 äska
731 1000 104 23 sådanas
852 1000 152 29 vidtagande.

251 1036 103 23 Hvilken
371 1036 52 23 fara
438 1037 36 22 för
491 1036 194 28 maktmissbruk,
697 1043 50 16 som
763 1036 78 29 ligger
856 1037 8 21 i
880 1037 34 21 ett
930 1036 75 29 dylikt

251 1071 143 28 förfarande,
417 1072 44 23 har
481 1072 72 23 redan
572 1072 102 23 faktiskt
689 1073 62 22 visat
767 1073 38 28 sig
819 1073 8 21 i
844 1071 57 23 flere
917 1072 41 23 fall
974 1074 31 21 än

252 1107 41 23 det
313 1108 44 22 här
378 1108 72 23 ofvan
471 1108 98 23 anförda
594 1108 119 29 märkliga
729 1108 66 23 fallet
810 1107 148 24 beträffande
976 1114 29 17 en

252 1143 122 23 lärarinna
390 1144 40 23 vid
447 1143 127 24 Sordavala
590 1145 161 22 seminarium.

325 1215 35 23 De
377 1216 111 29 politiska
504 1215 177 30 angifvelserna
705 1215 56 24 eller
784 1215 29 23 de
837 1215 169 27 förhållanden,

253 1251 82 23 hvilka
359 1251 138 23 framkallat
520 1251 61 28 dem,
603 1251 31 22 ha
653 1251 91 30 jämväl
767 1251 117 23 föranledt
904 1251 103 29 olagliga

253 1287 202 29 tvångsåtgärder
478 1291 48 19 mot
550 1288 75 22 lärare
649 1288 43 22 och
716 1288 131 22 lärarinnor
864 1287 54 23 från
934 1288 72 28 Rege-

253 1324 98 28 ringens
368 1323 58 23 sida.

326 1359 105 23 Lektorn
447 1359 40 23 vid
504 1359 130 29 Uleåborgs
650 1359 81 23 finska
747 1359 94 29 lyceum
856 1359 88 22 Maunu
964 1359 42 22 Ro-

255 1395 83 23 sendal
367 1395 86 29 angafs
477 1395 35 22 för
536 1396 35 22 att
594 1395 73 23 hafva
691 1395 99 29 deltagit
806 1396 7 21 i
830 1402 30 15 en
876 1395 131 29 regerings-

254 1430 95 30 fientlig
366 1430 189 23 sammankomst
571 1432 7 21 i
595 1430 176 24 hufvudstaden
785 1430 46 23 den
844 1434 26 19 12
882 1430 126 22 november

256 1470 64 19 1902.
352 1466 65 23 Efter
441 1474 30 15 en
494 1466 168 24 förberedande
687 1466 174 29 skriftväxling,
883 1472 37 16 om
937 1466 71 23 hvars

327 1514 100 18 Allmänna
440 1515 182 18 Petitionsutskottets
634 1515 111 18 betänkande
757 1514 35 18 N:o
805 1516 16 17 1.
