1114 1775
243 151 25 13 12
443 144 283 22 Petitionsbetänkande
744 144 42 21 N:o
803 144 23 21 6.

285 209 613 28 Kaavinselkä—
483 205 140 36 Rikkavesi—
634 209 264 28 Juojärvi—Suvasvesi;

286 245 482 29 Kermajärvi—Petrumajärvi—
665 241 105 38 Juojärvi.

313 293 235 18 Petitionsmemorialen
563 298 9 17 3
586 292 39 19 och
637 298 17 17 4.

286 337 76 20 Dessa
386 335 96 29 förslag,
506 335 83 22 hvilka
606 335 125 22 Utskottet
753 335 129 22 behandlat
899 335 96 22 tillsam-

239 379 75 20 mans,
340 371 49 22 afse
413 371 163 28 kanalisering
600 371 23 22 af
638 371 41 22 det
699 372 102 21 österom
819 370 121 23 Kallavesi
956 370 38 22 be-

239 407 73 28 lägna
328 410 181 25 vattensystem,
526 414 50 15 som
593 410 128 25 utmynnar
732 406 7 21 i
750 407 113 28 Juojärvi.
888 407 36 21 De
935 406 59 22 båda

239 443 122 28 förslagen
385 443 69 28 skilja
472 443 38 28 sig
533 443 204 28 hufvudsakligen
757 442 55 27 däri,
829 445 36 19 att
880 442 114 28 förslaget

239 479 46 21 N:o
301 486 13 22 3
331 479 63 22 afser
415 479 120 28 Juojärvis
551 478 156 22 förbindande
726 478 54 22 med
796 479 129 26 Suvasvesi,
941 478 30 21 då
986 477 7 22 i

239 514 264 29 petitionsmemorialet
523 515 44 21 N:o
588 521 14 21 4
622 514 96 22 föreslås
738 521 28 14 en
785 514 72 22 kanal
878 515 48 20 från
940 515 53 24 Juo-

235 550 60 27 järvi
313 551 35 21 till
365 551 143 26 Kermajärvi.

285 586 131 29 Angående
436 586 30 22 de
482 586 135 29 föreslagna
633 585 198 29 sträckningarna
847 586 24 22 af
886 587 45 21 den
949 585 44 23 till-

239 622 85 22 tänkta
335 622 107 22 farleden
452 624 42 20 har
506 622 127 23 Utskottet
643 623 57 21 varit
710 622 105 28 benäget
826 625 36 19 att
873 622 66 29 gifva
951 621 42 22 sitt

239 658 154 22 erkännande
409 658 167 22 företrädesvis
593 658 25 22 åt
633 658 45 22 den
695 658 125 29 sydligare,
837 665 51 15 som
905 664 87 22 genom

240 694 89 22 Kerma
345 694 73 22 kanal
434 694 96 22 komme
542 697 36 19 att
588 697 117 25 utmynna
716 694 8 22 i
735 694 103 22 Saimen.
870 694 37 22 Då
918 693 74 29 något

238 730 304 28 undersökningsmaterial
558 730 53 22 icke
622 731 57 21 stått
690 730 126 23 Utskottet
828 730 36 22 till
874 730 66 24 buds,
952 730 40 20 har

239 766 127 22 Utskottet
382 766 132 22 emellertid
530 766 53 22 icke
594 766 89 22 kunnat
694 766 91 28 afgifva
796 766 75 28 något
882 765 110 29 yttrande

238 801 37 22 till
291 802 93 22 förmån
400 802 36 22 för
452 802 46 22 den
515 809 44 15 ena
576 802 56 22 eller
648 802 73 22 andra
737 801 147 30 riktningen,
895 801 97 23 hvarför

239 837 127 23 Utskottet
386 838 96 22 beslutit
498 839 126 21 hemställa
640 845 38 15 om
698 837 97 23 teknisk
811 837 181 28 undersökning

238 873 24 22 af
279 874 28 21 de
324 874 144 22 alternativa
484 875 120 27 förslagen
620 874 6 21 i
644 874 73 22 tanke
734 877 36 18 att
785 881 30 14 en
828 873 164 28 kanalisering

237 909 80 22 skulle
337 910 121 28 företagas
479 910 24 22 af
523 910 45 22 den
590 910 99 27 sträcka,
705 917 51 15 som
772 909 85 22 härvid
873 909 64 22 visar
953 909 38 28 sig

237 945 193 29 fördelaktigare.

285 981 32 22 På
338 981 78 29 grund
441 982 24 21 af
488 981 170 23 ofvanstående
674 982 36 21 får
726 982 127 22 Utskottet
869 981 121 22 vördsamt

237 1017 88 22 föreslå,

326 1035 5 10 ”
526 1049 35 20 att
574 1048 134 21 Ständerna
724 1047 53 22 ville
794 1047 86 22 besluta
892 1048 40 21 hos
945 1047 45 22 Re-

452 1084 113 28 geringen
582 1083 119 22 hemställa
716 1091 36 14 om
766 1083 90 22 teknisk
865 1083 125 22 undersök-

454 1119 60 29 ning
535 1120 31 27 af
577 1120 110 27 Juojärvi
707 1119 41 22 och
772 1119 97 22 därmed
874 1119 116 29 förenade

454 1155 138 28 vattendrag
597 1156 45 27 för
662 1157 35 20 att
715 1157 93 23 utröna,
820 1157 34 27 pä
869 1156 63 21 hvad
944 1157 48 20 sätt

454 1192 40 21 och
514 1192 53 21 med
585 1192 77 21 hvilka
680 1192 124 21 kostnader
824 1192 62 22 detta
902 1194 87 20 vatten-

457 1228 59 28 drag
529 1228 77 21 kunde
618 1230 70 26 göras
704 1227 93 29 tjänligt
802 1228 45 28 för
862 1228 74 29 trafik.

282 1334 170 29 Kanalisering
466 1336 30 28 af
506 1337 66 20 näset
582 1336 84 21 mellan
676 1336 122 22 Akonvesi
810 1336 39 21 och
868 1337 120 28 Vuotjärvi.

309 1393 208 19 Petitionsmemotial
530 1400 16 17 5.

282 1435 172 30 Kanalisering
477 1437 23 21 af
515 1437 159 28 Juvankoski,
690 1445 51 15 som
758 1438 93 22 förenar
866 1439 123 21 Akonvesi

235 1471 55 22 med
309 1471 130 29 Vuotjärvi,
456 1472 43 22 har
515 1473 59 22 efter
590 1473 157 23 införskaffad
764 1474 130 29 utredning
910 1474 24 22 af
947 1475 42 22 Ut-

303 1514 185 21 Järnvägsutskottets
501 1516 106 15 betänkande
619 1516 35 16 N:o
666 1521 16 14 3.
