1111 1778
236 157 29 22 20
439 156 279 23 Petitionsbetänkande
734 156 44 23 N:o
793 156 20 22 1.

308 224 10 20 I
337 223 132 21 förenämnda
489 223 93 21 manifest
600 223 22 20 af
636 223 39 21 den
692 224 28 20 20
736 223 41 27 juni
795 223 56 20 1900
868 222 66 20 finnes
950 222 37 21 vis-

236 253 85 27 serligen
346 253 98 27 stadgadt,
468 257 29 17 att
520 253 24 20 de
560 253 22 20 af
596 257 94 16 senatens
705 252 239 27 ekonomiedepartement
959 251 28 21 af-

236 283 57 27 gifna
315 283 92 27 utslagen
430 283 76 25 kunna,
530 283 66 20 därest
618 283 94 27 sakegare
730 283 68 20 därom
814 282 96 25 anhäller,
925 282 62 20 förses

235 313 46 20 med
304 321 25 12 en
345 313 145 27 öfversättning
505 313 31 20 till
551 313 33 20 det
598 313 106 20 inhemska
719 313 86 27 spräket.
835 312 49 20 Men
903 312 84 20 erfaren-

236 343 59 20 heten
310 343 45 20 från
371 343 119 27 föregående
506 343 54 24 tider,
576 343 27 20 då
618 343 39 20 den
672 343 150 20 finskatalande
842 342 145 26 befolkningen

236 373 63 20 måste
323 372 74 28 kämpa
417 376 41 17 mot
474 373 33 20 det
523 373 236 27 öfversättningssystem,
775 379 41 13 som
832 372 80 20 dämera
926 371 61 21 rådde

237 403 25 20 de
278 403 105 20 inhemska
399 403 86 26 spräken
501 403 91 24 emellan,
608 403 37 20 har
660 403 45 20 med
720 402 73 27 sorglig
808 402 98 27 tydlighet
916 402 72 26 ädaga-

236 432 48 27 lagt,
300 432 69 21 hvilka
385 432 148 27 förvecklingar
547 433 37 20 och
600 433 112 20 rättsvädor
727 436 28 17 ett
771 431 65 28 dylikt
852 435 72 23 system
943 431 44 20 med

236 463 150 26 nödvändighet
401 462 124 21 framkallar.
541 463 11 20 I
568 463 44 20 vårt
627 462 54 21 folks
697 462 131 21 medvetande
846 461 36 21 har
892 461 57 27 djupt
959 461 29 20 in-

236 495 52 18 rotat
310 493 30 26 sig
355 493 39 20 den
410 493 162 26 uppfattningen,
588 495 30 18 att
632 492 64 21 folket
711 499 46 20 eger
771 493 40 19 rätt
826 495 29 17 att
870 491 36 20 hos
922 491 65 21 veder-

236 522 88 21 börande
347 522 76 21 erhålla
446 523 44 20 sina
513 522 121 27 handlingar
652 523 6 19 i
673 522 83 27 original
771 523 27 26 på
813 522 34 20 sitt
862 525 44 23 eget
922 521 65 27 språk.

236 552 76 20 Därför
327 552 66 21 skulle
408 560 25 13 en
449 553 139 26 missräkning,
604 559 42 14 som
662 552 105 27 själffallet
786 559 45 14 vore
841 551 76 27 följden
928 551 22 20 af
960 554 28 17 ett

237 582 150 21 åsidosättande
403 582 21 21 af
439 583 68 19 denna
522 582 100 27 naturliga
636 582 87 25 fordran,
739 583 58 26 djupt
811 581 69 21 beröra
896 581 45 20 hela
951 581 36 20 fol-

237 612 34 20 ket
294 612 36 21 och
354 612 111 27 säkerligen
485 612 118 21 underhålla
622 615 29 17 ett
668 612 89 27 ständigt
772 612 92 27 missnöje
880 611 37 21 och
932 611 56 20 miss-

236 642 82 20 troende
333 642 74 21 mellan
423 642 65 21 folket
503 642 37 21 och
554 642 122 27 regeringen.

308 672 163 21 Vidkommande
494 672 167 27 skriftväxlingen
678 672 73 21 mellan
767 675 93 17 senatens
876 671 110 20 ekonomie-

237 702 137 26 departement
391 703 13 19 &
419 709 39 13 ena
473 702 57 20 sidan
545 702 104 20 äfvensom
665 702 24 20 de
705 702 116 20 densamma
835 701 151 27 underlydande

236 732 88 20 centrala
347 732 152 20 ämbetsverken
520 732 36 20 och
566 731 166 27 länestyrelserna
747 732 13 20 å
775 732 39 20 den
833 731 68 25 andra,
916 732 22 19 är
953 731 34 20 det

236 762 119 26 naturligast
375 762 37 20 och
428 762 31 20 för
473 762 110 20 ärendenas
598 762 72 26 riktiga
684 762 124 26 behandling
822 761 112 27 lyckligast,
957 764 30 17 att

236 792 62 20 äfven
321 792 67 20 denna
410 792 47 20 sker
473 792 27 26 på
515 792 34 20 det
564 792 66 26 språk,
648 798 41 14 som
705 791 51 21 talas
772 792 21 19 af
809 791 39 20 den
863 791 123 26 befolkning,

237 822 59 20 hvars
312 822 140 20 förhållanden
468 822 37 20 och
520 822 87 20 ärenden
624 822 62 26 sagda
701 821 142 27 skriftväxling
858 821 62 20 berör.
939 821 47 20 Den

237 852 105 26 viktigaste
366 852 57 20 delen
444 852 58 20 häraf
517 853 78 25 utgöres
610 852 32 20 för
657 852 22 20 så
694 852 43 20 vidt
753 852 18 20 vi
787 851 62 20 hafva
864 858 32 14 oss
912 850 75 21 bekant

237 881 22 20 af
274 882 25 20 de
314 881 107 27 yttranden
437 882 131 20 förenämnda
584 885 82 17 senaten
681 881 152 27 underlydande
851 880 136 28 myndigheter

237 911 63 21 hafva
315 915 29 17 att
360 911 76 27 afgifva
452 912 103 26 angående
570 911 127 21 kommuners
712 911 49 21 eller
775 910 93 21 enskilda
885 917 102 21 personers

236 942 28 26 på
274 942 25 19 de
309 941 105 20 inhemska
425 941 86 27 språken
523 941 97 21 affattade
630 941 136 27 ansökningar
776 941 106 20 äfvensom
894 940 22 21 af
928 940 59 20 skrif-

237 971 68 25 velser,
328 971 70 21 hvilka
413 978 74 14 annars
503 973 50 18 nära
568 971 68 21 beröra
654 971 91 21 enskilda
763 978 93 20 personer
871 970 49 20 eller
934 970 54 21 kom-

236 1008 75 13 muner.
342 1001 11 20 I
377 1001 57 20 dessa
457 1002 107 26 yttranden
588 1001 110 20 behandlas
720 1001 42 20 ofta
781 1001 24 20 de
821 1001 31 19 för
867 1001 48 20 våra
930 1000 58 20 förål-

236 1030 75 21 landen
328 1032 84 26 säregna
428 1031 144 27 komplicerade
587 1031 175 27 jordbesittnings-,
779 1030 85 25 skiftes-,
880 1030 108 27 skattlägg-

236 1061 67 26 nings-
327 1067 25 14 m.
375 1061 23 20 fl.
419 1061 72 26 frågor,
511 1060 79 21 hvilkas
610 1067 118 20 noggranna
748 1060 124 27 behandling
887 1060 26 27 på
928 1060 61 27 något

236 1094 64 17 annat
315 1092 26 19 än
357 1091 27 26 på
397 1091 34 20 det
441 1091 22 20 af
475 1091 121 26 sakegarena
606 1091 94 20 använda
710 1090 105 21 inhemska
823 1090 81 27 språket
915 1091 74 26 näppe-

236 1120 54 27 ligen
314 1121 55 20 torde
393 1127 48 14 vara
463 1121 68 26 möjlig
550 1127 35 14 ens
605 1121 31 20 för
651 1121 45 24 den,
712 1127 41 14 som
769 1120 49 20 fullt
833 1120 108 20 behärskar
956 1120 33 20 det

236 1150 126 21 främmande
377 1151 86 26 språket.
494 1151 48 19 Men
558 1151 26 19 då
600 1157 24 14 en
641 1150 56 27 dylik
713 1150 95 27 kunskap
821 1150 6 19 i
838 1149 61 27 ryska
910 1149 80 27 språket

236 1183 72 24 ytterst
323 1180 64 21 sällan
404 1180 97 27 påträffas
517 1180 36 20 hos
570 1181 48 19 våra
632 1180 131 24 ämbetsmän,
779 1180 42 20 kan
836 1180 34 20 det
885 1180 61 19 redan
963 1180 26 26 på

236 1210 87 20 förhand
344 1210 85 21 förutses
449 1210 69 21 hvilka
537 1210 160 27 oöfverskådliga
712 1210 127 27 olägenheter
854 1209 38 21 och
907 1209 81 21 hvilken

237 1240 64 20 skada
324 1241 55 20 detta
402 1241 147 26 förfaringssätt
568 1240 77 20 komme
661 1243 29 17 att
706 1240 54 21 vålla
775 1240 111 20 ärendenas
903 1239 86 20 behand-

236 1270 48 27 ling.
315 1270 108 20 Dessutom
447 1270 42 21 kan
509 1270 34 20 det
564 1270 90 25 inträffa,
678 1273 30 18 att
730 1273 29 18 ett
781 1270 29 20 uti
833 1269 157 21 administrativa

237 1300 128 20 ämbetsverk
381 1300 124 20 behandladt
519 1300 73 20 ärende
608 1300 88 20 kommer
712 1303 29 17 att
751 1299 133 21 underkastas
894 1299 95 21 domstols

237 1330 128 27 ompröfning
379 1330 50 20 eller
443 1333 30 17 att
488 1330 108 20 detsamma
612 1329 54 21 skall
681 1330 80 27 bringas
778 1329 30 20 till
826 1329 127 20 kommuners
963 1329 26 20 el-

236 1360 30 19 ler
287 1360 84 20 enskida
387 1360 104 27 sakegares
508 1359 118 25 kännedom,
643 1360 5 19 i
664 1359 77 21 hvilket
756 1359 43 25 fall,
816 1359 66 20 därest
898 1359 91 21 vederbö-

237 1390 87 20 randens
340 1389 116 21 uttalanden
473 1389 103 21 äfvensom
592 1389 52 27 öfrig
659 1389 142 27 skriftväxling
811 1390 6 19 i
827 1391 69 18 ämnet
906 1392 33 24 egt
950 1385 42 36 rum

237 1419 27 27 på
287 1419 61 27 ryska
371 1419 86 27 språket,
478 1419 58 20 dessa
558 1419 27 27 på
608 1419 34 20 det
657 1419 124 20 sistnämnda
797 1419 81 26 språket
893 1419 97 20 affattade

237 1449 121 27 handlingar
380 1450 42 19 åter
444 1449 60 21 borde
527 1449 119 20 öfversättas
669 1449 31 20 till
722 1449 25 20 de
769 1448 106 20 inhemska
898 1448 91 27 språken.

236 1478 105 28 Naturligt
363 1480 22 19 är
408 1482 29 17 att
457 1486 25 13 en
503 1478 56 28 dylik
574 1478 243 28 öfversättningprocedyr
833 1478 51 21 fram
900 1478 37 21 och
952 1478 38 20 till-

306 1520 63 18 Särsk.
383 1520 53 18 Besv.
449 1520 46 18 utsk.
508 1520 32 17 bet.
553 1518 35 19 N:o
600 1520 15 17 1.
