1106 1773
316 158 246 23 Petitionsbetänkande
579 158 37 23 N:o
633 157 23 23 4.
803 160 26 19 33

179 223 53 18 Efter
245 223 79 18 senaste
337 223 94 23 landtdag
443 223 36 18 har
493 223 63 18 denna
569 223 58 23 fräga
639 223 26 22 pä
677 223 86 18 initiativ
777 223 19 18 af
808 223 54 24 Björ-

105 253 85 22 neborgs
204 253 44 18 stad
260 253 37 18 och
310 253 61 22 nägra
384 253 171 18 landskommuner
576 253 63 18 blifvit
659 253 106 22 yttermera
786 252 75 19 utredd.

106 283 65 18 Under
189 283 80 22 ledning
282 283 21 18 af
315 282 89 23 ingeniör
424 283 21 18 E.
458 283 64 18 Sonck
543 282 36 18 har
598 283 115 22 fullständig
725 283 136 18 instrumental

107 313 147 22 undersökning
272 312 106 19 värkstälts
398 312 12 18 &
427 313 60 24 linjen
506 312 139 25 Björneborg-
650 308 138 33 Kankaanpää,
805 313 56 18 och
848 308 17 33 i

106 343 142 22 sammanhang
273 343 79 17 därmed
376 343 60 18 hafva
457 342 98 23 behöfliga
576 343 53 22 plan-
648 343 36 18 och
706 343 155 23 profilritningar

106 373 53 18 samt
170 371 204 24 kostnadsberäkning
386 373 107 23 uppgjorts.
519 373 103 18 Dessutom
642 372 61 18 hafva
715 373 48 18 flere
775 373 87 18 kommu-

106 407 35 14 ner
154 402 37 18 och
204 402 88 19 enskilda
312 407 93 18 personer
425 402 99 18 förbundit
545 403 31 22 sig
593 403 30 17 att
635 402 120 19 understöda
767 402 94 23 förslaget

108 437 70 18 genom
192 433 28 17 att
232 432 138 18 kostnadsfritt
390 432 52 18 afstä
463 432 30 18 för
511 432 244 24 järnvägsanläggningen
777 432 84 23 behöflig

107 463 56 18 mark
182 463 45 17 eller
240 467 69 18 genom
322 462 172 23 penningebidrag,
516 462 35 18 allt
572 463 51 17 detta
646 462 59 18 likväl
719 463 61 18 under
792 463 69 17 villkor

108 493 30 18 att
150 491 196 24 byggnadsarbetena
358 492 55 18 skola
426 492 91 24 påbörjas
530 492 41 18 före
585 493 60 18 våren
659 492 52 19 1909.

180 522 66 18 Denna
258 521 52 19 bana
322 522 77 18 komme
412 522 50 18 dock
474 522 44 18 icke
531 522 30 18 att
574 523 77 18 ensamt
663 522 81 24 betjäna
755 523 107 18 lokaitrafi-

108 552 43 18 ken.
176 552 42 17 Den
230 551 63 19 blefve
306 556 24 13 en
344 551 68 25 början
430 552 29 18 till
472 557 24 13 en
509 553 86 22 naturlig
608 552 36 19 och
657 553 44 18 kort
714 552 147 23 föreningslänk

107 583 71 17 mellan
190 582 98 18 mellersta
301 581 81 19 Finland
395 581 36 19 och
444 582 72 18 hafvet.

180 611 30 18 Då
219 613 36 22 jag
267 611 37 18 har
316 612 61 23 vågat
390 612 78 18 anhålla
481 617 31 13 om
525 612 29 18 att
567 612 110 19 Ständerna
685 612 64 19 denna
758 607 45 33 gång
816 607 45 33 ville

108 642 54 23 gifva
175 642 35 17 sitt
222 641 53 18 bifall
288 641 28 18 till
330 641 111 24 byggandet
454 642 20 18 af
486 642 71 18 nämda
567 642 90 24 järnväg,
673 642 34 19 vill
720 643 37 23 jag
766 642 95 24 därjämte

108 672 100 18 vördsamt
220 671 110 22 omnämna,
342 672 30 17 att
384 672 29 18 för
426 672 38 18 den
477 672 93 18 händelse
583 672 110 19 Ständerna
705 673 44 18 icke
761 673 61 18 heller
834 677 27 14 nu

109 707 47 13 anse
174 702 30 23 sig
217 702 65 18 kunna
296 702 66 18 bifalla
375 702 28 18 till
424 702 75 18 banans
521 702 108 23 byggande,
642 702 101 24 möjlighet
755 702 106 19 förefinnes

109 732 29 18 att
151 732 65 18 banan
228 732 65 18 kunde
306 732 77 18 komma
396 732 27 18 till
437 732 57 18 stånd
506 737 70 19 genom
589 732 84 19 enskildt
686 733 91 18 initiativ.

180 762 28 18 På
228 762 64 22 grund
316 762 58 18 häraf
398 762 89 18 anhåller
508 764 36 22 jag
565 762 112 24 ödmjukast
694 768 30 12 om
737 762 124 19 Hedervärda

109 792 155 18 Bondeståndets
277 792 106 18 understöd
395 792 30 18 för
438 797 24 13 en
475 793 81 22 petition
571 792 71 22 därom,

325 847 28 17 att
373 852 21 12 en
415 846 134 23 normalspårig
570 846 81 24 järnväg
669 847 58 17 under
739 847 123 18 instundande

253 876 129 23 finansperiod
394 876 55 23 blefve
463 876 46 23 bygd
521 876 46 24 från
580 876 121 24 Björneborgs
713 878 42 17 stad
768 877 27 18 till
809 877 52 18 Kan-

253 906 85 23 kaanpää
350 906 68 23 kyrkby
430 907 8 17 i
451 907 129 22 hufvudsaklig
593 907 182 23 öfverensstämmelse
787 908 41 17 med
839 908 22 22 af

254 936 81 23 ingeniör
347 936 23 18 E.
384 936 57 18 Sonck
454 937 99 23 uppgjordt
562 936 81 24 projekt;
659 938 48 17 samt

324 967 28 17 att
363 967 104 17 Ständerna
479 966 66 23 härför
558 967 39 17 ville
610 967 64 17 anvisa
686 967 66 23 nödiga
763 967 63 23 medel;

110 1009 46 17 eller
168 1008 116 21 alternativt,
298 1013 30 13 om
342 1008 113 18 förenämda
468 1008 74 24 förslag
554 1009 43 18 icke
610 1009 63 18 blefve
686 1009 105 23 godkändt,

324 1057 33 21 att,
378 1057 8 17 i
406 1056 84 18 händelse
511 1057 63 18 staden
586 1057 117 23 Björneborg,
717 1057 69 18 enskild
795 1063 67 17 person

252 1086 42 17 eller
316 1086 51 23 bolag
388 1091 57 13 vunne
466 1086 104 18 koncession
589 1087 12 17 å
614 1087 91 23 byggande
717 1088 22 22 af
752 1093 21 12 en
781 1087 81 23 järnväg

252 1116 47 23 från
319 1115 112 24 Björneborg
453 1116 28 18 till
501 1116 136 23 Kankaanpää,
658 1123 23 12 ur
700 1117 93 18 allmänna
805 1117 57 18 medel

252 1146 97 23 beviljades
373 1147 25 17 ett
421 1147 146 17 statsunderstöd
585 1147 24 22 af
628 1147 97 22 1,500,000
741 1147 53 18 mark
815 1148 48 17 samt

253 1176 107 22 därutöfver
373 1177 25 17 ett
409 1176 78 18 statslån
493 1177 26 22 på
532 1177 97 22 3,000,000
640 1177 57 18 mark.

182 1224 118 22 Helsingfors
314 1223 38 18 den
364 1224 22 17 22
400 1223 102 19 december
516 1224 51 18 1904.

633 1267 23 23 K.
672 1267 16 23 J.
707 1267 83 29 Inberg.

182 1308 46 18 Häri
240 1308 78 18 förenar
334 1308 31 23 sig

577 1351 57 23 Aatu
652 1351 65 23 Okko.

182 1522 186 23 Järnvägsutskottets
380 1524 111 18 betänkande
503 1524 35 18 N:o
550 1525 17 17 2.
779 1526 10 16 3
