1111 1773
312 135 245 23 Petitionsbetänkande
574 135 36 22 N:o
627 135 23 22 4.
786 137 40 19 127

107 199 50 23 afse
175 199 182 28 tillgodoseende
374 199 24 23 af
414 199 40 22 det
470 199 148 23 närvarande
636 199 111 23 behofvet
762 199 44 22 och
823 199 35 22 så-

106 235 74 23 lunda
196 237 39 20 äro
253 235 24 23 af
296 235 204 30 anspråkslösaste
517 235 57 29 slag,
591 235 99 29 betinga
706 235 28 22 de
751 242 28 15 en
796 235 62 23 kost-

106 271 55 27 nad,
170 271 159 22 inberäknadt
345 271 167 29 hamnspåren,
522 271 34 23 för
572 271 79 22 Kaskö
669 271 23 22 af
708 275 95 23 526,000
815 271 43 22 och

106 307 36 22 för
159 307 157 22 Kristinestad
333 307 23 22 af
374 311 94 23 700,000
485 307 74 22 mark.

179 342 35 23 Då
237 343 120 22 Utskottet
380 343 53 22 icke
457 343 52 22 haft
532 344 34 21 att
583 343 67 29 tillgå
666 343 125 29 uppgifter,
808 349 50 16 som

107 379 77 22 skulle
201 378 127 23 erfordrats
352 379 35 22 för
411 379 134 28 beräkning
562 379 23 22 af
602 379 159 22 kostnaderna
777 379 36 22 för
828 385 29 16 en

107 414 111 29 tidsenlig
242 414 223 29 hamnanläggning
488 415 29 29 på
541 415 39 22 det
604 421 46 16 ena
670 415 42 22 och
729 414 39 23 det
785 414 74 23 andra

107 450 84 27 stället,
208 450 43 22 och
276 450 204 29 kompletterande
505 451 107 22 material
637 450 75 23 under
736 450 65 23 tiden
823 449 35 23 för

106 486 134 23 Utskottets
257 486 79 23 arbete
353 486 52 23 icke
422 487 93 22 kunnat
531 486 161 27 införskaffas,
704 486 47 23 kan
763 486 94 23 Utskot-

108 523 32 22 tet
156 521 52 23 icke
233 529 41 15 ens
299 523 180 28 approximativt
502 522 120 29 uppgifva,
640 522 79 23 hvilka
735 522 100 22 tillskott
850 522 9 21 i

107 557 286 30 byggnadskostnaderna
409 558 79 23 härför
505 558 75 23 skulle
592 558 122 23 erfordras.
737 557 32 23 Af
780 557 78 23 denna

107 593 70 23 orsak
192 593 47 23 kan
252 594 121 23 Utskottet
388 594 53 22 icke
459 594 73 23 häller
548 594 105 29 upplysa,
665 594 60 23 huru
737 595 47 21 stor
795 593 63 22 skill-

107 629 77 23 naden
200 630 8 21 i
225 629 102 23 kostnad
350 637 61 19 vore,
429 637 38 15 om
490 630 146 29 anläggning
653 630 23 23 af
692 637 30 16 en
738 636 66 16 mera
821 629 35 22 be-

107 665 103 30 tydande
226 665 73 23 hamn
316 665 127 23 framdeles
465 666 78 23 blefve
560 666 24 23 af
600 666 111 22 behofvet
726 672 56 16 vare
799 666 36 28 sig
850 665 8 22 i

107 702 157 22 Kristinestad
281 702 56 22 eller
353 702 85 23 Kaskö.
471 702 67 23 Dock
555 702 41 22 har
613 702 121 23 Utskottet
749 702 57 22 trott
821 702 37 28 sig

107 737 74 27 finna,
190 738 35 22 att
236 744 30 16 en
278 738 74 22 sådan
364 738 224 29 hamnanläggning
599 739 7 21 i
617 738 158 22 Kristinestad
783 737 75 23 skulle

107 773 97 23 komma
228 774 35 22 att
287 774 112 29 medtaga
417 774 53 22 icke
489 774 143 29 oväsentligt
648 774 99 29 drygare
763 773 95 23 kostna-

107 809 41 23 der
165 812 29 20 än
210 810 7 21 i
234 809 86 27 Kaskö,
338 810 99 22 emedan
457 810 31 29 på
504 810 45 22 den
566 810 62 22 förra
644 811 66 21 orten
727 809 65 23 såväl
808 808 50 23 vidt

107 844 147 23 omfattande
278 845 205 29 uppmuddringar
509 845 42 23 och
575 846 155 28 utfyllningar
745 852 50 16 som
812 846 47 21 rätt

106 880 134 29 betydande
266 881 237 30 uträtningsarbeten
520 883 7 21 i
543 881 105 23 farleden
665 888 54 16 vore
735 881 35 23 för
787 880 71 23 ända-

107 917 74 22 målet
197 917 24 22 af
236 917 83 22 nöden.

178 953 45 22 Vid
247 952 86 23 sådant
358 953 145 23 förhållande
528 954 42 22 har
592 954 65 22 inom
676 953 120 23 Utskottet
813 953 45 22 den

107 989 97 28 mening
228 989 62 29 gjort
306 990 37 28 sig
359 989 118 29 gällande,
495 991 41 26 att,
553 989 79 23 därest
648 989 71 29 syftet
735 989 54 22 med
805 989 52 22 ifrå-

107 1024 135 29 gavarande
274 1025 63 22 bana
363 1025 210 29 hufvudsakligast
601 1032 55 16 vore
683 1026 34 21 att
742 1024 117 23 förskaffa

106 1059 139 23 landsdelen
266 1060 43 23 och
326 1061 106 22 området
448 1061 73 29 kring
536 1061 64 23 Vasa
616 1061 80 22 banan
712 1062 63 21 samt
791 1060 68 23 södra

107 1095 67 23 delen
192 1095 24 23 af
232 1096 130 30 Uleåborgs
379 1097 78 22 banan
475 1104 28 15 en
521 1097 111 22 trafikled
642 1097 35 22 till
689 1104 29 15 en
730 1096 45 29 god
786 1096 71 23 hamn

106 1131 41 22 vid
170 1131 87 28 hafvet,
283 1132 79 23 denna
386 1133 63 23 bana
476 1133 69 22 borde
568 1133 66 22 ledas
650 1133 35 22 till
700 1132 86 23 Kaskö.
819 1131 39 23 Så-

106 1167 73 23 lunda
194 1167 81 23 kunde
293 1167 42 24 här
346 1168 53 23 höst
411 1169 43 22 och
465 1169 51 27 vår,
528 1168 30 23 då
568 1168 199 23 isförhållandena
778 1170 81 27 spärra

106 1203 112 22 Kvarken
234 1203 43 22 och
294 1203 29 24 de
344 1204 146 29 nordligaste
507 1204 158 30 sjöstädernas
681 1204 84 29 inlopp,
783 1203 75 30 erbju-

107 1238 43 23 das
167 1245 28 16 en
211 1239 34 22 in-
262 1239 42 23 och
329 1240 160 29 utförselplats
514 1241 35 22 för
574 1241 32 22 ett
622 1240 173 23 vidsträcktare
811 1246 47 16 om-

107 1274 56 23 råde
180 1277 29 20 än
234 1275 46 28 det,
305 1282 50 16 som
379 1276 79 23 direkt
482 1277 94 22 beröres
594 1276 23 23 af
633 1275 85 31 själfva
735 1275 46 23 den
798 1275 60 23 bana

107 1310 96 23 hvarom
220 1313 27 20 är
262 1311 75 29 fråga.

178 1346 126 29 Uppfattas
322 1348 106 23 däremot
445 1348 79 23 denna
540 1348 63 23 bana
618 1349 108 21 närmast
736 1348 77 22 såsom
825 1348 34 22 ett

106 1382 74 23 lokalt
195 1382 307 30 kommunikationsmedel,
519 1384 124 29 åsyftande
660 1384 14 22 å
690 1390 45 16 ena
750 1383 68 23 sidan
830 1390 28 16 en

106 1418 102 22 bekväm
232 1418 144 24 förbindelse
400 1420 55 22 med
480 1420 150 23 landsdelens
655 1420 78 22 lokala
752 1418 106 24 handels-

107 1455 113 26 centrum,
238 1454 50 23 dels
305 1455 51 23 åter
381 1456 140 28 anslutning
537 1456 35 22 till
587 1455 93 23 landets
694 1456 165 28 järnvägsnät,

151 1504 3 4 "
178 1502 187 23 Järnvägsutskottets
377 1504 111 18 betänkande
500 1504 34 18 N:o
547 1504 16 18 2.
