1114 1778
236 170 28 21 14
306 169 113 23 Ständer.
435 167 50 24 Pet.
503 181 27 3 —
547 167 273 24 Petitionsbetänkande
835 168 46 23 N:o
899 168 19 22 1.

234 235 55 27 följd
315 237 112 25 upptagna
451 235 7 20 i
482 241 27 15 en
526 235 73 26 bilaga
616 235 31 21 till
664 235 73 22 denna
754 234 152 27 underdåniga
922 235 67 22 fram-

234 265 111 26 ställning.
378 265 28 21 Af
430 265 27 20 de
477 264 94 22 sålunda
587 265 144 21 förtecknade
749 264 184 28 författningarna
950 267 39 20 äro

234 295 111 26 åtskilliga
362 294 25 21 så
404 294 136 25 beskaffade,
557 297 32 18 att
600 294 65 21 deras
677 294 143 22 omedelbara
833 295 157 26 upphäfvande

234 325 50 21 icke
310 324 72 22 skulle
408 324 102 21 medföra
533 324 74 27 någon
631 324 117 22 osäkerhet
772 331 36 14 om
824 325 58 20 hvad
899 325 7 20 i
923 325 66 21 deras

234 354 65 21 ställe
316 355 56 20 skall
389 360 53 15 vara
459 354 102 26 gällande
578 355 41 25 lag,
637 355 80 20 medan
734 354 47 21 åter
798 355 27 20 de
842 354 82 27 öfrigas
936 361 52 20 upp-

234 384 112 21 häfvande
371 384 6 21 i
394 384 66 21 deras
477 384 74 21 helhet
567 384 53 21 eller
636 384 31 20 till
684 384 59 21 vissa
761 384 61 21 delar
838 384 43 21 kan
899 383 90 28 påkalla

234 414 113 26 samtidigt
363 414 133 26 vidtagande
513 414 22 20 af
551 414 150 27 provisoriska
719 414 146 26 förfoganden
882 414 54 21 eller
947 414 41 21 ock

234 444 112 21 särskilda
361 443 257 27 lagstiftningsåtgärder.

308 474 23 26 Ej
350 474 69 21 heller
440 473 67 22 hafva
527 473 125 21 Ständerna
668 474 40 20 här
725 474 67 20 ofvan
808 474 73 20 berört
898 473 46 22 alla
960 474 27 21 de

234 503 211 22 missförhållanden
462 504 7 20 i
485 504 213 24 administrationen,
715 504 75 20 hvilka
807 503 102 27 framgått
923 510 26 14 ur
960 504 28 20 de

234 535 89 19 senaste
334 533 66 22 årens
412 533 83 27 politik.
513 533 75 21 Ehuru
600 533 73 21 denna
683 533 169 27 framställning,
862 533 6 21 i
877 533 58 22 hvad
944 534 44 20 den

234 564 66 20 berör
314 564 66 20 dessa
397 563 216 25 missförhållanden,
630 563 204 27 vidhandengifver,
852 565 31 19 att
898 569 27 15 en
942 565 46 19 stor

234 593 36 21 del
286 593 24 21 af
326 592 174 28 förvaltningens
522 593 191 27 samhällsnyttiga
733 593 111 27 uppgifter
860 593 70 21 under
945 594 43 20 den

233 625 89 19 senaste
333 622 61 22 tiden
406 623 132 27 ombesörjts
550 622 28 28 på
589 625 30 19 ett
628 623 85 21 mindre
725 622 152 28 omsorgsfullt
890 622 41 22 och
940 622 48 22 sak-

234 653 93 27 kunnigt
338 654 43 20 sätt
397 654 28 20 än
444 653 117 25 tillförene,
578 653 47 21 visa
641 652 68 22 likväl
726 652 174 27 utgiftsstaterna
911 652 34 22 för
961 653 29 21 de

234 685 76 19 senast
321 682 105 22 förflutna
436 682 54 22 åren
502 683 7 20 i
521 683 138 26 fortlöpande
671 682 97 27 stegring
778 682 140 27 synnerligen
930 682 58 28 bety-

234 712 73 21 dande
330 712 153 27 förhöjningar
508 712 34 21 för
563 712 110 21 särskilda
694 712 231 27 förvaltningsgrenar.
951 712 38 21 Så-

235 742 67 21 lunda
317 742 67 27 stiger
400 742 182 27 sammanlaggda
598 741 104 28 beloppet
713 741 24 22 af
747 742 41 21 här
803 741 93 22 afsedda
907 741 81 28 förhöj-

234 772 79 26 ningar
329 771 13 22 &
357 771 57 22 1904
427 771 37 22 års
477 772 126 27 utgiftsstat,
615 771 94 27 jemförd
721 772 78 21 endast
811 771 49 21 med
872 774 72 19 staten
953 771 35 22 för

234 801 26 21 är
268 801 63 26 1903,
339 802 31 21 till
379 802 83 21 inemot
471 801 36 22 två
517 802 102 26 miljoner
628 802 69 20 mark.
715 801 71 21 Bland
796 802 64 20 dessa
867 801 121 28 förhöjnin-

234 837 39 21 gar
282 831 81 27 belöpa
375 831 39 27 sig,
425 832 7 20 i
440 832 76 26 jämna
525 832 96 21 tusental
631 832 63 21 mark
709 831 97 27 angifna,
818 831 96 26 274,000
923 831 63 21 mark

234 861 13 21 a
269 861 311 27 Ekonomiedepartementets
599 862 6 20 i
624 861 96 22 Senaten
740 864 50 22 stat,
804 861 81 25 27,000
897 861 63 22 mark
974 861 14 21 å

234 891 210 26 Statsekretariatet,
456 891 95 23 145.000
561 892 62 20 markä
650 893 71 19 staten
728 891 34 21 för
768 891 218 26 generalguvernörs-

234 921 97 21 kansliet
339 921 67 26 jämte
412 921 134 27 tjänstemän
553 921 34 21 för
593 921 109 21 särskilda
708 921 101 27 uppdrag
815 921 40 20 hos
861 921 126 26 generalgu-

234 952 116 24 vernören,
356 951 82 25 92,000
445 951 63 21 markä
534 951 193 28 länestyrelserna,
734 951 96 23 329,000
836 951 62 20 mark
899 946 10 37 ä
925 953 63 19 stats-

233 981 89 20 verkets
339 981 66 21 andel
421 981 7 20 i
442 981 123 21 kostnaden
580 981 35 21 för
631 980 141 28 polisvärden
784 981 7 20 i
803 981 103 20 städerna
916 981 72 26 (hvar-

233 1011 32 20 till
290 1011 102 21 kommer
408 1017 27 14 en
451 1011 126 27 ytterligare
593 1011 82 26 ökning
690 1011 72 21 under
778 1009 25 22 är
820 1010 57 21 1904
893 1010 23 21 af
932 1017 55 14 sam-

234 1041 114 26 manlagdt
364 1040 97 26 280,000
477 1040 70 28 mark)
563 1041 81 25 21,000
660 1041 63 20 mark
743 1040 14 21 å
773 1046 115 20 censuren,
906 1040 82 26 25,000

233 1070 64 21 mark
323 1069 13 21 ä
363 1070 80 21 »krets-
468 1070 41 21 och
530 1070 211 25 länenämnderna»,
769 1069 95 27 114,000
889 1070 62 21 mark
974 1069 12 21 ä

233 1100 126 26 tullverket,
380 1100 97 23 214,000
497 1100 63 21 mark
577 1100 34 21 för
623 1100 122 27 aflöningar
756 1100 37 21 vid
807 1100 179 27 statsjernvägar-

233 1136 41 15 nas
286 1130 226 27 centralförvaltning,
529 1131 151 20 hvarförutom
694 1130 97 26 687,000
807 1129 63 22 mark
881 1130 105 27 anslagits

233 1160 35 21 för
284 1160 169 27 gendarmeriet.

304 1189 30 21 Af
353 1190 39 21 allt
414 1191 37 20 det
472 1191 93 20 anförda
585 1190 62 21 torde
667 1189 92 27 framgä,
777 1192 31 18 att
824 1195 27 15 en
868 1190 120 26 genomgri-

233 1219 74 27 pande
331 1220 214 27 systemförändring
568 1222 25 19 är
605 1220 26 21 af
647 1221 91 26 yttersta
755 1219 67 22 behof
838 1218 103 28 påkallad
958 1219 29 21 äf-

234 1256 41 14 ven
293 1249 28 27 på
346 1250 219 21 administrationens
581 1249 90 22 område
689 1249 41 22 och
747 1252 31 19 att
794 1249 34 21 för
844 1249 60 22 detta
922 1249 64 21 ända-

233 1279 45 21 mål
294 1279 127 27 betydande
437 1279 155 28 förändringar
607 1280 7 21 i
631 1279 182 22 embetsvärkens
834 1280 153 20 sammansätt-

233 1309 54 26 ning
302 1309 82 26 jemväl
396 1311 39 19 äro
452 1309 22 21 af
490 1309 79 22 nöden.

306 1428 6 21 I
335 1431 31 18 ett
385 1428 51 22 land
459 1429 46 25 där,
526 1428 74 22 såsom
620 1429 7 21 i
644 1428 100 27 Finland,
762 1429 68 26 slägte
848 1428 54 21 efter
919 1428 69 26 slägte

232 1458 110 26 uppvuxit
366 1459 42 20 och
432 1459 66 21 lefvat
523 1459 48 21 med
597 1458 36 22 det
649 1458 162 26 medvetandet,
833 1460 31 18 att
882 1458 63 26 lagen
962 1459 26 19 är

232 1489 134 20 rättesnöret
390 1488 34 22 för
448 1488 61 22 såväl
529 1489 156 21 statsmaktens
705 1494 48 16 som
771 1488 27 21 de
814 1488 102 21 enskilda
932 1494 55 14 sam-
