1111 1778
354 173 218 19 Motionsbetänkande
585 173 37 18 N:o
635 173 17 18 1.
857 173 24 17 83

474 269 29 21 38
520 268 19 30 &.

203 322 108 23 Beträdes
337 322 49 28 den,
417 329 48 16 som
490 324 26 20 är
541 321 80 30 pliktig
646 323 36 22 att
706 322 63 23 åtala
794 321 88 31 förbry-

130 358 69 22 telser
214 359 61 21 emot
290 358 75 22 denna
379 357 136 29 förordning,
532 357 51 30 sjelf
598 357 50 23 med
664 357 75 29 oloflig
751 358 131 30 försäljning

130 394 53 22 eller
198 393 156 29 utskänkning
369 393 24 23 af
409 393 172 29 alkoholhaltiga
597 393 99 30 drycker,
714 394 51 22 böte
781 394 50 22 från
841 394 41 22 och

130 429 52 22 med
192 429 123 22 etthundra
324 429 34 22 till
369 429 41 22 och
420 429 51 22 med
481 431 91 21 ettusen
581 429 64 22 mark
653 429 42 22 och
703 430 66 22 miste
777 430 105 29 tjensten.

203 465 19 22 2.
254 465 91 27 (Utesl.)

476 513 30 22 34
522 513 19 30 8.

204 567 165 29 Apoteksegare
386 567 52 22 eller
453 567 136 28 handlande,
604 573 48 16 som
662 567 76 29 bryter
749 568 60 21 emot
819 566 64 23 stad-

131 603 106 28 gandena
251 604 8 21 i
277 603 33 28 19,
331 603 29 22 20
376 603 41 22 och
433 603 27 22 21
477 603 35 30 $$,
530 603 69 29 plikte
615 603 51 22 från
682 603 41 22 och
739 602 51 23 med
805 603 78 22 femtio

132 639 34 22 till
183 639 40 22 och
240 639 49 22 med
305 639 135 22 femhundra
456 639 69 22 mark.

478 717 29 22 35
524 716 18 30 8.

205 770 42 29 De,
259 778 46 15 som
321 770 64 29 bryta
402 772 56 21 emot
472 771 137 28 stadgandet
623 771 9 22 i
646 770 31 22 23
692 771 20 27 $,
728 770 90 22 straffes
834 769 51 22 med

132 807 64 22 böter
211 806 52 22 från
279 806 41 22 och
341 806 50 22 med
407 806 77 23 femtio
501 807 35 22 till
552 806 41 23 och
608 806 52 23 med
675 806 122 22 etthundra
813 806 70 27 mark,

131 843 44 21 och
190 850 54 15 vare
260 843 26 21 de
303 842 170 30 alkoholhaltiga
489 843 124 29 dryckerna
622 844 68 28 jemte
701 842 48 22 kärl
759 842 126 22 förklarade

134 878 123 22 förbrutna.

478 920 30 22 36
524 902 29 47 8.

206 974 56 28 Den,
279 982 48 14 som
343 976 56 20 utan
416 976 35 20 att
466 981 58 15 vara
539 974 73 22 dertill
622 973 133 28 berättigad,
767 973 34 22 till
809 972 77 23 landet

134 1010 58 22 inför
215 1010 172 29 alkoholhaltiga
406 1010 94 30 drycker
516 1010 52 22 eller
583 1011 39 27 gör
637 1009 74 23 försök
728 1009 77 28 dertill,
819 1009 68 29 plikte

128 1045 59 28 från
210 1046 38 22 och
267 1047 46 21 med
331 1047 114 22 etthundra
461 1047 31 22 till
508 1046 36 23 och
559 1046 48 22 med
621 1046 130 27 femhundra
766 1046 67 26 mark,
849 1045 36 22 och

135 1089 50 15 vare
199 1089 70 16 varan
282 1082 61 27 jemte
358 1082 46 23 kärl
415 1082 123 27 förbruten.

480 1159 30 22 37
526 1159 19 29 8.

207 1212 80 29 Bryter
309 1213 74 27 någon
406 1214 60 21 emot
489 1213 75 22 denna
587 1212 139 28 förordnings
746 1211 141 28 stadganden

134 1248 119 28 angående
276 1248 93 29 forsling
392 1249 41 22 och
454 1249 82 28 upplag
557 1248 24 23 af
600 1248 171 29 alkoholhaltiga
787 1247 100 30 drycker,

137 1291 53 14 vare
206 1284 90 22 straffet
311 1285 64 21 böter
390 1284 51 23 från
458 1285 41 22 och
515 1285 51 21 med
581 1284 77 23 femtio
675 1285 33 22 till
724 1284 41 22 och
781 1284 51 22 med
842 1285 45 20 tre-

135 1320 90 22 hundra
247 1320 71 28 mark,
339 1321 41 22 och
400 1328 54 15 vare
470 1321 44 22 den
530 1320 104 28 olofligen
650 1320 96 22 forslade
762 1319 52 23 eller
830 1327 58 22 upp-

136 1356 67 28 lagda
219 1363 71 16 varan
305 1357 68 28 jemte
390 1357 49 22 kärl
454 1356 126 23 förverkad.

483 1434 29 22 38
528 1433 20 29 &.

208 1488 123 22 Husbonde
348 1494 110 16 ansvarar
473 1488 34 22 för
523 1487 166 28 öfverträdelse,
707 1494 47 14 som
770 1486 50 22 med
831 1486 58 22 hans

136 1524 97 28 vetskap
258 1524 41 21 och
323 1524 53 28 vilja
399 1524 70 28 begäs
490 1524 47 22 mot
558 1523 74 23 denna
650 1522 128 29 förordning
793 1522 24 22 af
832 1522 58 22 hans
