1114 1778
308 144 256 23 Petitionsbetänkande
579 144 40 24 N:o
636 145 19 22 5.
846 147 14 20 3

105 212 69 17 dernas
187 211 167 23 ofvanåberopade
368 212 98 17 uttalande
479 212 120 21 behandlats,
607 213 51 16 samt
670 212 66 17 därför
746 213 38 16 kan
794 212 67 17 befara

105 243 28 16 att
146 242 81 22 mycken
240 241 29 18 tid
282 241 97 18 måhända
392 244 50 15 ännu
456 242 48 17 skall
517 242 61 22 förgå,
597 242 59 17 innan
668 242 67 22 frågan
748 242 69 17 vinner
829 242 31 17 sin

105 272 77 22 slutliga
200 272 81 21 lösning,
301 271 70 18 medan
390 271 103 23 samtidigt,
512 272 64 17 såsom
592 272 50 17 hade
655 272 36 17 alls
704 272 49 17 intet
766 274 94 21 passerat,

105 303 93 21 systemet
210 302 20 17 af
242 301 159 23 tvångsåtgärder
419 302 125 22 hänsynslöst
562 302 106 21 fortsättes,
688 307 57 16 synes
763 302 33 17 det
814 307 46 12 vara

105 332 116 17 Ständernas
234 332 100 21 oafvisliga
347 331 50 22 plikt
409 333 33 19 att,
459 332 2 16 i
474 332 51 17 hvad
538 332 26 22 på
576 332 44 17 dem
629 332 113 17 ankommer
752 337 70 17 genom
832 334 29 15 att

104 363 45 21 taga
161 362 59 17 saken
233 361 61 18 under
306 361 124 22 behandling,
444 362 46 16 söka
504 362 75 21 skydda
590 362 76 16 landets
679 361 126 23 medborgare
819 363 42 16 mot

104 392 25 17 de
141 392 158 21 maktmissbruk,
312 391 20 17 af
344 391 67 17 hvilka
423 391 24 17 de
460 391 34 17 allt
506 391 119 18 fortfarande
638 391 89 23 dagligen
740 392 64 17 hotas.

175 421 148 22 Ifrågavarande
336 421 245 22 värnepliktsförfattnings
594 421 123 22 tillämpning
726 422 56 17 beror
792 422 68 17 visser-

104 452 51 21 ligen
168 452 7 16 i
187 451 48 17 sista
247 451 53 17 hand
313 451 25 22 på
350 451 37 17 den
400 451 29 17 till
442 451 78 22 uppbåd
533 451 76 17 kallade
620 451 120 22 ungdomens
749 451 111 22 handlings-

105 483 46 19 sätt;
165 481 36 18 och
214 481 33 18 det
260 481 61 17 måste
334 481 118 20 förutsättas,
466 483 28 15 att
506 481 63 17 denna
582 481 85 22 ungdom
680 481 49 17 skall
741 487 70 16 genom
821 483 39 16 ute-

104 511 99 18 blifvande
219 511 43 18 från
279 511 99 18 eventuelt
391 512 72 16 utsatta
476 511 78 22 uppbåd
567 511 87 22 tydligen
666 511 122 22 ådagalägga,
802 511 58 18 huru-

104 547 42 12 som
164 541 93 17 Finlands
278 541 125 21 medborgare
421 541 42 17 icke
482 541 66 17 kunna
566 546 47 13 anse
630 541 82 22 olagliga
724 541 136 22 författningar

104 572 30 17 för
153 571 29 22 sig
200 571 135 22 förpliktande,
355 576 45 12 men
418 571 18 16 vi
456 571 64 17 känna
539 577 32 11 oss
590 571 59 17 likväl
666 571 82 18 manade
765 573 36 20 att,
814 571 45 18 med

104 602 77 21 hänsyn
193 601 29 18 till
235 601 52 18 hvad
300 601 35 17 här
348 601 80 22 tidigare
445 601 121 20 framhållits,
584 601 120 17 beträffande
717 601 24 17 de
754 601 105 18 iscensatta

105 631 120 18 förarbetena
243 631 30 18 för
291 631 51 17 årets
360 630 84 23 uppbåd,
464 631 99 18 vördsamt
581 631 76 20 föreslå,
676 631 33 17 det
721 631 45 17 ville
780 631 80 18 Ridder-

104 662 69 21 skapet
190 661 35 18 och
243 661 62 18 Adeln
323 661 117 17 tillsamman
453 661 43 17 med
510 661 24 17 de
546 661 62 22 öfriga
620 661 82 17 stånden
715 661 35 17 hos
764 661 94 22 Kejsaren

104 691 36 18 och
154 691 118 18 Storfursten
285 691 6 17 i
304 691 154 22 underdånighet
471 691 83 20 anhålla,

391 758 33 20 att
446 757 156 21 användandet
624 757 29 27 af
672 757 26 21 de
713 756 53 28 utaf
776 763 80 21 guver-

319 790 65 18 nörer
407 787 39 21 och
468 787 72 21 andra
571 787 133 27 tjänstemän
732 786 126 28 tillämpade

319 817 95 27 olagliga
445 816 162 28 tvängsmedlen
637 816 37 28 för
704 816 120 28 bringande
848 816 10 21 i

319 846 159 28 verkställighet
508 846 29 28 af
559 846 299 28 värnepliktsförfattningen

319 877 29 27 af
360 877 41 21 den
417 877 29 20 12
456 877 48 27 juli
520 877 56 21 1901
599 876 129 21 omedelbart
744 876 66 21 måtte
824 876 32 21 in-

319 907 82 21 ställas.

176 967 122 22 Helsingfors
311 967 38 17 den
362 967 11 17 6
386 967 52 17 Mars
452 966 52 18 1905.

174 1027 66 23 Adolf
252 1033 41 17 von
310 1027 120 23 Bonsdorff.
572 1028 20 21 P.
610 1027 22 22 E.
648 1026 136 24 Svinhufvud.

175 1057 93 22 Lennart
284 1057 136 28 Gripenberg.
575 1057 19 22 F.
612 1056 122 29 Stjernvall.

176 1087 98 22 Friherre
289 1087 16 22 J.
323 1087 113 22 Indrenius.

173 1502 62 19 Särsk.
250 1504 51 18 Besr.
316 1504 44 18 utsk.
375 1504 33 18 bet.
422 1504 34 18 N:o
470 1506 17 16 3.
