1114 1775
329 157 247 23 Petitionsbetänkande
593 157 38 23 N:o
647 158 22 22 3.
819 160 27 19 63

122 224 64 21 emot
202 222 172 29 privatskolans
392 224 73 20 väsen
481 222 7 22 i
505 222 130 23 allmänhet
658 228 51 16 som
733 222 63 23 emot
821 222 58 22 våra

121 258 139 23 nuvarande
283 258 199 29 privatläroverks
499 258 8 22 i
523 258 76 29 några
614 258 93 29 viktiga
722 257 153 24 hänseenden

121 294 53 22 från
197 294 91 22 statens
308 294 110 22 läroverk
439 294 96 22 alldeles
557 293 126 23 afvikande
701 293 174 24 beskaffenhet.

194 329 190 23 Privatskolorna
396 329 42 22 hos
449 336 38 16 oss
497 332 40 20 äro
545 330 8 22 i
560 329 80 28 regeln
649 329 98 23 afsedda
755 329 36 22 för
800 329 77 22 elever

122 365 24 23 af
159 365 77 29 bägge
247 365 84 23 könen.
349 365 51 23 Den
410 365 106 29 lyckliga
524 365 144 27 erfarenhet,
677 372 50 16 som
735 371 57 16 man
800 364 76 23 sedan

122 401 89 23 medlet
234 401 24 22 af
282 401 124 23 1880-talet
427 402 86 21 vunnit
527 402 8 21 i
551 400 92 24 landets
662 400 146 24 hufvudstad
833 400 44 23 och

122 439 74 21 större
227 436 199 23 landsortsstäder
459 437 24 22 af
513 436 263 30 samundervisningen,
806 436 70 23 ledde

121 473 152 28 smäningom
296 473 34 22 till
350 473 144 22 inrättandet
511 473 24 22 af
551 473 131 22 samskolor
698 473 29 29 pä
743 473 68 26 orter,
828 472 45 23 där

121 508 157 29 fullständiga
301 509 168 22 statsläroverk
493 509 114 29 antingen
624 508 117 23 saknades
757 508 56 23 eller
828 508 45 23 ock

121 544 88 23 funnos
220 544 59 23 blott
289 545 35 22 för
333 545 46 22 den
390 551 46 16 ena
448 545 187 29 spräkgruppen.
652 544 89 23 Endast
751 544 57 23 tack
817 551 57 16 vare

122 581 40 23 det
184 580 100 30 lyckligt
306 581 60 22 lösta
386 580 163 30 pedagogiska
565 580 128 30 problemet
709 581 54 23 med
779 587 96 16 samun-

121 616 140 30 dervisning
285 616 46 23 blef
346 616 39 24 det
401 616 94 30 möjligt
511 618 35 22 att
562 618 7 22 i
586 616 69 23 dessa
671 617 52 22 smä
743 616 131 24 samhällen

121 652 50 23 lösa
187 652 40 23 det
243 652 155 24 ekonomiska
414 652 130 30 problemet
560 653 35 23 att
610 652 139 23 underhålla
765 652 110 23 fulistän-

121 688 56 30 diga
192 688 114 23 läroverk.

195 724 53 23 Den
264 724 74 23 andra
351 725 35 22 för
399 724 114 23 Finlands
523 724 186 30 privatläroverk
715 724 158 23 utmärkande

122 760 153 30 egenskapen
291 763 26 20 är
332 760 76 23 delvis
424 767 30 15 en
471 760 57 30 följd
540 760 24 23 af
575 760 70 23 dessa
655 760 121 23 läroverks
786 760 88 22 karak-

122 798 37 21 tär
170 796 24 23 af
202 796 136 23 samskolor.
355 796 36 23 Då
398 797 34 21 ett
440 798 59 21 stort
508 796 70 26 antal,
585 797 26 28 ja
620 796 101 23 flertalet
730 796 24 22 af
763 796 111 22 eleverna

121 835 40 23 äro
188 832 130 29 kvinnliga,
344 832 43 23 och
414 832 25 22 af
463 832 69 23 dessa
558 839 28 16 en
613 833 48 21 stor
684 832 43 28 del,
755 831 118 23 mähända

121 870 74 21 större
207 868 73 27 delen,
297 868 53 23 icke
366 868 102 23 sträfvar
483 868 36 22 till
535 868 171 27 universitetet,
723 868 26 22 sä
766 867 47 23 kan
830 874 44 15 un-

121 904 169 29 dervisningen
314 904 52 23 icke
391 903 104 30 ensidigt
517 904 75 22 riktas
610 905 49 21 mot
674 903 200 23 studentexamen

121 947 52 16 som
192 939 53 23 mäl.
276 939 219 24 Privatläroverken
511 939 73 24 hafva
599 939 85 28 därför,
700 939 31 30 pä
746 939 128 23 föräldrars

121 976 57 23 eller
210 975 129 23 mälsmäns
368 975 118 28 anhållan,
511 975 126 30 medgifvit
659 976 52 22 sina
735 975 77 22 elever
836 975 37 22 be-

120 1011 79 23 frielse
215 1011 53 22 frän
284 1012 34 22 ett
334 1011 54 23 eller
404 1011 57 23 flere
478 1011 34 23 till
527 1011 347 29 undervisningsprogrammet

121 1047 103 23 hörande
248 1050 94 20 ämnen.
373 1047 35 23 En
432 1047 74 23 sädan
531 1049 48 21 rätt
597 1047 35 22 för
648 1047 109 22 eleverna
774 1047 34 22 att
824 1048 48 21 ute-

121 1084 63 22 sluta
208 1084 34 21 ett
265 1083 56 23 eller
344 1084 74 22 annat
438 1085 69 21 ämne
524 1083 117 23 erkännes
658 1089 98 16 numera
772 1089 57 16 vara
845 1089 29 16 ur

120 1119 147 30 pedagogisk
290 1119 123 29 synpunkt
436 1119 74 29 riktig
534 1119 69 23 äfven
620 1119 8 22 i
643 1119 114 27 läroverk,
777 1118 94 22 hvilkas

121 1155 78 22 elever
216 1155 80 22 arbeta
312 1155 149 22 uteslutande
478 1155 53 22 med
547 1154 196 23 studentexamen
755 1160 50 17 som
818 1153 54 23 mäl.

121 1190 105 24 Sälunda
242 1191 43 23 har
300 1192 8 21 i
324 1191 97 29 Sverige
438 1198 86 22 genom
541 1191 45 23 den
610 1198 48 22 nya
681 1190 191 23 läroverksrefor-

121 1234 55 16 men
193 1227 24 22 af
235 1230 57 20 1904
308 1227 109 23 eleverna
433 1228 31 28 pä
481 1227 28 23 de
526 1227 71 29 högre
613 1227 122 22 klasserna
747 1226 24 23 af
782 1227 91 21 statens

121 1264 137 28 gymnasier
283 1263 134 23 tillerkänts
443 1263 48 23 rätt
517 1264 35 22 att
576 1262 115 30 bortvälja
715 1263 40 22 tvä
779 1264 93 24 ämnen,

119 1299 95 23 hvilkas
237 1298 181 30 sammanlagda
435 1299 109 23 timantal
561 1306 40 22 per
617 1298 64 23 klass
697 1298 52 23 icke
766 1298 106 22 öfversti-

120 1342 43 22 ger
180 1338 12 19 6
208 1335 8 22 i
232 1335 101 27 veckan;
358 1334 84 23 endast
467 1334 147 23 kristendom
638 1334 44 23 och
706 1334 167 23 modersmålet

119 1370 25 23 få
168 1370 53 23 icke
245 1371 134 29 bortväljas.
411 1371 55 22 Man
490 1370 43 23 har
556 1370 98 23 härmed
677 1369 113 23 särskildt
808 1369 64 23 velat

120 1406 76 30 skapa
220 1408 33 21 ett
276 1406 120 23 korrektiv
416 1408 48 20 mot
480 1406 200 29 språkträngseln,
698 1406 96 22 hvilken
811 1405 61 23 dock

119 1442 107 23 hvarken
250 1442 30 29 på
303 1442 67 23 latin-
395 1442 56 22 eller
472 1442 183 29 realgymnasiet
674 1444 25 20 är
715 1442 26 22 så
757 1442 48 22 stor
820 1447 51 16 som

119 1478 43 22 hos
186 1485 44 16 oss.
262 1478 46 22 Hos
332 1485 44 20 oss,
401 1478 42 22 där
467 1478 39 22 det
530 1478 73 22 andra
626 1478 125 21 inhemska
774 1476 98 29 språket

192 1526 100 17 Allmänna
304 1525 183 19 Petitionsutskottets
500 1525 110 18 betänkande
622 1525 35 18 N:o
670 1526 15 17 1.
