1111 1778
300 155 276 24 Petitionsbetänkande
592 156 44 23 N:o
652 157 19 21 1.
800 158 27 20 15

464 395 35 20 IV.

296 455 173 26 Högvördiga
485 455 179 20 Prästestånd.

177 515 41 19 Det
238 515 72 19 Finska
331 515 69 19 Folket
419 516 73 19 önskar
508 515 95 25 innerligt,
619 518 28 17 att
663 515 39 19 den
718 515 26 26 på
759 516 64 25 grund
840 517 20 18 af

105 545 136 19 missförstånd
260 545 116 25 uppkomna
397 545 209 26 undantagsställning,
626 545 6 19 i
653 545 78 20 hvilken
748 546 112 19 detsamma

105 575 134 25 genomlefvat
259 575 42 19 sina
321 575 46 19 sista
388 578 60 22 tunga
467 575 27 23 år,
518 575 61 20 måtte
598 577 92 23 upphöra
706 575 38 19 och
760 578 28 17 att
804 575 56 26 laglig

105 605 85 26 ordning
210 605 62 19 måtte
292 605 6 18 i
318 605 68 19 landet
401 605 123 25 fullssändigt
541 605 111 20 återställas.
685 605 45 19 Och
746 606 34 18 det
795 605 65 20 finska

105 635 70 19 folkets
190 637 141 22 repsentanter,
347 635 91 19 samlade
454 635 26 19 till
496 635 80 25 lagtima
591 635 95 25 landtdag
701 635 31 19 för
747 638 28 16 att
790 635 69 20 arbeta

105 665 30 18 för
155 665 170 19 fäderneslandets
340 665 62 25 lycka,
419 665 92 25 uppfatta
526 665 34 19 det
576 671 44 13 som
635 665 30 19 sin
681 665 135 25 samvetsplikt
831 668 29 17 att

105 695 68 25 bringa
194 695 66 19 denna
280 695 43 18 värt
343 695 50 19 folks
413 695 80 25 djupast
513 695 67 19 kända
596 695 76 19 önskan
687 695 27 18 till
730 695 34 19 vär
780 695 80 25 Nädiga

106 724 209 26 Kejsare-Storfurstes
335 724 115 20 kännedom
470 725 48 19 med
538 725 41 19 den
599 725 58 25 lojala
672 725 111 22 förtröstan,
800 724 58 20 hvar-

105 754 47 19 med
176 755 25 18 de
224 757 47 16 vant
293 754 29 25 sig
342 757 28 17 att
392 757 72 16 närma
479 754 29 26 sig
523 755 31 19 sin
569 754 106 20 Härskare.
707 754 32 20 De
754 758 36 16 äro
805 754 55 26 lifligt

105 784 129 26 öfvertygade
255 790 39 17 om,
315 787 28 16 att
364 784 104 25 Regenten
490 785 48 19 efter
557 787 28 17 att
601 784 26 20 ha
643 785 36 19 fått
694 784 115 20 kännedom
826 791 34 12 om

105 814 35 19 det
163 814 63 19 finska
249 814 70 19 folkets
342 814 86 25 verkliga
448 814 62 20 behof
530 815 39 19 och
589 814 84 23 känslor,
689 814 48 19 skall
752 814 48 26 lyfta
816 814 43 19 frän

105 844 46 19 dess
166 844 90 19 skuldror
271 845 40 18 den
326 844 69 23 börda,
406 850 45 13 som
467 844 49 19 varit
531 845 112 19 detsamma
659 845 30 18 för
703 847 48 23 tung
767 847 29 15 att
805 844 53 20 bära.

177 874 41 19 Det
240 874 63 19 finska
326 874 61 19 folket
410 874 84 19 sträfvar
516 874 43 20 icke
580 875 49 19 efter
648 874 86 25 politiskt
749 874 111 25 inflytande

104 906 56 17 utom
176 905 26 18 de
217 907 86 22 gränser,
320 904 65 19 hvilka
401 904 45 19 dess
457 905 118 25 grundlagar
586 904 112 19 bestämma
708 905 31 18 för
747 905 112 18 detsamma

105 939 44 14 som
165 941 25 12 en
206 937 69 22 trogen
291 934 39 19 lem
351 935 5 18 i
377 934 34 19 det
426 935 59 24 ryska
500 935 54 18 riket.
586 934 40 19 Det
641 935 32 18 vill
689 934 50 19 blott
751 934 68 19 såsom
832 937 28 16 ett

105 963 105 20 kulturfolk
226 964 90 19 utveckla
332 964 38 19 och
386 964 47 25 höja
448 965 43 18 sina
507 965 78 25 andliga
601 965 72 18 krafter
688 964 6 19 i
707 965 34 18 det
751 965 53 22 land,
815 970 45 13 som

105 993 47 19 Gud
172 993 54 26 gifvit
247 995 34 18 det
301 994 26 19 till
348 994 146 19 fädernesland.
527 993 45 20 Och
587 1000 45 13 som
647 994 124 26 nödvändigt
786 994 72 19 lifsvill-

105 1023 36 19 kor
163 1024 30 19 för
216 1024 55 19 detta
293 1024 31 19 sitt
347 1024 59 25 lugna
423 1024 102 19 kulturella
540 1025 39 18 och
594 1024 107 19 nationella
716 1024 21 19 lif
751 1030 58 13 anser
824 1024 35 19 det

105 1053 172 19 okränkbarheten
295 1054 21 18 af
330 1054 32 18 sitt
377 1054 141 18 fäderneärfda
534 1054 150 19 samhällsskick.

176 1083 46 19 Den
238 1084 167 25 utomordentliga
421 1084 60 22 makt,
498 1090 44 12 som
557 1084 219 25 undantagsstadgarna
787 1084 20 18 af
818 1084 40 18 den

105 1112 26 20 20
156 1118 52 14 mars
232 1112 21 26 (2
278 1112 55 27 april)
359 1113 56 20 1903
435 1114 40 18 och
495 1111 26 21 21
539 1114 107 19 december
661 1111 21 30 (3
696 1112 84 26 januari)
800 1112 56 21 1903

105 1141 74 27 (1904)
202 1143 76 19 förläna
298 1144 210 24 generalguvemören,
533 1150 25 12 en
581 1144 60 22 makt,
662 1144 58 18 hvars
740 1143 37 19 like
793 1143 6 18 i
814 1143 44 19 vid-

103 1173 99 19 sträckhet
225 1173 39 19 och
287 1173 144 25 mängsidighet
451 1173 63 25 aldrig
533 1174 6 18 i
562 1173 42 19 värt
622 1173 47 19 land
685 1172 121 24 förefunnits,
823 1173 36 19 har

104 1202 65 19 drifvit
184 1203 228 25 undantagsställningen
429 1203 26 19 till
471 1202 31 20 sin
517 1206 58 22 spets.
607 1203 47 19 Den
670 1202 35 20 har
720 1203 68 19 verkat
800 1202 58 19 häm-

103 1232 75 20 mande
195 1232 27 25 pä
242 1233 38 19 alla
301 1233 34 19 det
355 1232 79 26 andliga
450 1233 39 19 och
505 1233 74 25 timliga
594 1233 150 19 kulturarbetets
760 1232 98 20 omräden

103 1268 73 18 genom
196 1265 28 16 att
240 1262 82 20 beröfva
338 1263 34 19 det
387 1263 64 19 finska
467 1262 62 20 folket
544 1263 67 25 lagens
627 1262 71 26 skydd,
714 1262 6 19 i
736 1262 72 19 hvilket
824 1262 34 20 det

103 1294 48 16 vant
165 1292 29 26 sig
210 1295 28 16 att
254 1292 67 20 städse
336 1299 22 13 se
373 1292 30 20 sin
420 1293 118 24 dyrbaraste
553 1295 43 17 rätt.
628 1292 28 20 Pä
668 1292 142 20 administrativ
820 1295 38 23 väg

103 1322 27 18 ha
148 1322 64 19 finska
227 1323 132 25 medborgare
373 1322 66 19 hällits
455 1323 103 24 fängslade
573 1322 46 19 eller
634 1322 81 19 utvisats
731 1322 42 19 frän
789 1322 68 19 foster-

103 1352 73 23 landet,
192 1352 39 19 och
246 1352 41 19 den
302 1353 93 24 urgamla,
412 1352 6 19 i
434 1352 43 19 värt
493 1352 182 20 rättsmedvetande
690 1352 80 19 rotfästa
782 1352 75 25 grund-

103 1385 72 20 satsen,
198 1384 28 17 att
246 1383 59 24 ingen
326 1383 39 18 kan
380 1383 84 22 straffas,
480 1382 67 19 förrän
563 1383 40 18 han
618 1383 6 18 i
640 1382 56 25 laglig
711 1382 85 25 ordning
811 1383 45 18 dra-

102 1411 37 25 gits
154 1412 52 19 inför
221 1412 86 19 domstol
323 1413 39 18 och
377 1413 105 18 därstädes
498 1412 99 19 befunnits
613 1412 82 25 skyldig,
711 1412 35 18 har
758 1412 98 18 kullhäfts.

103 1441 41 19 Det
160 1442 25 18 till
202 1442 127 19 öfvervakare
344 1442 21 19 af
380 1442 40 19 den
436 1442 134 25 samhälleliga
586 1442 111 25 ordningen
710 1442 77 18 tillsatta
797 1442 59 24 ryska

175 1481 61 19 Särsk.
249 1482 55 18 Besv.
316 1482 47 18 utks.
376 1482 31 18 bet.
421 1481 35 19 N:o
468 1482 17 18 1.
