1078 1692
803 115 35 17 541

177 178 163 27 oundgängliga
362 177 92 28 utgifter
473 179 41 25 jör
539 177 100 26 Banken,
663 178 35 20 till
716 177 83 21 hvilkas
813 178 49 27 gäl-

178 211 70 21 dande
264 212 71 26 någon
351 218 75 14 annan
441 211 44 21 icke
500 210 43 22 kan
559 212 95 27 lagligen
666 211 134 28 förpliktas;

250 251 23 27 h)
296 251 76 28 bevilja
391 252 93 26 pension
499 251 31 27 af
546 251 104 21 Bankens
666 251 67 21 medel
748 252 23 20 åt
786 250 76 28 afsked

177 286 93 27 tagande
292 285 84 21 embets-
393 285 37 21 och
453 286 130 26 tjenstemän
599 288 56 18 samt
670 285 90 28 betjente
777 286 7 19 i
800 286 61 20 Ban-

176 319 52 26 ken;
243 320 110 26 äfvensom

246 360 18 26 i)
288 359 115 21 bestämma
414 359 159 28 fördelningen
591 359 30 27 af
631 360 25 20 de
672 360 14 20 å
701 359 101 21 Bankens
817 362 44 18 stat

177 393 112 27 uppförda
307 393 199 21 diskretionsmedel
524 396 56 18 samt
593 393 113 27 förordna
727 393 36 21 till
777 393 84 21 sådana

177 427 94 21 arvoden
294 427 38 21 och
355 427 73 21 andra
443 427 118 28 tillfälliga
577 427 91 28 utgifter
683 427 85 27 utöfver
784 430 77 21 staten,

176 468 45 14 som
236 461 30 27 af
278 460 145 28 Fullmäktige
435 460 92 29 pröfvas
543 462 88 27 nödiga.

248 501 36 21 Uti
306 502 46 20 alla
372 502 8 19 i
400 501 71 21 denna
495 501 38 21 och
556 501 181 28 nästföregående
751 502 16 26 $
782 501 79 27 omför-

177 535 73 21 mälda
265 536 94 20 ärenden
375 535 43 21 kan
433 535 81 27 åtgärd
529 535 64 27 äfven
599 535 133 27 föranledas
748 535 29 27 af
788 535 73 21 Bank-

171 569 149 28 fullmäktige,
344 569 68 21 ehuru
430 569 90 28 förslag
543 570 76 20 dertill
633 569 45 21 icke
688 569 58 27 från
761 569 100 21 Bankdi-

177 604 111 20 rektionen
311 603 123 25 inkommit;
456 603 53 21 dock
533 603 37 21 bör
588 604 82 26 jemväl
687 604 7 20 i
708 604 81 20 sådant
806 603 54 27 fall,

176 638 69 20 innan
268 637 68 21 beslut
353 637 81 27 fattas,
458 637 153 21 Direktionens
630 638 101 27 yttrande
746 637 115 28 infordras

176 675 55 18 samt
247 672 29 21 då
291 672 35 21 det
340 672 71 27 gäller
426 672 71 27 någon
513 671 29 27 af
553 672 44 20 dei
611 673 29 20 56
654 672 15 27 $
684 674 114 26 upptagna
809 672 53 27 frå-

175 713 46 20 gor,
236 713 121 21 gemensam
372 706 167 28 öfverläggning
557 706 48 21 med
623 706 143 21 Direktionen
781 706 79 21 hållas.

485 770 15 26 $
514 771 35 19 58.

244 809 42 21 Det
311 809 128 21 tillkommer
458 809 205 28 Bankfullmäktige
689 812 32 18 att
746 812 46 18 utse
812 810 49 20 dei

176 844 42 20 112
232 843 15 28 $
262 843 131 21 'omnämnde
414 844 198 27 inventeringsmän
630 843 42 27 för
694 843 103 21 kontoren
821 843 39 21 och

175 880 147 25 agenturerna
347 879 55 20 samt
428 877 115 22 bestämma
568 878 148 27 ersättningen
737 877 42 28 för
801 878 59 21 detta

175 912 109 27 uppdrag.

244 951 145 28 Fullmäktige
415 951 52 22 böra
487 952 89 27 jemväl,
602 954 52 19 enär
679 952 35 21 det
736 959 62 21 synes
813 952 47 21 dem

175 985 106 28 lämpligt,
301 986 45 21 låta
362 986 7 20 i
384 986 35 20 sin
434 985 111 28 öfvervaro
570 986 98 21 anställa
687 988 62 19 extra
767 987 93 20 invente-

174 1020 79 27 ringar
268 1020 36 20 vid
319 1019 187 27 hufvudkontoret,
523 1019 110 28 äfvensom
658 1021 103 26 antingen
785 1027 73 20 genom

177 1054 71 26 någon
264 1053 29 27 af
304 1054 47 20 dem
366 1053 81 28 sjelfva
463 1054 53 20 eller
533 1061 75 20 genom
632 1053 169 28 tillförordnadt
816 1061 44 14 om-

175 1087 42 20 bud
236 1087 101 27 förrätta
363 1087 60 28 dylik
449 1088 134 27 inventering
609 1088 35 20 vid
668 1087 102 21 Bankens
785 1087 75 28 öfriga

177 1121 82 21 kontor.

244 1155 44 21 För
304 1156 68 27 öfrigt
388 1156 84 27 åligger
497 1156 145 27 Fullmäktige
661 1156 66 27 äfven
742 1156 54 21 vaka
812 1157 48 20 der-

174 1189 71 24 öfver:

242 1230 24 26 a)
282 1231 32 19 att
327 1229 114 28 påbjudna
456 1230 165 27 inventeringar
635 1230 30 27 af
671 1230 103 21 Bankens
784 1230 76 21 kassor

174 1263 38 20 och
223 1263 181 28 förvaringsrum
427 1264 67 21 varda
517 1264 30 27 af
565 1264 157 21 vederbörande
745 1264 114 28 behörigen

169 1297 143 28 fullgjorda;

242 1337 22 27 b)
280 1340 33 18 att
328 1337 104 28 åtgärder
457 1338 69 21 varda
545 1338 31 27 af
586 1338 201 21 Bankdirektionen
804 1339 7 20 i
827 1339 33 20 tid

173 1371 105 27 vidtagna
294 1371 35 21 till
344 1374 32 18 att
391 1371 80 21 hindra
487 1372 41 21 den
551 1372 122 21 metalliska
696 1372 90 21 kassans
809 1373 50 20 ned-

173 1405 83 26 yående
272 1405 70 21 under
358 1405 47 21 dess
421 1406 8 20 i
443 1407 14 18 7
471 1406 16 27 $
501 1406 108 27 stadgade
624 1407 81 20 minsta
721 1406 86 28 belopp;

242 1440 20 25 e)
288 1442 32 18 att
346 1439 141 21 Direktionen
512 1441 63 20 såväl
597 1441 36 20 vid
655 1440 65 27 inköp
736 1440 31 27 af
777 1440 81 27 vexlar,
