1078 1692
228 119 41 17 414

207 182 23 19 af
246 182 142 20 allmänheten
409 182 106 19 betraktas
535 181 68 21 såsom
624 182 126 20 intresserad
771 182 60 19 äfven
852 182 6 19 i
878 182 80 19 sådana

207 216 31 19 för
250 216 88 20 Banken
356 216 130 20 fremmande
502 216 139 26 förfoganden
658 216 39 20 och
713 216 103 26 åtgärder,
827 222 42 13 som
882 216 74 19 Direk-

207 250 79 25 tionen,
310 250 26 26 på
358 250 67 26 grund
447 250 24 20 af
488 250 31 20 sin
541 250 94 26 antydda
655 250 99 26 ställning
770 250 30 20 till
816 250 141 26 Regeringen,

207 284 69 18 funnit
297 284 32 26 sig
351 284 115 20 föranlåten
491 287 30 17 att
541 285 91 25 vidtaga.
662 284 141 26 Fullmäktige
825 284 56 19 hålla
896 284 62 19 alltså

207 318 51 24 före,
274 320 30 17 att
320 318 35 19 det
371 318 31 19 för
417 318 100 20 Finlands
534 318 59 20 Bank
611 318 69 20 blefve
691 325 25 13 en
729 318 53 20 både
793 320 42 18 stor
845 318 39 19 och
896 317 60 19 verk-

207 352 29 26 lig
252 352 74 25 fördel,
342 358 34 13 om
393 352 77 20 vården
487 352 38 20 och
542 352 155 26 förvaltningen
714 352 22 19 af
750 354 59 17 stats-
821 352 38 19 och
872 351 84 19 militie-

207 385 91 20 verkens
321 385 160 27 ifrågavarande
501 386 74 20 fonder
595 386 38 20 och
653 386 68 20 medel
738 386 88 26 skiljdes
843 386 43 19 från
903 386 53 18 Ban-

207 419 41 20 ken
266 420 39 19 och
321 420 167 20 öfverlemnades
503 420 31 20 till
551 423 30 17 ett
597 420 99 20 särskildt
712 420 30 20 för
758 420 120 20 ändamålet
893 420 62 19 inrät-

208 454 45 19 tadt
273 454 57 19 verk.
361 454 47 19 Men
430 454 87 20 emedan
538 454 99 20 Finlands
652 454 67 25 Bank,
733 454 83 26 jemlikt
833 454 11 19 3
860 456 10 21 $
886 454 6 18 i
908 454 48 24 Kej-

207 488 79 26 serliga
307 488 166 26 Förordningen,
497 488 109 26 angående
627 488 102 26 styrelsen
746 488 38 20 och
801 488 155 25 förvaltningen

208 522 23 19 af
252 522 70 19 denna
343 522 66 26 Bank,
425 522 22 19 af
461 522 39 20 den
517 522 11 20 9
545 523 117 19 December
681 523 60 25 1867,
758 525 22 17 är
796 522 115 20 förbunden
927 524 31 17 att

209 556 93 19 bestrida
325 556 41 20 alla
386 550 113 26 kostnader
517 557 31 19 för
565 557 149 19 meranämnda
729 556 84 20 fonders
829 556 127 25 förvaltning

209 592 54 17 samt
286 590 41 24 det,
348 590 33 19 vid
402 590 73 20 sådant
491 590 138 25 förhållande,
646 590 46 20 icke
708 597 37 13 ens
761 590 59 20 torde
836 590 51 20 böra
903 590 53 19 före-

208 623 48 26 slås,
280 626 30 17 att
333 624 131 26 Regeringen
487 624 67 20 skulle
575 624 72 26 afsäga
667 624 127 20 statsverket
812 624 40 20 den
869 623 87 26 förmån,

208 664 44 13 som
274 658 64 26 sagde
354 658 127 19 förbindelse
497 658 95 25 innebär,
609 658 62 20 hafva
686 658 140 26 Fullmäktige
843 658 67 19 funnit
925 658 32 25 sig

209 692 89 19 manade
321 693 30 18 att
366 692 6 19 i
393 692 8 20 4
416 694 10 22 S
446 693 23 18 af
487 692 100 26 förslaget
610 693 71 26 intaga
699 694 30 18 ett
748 692 123 26 stadgande,
892 692 66 26 enligt

208 725 83 20 hvilket
308 726 87 19 Banken
412 726 82 20 komme
509 728 37 23 att,
562 726 31 20 till
610 726 131 20 betäckande
756 726 23 20 af
792 726 117 20 kostnaden
926 726 31 19 för

209 760 35 19 det
267 760 73 25 nödigt
364 760 66 19 blifna
449 767 42 19 nya
512 759 220 27 förvaltningsverket,
748 760 81 26 årligen
846 760 110 19 tillhanda-

209 794 57 19 hålla
289 794 126 20 statsverket
437 796 30 18 ett
488 794 75 26 anslag
583 795 22 19 af
619 795 75 25 50,000
711 794 65 25 mark,
793 794 34 20 vid
844 794 61 20 hvars
921 794 35 20 be-

209 828 132 19 stämmande
363 828 140 26 Fullmäktige
527 829 52 25 tagit
594 829 6 18 i
617 828 118 27 beräkning
759 829 19 25 ej
802 829 52 19 blott
876 828 82 26 skäliga

209 862 59 19 löner
288 861 39 20 och
348 862 92 20 arvoden
456 863 31 19 för
503 862 89 20 embets-
609 863 39 19 och
664 863 125 26 tjenstemän
800 865 53 16 samt
865 862 92 25 betjente

208 896 30 19 till
259 896 35 19 det
309 896 63 25 antal,
388 903 43 12 som
448 897 31 19 för
496 897 165 26 förvaltningens
678 897 101 26 behöriga
794 896 162 20 handhafvande

209 929 40 20 kan
266 936 61 13 anses
343 930 139 27 erforderligt,
499 933 47 17 utan
564 931 39 19 ock
620 931 25 20 de
661 931 69 26 öfriga
745 930 92 26 utgifter,
851 936 44 13 som
907 930 6 19 i
924 929 32 20 så-

209 963 49 20 dant
276 963 98 20 afseende
390 964 120 27 antagligen
529 965 65 19 blifva
609 965 23 19 af
645 965 75 19 nöden.
751 964 113 26 Anslagets
880 964 76 25 belopp

210 997 40 19 kan
268 997 123 27 visserligen
407 1004 62 20 synas
486 998 100 27 temligen
602 999 56 26 högt.
681 999 47 18 Men
745 998 27 20 då
787 999 39 19 den
839 998 118 25 föreslagna

209 1031 150 27 förändringen
375 1031 40 20 kan
432 1032 82 19 förenas
531 1033 46 18 med
594 1039 25 12 en
635 1032 127 26 indragning
778 1032 21 19 af
813 1031 106 26 åtskilliga
931 1031 26 26 på

209 1065 99 20 Bankens
324 1067 40 18 stat
380 1065 107 27 befintliga
503 1066 96 19 embeten
615 1066 40 19 och
671 1066 93 25 tjenster,
780 1065 23 20 så
814 1065 39 20 blir
864 1065 39 20 den
915 1065 41 19 till-

208 1099 81 26 ökning
304 1099 6 19 i
326 1099 97 20 Bankens
446 1100 120 25 utgiftsstat,
589 1107 44 12 som
654 1100 150 25 förändringen
824 1099 84 20 komme
928 1101 30 18 att

210 1133 100 25 medföra,
326 1133 7 19 i
348 1133 76 26 sjelfva
442 1134 73 19 verket
531 1134 105 26 betydligt
651 1134 87 19 mindre.
770 1133 58 20 Dock
844 1133 61 20 äfven
922 1139 33 14 om

209 1166 25 19 de
257 1166 97 26 fördelar,
378 1173 44 13 som
443 1168 183 20 meromförmälda
645 1168 72 26 åtgärd
734 1168 6 19 i
757 1167 49 20 flere
823 1167 133 20 hänseenden

208 1200 68 19 skulle
293 1200 77 21 bereda
385 1201 94 26 Banken,
495 1202 65 20 måste
576 1202 66 26 köpas
658 1202 47 19 med
721 1204 26 17 än
763 1204 66 17 större
843 1201 113 26 uppaffrin-

209 1240 43 19 gar,
269 1234 23 19 så
307 1237 23 16 är
345 1235 69 19 denna
430 1235 79 26 åtgärd,
525 1236 68 26 enligt
607 1235 153 26 Fullmäktiges
776 1235 149 26 öfvertygelse,
937 1235 23 19 af

209 1269 39 19 den
266 1269 131 26 väsendtliga
412 1270 44 25 vigt
472 1270 38 19 och
527 1270 109 26 betydelse
648 1270 31 19 för
690 1272 30 17 ett
730 1269 106 26 sakenligt
846 1269 38 19 och
896 1268 60 26 följd-

209 1301 74 27 riktigt
305 1303 107 19 ordnande
432 1304 23 19 af
472 1304 98 19 Bankens
587 1304 105 26 ställning,
708 1306 30 17 att
752 1302 142 26 Fullmäktige
909 1302 47 19 icke

209 1335 81 20 kunnat
305 1337 70 26 undgå
390 1339 30 17 att
436 1337 25 26 på
477 1338 34 19 det
527 1341 105 16 varmaste
648 1337 84 20 förorda
747 1337 127 19 densamma.

277 1370 9 19 I
304 1371 10 18 3
330 1373 10 22 $
359 1371 23 19 af
402 1371 99 26 förslaget
524 1372 63 18 hafva
609 1371 194 25 Bankfullmäktige
826 1369 80 27 bifogat
928 1372 30 17 ett

208 1404 117 26 stadgande
349 1405 24 19 af
390 1405 99 26 innehåll,
508 1407 31 18 att
554 1405 58 27 fråga
627 1412 33 13 om
676 1405 74 25 anslag
766 1404 22 19 af
801 1403 99 20 Bankens
915 1409 42 14 me-

211 1438 32 20 del
268 1439 32 19 för
321 1439 64 26 något
403 1439 31 20 för
449 1440 88 19 Banken
553 1439 130 20 fremmande
698 1437 98 21 ändamål
812 1437 47 19 icke
875 1443 36 13 ens
928 1437 31 19 får
