1078 1692
818 111 35 19 615

191 174 31 20 till
238 174 66 20 andre
323 174 275 26 Bankrevisorssuppleant:
621 174 204 26 Kammarjunkaren
842 176 34 20 vid

122 209 77 20 Eders
221 208 146 27 Kejserliga
389 208 135 26 Majestäts
547 208 43 26 hof,
611 209 45 20 vice
675 208 200 29 Häradshöfdingen

120 243 81 19 Johan
217 242 127 20 Reinhold
361 242 96 25 Taube;
473 245 52 17 samt

190 277 31 19 till
243 276 67 27 tredje
333 276 276 27 Bankrevisorssuppleant:
633 276 13 20 f.
664 277 18 20 d.
708 277 110 27 Kaptenen
840 278 34 20 vid

124 310 166 27 Ingeniörkåren
311 310 32 20 för
359 314 49 23 väg-
432 310 39 20 och
494 310 307 21 vattenkommunikationerne
817 311 58 21 Ale-

123 345 95 20 xander
235 344 117 21 Wilhelm
368 344 152 27 Lagerborg.

372 407 58 21 inom
445 406 175 22 Presteståndet:

190 448 30 19 till
236 446 190 28 Bankfullmäktig:
442 448 92 20 Lektorn
545 448 6 19 i
563 448 109 20 romerska
686 448 133 21 litteraturen
837 450 34 20 vid

121 482 138 27 Gymnasium
275 482 7 20 i
297 471 55 41 Åbo,
368 482 93 25 Prosten,
477 482 97 20 Filosofie
590 482 114 26 Magistern
720 482 78 21 Frans
813 483 58 20 Wil-

122 517 65 20 helm
203 516 93 20 Gustaf
308 516 80 26 Hjelt;

189 550 31 20 till
237 550 63 20 förste
316 549 314 27 Bankfullmäktigssuppleant:
646 550 223 22 Referendariesekre-

122 588 81 17 teraren
219 585 7 19 i
241 584 79 20 Eders
335 584 149 26 Kejserliga
499 584 133 26 Majestäts
648 584 64 21 Senat
727 585 32 19 för
774 586 98 26 Finland,

122 619 116 26 Theologie
254 618 100 20 Doktorn
371 618 104 20 Gabriel
491 618 105 20 Mauritz
611 617 181 29 Waenerberg;

189 653 30 20 till
242 653 66 20 andre
331 642 315 41 Bankfullmäktigssuppleant:
670 649 149 24 Öfverläraren
836 653 34 21 vid

121 687 162 21 Normalskolan
299 687 7 19 i
320 686 133 26 Helsingfors
468 686 89 20 Alfred
572 686 126 26 Kihlman;
714 689 55 18 samt

189 722 30 19 till
235 722 67 26 tredje
313 720 314 27 Bankfullmäktigssuppleant:
643 721 122 20 Professorn
775 722 6 19 i
791 722 79 20 mathe-

122 756 63 20 matik
203 756 33 20 vid
254 755 132 21 Alexanders
398 755 157 25 Universitetet,
565 754 124 27 Statsrådet,
702 755 167 27 Fysisk-Mathe-

121 790 76 21 matisk
212 790 96 20 Doktorn
323 790 95 19 Lorenz
434 789 114 20 Leonard
563 789 129 26 Lindelöf;

189 824 30 20 till
235 824 150 20 Bankrevisor:
401 823 295 26 Universitets-Kamreraren,
712 824 99 20 Filosofie
826 825 43 19 Ma-

121 859 79 26 gistern
216 858 54 20 Nils
286 858 113 19 Kristian
415 857 181 24 Westermark;

187 892 31 20 till
242 893 64 19 förste
328 892 273 26 Bankrevisorssuppleant:
624 892 127 20 Ledamoten
772 893 7 19 i
794 889 74 24 Öfver-

121 927 103 26 styrelsen
234 927 32 19 för
281 926 156 25 skolväsendet,
446 922 188 30 Öfverinspektorn
650 926 32 20 för
697 927 171 20 elementarläro-

123 961 85 25 verken,
224 960 99 20 Filosofie
338 961 113 26 Magistern
467 960 82 20 Julius
565 960 94 20 Efraim
674 960 134 27 Bergroth;

188 995 31 20 till
235 995 65 20 andre
318 994 275 26 Bankrevisorssuppleant:
613 994 122 20 Professorn
751 995 7 20 i
774 995 94 27 pedago-

121 1029 36 26 gik
173 1029 39 20 och
228 1028 97 21 didaktik
340 1028 36 20 vid
384 1028 132 20 Alexanders
524 1028 158 25 Universitetet,
698 1029 98 20 Filosofie
811 1029 57 20 Dok-

121 1065 44 18 torn
182 1063 136 20 Zacharias
333 1062 114 20 Joachim
464 1061 87 27 Cleve;
567 1064 54 18 samt

187 1097 30 19 till
240 1097 68 26 tredje
330 1097 275 26 Bankrevisorssuppleant:
629 1097 93 20 Rektorn
747 1097 35 20 vid
802 1097 66 27 högre

119 1131 191 20 elementarskolan
326 1131 6 19 i
347 1130 139 27 Nikolaistad,
501 1131 98 20 Filosofie
619 1131 113 26 Magistern
756 1131 111 20 Alexan-

120 1165 43 20 der
178 1165 92 20 Gustaf
282 1165 83 20 Julius
380 1165 123 20 Hallstén.

358 1228 59 21 inom
432 1227 195 29 Borgareståndet:

188 1268 30 20 till
242 1268 191 27 Bankfullmäktig:
460 1268 216 21 Justitierådmannen
699 1269 7 18 i
728 1268 139 27 Helsingfors,

119 1304 209 25 Hofrättsassessorn,
351 1303 56 20 Juris
430 1303 107 26 utriusgue
559 1302 133 21 Kandidaten
712 1301 58 21 Carl
790 1303 79 20 Adolf

119 1334 143 29 Öhrnberg;

187 1371 31 20 till
233 1371 65 20 förste
313 1370 314 27 Bankfullmäktigssuppleant:
643 1370 223 20 Referendariesekre-

119 1409 82 17 teraren
217 1406 7 19 i
239 1405 78 20 Eders
332 1405 145 26 Kejserliga
492 1405 131 26 Majestäts
643 1404 64 21 Senat
724 1405 32 19 för
775 1404 89 20 Finland

119 1440 84 20 Sixtus
218 1439 92 20 Viktor
325 1439 154 25 Calamnius;
