1078 1692
811 129 35 19 863

117 194 46 20 från
183 193 197 27 uttagningsdagen,
399 192 40 20 och
454 192 88 20 Banken
558 193 91 26 godtgör
664 193 77 19 honom
757 193 111 20 enahanda

118 230 60 18 ränta
192 228 32 20 för
240 227 25 20 de
281 228 77 19 insatta
372 226 84 20 medlen
473 226 44 20 från
534 228 60 18 nästa
609 227 90 26 helgfria
714 227 41 26 dag
769 226 53 21 efter
833 227 35 19 det

117 262 143 26 insättningen
269 261 61 20 skett.
345 260 41 20 Vid
394 260 162 20 kreditivtidens
565 260 85 27 utgång,
661 260 106 20 hvarintill
777 260 91 20 nämnde

118 298 71 18 räntor
205 296 110 24 beräknas,
336 295 87 19 afslutar
438 294 87 20 Banken
541 295 32 19 sin
589 295 91 27 räkning
695 295 110 27 angående
821 295 47 19 kre-

118 330 81 26 ditivet,
215 330 39 20 och
270 329 178 26 kreditivtagaren
464 331 23 17 är
503 328 85 28 skyldig
603 331 31 18 att
648 329 85 20 sednast
748 329 12 20 &
776 329 91 20 förfallo-

118 364 69 26 dagen
203 363 93 21 inbetala
311 363 98 20 Bankens
425 362 202 27 tillgodohafvande.
656 364 132 19 Försummas
804 363 63 25 detta,

118 398 54 20 skall
191 398 178 26 kreditivtagaren
386 398 13 18 &
414 397 211 26 tillgodohafvandet,
641 397 103 20 intilldess
760 397 34 20 det
811 397 56 20 beta-

118 433 37 25 las,
178 432 86 26 erlägga
287 432 39 20 den
350 433 66 24 ränta,
437 437 44 13 som
501 431 32 19 för
551 431 114 20 kreditivet
680 434 23 17 är
718 431 94 27 stadgad,
829 432 38 19 och

118 466 99 20 Bankens
232 465 160 27 ifrägavarande
408 465 83 20 fordran
508 465 39 20 bör
562 469 48 17 utan
627 465 99 26 dröjsmäl
741 466 108 20 indrifvas.

464 530 10 22 S
491 528 32 20 40.

187 568 158 20 Kassakreditiv
366 568 40 19 kan
426 567 47 27 ock,
494 574 33 13 om
543 568 125 20 säkerheten
689 568 128 20 fortfarande
834 568 33 20 be-

119 602 67 20 finnes
208 602 101 26 antaglig,
329 604 104 23 omsättas,
454 602 87 19 hvarvid
562 602 97 20 Bankens
675 602 193 26 tillgodohafvande

119 636 115 20 öfverföres
250 636 30 20 till
296 636 40 20 den
353 642 42 20 nya
410 636 117 26 räkningen
544 636 68 20 såsom
628 636 110 27 uttagning
750 636 38 20 och
799 636 68 20 kredi-

119 671 116 26 tivtagaren
256 670 102 27 erlägger,
374 670 89 20 förutom
480 670 40 20 den
536 670 7 20 i
559 670 25 20 36
601 672 9 22 $
627 670 126 20 föreskrifna
768 670 99 20 inträdes-

119 704 95 28 afgiften,
236 711 26 13 en
283 704 88 20 särskild
393 704 208 27 öfverföringsafgift,
622 704 46 20 med
689 704 42 20 viss
746 707 87 24 procent
848 706 22 19 af

120 738 35 20 det
171 738 119 20 öfverförda
306 738 104 26 beloppet.

188 773 122 25 Procenten,
331 772 104 20 hvarefter
451 772 70 20 denna
536 772 67 27 afgift,
619 772 180 27 inträdesafgiften
815 775 53 17 samt

119 807 135 26 uttagningar
276 807 38 19 och
335 806 140 27 insättningar
494 806 110 26 beräknas,
624 807 125 20 bestämmes
765 807 22 19 af
799 807 68 20 Bank-

121 840 137 27 fullmäktige,
275 840 26 26 pä
316 840 206 20 Bankdirektionens
539 840 84 27 förslag.

465 905 10 21 S
491 903 33 18 41.

189 942 188 25 Kreditivhafvare,
393 948 43 13 som
453 942 80 19 utställt
548 943 106 24 invisning
666 943 30 19 till
708 945 66 17 större
786 943 82 26 belopp,

120 979 26 17 än
169 976 55 20 hvad
247 976 23 19 af
291 976 113 19 kreditivet
424 975 34 20 vid
479 976 132 19 densammas
632 977 130 25 uppvisande
777 977 92 20 innestär

120 1011 37 20 hos
174 1010 94 26 Banken,
284 1010 52 20 eller
351 1010 66 19 under
432 1012 66 17 större
515 1010 61 19 delen
593 1010 22 19 af
629 1010 150 21 kreditivtiden
791 1011 76 26 begag-

121 1047 35 17 nat
178 1046 87 24 uttagna
287 1044 74 25 medel,
385 1045 48 18 utan
453 1045 30 18 att
503 1047 52 23 göra
570 1044 146 27 insättningar,
732 1045 51 20 eller
797 1045 71 26 vällat,

119 1080 30 18 att
165 1078 22 20 af
200 1078 76 20 honom
292 1077 48 20 sökt
356 1078 128 26 omsättning
499 1079 48 19 icke
563 1078 40 20 kan
621 1078 91 27 försiggä
727 1079 37 19 sist
777 1079 12 19 &
799 1079 69 20 kredi-

121 1113 61 19 tivets
198 1112 132 26 förfallodag,
346 1112 37 19 har
393 1112 109 19 förverkat
512 1112 256 27 omsättningsförmänen.
788 1113 10 19 I
809 1113 59 20 först-

120 1146 92 20 nämnda
230 1146 34 19 fall
281 1149 22 16 är
319 1146 40 19 han
376 1146 105 19 dessutom
498 1140 96 26 förfallen
611 1146 30 19 till
657 1153 75 13 ansvar
748 1147 65 26 enligt
828 1147 40 27 lag.

465 1210 9 22 S
491 1209 33 19 42.

189 1248 80 19 Aflider
289 1248 184 25 kreditivhafvare,
493 1248 23 20 sä
532 1248 81 27 upphör
628 1249 98 19 Bankens
741 1249 128 20 förbindelse

119 1285 36 22 att,
172 1288 49 13 vare
236 1283 32 25 sig
284 1284 56 17 emot
355 1282 51 19 hans
422 1282 51 19 eller
485 1282 51 20 hans
547 1283 199 20 rättsinnehafvares
756 1283 112 26 invisning,

119 1316 81 27 utgifva
214 1316 39 19 den
270 1316 34 20 del
320 1316 22 19 af
356 1315 119 26 kreditivet,
491 1322 44 13 som
553 1316 33 20 vid
603 1316 51 20 hans
670 1317 40 19 död
728 1317 98 26 möjligen
838 1317 30 20 in-

120 1350 70 20 nestär
209 1350 39 19 hos
268 1349 93 26 Banken,
382 1350 38 19 och
436 1350 87 19 Banken
540 1357 49 20 eger
605 1353 74 24 genast
694 1351 75 20 afsluta
784 1351 84 20 räknin-

119 1391 42 20 gen
176 1386 54 17 samt
245 1383 75 20 utsöka
334 1384 36 19 sitt
385 1384 202 26 tillgodohafvande,
603 1384 53 20 efter
671 1384 36 20 det
721 1385 87 20 Banken
823 1385 47 20 låtit

120 1418 98 20 meddela
233 1417 41 20 den
290 1417 88 20 aflidnes
393 1418 190 20 rättsinnehafvare
594 1419 19 25 ej
625 1418 81 20 mindre
717 1419 151 20 underrättelse

119 1459 33 13 om
170 1451 100 26 beloppet
284 1451 22 20 af
320 1452 98 19 Bankens
434 1452 84 20 fordran
534 1455 26 17 än
576 1453 133 26 uppsägning
725 1452 30 19 till
772 1452 95 20 densam-
