1078 1692
796 114 30 17 511

111 180 134 25 Läne-Bank,
258 179 120 26 stadgades,
390 179 62 19 bland
465 180 70 24 annat,
547 180 30 18 att
587 185 26 13 en
625 178 124 20 instruktion
766 178 30 20 för
807 178 53 20 Ban-

112 214 52 20 kens
175 214 39 20 och
226 214 47 20 dess
289 213 149 20 vexelkontors
454 213 128 26 förvaltning
597 212 75 26 skulle,
683 213 6 19 i
702 212 93 27 enlighet
811 212 47 20 med

113 248 25 19 de
154 248 5 19 i
176 248 120 26 åberopade
313 247 126 27 kungörelse
459 248 109 19 bestämda
584 247 98 27 grunder,
698 247 106 19 utarbetas
820 246 38 20 och

112 282 41 19 tills
170 282 71 19 vidare
257 281 118 26 fastställas,
390 284 54 17 samt
459 283 30 18 att
504 281 119 25 framdeles,
635 281 53 19 efter
704 280 155 27 öfvervägande

111 316 23 19 af
147 316 55 20 hvad
218 316 66 20 under
305 316 160 26 tillämpningen
489 316 24 20 af
533 316 90 19 nämnde
639 315 125 20 instruktion
781 315 80 19 kunnat

113 350 89 26 utredas,
222 350 132 26 fullständigt
374 349 130 27 reglemente
526 350 31 20 för
576 350 87 20 Banken
684 350 84 20 komme
784 351 30 18 att
829 351 31 18 ut-

113 384 75 20 färdas.
218 385 45 19 Den
284 384 5 20 i
312 384 49 26 följd
381 384 62 20 häraf
461 384 31 20 för
510 384 78 20 Finska
603 384 86 20 Banken
706 384 39 20 och
762 384 46 20 dess
824 390 35 13 un-

113 418 130 26 derlydande
267 418 139 20 vexelkontor
426 418 39 20 den
489 418 24 20 18
529 418 120 20 November
664 424 80 14 samma
760 418 22 19 år
797 416 62 21 utfär-

113 452 54 20 dade
183 452 126 20 instruktion
326 452 37 20 har
378 452 92 20 derefter
485 452 53 20 intill
555 452 131 20 närvarande
702 452 28 20 tid
747 452 66 26 tjenat
829 452 30 19 till

114 486 145 26 efterrättelse,
276 487 49 19 utan
348 488 30 18 att
398 486 64 27 något
478 486 98 20 särskildt
591 486 191 26 Bankreglemente
798 486 61 20 emel-

114 521 59 19 lertid
191 521 89 19 kommit
296 520 30 20 till
342 520 72 26 stånd;
437 527 47 13 men
505 520 89 20 emedan
618 522 30 18 ett
671 520 74 20 sådant
760 521 53 19 visat
829 521 32 26 sig

114 555 111 26 högeligen
238 555 22 19 af
273 554 76 26 nöden,
360 555 6 19 i
378 555 105 19 anseende
499 554 67 20 dertill
583 556 30 18 att
627 554 125 28 erforderlig
767 555 93 19 fullstän-

114 589 72 26 dighet
205 589 37 19 och
264 589 134 26 systematisk
420 589 63 20 enhet
499 589 88 20 emellan
605 588 26 20 de
647 589 162 27 bestämningar,
826 588 34 20 be-

114 623 61 19 rörda
191 623 125 20 instruktion
333 623 38 20 och
390 623 89 20 sednare
498 623 108 20 utfärdade
623 623 130 27 stadganden
770 624 6 18 i
792 625 70 18 ämnet

115 657 113 26 innehålla,
240 656 83 26 saknas,
335 657 43 23 har,
390 658 29 19 uti
431 657 39 20 den
483 657 34 19 vid
531 658 52 18 1867
600 657 33 20 års
649 657 100 27 landtdag
765 657 23 20 af
801 657 58 20 Stän-

115 690 64 20 derna
194 693 92 25 antagna
296 691 38 19 och
349 691 21 20 af
378 691 81 20 Eders
475 691 156 27 Kejserliga
647 691 123 26 Majestät
785 697 75 21 genom

115 724 69 27 Nådig
207 725 125 27 kungörelse
356 725 22 20 af
398 726 39 19 den
459 726 11 19 9
488 725 115 20 December
621 726 53 20 1867
690 726 30 19 till
736 725 125 20 efterlefnad

116 758 105 27 påbjudna
240 759 125 21 instruktion
385 760 31 19 för
431 758 129 22 Ständernas
575 760 203 26 Bankfullmäktige,
794 760 69 19 blifvit

115 793 47 20 dem
175 792 71 27 ålagdt
260 795 29 18 att
304 794 96 20 utarbeta
411 793 78 27 förslag
500 794 31 20 till
542 794 131 26 fullständigt
685 794 130 26 reglemente
831 794 31 19 för

117 826 94 26 Banken,
227 827 32 19 för
281 829 29 18 att
326 827 127 20 Ständernas
473 828 130 26 granskning
619 828 33 19 vid
670 828 69 19 denna
761 828 101 25 landtdag

115 860 143 20 underställas.

183 894 68 20 Sedan
271 894 199 27 Bankfullmäktige,
491 895 29 20 till
541 895 99 26 ätlydnad
662 895 22 20 af
701 895 89 20 nämnde
809 895 53 20 före-

116 928 67 26 skrift,
202 928 31 20 till
254 935 26 13 nu
300 929 125 20 församlade
441 929 89 20 Ständer
548 929 111 20 inkommit
678 929 45 20 med
740 930 77 25 förslag
832 929 31 20 till

115 961 129 27 reglemente
264 963 32 19 för
316 962 100 21 Finlands
432 963 59 20 Bank
511 963 37 20 och
569 963 117 20 detsamma
700 963 23 20 af
736 963 128 20 Ständernas

117 995 141 21 Bankutskott
279 996 67 20 blifvit
365 997 121 26 granskadt,
506 997 61 20 hafva
583 997 117 20 Ständerna
719 998 29 19 till
765 997 99 26 pröfning

117 1029 90 20 förehaft
222 1030 57 20 detta
294 1030 79 27 förslag
393 1031 38 19 och
452 1030 20 20 fä
491 1031 122 26 detsamma,
630 1031 74 20 sädant
719 1032 35 20 det
770 1032 22 19 af
805 1031 59 20 Stän-

116 1064 65 19 derna
196 1065 96 26 antagits,
309 1064 86 21 härmed
412 1065 30 20 till
458 1065 84 20 Eders
558 1065 153 27 Kejserliga
726 1066 139 26 Majestäts

115 1097 83 27 Nädiga
213 1098 156 27 godkännande
385 1099 6 19 i
408 1099 169 26 underdänighet
592 1099 136 21 öfverlemna.

183 1131 100 21 Finlands
298 1133 71 19 Banks
386 1133 80 26 vigtiga
481 1133 191 27 samhällsuppgift,
688 1134 69 20 säsom
773 1136 91 24 upprätt-

117 1164 80 21 hållare
217 1166 23 19 af
260 1166 74 27 stadga
349 1167 39 20 och
404 1167 99 20 säkerhet
519 1168 5 19 i
541 1169 217 26 penningeväsendet,
775 1168 39 20 och
830 1168 35 20 det

116 1199 94 26 mäktiga
225 1200 117 26 inflytande
358 1201 86 20 Banken
461 1207 77 21 genom
555 1198 31 23 sin
602 1202 153 20 förherskande
765 1202 100 25 ställning

115 1233 82 20 utöfvar
219 1234 27 26 pä
266 1234 227 21 affärsverksamheten
515 1235 39 20 och
575 1236 171 20 kreditväsendet
765 1237 7 18 i
788 1236 77 25 landet,

115 1273 65 20 synas
196 1268 141 27 ovilkorligen
349 1268 86 26 päkalla
453 1271 30 18 att
498 1269 40 20 den
555 1269 130 27 författning,
697 1271 5 19 i
715 1270 85 21 hvilken
811 1270 53 20 Ban-

115 1301 53 20 kens
185 1308 95 20 program
296 1303 54 19 skall
367 1303 127 20 bestämmas
509 1304 40 19 och
565 1305 98 26 reglorna
678 1305 32 19 för
725 1305 48 20 dess
784 1305 80 19 förrätt-

116 1335 75 27 ningar
211 1337 113 25 meddelas,
343 1337 55 20 klart
420 1338 40 19 och
481 1338 103 20 bestämdt
607 1339 93 20 utstakar
722 1339 108 26 omfånget
845 1339 23 20 af

115 1369 99 20 Bankens
238 1371 140 26 verksamhet,
394 1372 5 19 i
420 1372 46 19 sina
490 1372 129 20 föreskrifter
639 1373 89 20 rörande
745 1373 70 20 denna
829 1380 35 13 au-

116 1403 65 20 sluter
197 1404 31 26 sig
245 1405 29 18 till
292 1405 26 20 de
334 1405 153 27 allmängiltiga
505 1406 140 21 ekonomiska
660 1407 59 26 lagar
734 1407 39 20 och
789 1413 75 20 genom

117 1437 121 20 erfarenhet
260 1439 100 26 stadgade
384 1440 142 26 grundsatser,
545 1447 44 13 som
610 1441 50 20 böra
676 1447 50 14 vara
741 1443 126 18 rättesnöret
