1078 1692
802 125 34 18 539

173 188 82 21 samhet
266 188 70 27 finnes
352 196 52 13 vara
420 188 29 27 af
462 188 212 27 omständigheterna
686 187 120 27 påkallad;
821 187 37 27 äf-

174 229 84 14 vensom

240 256 26 27 J
281 256 52 27 ifall
347 256 127 27 förhanden
497 256 96 20 varande
618 255 181 28 omständigheter
821 254 38 22 och

168 290 161 27 förhållanden
352 290 62 28 gifva
438 290 72 27 skälig
534 290 119 27 anledning
673 292 32 18 att
724 289 83 27 befara,
826 291 33 19 att

173 324 102 21 Bankens
300 324 123 21 metalliska
445 324 64 21 kassa
527 324 58 21 skall
599 324 8 20 i
622 324 70 20 sådan
706 324 51 20 mån
773 326 62 24 tagas
851 324 8 20 i

174 358 96 28 anspråk
292 358 37 26 för
350 358 110 28 invexling
475 358 31 27 af
517 358 104 21 Bankens
636 358 127 27 utelöpande
778 358 79 24 sedlar,

174 395 33 18 att
222 393 124 21 densamma
361 392 43 21 icke
420 392 49 25 kan,
490 392 87 21 medelst
596 392 142 27 användning
754 392 30 27 af
795 393 62 19 Ban-

174 426 51 21 kens
236 426 73 28 öfriga
320 427 85 21 valutor
416 426 41 27 för
467 426 198 28 sedelutgifningen
680 426 129 27 uppehållas
824 426 35 20 vid

173 460 36 21 det
224 461 8 20 i
248 463 13 19 7
275 461 15 27 $
304 460 105 28 stadgade
432 460 79 21 minsta
534 460 81 27 belopp,
634 460 37 28 hos
690 460 64 21 Hans
769 460 90 27 Kejser-

174 494 46 28 liga
235 494 103 28 Majestät
352 496 54 26 göra
422 492 137 30 underdånig
570 494 171 27 framställning
757 500 33 14 om
804 501 53 20 upp-

174 528 102 28 tagandet
292 528 30 27 af
332 528 81 21 sådant
428 528 81 20 utrikes
525 528 38 21 lån
579 528 53 21 eller
642 528 76 26 kredit,
728 535 46 14 som
784 528 9 20 i
802 535 55 14 sam-

173 570 36 13 ma
223 563 15 27 $
254 563 144 27 omförmäles.

242 597 16 20 I
270 597 25 21 de
311 597 99 26 ärenden,
422 596 41 21 här
479 598 92 24 nämnts,
581 597 52 21 böra
647 596 208 28 Bankfullmäktige,

174 632 68 20 innan
264 631 26 21 de
306 631 104 27 företaga
433 631 46 21 dem
495 631 35 21 till
545 632 76 26 slutlig
632 631 115 27 pröfning,
763 630 94 22 inhemta

174 664 215 22 Bankdirektionens
404 664 113 28 skriftliga
534 665 113 21 utlätande
662 666 8 19 i
685 664 66 22 saken
762 665 37 21 och
810 665 47 21 der-

173 699 55 27 efter
244 698 72 28 bifoga
332 699 117 21 detsamma
464 698 156 28 Fullmäktiges
631 706 50 20 egen
691 698 167 28 framställning

173 733 8 19 i
197 735 77 19 ämnet.

242 767 156 28 Fullmäktiges
408 767 199 28 framställningar
623 767 35 21 och
668 767 90 28 förslag
773 768 8 20 i
796 768 63 20 dessa

173 801 97 20 ärenden
285 801 73 21 kunna
374 801 44 21 icke
437 802 67 20 delvis
521 801 135 27 godkännas,
672 804 54 18 utan
741 801 62 21 skola
817 809 41 13 an-

174 835 73 27 tingen
263 835 35 20 till
313 836 46 19 alla
374 836 61 19 delar
451 835 90 26 bifallas
556 835 53 20 eller
623 835 76 27 afsläs.

484 904 15 27 $
513 905 35 20 56.

245 949 79 21 Vidare
345 949 76 21 tillhör
441 949 35 21 det
492 949 204 28 Bankfullmäktige
712 953 38 22 att,
763 951 32 26 pä
805 951 52 26 för-

171 984 49 27 slag
243 983 30 28 af
291 983 200 21 Bankdirektionen
510 983 39 21 och
568 984 55 27 efter
638 984 35 21 det
688 991 119 20 gemensam
823 985 34 26 öf-

172 1018 142 27 verläggning
330 1019 8 18 i
354 1019 70 19 ämnet
439 1017 47 21 med
501 1017 143 21 Direktionen
658 1021 34 24 egt
707 1025 54 18 rum,

242 1058 24 26 a)
280 1057 110 26 förordna
408 1058 34 20 till
458 1057 89 21 ombuds
563 1058 139 21 anställande
712 1058 41 27 för
764 1059 93 20 Banken

169 1092 32 26 pä
216 1091 82 21 utrikes
316 1094 34 18 ort
364 1094 55 18 samt
435 1091 81 28 afgöra
532 1099 33 13 om
583 1092 161 27 antagligheten
760 1093 29 26 af
799 1093 58 27 aftal

172 1125 38 21 och
227 1125 72 26 vilkor,
315 1132 44 14 som
374 1125 75 21 dervid
459 1125 149 28 förekomma;

243 1165 22 27 b)
290 1165 83 20 besluta
398 1172 33 13 om
455 1165 136 28 indragning
613 1166 30 25 af
660 1166 68 21 redan
746 1167 111 21 inrättade

171 1202 118 25 agenturer
300 1200 32 26 på
348 1199 81 21 utrikes
445 1202 44 22 ort;

243 1239 20 27 c)
288 1239 98 20 meddela
408 1239 25 21 de
455 1241 102 19 närmare
577 1239 143 28 föreskrifter
744 1241 113 27 angående

167 1273 167 28 förvaltningen
357 1273 38 20 och
411 1273 198 28 tillgodogörandet
624 1273 30 28 af
664 1274 104 21 Bankens
784 1275 72 28 tillgo-

172 1307 152 27 dohafvanden
347 1307 37 21 hos
406 1307 47 21 dess
475 1307 82 21 utrikes
573 1307 81 26 ombud,
670 1315 44 14 som
730 1307 81 28 kunna,
823 1311 33 26 på

170 1341 74 27 grund
259 1341 30 27 af
300 1341 118 27 inträffade
433 1341 52 21 eller
501 1341 102 27 befarade
619 1341 166 29 förvecklingar
800 1344 8 19 i
823 1346 33 18 ut-

171 1375 80 25 landet,
267 1382 53 13 vara
336 1375 29 27 af
376 1375 105 21 Bankens
495 1375 99 21 säkerhet
609 1375 124 28 betingade;

240 1415 24 26 d)
274 1414 120 27 fastställa
410 1414 102 21 Bankens
528 1415 154 21 diskontränta
696 1418 57 18 samt
768 1416 87 28 längsta

165 1447 159 29 förfallotiden
335 1448 41 27 för
391 1449 62 20 såväl
468 1448 81 22 utrikes
564 1448 75 22 vexlar
653 1456 45 14 som
713 1449 82 22 inrikes
807 1457 48 14 vex-
