1078 1692
822 116 35 19 449

211 178 43 20 Om
276 178 176 26 nedsättning
472 178 5 19 i
498 178 109 20 Banken
629 178 44 19 till
694 178 96 20 förvar.

193 245 48 20 Med
264 244 107 26 undantag
392 244 22 20 af
433 244 81 20 mindre
535 244 155 27 förkortningar
708 245 22 19 af
744 246 33 25 61,
794 246 25 19 63
836 246 38 20 och

125 279 26 19 64
167 281 29 23 $$,
212 278 115 26 tillstyrkes
342 278 120 27 antagande
477 279 23 19 af
513 278 126 21 hithörande
652 279 130 26 stadganden
794 278 31 21 till
836 280 38 20 och

125 313 47 20 med
189 313 25 20 66
230 315 17 23 $,
264 312 67 20 såsom
347 313 7 19 i
370 312 64 27 öfrigt
449 312 146 20 oförändrade.

447 386 58 28 Kap.
521 386 28 22 II.

245 453 94 26 Styrelsen
354 452 36 21 och
404 452 141 27 förvaltningen
560 453 21 20 af
594 453 86 21 Finlands
695 454 59 20 Bank.

338 520 42 20 Om
400 520 259 27 Bankfullmäktige.

191 583 72 19 Ehuru
280 582 112 26 Utskottet,
404 582 6 20 i
422 582 67 20 likhet
505 582 48 20 med
569 582 107 27 förslaget,
692 590 62 14 anser
764 586 30 18 att
803 584 70 20 Bank-

123 617 144 26 fullmäktiges
286 616 63 26 antal,
365 616 126 20 åtminstone
506 616 124 27 tillsvidare,
646 617 38 20 bör
700 617 126 21 bestämmas
842 618 30 20 till

123 652 75 19 endast
212 651 54 26 fyra,
282 650 52 20 eller
350 657 25 13 en
392 650 31 21 för
439 650 72 26 hvarje
526 650 72 24 Stånd,
612 653 52 18 samt
674 653 30 18 att
715 654 30 18 tre
757 652 115 26 Supplean-

123 688 32 18 ter
175 686 34 19 må
224 687 55 18 utses
295 685 31 20 för
341 685 73 26 hvarje
430 684 134 28 Fullmäktig,
580 685 37 20 har
633 686 108 20 Utskottet
756 686 53 20 dock
825 686 48 20 icke

123 720 80 20 kunnat
221 719 106 26 tillstyrka
346 718 64 20 sådan
427 718 143 28 bestämnings
586 720 110 20 införande
712 720 6 19 i
734 720 58 20 detta
806 721 66 26 regle-

123 757 78 22 mente,
221 756 51 17 enär
292 753 40 19 den
349 753 67 19 skulle
433 755 74 24 utgöra
523 760 26 13 en
565 754 143 26 begränsning
723 754 23 20 af
758 754 116 20 innehållet

122 788 6 19 i
145 788 26 19 68
187 790 10 22 $
213 788 6 19 i
234 787 239 27 landtdagsordningen,
497 788 86 20 hvilken
607 794 36 20 ger
663 788 115 27 anledning
797 788 76 26 dertill,

122 823 31 18 att
172 821 100 20 särskildt
292 821 67 20 beslut
378 822 61 19 fattas
455 821 34 20 vid
505 822 73 25 hvarje
594 822 101 26 landtdag
710 822 89 20 rörande
815 824 57 18 anta-

122 855 29 20 let
170 855 23 20 af
210 855 194 26 Bankfullmäktige
422 855 31 20 för
469 855 60 20 hvart
545 855 64 20 Stånd
625 856 40 19 och
681 856 59 20 deras
756 855 116 28 Supplean-

122 891 37 18 ter.
190 889 108 20 Utskottet
317 889 38 20 har
370 889 82 20 derföre
468 889 62 26 gifvit
546 890 24 19 67
588 892 10 21 $
614 890 6 19 i
636 890 139 26 reglementet
790 897 25 13 en
832 891 39 19 för-

122 923 80 20 ändrad
219 923 133 26 ordalydelse
365 923 39 20 och
420 923 96 20 kommer
536 926 31 17 att
582 924 115 20 nedanföre
711 924 90 20 aflemna
817 924 54 20 skild

122 957 154 27 framställning
299 957 109 27 angående
431 957 80 20 antalet
539 957 193 27 Bankfullmäktige
757 958 39 19 och
821 957 51 27 Sup-

122 991 101 26 pleanter.

189 1026 69 20 Jemte
274 1026 36 19 det
324 1025 107 20 Utskottet
445 1026 7 19 i
467 1025 42 20 allo
525 1025 96 27 godkänt
637 1026 109 26 förslagets
762 1026 26 19 69
805 1028 16 24 $,
836 1026 36 20 har

121 1060 107 20 Utskottet
252 1060 68 19 funnit
341 1060 32 26 sig
393 1059 86 20 manadt
494 1061 31 18 alt
540 1060 66 19 under
622 1060 26 19 70
664 1061 9 22 $
689 1059 68 20 införa
772 1062 29 17 ett
817 1060 55 19 stad-

121 1094 76 27 gande,
218 1100 44 13 som
283 1093 31 20 till
333 1100 26 13 en
375 1094 42 19 viss
432 1093 51 26 grad
499 1093 82 20 afviker
597 1093 44 20 frän
657 1093 110 26 förslagets
784 1093 87 20 bestäm-

121 1129 82 25 ningar,
228 1127 89 20 rörande
341 1127 140 20 förhällandet
503 1127 91 20 emellan
617 1127 193 27 Bankfullmäktige
833 1127 39 20 och

120 1161 203 21 Bankdirektionen.
347 1161 73 27 Enligt
435 1161 118 20 Utskottets
569 1161 133 27 uppfattning
717 1161 37 20 bör
765 1162 35 19 det
810 1162 63 20 lända

120 1196 87 20 Banken
231 1196 31 19 till
283 1195 83 26 verklig
387 1196 94 25 fromma,
503 1202 33 13 om
553 1195 214 27 bankförvaltningen
783 1195 89 20 beredes

120 1230 83 20 tillfälle
226 1233 30 16 att
277 1229 48 20 icke
348 1230 52 19 blott
420 1229 88 20 medelst
527 1229 106 27 skriftliga
648 1229 167 20 hemställanden
832 1229 39 20 och

120 1265 86 26 förslag,
229 1266 49 18 utan
302 1264 39 20 ock
364 1271 75 19 genom
461 1264 89 26 muntlig
571 1264 149 26 föredragning
735 1264 34 19 vid
786 1270 84 20 gemen-

121 1305 80 14 samma
216 1298 168 20 sammanträden
401 1298 30 19 för
447 1298 41 19 den
504 1298 115 25 afgörande
635 1297 157 26 myndigheten,
803 1297 68 20 Bank-

121 1332 139 27 fullmäktige,
276 1332 119 26 framlägga
410 1332 47 19 sina
471 1332 78 26 äsigter
565 1332 40 20 och
621 1335 95 16 närmare
728 1331 103 27 redogöra
841 1331 31 20 för

120 1367 119 19 motiverna
261 1366 30 19 tili
316 1365 120 27 föreslagna
459 1365 104 27 åtgärder.
602 1365 104 20 Särskildt
728 1365 64 20 borde
815 1366 57 20 detta

122 1401 65 19 blifva
210 1400 22 20 af
252 1406 55 20 gagn
332 1400 31 19 för
385 1400 126 27 afgörandet
530 1400 23 19 af
571 1399 78 20 sädana
664 1399 77 26 frägor,
757 1406 44 13 som
817 1400 56 26 gälla

119 1435 99 20 Bankens
233 1434 113 20 utländska
362 1433 75 20 affärer
453 1433 38 20 och
505 1434 120 26 grunderna
637 1433 32 20 för
680 1433 48 20 dess
738 1433 134 26 länerörelse,

779 1466 22 17 29
