1078 1692
238 106 36 18 554

345 169 41 19 Om
408 170 149 24 tjenstemän
577 168 46 20 och
643 168 113 26 betjente
775 169 6 19 i
799 169 108 20 Banken.

593 230 15 26 $
623 231 35 20 83.

353 270 179 28 Tjenstemännen
547 270 9 20 i
570 270 92 21 Banken
676 272 50 18 äro:
742 277 25 14 en
784 270 142 26 Sekreterare,
940 276 26 14 en

286 304 151 26 Ombudsman,
454 311 25 13 en
494 304 77 20 Förste
587 304 151 26 Kamererare,
754 311 25 14 en
794 304 75 21 Andre
885 304 81 20 Kame-

283 345 79 18 rerare,
379 345 27 14 en
420 338 78 21 Förste
513 338 91 25 Kassör,
620 345 25 13 en
660 337 76 21 Andre
754 338 89 25 Kassör,
855 345 24 13 en
893 338 73 20 Vexel-

283 372 82 26 kassör,
388 378 26 14 en
436 372 139 27 Registrator
594 371 37 21 och
651 372 34 20 två
701 371 142 27 Bokhållare;
858 372 108 27 äfvensom

280 407 32 26 på
327 408 61 18 extra
404 408 43 18 stat
463 406 34 20 två
513 405 207 27 Kontorsskrifvare
735 406 37 20 och
788 406 35 20 två
833 406 132 20 Kanslister.

282 440 37 27 Af
339 440 45 21 dem
411 440 90 20 tillhöra
525 440 156 25 Sekreteraren,
704 439 153 27 Registratorn
880 439 38 21 och
940 446 26 14 en

283 473 101 21 Kanslist
407 474 101 20 Bankens
530 473 106 25 Kansli,
662 473 187 21 Ombudsmannen
868 473 38 21 och
925 473 41 21 den

284 508 68 20 andre
377 507 129 21 Kanslisten
531 507 102 21 Bankens
658 507 306 25 Ombudsmanskontor,

282 544 56 18 samt
349 541 179 26 Kamererarene,
539 541 139 25 Kassörerne,
690 541 159 21 Bokhällarene
858 541 38 21 och
904 540 62 21 Kon-

283 575 181 27 torsskrifvarene
479 575 102 21 Bankens
597 575 269 21 Kamererarekontor.

350 609 109 27 Derjemte
470 608 94 28 betjenas
575 608 201 21 Bankdirektionen
786 608 37 22 och
834 609 26 20 de
870 609 95 20 nämnda

283 643 58 21 olika
356 642 170 28 afdelningarne
541 643 31 27 af
583 643 76 27 nödigt
673 643 63 20 antal
750 642 150 22 vaktmästare.

592 706 16 27 $
623 706 35 20 84.

354 746 179 27 Tjenstemännen
548 746 8 20 i
570 745 92 21 Banken
681 748 93 24 antagas
794 745 37 21 och
849 747 115 19 utnämnas

283 780 30 26 af
331 779 207 21 Bankdirektionen.
570 779 14 20 I
596 779 80 21 sädant
696 778 101 27 afseende
817 779 55 21 läter
886 779 79 20 Direk-

284 814 77 24 tionen,
382 814 37 20 vid
437 813 108 27 inträfad
563 812 99 28 ledighet,
679 812 7 21 i
701 813 74 27 vanlig
791 813 94 27 ordning
902 814 63 20 anslå

283 847 38 20 och
342 847 99 27 kungöra
465 848 92 25 tjensten
577 847 35 20 till
630 846 121 27 ansökning
766 847 58 20 inom
840 847 70 20 trettio
927 847 38 20 da-

283 888 51 20 gar;
356 880 113 27 hvarefter
490 880 144 21 Direktionen
655 882 115 19 utnämner
789 881 40 20 den
847 885 25 22 aj
886 881 78 20 sökan-

283 915 58 24 dene,
364 921 45 14 som
428 914 70 27 styrkt
517 915 34 26 sig
571 921 38 20 ega
625 914 129 27 erforderlig
770 914 124 27 skicklighet
909 917 57 18 samt

282 948 142 21 Direktionen
443 948 76 27 finner
542 948 35 20 till
601 948 91 27 tjensten
715 948 136 27 lämpligast;
869 955 47 14 men
932 955 31 14 om

283 982 142 21 Direktionen
447 982 44 20 icke
513 989 65 13 anser
600 982 72 27 nägon
692 981 30 28 af
738 982 46 20 dem
795 982 57 27 fullt
868 983 96 27 lämplig,

283 1023 47 20 eger
352 1015 143 22 Direktionen
518 1016 56 27 änyo
594 1016 64 20 anslä
678 1016 94 27 tjensten
788 1016 34 21 till
837 1016 127 28 ansökning.

282 1050 17 20 I
310 1050 40 20 den
360 1049 115 28 fullmakt,
492 1056 45 14 som
552 1049 144 21 Direktionen
709 1049 107 27 utfärdar
825 1050 43 27 för
880 1050 40 21 den
932 1053 34 18 ut-

283 1084 98 25 nämnde,
404 1083 57 21 skall
483 1084 34 20 det
539 1083 133 28 uttryckliga
694 1083 107 25 förbehäll
821 1085 92 26 intagas,
933 1087 33 18 att

278 1117 147 28 fJullmaktens
440 1117 143 27 innehafvare
597 1119 27 19 är
639 1117 87 28 skyldig
741 1120 32 18 att
789 1118 132 21 underkasta
932 1119 34 27 sig

282 1152 26 21 de
325 1151 141 28 förändrade
486 1151 161 28 bestämningar
666 1152 113 27 angående
793 1151 55 21 hans
863 1153 103 27 tjenstgö-

283 1186 66 27 ringi
365 1185 89 26 Banken,
471 1192 44 14 som
530 1185 142 21 Direktionen
687 1185 53 21 eller
750 1185 144 28 Fullmäktige
899 1186 66 28 finna

282 1220 81 27 skäligt
378 1219 104 21 meddela.
511 1219 179 28 Tyjenstemännen
701 1220 33 26 pä
749 1222 61 18 extra
825 1222 44 19 stat
880 1221 86 20 anstäl-

283 1255 33 19 las
332 1253 53 21 blott
397 1254 32 27 pä
444 1253 156 26 förordnande,
617 1254 45 20 tills
677 1253 81 21 vidare.

355 1287 178 21 Vaktmästarene
548 1290 94 25 antagas
656 1287 31 27 af
692 1287 143 21 Direktionen
845 1288 8 20 i
863 1288 41 21 den
914 1289 52 20 ord-

283 1323 58 26 ning,
358 1321 144 21 Direktionen
512 1321 8 20 i
530 1321 74 28 hvarje
618 1321 104 21 särskildt
728 1321 48 28 fall
782 1321 75 27 finner
868 1323 97 27 lämplig.

354 1355 138 27 Tjenstemän
514 1355 38 21 och
574 1355 89 28 betjente
677 1356 9 19 i
700 1355 92 21 Banken
810 1355 66 27 skola,
896 1357 70 20 innan

282 1390 26 20 de
330 1389 101 21 tillträda
453 1390 99 26 tjensten,
575 1390 87 27 aflägga
685 1389 101 28 tjensteed
805 1389 62 27 inför
887 1391 78 20 Direk-

284 1424 77 21 tionen.
