1078 1692
809 127 35 17 323

118 187 41 19 den
175 187 80 26 åtgärd,
272 186 83 20 hvartill
371 186 194 28 Bankfullmäktige
581 187 71 21 kunde
668 188 58 20 finna
746 188 121 20 densamma

119 221 115 25 föranleda,
257 220 63 20 hafva
341 220 141 26 Fullmäktige
503 220 40 21 den
563 222 27 19 26
605 222 86 19 Januari
709 222 50 20 1871
777 222 91 20 förehaft

119 255 88 20 berörde
230 254 85 26 ärende,
339 261 45 13 men
410 257 68 18 ansett
495 255 114 27 anledning
625 256 31 19 för
672 256 131 20 närvarande
819 256 48 20 icke

118 289 131 19 förekomma
272 288 31 20 till
326 288 40 20 den
389 288 94 27 begärda
498 291 127 24 agenturens
640 290 124 26 inrättande,
780 286 85 49 livarom

115 323 80 26 jemväl
210 323 37 20 hos
262 322 58 20 Hans
336 322 117 27 Kejserliga
468 323 97 26 Majestät
581 324 95 20 anmälts.

466 387 10 22 s
495 386 30 19 10.

188 426 42 19 Hos
246 424 194 27 Bankfullmäktige
461 425 37 19 har
514 425 193 21 Bankdirektionen
724 427 6 19 i
746 426 122 21 skrifvelser

119 460 23 19 af
156 459 39 20 den
213 459 25 20 25
255 459 40 26 Maj
312 458 38 20 och
368 460 11 18 5
396 459 117 20 December
539 460 52 19 1868
611 460 55 26 gjort
688 460 104 20 särskilda
806 461 61 20 fram-

119 493 123 27 ställningar
265 499 33 13 om
323 493 148 26 förändringar
487 494 18 25 ej
523 494 80 20 mindre
618 494 6 19 i
641 494 95 20 bankens
759 496 40 18 stat
817 498 25 16 än
861 495 7 19 i

119 528 99 26 gällande
244 526 138 27 stadganden,
408 526 111 27 angående
545 528 35 19 det
605 528 54 20 antal
687 528 121 26 ledamöter,
824 535 44 14 som

121 562 64 20 borde
201 562 6 19 i
223 562 126 26 pröfningen
366 561 22 19 af
402 561 56 20 olika
474 562 89 20 ärender
581 562 28 19 uti
625 562 137 20 Direktionen
775 563 93 27 deltaga;

121 602 48 14 men
192 596 34 19 vid
249 596 62 19 dessa
331 595 99 20 ärenders
453 595 100 27 pröfning
575 596 40 20 den
639 596 26 20 23
681 596 117 21 December
815 598 52 19 1868

120 630 63 20 hafva
206 629 193 27 Bankfullmäktige
415 630 18 25 ej
451 630 68 19 funnit
541 630 90 20 nämnde
654 630 146 28 förändringar
819 638 50 13 vara

119 664 23 20 af
155 664 41 20 den
220 664 123 26 synnerliga
365 664 164 26 nödvändighet,
548 666 30 18 att
596 664 72 26 åtgärd
685 665 31 19 till
732 665 60 20 deras
808 666 60 20 ernå-

119 698 55 20 ende
190 698 26 20 då
233 698 60 20 bordt
308 698 101 26 vidtagas.

468 762 11 22 S
496 761 31 19 11.

189 799 31 21 En
243 800 23 20 af
286 800 195 20 Bankdirektionen
504 800 7 20 i
534 800 109 20 skrifvelse
666 800 23 20 af
710 801 40 19 den
768 802 24 19 12
807 800 61 27 April

123 835 52 19 1870
191 835 37 19 hos
250 834 195 26 Bankfullmäktige
467 834 60 26 gjord
550 834 154 27 framställning
727 841 33 13 om
784 835 84 26 &tgärds

121 869 127 26 vidtagande
265 868 86 25 derhän,
367 870 30 17 att
412 868 149 20 Direktionens
581 869 125 19 ordförande
722 869 39 20 och
777 869 91 20 ledamö-

121 905 32 18 ter
169 903 63 19 mätte
248 902 102 20 förklaras
366 903 38 19 frie
420 902 45 19 frän
481 902 27 20 all
525 903 135 26 ansvarighet
675 903 32 19 för
722 903 26 20 de
764 903 104 20 handkas-

121 943 34 14 sor
171 937 93 20 bankens
288 937 96 19 kassörer
408 936 122 26 berättigats
553 937 179 19 omhänderhafva
752 937 65 20 under
833 943 35 14 en-

121 971 54 20 skild
193 971 57 25 värd,
273 971 64 19 hafva
360 970 199 27 Bankfullmäktige,
582 977 43 13 som
646 971 40 19 den
705 971 24 19 18
745 971 124 26 September

123 1005 52 20 1871
192 1005 98 26 slutligen
307 1005 83 26 pröfvat
404 1005 91 19 nämnde
516 1004 161 27 framställning,
692 1005 48 20 icke
756 1005 68 20 funnit
839 1005 30 19 till

121 1039 90 20 särskild
226 1039 74 26 ätgärd
316 1039 23 19 af
352 1038 193 26 Bankfullmäktige
562 1039 114 25 föranleda,
687 1038 73 21 sävida
773 1039 95 20 densam-

123 1080 33 13 ma
171 1073 65 20 redan
252 1073 23 20 af
288 1073 142 26 Fullmäktige
453 1073 62 25 tagits
531 1073 6 18 i
554 1073 155 26 öfvervägande
732 1073 34 20 vid
790 1075 79 24 uppgö-

121 1107 75 20 randet
211 1107 22 19 af
246 1107 36 19 det
298 1107 78 25 förslag
392 1106 30 20 till
438 1106 129 26 reglemente
585 1106 32 20 för
637 1106 91 27 banken,
744 1113 43 14 som
811 1107 58 20 kom-

122 1147 44 13 mer
182 1143 30 17 att
227 1141 34 19 vid
277 1140 139 20 instundande
431 1140 102 27 landtdag
548 1141 118 20 Ständerna
681 1141 124 26 föreläggas.

469 1205 10 21 $
497 1203 31 20 12.

189 1243 41 20 Vid
246 1243 104 20 särskilda
368 1242 96 20 tillfällen
481 1243 37 19 har
537 1243 194 20 Bankdirektionen
748 1243 38 20 hos
800 1244 70 19 Bank-

121 1278 132 26 fullmäktige
273 1278 86 24 anmält,
385 1279 30 18 att
435 1277 22 20 af
463 1277 150 20 Direktionen
640 1277 30 20 till
696 1277 128 21 förrättande
849 1277 23 20 af

123 1311 212 21 hankkommissarie-
364 1311 38 20 och
427 1311 172 26 kassörstjenster
622 1311 44 20 dels
690 1311 118 26 föreslagna
831 1312 39 19 och

121 1347 45 19 dels
189 1345 160 20 tillförordnade
372 1351 100 20 personer
496 1345 62 20 bland
581 1345 94 20 bankens
691 1345 124 26 tjenstemän
832 1345 38 20 och

121 1383 62 18 extra
199 1380 92 26 betjente
306 1379 49 20 icke
374 1379 80 20 kunnat
470 1379 60 20 ställa
546 1379 139 20 föreskrifven
702 1379 170 27 tjensteborgen;

121 1415 38 19 och
185 1414 62 19 hafva
270 1413 200 26 Bankfullmäktige,
493 1419 45 14 som
561 1413 40 20 den
621 1413 27 20 24
665 1413 86 20 Januari
770 1413 59 26 1868,
848 1414 24 19 15

121 1449 100 20 Februari
237 1447 38 20 och
292 1448 12 19 7
321 1447 90 26 Augusti
429 1447 52 20 1869
501 1449 53 18 samt
571 1448 8 19 1
597 1447 43 20 Juli
655 1447 40 20 och
711 1447 26 20 20
752 1447 121 20 November
