1078 1692
815 105 35 18 453

121 168 76 20 affärer
219 168 49 20 icke
287 174 66 20 gerna
372 167 42 20 kan
430 167 27 26 på
472 167 52 20 flera
539 173 100 20 personer
655 167 97 26 fördelas,
768 168 40 20 och
823 170 47 18 ord-

121 202 109 25 föranden,
252 208 44 14 som
313 202 6 18 i
335 202 65 19 första
420 201 53 19 hand
493 201 32 19 får
542 201 120 20 kännedom
678 208 32 13 om
727 202 143 20 kursnoterin-

121 243 38 20 gar
174 236 39 20 och
229 236 68 25 öfriga
312 235 220 25 börsunderrättelser,
543 235 6 19 i
561 235 41 19 alla
617 235 113 20 afseenden
747 236 63 20 borde
822 242 50 14 vara

121 270 121 27 lämpligast
257 272 30 18 att
302 269 64 20 vårda
382 270 31 26 sig
429 276 32 13 om
479 269 70 20 denna
564 269 31 19 för
610 269 89 20 Banken
715 269 23 20 så
752 270 79 26 vigtiga
842 270 29 19 af-

121 305 101 26 färsgren.

189 338 54 20 Från
260 338 41 20 den
316 338 94 26 lagfarne
428 337 254 20 Direktionsledamotens
697 338 126 26 åligganden
836 338 36 20 har

122 373 107 20 Utskottet
252 372 98 26 borttagit
374 372 41 22 det,
434 373 30 18 att
483 371 180 21 omhänderhafva
678 378 26 13 en
720 372 23 19 af
756 372 116 26 nycklarna

121 407 30 19 till
167 406 99 20 Bankens
282 406 122 19 kassahvalf
418 406 35 23 (97
470 407 17 23 $,
503 406 26 19 28
545 405 91 25 sidan,*)
648 412 61 14 mom.
722 406 25 26 f),
758 406 45 20 dels
815 413 55 13 eme-

121 441 41 19 dan
179 440 113 25 Utskottet,
308 440 26 26 på
350 442 40 17 sätt
406 440 115 19 nedanföre
533 440 52 19 skall
598 442 96 18 närmare
706 440 117 25 motiveras,
835 447 35 13 an-

121 478 40 17 sett
176 475 64 26 sagde
258 474 87 26 nycklar
360 474 48 20 icke
425 473 90 21 behöfva
530 474 27 26 på
572 474 51 20 flera
639 477 26 16 än
682 476 76 18 tvenne
772 481 100 19 personer

120 509 98 25 fördelas,
238 508 45 20 dels
300 508 88 20 emedan
405 508 90 20 nämnde
511 508 103 20 ledamots
630 508 68 26 öfriga
713 508 93 27 göromål
823 508 47 21 icke

121 544 33 19 väl
180 543 70 19 kunde
276 542 82 25 förenas
384 542 46 20 med
453 542 152 26 skyldigheten
629 544 30 18 att
682 542 42 20 ofta
749 542 68 27 nedgå
840 543 31 19 till

121 577 106 20 hvalfven.

189 611 9 19 I
214 610 94 27 följande
324 616 60 14 mom.
400 612 22 22 a)
439 610 22 19 af
475 616 80 14 samma
571 612 16 23 $,
604 610 148 20 innehållande
764 610 107 20 föreskrif-

121 648 31 18 ter
168 646 31 19 för
215 645 41 20 den
272 644 64 20 andre
353 644 118 20 ledamoten
483 644 6 19 i
499 644 148 25 Direktionen,
662 644 37 20 har
710 644 106 21 Utskottet
827 645 45 20 fun-

122 680 29 20 nit
175 678 147 27 ordalydelsen
344 678 49 20 böra
413 678 138 20 underkastas
570 684 26 14 en
613 678 81 20 mindre
710 679 83 19 rättelse
807 680 65 25 jemte

122 714 35 20 det
179 712 143 27 åberopandet
342 712 22 20 af
385 712 39 20 128
439 714 16 22 $,
472 712 109 26 angående
598 712 98 20 särskildt
712 713 160 26 förvaringsrum

121 748 111 25 uteslutits,
255 746 89 21 emedan
368 746 137 20 nästnämnda
520 748 10 22 $
546 746 7 20 i
569 746 70 20 denna
658 746 34 20 del
713 746 69 20 blifvit
800 747 23 19 af
837 747 35 20 Ut-

122 782 78 20 skottet
215 782 86 19 ändrad.

190 816 71 19 Ehuru
276 815 108 20 Utskottet
398 814 7 20 i
421 814 114 20 allmänhet
551 814 92 20 biträder
657 814 151 27 Fullmäktiges
823 822 49 19 upp-

122 850 91 26 fattning
228 850 23 19 af
264 849 41 20 den
321 849 106 26 ställning,
443 849 60 19 hvari
518 848 99 20 Bankens
634 849 124 25 tjenstemän
776 849 49 19 böra
841 849 32 20 stå

122 885 31 19 till
169 883 138 20 Direktionen
323 886 53 17 samt
392 882 124 27 godkänner
531 882 58 20 såväl
605 882 125 20 hithörande
742 883 129 25 stadganden

122 919 6 19 i
145 918 146 25 reglementet,
314 923 44 14 som
382 916 40 20 ock
442 916 25 20 de
487 916 22 20 af
523 916 140 27 Fullmäktige
679 917 7 18 i
702 919 70 17 ämnet
786 917 88 20 anförda

125 953 88 20 motiver
228 953 58 25 (pag.
302 950 81 26 62)**),
399 951 37 19 har
448 951 63 19 likväl
523 950 6 19 i
542 950 59 26 fråga
611 957 33 13 om
656 951 142 26 stadgandena
808 951 6 19 i
826 951 26 20 98
863 953 9 22 $

121 987 41 20 den
180 986 85 26 mening
281 986 55 25 gjort
350 985 32 26 sig
398 985 37 20 hos
451 984 108 20 Utskottet
573 984 105 27 gällande,
694 987 30 17 att
738 991 26 13 en
775 985 51 19 eller
837 991 35 13 an-

122 1027 39 14 nan
186 1020 73 27 duglig
280 1019 38 20 och
338 1019 99 20 ambitiös
453 1025 76 20 person
546 1018 105 20 måhända
666 1018 66 20 skulle
748 1018 79 20 afhälla
842 1019 32 26 sig

121 1055 46 20 frän
183 1056 30 18 att
227 1053 80 21 ansöka
322 1054 63 25 tjenst
400 1053 6 19 i
422 1053 94 25 Banken,
533 1052 70 20 derest
619 1052 27 20 all
662 1053 108 26 möjlighet
782 1055 29 17 att
822 1053 52 19 söka

121 1089 84 20 rättelse
221 1089 6 18 i
243 1088 26 19 de
284 1087 23 20 af
321 1087 138 20 Direktionen
477 1086 108 20 beslutade
601 1086 61 19 straff
676 1092 49 14 vore
736 1087 136 25 tjenstemän-

120 1130 41 13 nen
177 1123 7 19 i
200 1121 88 20 Banken
308 1121 117 26 fråntagen.
455 1121 94 25 Tillföljä
572 1119 61 20 deraf
646 1120 38 19 har
700 1120 105 20 Utskottet
819 1121 7 19 i
842 1121 29 19 fö-

120 1156 117 21 revarande
253 1157 10 22 $
279 1155 63 20 infört
358 1155 40 19 den
415 1154 134 26 bestämning
565 1156 30 18 att
605 1154 132 26 tjensteman,
748 1161 44 13 som
805 1154 22 20 af
837 1154 35 19 Di-

121 1191 110 20 rektionen
256 1189 68 20 blifvit
346 1189 142 26 suspenderad
511 1188 28 27 pä
559 1189 41 19 viss
621 1188 35 26 tid,
676 1190 48 17 utan
740 1190 30 18 att
785 1188 30 20 till
831 1188 41 20 ätal

121 1225 34 20 vid
172 1223 90 21 domstol
278 1223 68 20 tillika
362 1223 124 25 förordnats,
502 1225 23 17 är
542 1222 117 27 berättigad
670 1224 30 17 att
710 1228 76 20 genom
798 1222 74 19 besvär

121 1259 38 20 hos
181 1258 102 20 Senatens
306 1257 118 19 Ekonomie
444 1257 151 26 Departement
611 1257 45 19 deri
672 1256 52 20 söka
739 1256 92 25 rättelse,
846 1256 27 26 pä

121 1295 40 18 sätt
177 1292 64 19 redan
257 1291 7 20 i
280 1292 40 19 144
336 1293 10 22 $
362 1291 29 19 uti
407 1291 119 26 Kejserliga
541 1290 154 21 instruktionen
711 1290 31 19 för
753 1289 87 20 Banken
851 1290 23 20 af

123 1327 41 20 den
184 1327 24 19 18
223 1325 121 20 November
362 1325 53 20 1840
431 1325 128 26 medgifvits.

191 1360 39 20 100
247 1361 10 22 $
274 1359 38 20 har
326 1361 80 18 ansetts
422 1359 72 20 kunna
509 1359 111 20 undvaras.

188 1433 17 20 *)
218 1433 6 16 i
238 1433 60 17 denna
309 1432 39 17 bok
360 1432 34 17 sid.
407 1432 38 18 383.
467 1432 27 22 **)
507 1433 6 16 i
527 1432 62 17 denna
600 1431 39 18 bok
651 1431 33 18 sid.
698 1432 39 17 421.
