1078 1692
346 389 56 20 Hans
416 388 136 26 Kejserliga
567 388 119 26 Majestäts
702 388 88 27 Nådiga
805 396 85 20 propo-

278 423 76 20 sition
371 422 30 20 till
419 422 87 20 Finlands
521 423 87 25 Ständer,
627 429 29 13 om
672 422 102 21 anvisande
790 424 21 19 af
824 424 66 25 anslag

278 458 30 20 till
328 457 103 20 understöd
450 457 30 20 för
498 457 23 20 de
539 457 113 20 kommuner
667 457 6 19 i
689 457 71 25 landet,
777 457 64 21 hvilka
856 459 34 19 åro

278 492 43 20 med
336 491 131 26 ingvartering
482 491 21 20 af
515 493 80 24 trupper
613 491 49 20 eller
682 491 84 21 militära
788 492 103 20 inrättnin-

280 532 34 20 gar
330 526 73 20 svårast
417 525 114 26 betungade.

213 589 8 19 I
238 588 138 20 betraktande
398 588 23 19 af
441 588 184 26 nödvändigheten
646 590 30 18 att
691 588 12 20 å
719 589 55 19 vissa
788 592 57 17 orter
860 590 32 20 in-

144 630 33 12 om
194 623 88 19 Finland
299 622 139 20 koncentrera
453 624 30 17 ett
498 624 66 17 större
581 622 55 19 antal
652 625 91 23 trupper,
754 623 136 27 hvarigenom

146 657 65 27 några
234 657 70 19 städer
326 656 40 20 och
388 656 192 25 landskommuner,
603 656 6 19 i
626 658 85 18 motsats
727 657 30 19 till
774 657 35 20 det
824 657 68 27 öfriga

145 691 79 26 landet,
247 697 50 13 vore
320 690 46 20 med
395 690 144 26 inqvartering
566 690 92 31 särdeles
689 690 125 27 betungade,
837 692 55 20 hade

145 725 68 20 Hans
236 725 150 25 Kejserliga
409 724 130 26 Majestät,
562 724 31 20 för
619 724 187 20 åstadkommande
829 726 23 19 af
866 732 24 13 en

145 759 61 27 billig
226 759 112 26 jemkning
361 759 6 18 i
391 758 57 20 detta
470 758 131 20 förhållande
625 764 75 20 genom
722 758 73 26 dylika
813 760 79 19 städers

146 794 38 19 och
202 793 196 20 landskommuners
414 792 176 26 understödjande
607 792 45 20 med
669 792 184 28 penningebidrag
864 794 28 19 ef-

146 830 31 17 ter
201 827 98 26 pröfning
322 827 23 18 af
359 826 98 19 behofvet
475 827 31 18 för
522 827 72 24 hvarje
610 826 62 26 gång,
689 827 28 18 uti
733 826 69 27 Nådig
817 833 75 20 propo-

147 862 62 19 sition
226 861 32 19 till
273 860 100 20 Finlands
389 862 70 17 senast
474 860 125 19 församlade
615 859 89 20 Ständer
715 861 138 19 öfverlemnat
864 863 30 17 att

147 896 32 19 för
195 895 66 26 sagda
276 894 97 20 ändamål
389 894 72 19 anvisa
476 901 25 12 en
519 901 79 12 summa
619 894 23 19 af
663 894 89 26 300,000
776 895 65 26 mark,
864 897 30 18 att

147 929 66 20 under
236 929 42 19 åtta
301 928 33 20 års
352 928 30 19 tid
402 927 50 27 utgå
467 927 45 20 från
529 928 26 19 de
571 934 76 19 genom
664 928 181 21 bränvinsskatten
862 929 31 19 in-

148 963 93 26 flytande
257 962 75 25 medel,
349 961 51 20 eller
416 961 39 20 ock
471 961 45 20 från
535 962 65 19 andra
623 962 79 26 anslag,
725 963 84 19 hvarom
834 963 59 20 Stän-

147 997 66 19 derna
228 997 6 18 i
250 996 50 19 slikt
315 996 35 19 fall
367 996 53 26 ägde
437 996 46 19 med
499 995 142 27 underdånigt
655 996 78 26 förslag
751 996 114 21 inkomma.

216 1030 41 19 Till
280 1036 47 13 svar
350 1029 50 20 härä
422 1030 63 19 hafva
507 1030 117 19 Ständerna
646 1030 5 19 i
671 1030 169 27 underdänighet
858 1037 36 13 an-

149 1064 50 19 mält
222 1066 36 23 att,
281 1063 75 20 sävida
374 1063 181 20 bränvinsskatten
575 1067 55 16 ännu
646 1063 48 20 icke
710 1064 87 27 uppgätt
811 1071 38 13 ens
864 1065 31 19 till

149 1098 35 19 det
207 1098 82 26 belopp,
313 1104 44 13 som
377 1097 131 20 erfordrades
526 1097 30 20 till
573 1097 136 20 statsverkets
728 1099 120 19 ersättande
864 1099 32 19 för

149 1132 40 19 den
206 1132 55 19 förra
284 1131 285 27 bränvinsarrendeafgiften,
585 1135 26 16 än
632 1132 80 19 mindre
727 1132 80 19 lemnat
822 1132 52 19 eller
889 1133 7 18 i

149 1166 39 19 den
206 1167 104 18 närmaste
327 1166 109 19 framtiden
453 1166 70 19 kunde
539 1172 60 13 anses
616 1166 69 19 lemna
701 1167 62 25 utväg
779 1159 30 26 till
821 1166 74 26 fyllan-

148 1199 25 20 de
199 1200 23 19 af
242 1199 41 20 alla
306 1199 25 20 de
348 1200 80 25 vigtiga
443 1200 121 25 statsbehof,
581 1200 31 19 för
633 1200 71 19 hvilka
719 1200 70 19 denna
804 1200 57 19 skatt
876 1199 23 20 af

148 1233 119 20 Ständerna
290 1233 134 20 derförinnan
449 1235 63 25 tagits
534 1235 7 18 i
563 1233 98 27 anspräk,
681 1236 53 17 samt
749 1233 66 20 under
833 1233 63 20 däva-

149 1268 66 19 rande
238 1267 145 20 förhållanden
408 1268 68 25 någon
500 1275 27 19 ny
551 1268 56 19 skatt
629 1269 31 18 för
683 1267 57 20 detta
761 1267 97 20 ändamål
877 1268 19 25 ej

149 1301 66 20 heller
238 1301 70 19 kunde
333 1301 70 20 landet
426 1301 105 27 påläggas,
554 1302 119 19 Ständerna
691 1301 69 20 funnit
774 1302 32 25 sig
822 1301 74 20 nödsa-

149 1335 56 20 kade
220 1337 30 18 att
265 1335 7 19 i
288 1335 167 26 underdånighet
471 1336 72 25 afböja
558 1336 100 26 förslaget
673 1336 6 19 i
699 1336 69 19 denna
784 1335 40 26 del,
843 1335 55 20 helst

148 1369 262 26 inqvarteringsbesväret,
426 1369 6 19 i
448 1369 40 20 den
505 1369 145 27 utsträckning
668 1369 117 20 detsamma
807 1369 91 26 erhållit,

149 1409 50 14 vore
216 1410 26 13 en
258 1403 51 25 följd
326 1403 23 19 af
362 1403 39 20 den
418 1403 69 20 finska
502 1404 79 19 indelta
597 1404 116 19 militärens
731 1403 129 26 indragning
876 1403 22 19 år

153 1437 59 26 1810,
228 1437 97 19 hvarföre
342 1437 35 19 det
392 1437 47 20 icke
455 1439 72 25 syntes
544 1444 49 13 vara
604 1438 81 26 obilligt
697 1439 29 18 att
738 1437 160 25 militiefonden,
