1078 1692
217 130 22 16 22

266 192 32 20 De
313 191 61 20 svåra
399 191 123 19 missväxter
545 190 23 20 af
589 190 73 20 hvilka
677 191 47 19 hela
740 190 88 20 Finland
845 190 51 19 eller
912 196 34 12 en-

198 226 70 20 skilda
290 226 59 20 delar
374 225 60 20 deraf
452 224 109 20 hemsökts
582 225 66 19 under
663 225 50 19 åren
732 225 59 25 1856,
810 225 59 24 1862,
887 224 61 24 1864,

200 260 52 20 1866
270 260 39 19 och
325 260 124 26 isynnerhet
466 260 52 18 1867
536 259 67 25 hafva,
620 260 67 18 såsom
702 259 80 25 jemväl
798 258 21 20 af
829 257 119 27 åberopade

199 294 136 26 andragande
351 294 99 26 framgår,
468 294 55 19 kräft
539 296 55 17 stora
615 293 144 26 uppoffringar
783 292 44 20 från
851 295 97 16 statsver-

198 329 47 19 kets
270 328 45 19 sida
339 328 31 19 till
391 328 149 26 bispringande
561 328 22 19 af
597 328 40 19 den
654 327 127 20 nödlidande
798 326 150 26 befolkningen

199 363 39 19 och
262 362 104 20 erfordrat
387 362 180 25 utomordentliga
589 362 175 25 ansträngningar
786 361 22 20 af
829 360 81 20 landets
927 360 21 19 fi-

201 396 181 26 nansförvaltning
406 397 30 19 för
452 399 28 17 att
497 396 6 19 i
520 396 68 26 någon
605 396 46 19 mån
670 396 70 19 kunna
756 394 150 20 tillfredsställa
924 394 26 19 de

200 431 204 26 hjelpbehöfvandes
427 431 43 19 ofta
493 430 129 20 öfverdrifna
643 430 91 26 anspråk
758 430 27 26 på
807 430 142 25 undsättning.

201 465 154 26 Beklagligtvis
364 465 37 19 har
410 465 35 19 det
459 465 7 19 i
482 464 107 20 anseende
604 464 31 20 till
650 464 40 20 den
707 464 110 20 obesuttna
834 464 117 20 befolknin-

200 506 52 19 gens
275 499 48 26 låga
347 499 157 26 bildningsgrad
521 499 38 19 och
577 499 64 19 klena
661 498 227 26 förmögenhetsvilkor
904 498 47 20 icke

202 534 81 19 kunnat
299 533 111 25 undvikas,
426 536 29 16 att
471 535 78 17 statens
566 533 55 26 hjelp
639 533 68 19 blifvit
722 532 80 20 aulitad
820 532 30 20 till
870 532 82 19 direkta

202 568 106 25 allmosor,
325 568 39 19 och
381 568 108 25 betydliga
505 567 86 26 utgifter
607 567 62 20 hafva
685 567 54 19 varit
755 567 77 26 nödiga
849 566 29 20 till
895 566 55 20 läka-

203 602 74 20 revård
297 602 38 19 och
352 602 102 19 brödföda
470 601 20 19 åt
505 601 26 19 de
547 601 73 19 skaror
639 601 22 19 af
678 601 64 26 sagda
764 600 128 27 befolkning,
908 607 43 13 som

205 636 23 19 af
242 636 162 26 hungersnöden
422 636 82 19 drifvits
521 636 29 19 till
567 638 29 17 ett
615 635 186 27 kringvandrande
824 635 128 19 lefnadssätt.

204 671 46 19 Den
269 670 126 25 erfarenhet,
412 677 43 13 som
466 670 103 19 härunder
578 670 83 19 vunnits
671 670 36 19 har
716 670 107 19 bekräftat
832 670 40 20 den
884 670 69 26 gamla

205 705 117 25 sanningen
345 707 29 17 att
396 704 39 20 den
452 704 54 20 enda
522 706 90 24 utvägen
629 705 28 19 att
674 704 106 19 verksamt
796 704 108 26 bispringa
919 710 33 13 uö-

196 740 49 19 .den
270 739 69 19 består
355 739 6 19 i
378 738 129 20 beredandet
529 738 23 20 af
573 738 167 26 arbetsförtienst
762 738 99 26 antingen
878 745 75 19 genom

204 773 147 19 anordnandet
374 773 23 19 af
418 773 161 25 allmännyttiga
602 773 87 25 företag,
713 772 52 20 eller
786 772 86 20 medelst
892 773 62 19 bevil-

202 807 66 26 jande
292 807 23 19 af
328 806 34 20 län
380 806 20 20 ät
416 807 95 19 enskilda
531 807 39 19 och
587 806 129 26 kommuner,
738 807 32 19 för
786 809 29 17 att
831 806 125 27 möjliggöra

205 841 167 25 produktionens
389 841 112 19 oafbrutna
517 840 97 27 fortgäng
631 841 64 19 under
712 841 60 25 tider,
788 840 26 20 dä
826 841 80 19 landets
923 843 29 16 rö-

205 875 137 25 relsekapital
357 875 6 18 i
379 875 96 19 kännbar
492 875 46 19 män
556 875 112 26 medtagits
684 875 30 19 till
730 875 140 20 anskaffande
889 875 22 19 af
925 877 29 17 ut-

205 909 76 19 ländsk
306 909 95 26 spanmäl
417 909 6 18 i
439 909 70 19 stället
531 909 32 19 för
579 909 39 20 den
636 909 102 26 felslagna
754 909 97 20 skörden.
885 905 69 24 Äfven

206 949 63 20 synes
295 943 40 19 den
355 943 34 19 del
410 943 22 19 af
452 943 160 26 befolkningen,
628 943 85 20 hvilken
731 943 80 19 svärast
831 943 89 20 drabbas
936 945 22 18 af

206 977 139 20 omförmälde
362 977 95 26 olyckor,
473 977 110 20 efterhand
600 977 61 20 hafva
677 977 89 20 kommit
781 977 30 20 till
827 977 64 26 insigt
910 978 45 19 der-

206 1013 26 24 af,
249 1014 31 17 att
295 1014 79 17 statens
398 1011 82 20 direkta
499 1011 82 20 biständ
598 1011 72 20 endast
686 1012 6 19 i
708 1011 62 26 högst
788 1011 116 27 trängande
921 1011 34 20 fall

207 1046 37 19 bör
259 1045 73 20 kunna
347 1045 111 26 päräknas.

275 1081 47 18 Men
340 1087 33 12 om
391 1086 47 13 man
455 1080 46 25 ock,
517 1080 67 19 såsom
601 1080 88 26 vinning
704 1081 23 18 af
741 1086 24 13 en
790 1080 91 25 dyrköpt
904 1080 52 19 erta-

207 1115 81 24 renhet,
305 1121 50 19 eger
371 1114 94 26 grundad
483 1114 114 26 anledning
613 1115 115 24 förutsätta,
748 1116 30 17 att
798 1114 159 25 befolkningens

207 1149 187 26 sjelfverksamhet
410 1149 33 18 vid
461 1149 98 18 framtida
575 1148 150 26 landsolyckor
740 1148 24 19 af
777 1148 57 19 detta
845 1148 44 26 slag
905 1148 51 19 skall

207 1185 51 24 göra
281 1183 137 19 staisverkets
443 1182 147 20 mellankomst
606 1183 37 18 allt
666 1183 80 19 mindre
770 1183 150 25 oundgänglig,
936 1183 20 18 sä

208 1216 87 26 päkalla
318 1216 124 23 emellertid,
466 1217 81 19 oafsedt
569 1217 162 26 vanskligheten
748 1217 23 18 af
784 1219 29 16 att
829 1217 128 20 omedelbart

208 1250 62 26 bryta
287 1250 46 19 med
350 1253 30 17 ett
396 1250 127 26 föregäende
540 1254 85 22 system,
643 1251 64 26 nägra
722 1251 32 19 för
770 1250 45 20 värt
832 1251 46 19 land
896 1258 62 19 egen-

208 1284 94 26 domliga
324 1284 188 27 omständigheter,
537 1284 109 20 deribland
671 1285 38 19 den
728 1284 154 26 jemförelsevis
899 1285 60 26 ringa

208 1318 201 26 kapitaltillgängen
426 1319 38 19 och
481 1319 26 19 de
523 1318 62 27 länga
601 1319 113 24 vintrarne,
739 1319 21 18 sä
780 1319 178 25 sjökommunika-

208 1352 72 19 tionen
297 1354 22 17 är
334 1351 105 26 afbruten,
455 1353 34 19 vid
505 1353 127 19 inträffande
653 1353 130 19 allmännare
806 1353 101 19 missväxt
929 1353 29 19 ät-

208 1386 76 26 gärder
300 1385 46 20 frän
362 1386 115 26 styrelsens
492 1387 52 25 sida,
561 1387 82 19 hvilkas
659 1387 133 19 verksamhet
808 1387 62 20 oftast
885 1389 23 16 är
924 1387 35 20 be-

208 1420 80 19 roende
304 1420 65 26 deraf,
385 1422 29 17 att
431 1420 24 19 de
472 1420 71 20 kunna
560 1421 96 26 vidtagas
672 1423 47 17 utan
732 1421 132 26 tidsutdrägt.
880 1421 77 26 Vigten

208 1453 23 20 af
244 1455 30 18 att
290 1454 101 25 styrelsen
410 1454 31 19 för
457 1455 78 19 sädana
551 1455 160 20 eventualiteter
728 1455 38 19 har
786 1454 30 20 till
839 1455 35 18 sitt
896 1454 63 19 förfo-
