1078 1692
813 114 34 17 353

473 182 10 21 S
500 180 18 19 4.

188 221 45 19 Den
258 220 124 26 befattning,
402 220 139 20 Direktionen
557 219 32 20 för
604 218 100 20 Finlands
720 218 60 19 Bank
796 218 73 19 hittills

119 255 45 20 haft
179 255 47 20 med
242 255 153 25 förvaltningen
412 254 22 20 af
447 253 138 21 statsverkets
601 253 39 20 och
652 252 161 20 militieverkets
823 252 45 20 fon-

119 290 43 25 der,
177 289 97 20 kommer
290 290 29 18 att
335 288 98 26 upphöra.
465 287 45 21 Och
526 287 91 27 utgifver
632 286 86 20 Banken
723 282 12 37 i
732 286 95 26 stället,
838 286 31 19 till

119 323 135 20 bestridande
272 322 23 20 af
308 322 116 20 kostnaden
440 322 32 19 för
487 321 62 20 deras
564 321 51 20 vård
631 321 40 20 och
687 320 134 26 förvaltning,
837 320 30 19 år-

118 357 57 27 ligen
191 357 32 19 till
238 356 126 20 statsverket
380 359 30 17 ett
424 356 74 26 anslag
513 356 24 20 af
550 356 134 20 femtiotusen
701 354 65 20 mark.

279 429 41 20 Om
341 430 123 20 Bankens
484 429 227 27 sedelutgifning.

471 488 10 22 S
497 487 18 18 5.

187 526 101 20 Finlands
307 526 59 20 Bank
382 532 49 20 eger
447 526 80 26 utgifva
543 525 75 25 sedlar,
634 524 91 27 lydande
742 524 12 20 å
769 524 48 26 fem,
833 524 35 26 tio,

120 561 100 26 tjugufem
241 560 39 20 och
301 560 111 20 etthundra
429 559 58 20 mark
503 562 30 17 att
549 559 34 20 vid
599 559 111 20 anfordran
728 559 77 20 inlösas
822 559 45 20 med

119 594 117 26 fullhaltigt
252 594 63 20 finskt
329 594 140 26 silfvermynt.

187 628 10 20 I
213 628 63 26 öfrigt
296 628 58 20 skola
374 628 60 20 dessa
454 628 69 20 sedlar
539 628 6 19 i
561 628 101 20 afseende
677 628 13 19 &
704 628 95 28 lydelsen
817 630 52 17 samt

120 663 53 19 form
193 663 39 19 och
253 662 101 20 utseende
372 668 50 14 vara
437 661 104 21 inrättade
557 662 66 26 enligt
639 662 39 20 den
695 661 113 25 föreskrift,
824 668 44 14 som

120 696 103 20 Senatens
238 696 119 20 Ekonomie
368 696 162 26 Departement,
542 696 52 20 efter
605 696 154 26 framställning
770 696 23 19 af
800 696 69 20 Bank-

121 730 139 26 fullmäktige,
283 730 31 20 för
334 730 119 20 ändamålet
473 731 107 25 fastställt;
596 730 26 20 de
638 730 60 20 skola
712 729 40 20 ock
768 736 50 14 vara
833 736 35 13 un-

121 764 119 21 derskrifna
256 764 22 20 af
292 771 24 13 en
332 764 99 20 Direktör
447 765 39 19 och
503 772 25 12 en
545 766 126 24 tjensteman
687 764 6 20 i
709 763 94 21 Banken.

471 830 10 21 S
498 828 18 18 6.

189 867 53 20 Hela
265 867 98 26 beloppet
385 867 23 20 af
428 866 98 21 Bankens
547 867 127 26 utelöpande
692 867 69 20 sedlar
776 866 30 20 fär
823 867 46 19 med

120 904 75 17 sexton
216 901 96 26 miljoner
333 901 65 26 mark,
415 907 47 14 men
479 901 47 20 icke
543 901 127 26 derutöfver,
686 901 114 26 öfverstiga
815 907 54 14 sam-

121 935 113 27 manlagda
249 935 98 26 beloppet
359 935 23 20 af
390 935 98 20 Bankens
500 935 82 26 egande
594 935 118 20 metalliska
724 935 75 26 valuta,
810 935 60 20 hvar-

121 969 31 20 till
173 969 77 20 räknas
266 969 18 26 ej
302 969 52 20 blott
369 969 97 20 Bankens
483 969 120 20 metalliska
618 969 62 20 kassa
696 971 48 18 utan
762 969 39 20 ock
817 969 53 20 Ban-

121 1003 53 20 kens
197 1003 101 26 ostridiga
318 1003 117 26 fordringar
451 1003 37 20 hos
504 1003 48 20 dess
568 1003 80 20 utrikes
664 1003 76 20 ombud
757 1006 53 17 samt
826 1006 44 17 vär-

121 1037 36 20 det
179 1037 23 20 af
222 1037 86 20 Banken
330 1037 106 26 tillhöriga
455 1037 141 26 obligationer
616 1037 39 20 och
671 1039 132 24 statspapper
819 1037 5 19 i
841 1040 29 16 ut-

121 1071 85 20 ländskt
222 1073 65 24 mynt,
304 1071 56 19 detta
377 1071 62 20 värde
456 1071 117 20 beräknadt
589 1072 52 19 efter
657 1071 35 20 det
707 1071 49 26 pris,
773 1071 30 20 för
819 1071 51 20 hvil-

123 1105 35 20 ket
173 1105 86 20 Banken
276 1105 74 26 inköpt
366 1105 62 20 dessa
442 1105 88 20 valutor.

189 1139 99 20 Bankens
311 1139 125 26 utelöpande
457 1139 130 27 invisningar
603 1139 12 20 &
631 1139 64 20 finskt
715 1141 65 25 mynt,
796 1139 5 20 i
818 1139 52 19 Ban-

121 1173 41 20 ken
186 1173 137 20 innestående
347 1173 76 26 belopp
442 1173 23 20 af
482 1173 105 27 beviljade
604 1174 178 20 kassakreditiver
797 1174 74 19 samt
860 1169 14 35 i

121 1207 87 20 Banken
229 1209 43 18 mot
290 1210 59 17 ränta
364 1208 77 19 insatta
457 1208 69 20 medel
543 1208 60 23 skola
618 1209 6 18 i
641 1207 186 21 nästomförmälda
843 1207 28 20 af-

121 1241 78 20 seende
215 1248 61 13 anses
292 1242 38 19 och
346 1241 77 21 räknas
439 1249 44 13 som
499 1242 127 27 utelöpande
642 1242 76 20 sedlar.

475 1301 10 22 S
501 1300 18 19 7.

191 1338 73 21 Säsom
280 1339 104 19 metallisk
402 1339 61 20 kassa
478 1345 61 14 anses
555 1339 39 20 och
612 1339 112 20 beräknas:

192 1373 38 19 1:o.
247 1372 63 19 finskt
325 1373 138 26 silfvermynt,
479 1373 94 26 lydande
588 1373 13 19 &
616 1373 68 25 mark;

192 1407 39 19 2:0.
252 1406 78 26 silfver,
350 1413 44 14 som
414 1410 22 17 är
451 1407 22 20 af
487 1407 88 20 Banken
592 1407 112 20 aflemnadt
720 1406 31 20 till
768 1409 105 24 myntver-

123 1441 37 20 ket
175 1440 31 20 för
221 1443 29 17 att
266 1443 116 24 utmyntas:

784 1475 21 16 23
