1078 1692
814 128 21 16 7

107 190 87 20 förenad
210 191 6 19 i
231 190 105 20 anseende
362 190 30 20 till
416 190 40 19 den
480 190 65 25 följda
565 190 97 20 metoden
683 190 23 20 af
725 190 132 27 fortlöpande

109 224 194 26 öfverbalansering
318 224 23 20 af
354 224 104 19 ”kronans
481 224 98 20 fordran?
603 224 38 20 och
662 224 105 20 ”kronans
783 225 74 19 skuld”

109 258 109 20 förmådde
234 258 101 20 utskottet
351 260 30 17 att
404 257 53 20 afstå
473 258 98 20 härifrån.
602 258 74 20 Likväl
696 265 50 13 voro
765 259 26 19 de
806 259 51 20 eko-

108 292 97 20 nomiska
222 292 159 20 förhållandena
396 292 66 19 under
478 294 65 18 större
559 292 61 20 delen
637 292 22 20 af
676 292 70 20 denna
765 293 91 27 tidrymd

108 326 85 25 sådana,
209 328 29 18 att
254 333 26 12 en
296 326 112 26 utredning
424 326 23 20 af
459 326 73 20 anförd
549 328 31 18 art
596 333 49 13 vore
662 326 22 21 af
698 326 118 27 synnerligt
825 328 31 18 in-

109 363 72 17 tresse.
212 360 42 20 När
269 360 164 26 grundskattens
451 360 93 26 uppbörd
561 363 64 17 mötte
637 360 139 26 frosthärjade
786 363 71 24 tegar;

108 398 37 16 vär
169 395 40 19 den
232 395 81 26 vigtiga
336 394 166 26 tullinkomsten,
526 401 43 13 som
591 401 77 13 annors
690 397 60 24 utgör
771 402 44 13 mer
830 398 25 16 än

108 428 129 26 tredjedelen
261 429 23 19 af
305 431 77 18 statens
406 429 98 25 intrader,
528 429 90 26 nedgick
642 429 46 19 med
710 429 25 19 30
760 431 97 24 procent;

109 466 36 17 när
161 463 68 19 tillika
245 463 90 26 anspråk
352 463 27 26 pä
394 465 77 18 statens
488 463 95 27 förmåga
597 465 31 18 att
645 464 69 19 lindra
733 464 47 23 nöd,
799 464 58 26 gifva

108 497 69 19 kredit
200 497 38 19 och
258 497 88 20 anställa
366 497 105 20 allmänna
491 498 86 19 arbeten
596 498 74 26 höjdes
686 497 44 20 från
750 497 42 19 alla
807 497 49 26 håll,

107 532 23 18 så
147 532 130 19 erfordrades
293 532 37 19 hos
346 531 222 27 finansförvaltningen
589 538 24 13 en
631 531 109 26 patriotisk
760 531 95 20 omtänk-

108 566 88 25 samhet,
213 568 47 17 utan
278 566 84 19 hvilken
380 566 69 19 denna
465 566 92 26 sorgliga
571 566 73 26 period
655 566 47 19 icke
714 566 80 19 kunnat
805 566 50 19 und-

107 600 27 26 gå
149 602 30 17 att
196 600 115 26 menligare
326 599 89 20 inverka
430 600 27 26 på
473 600 40 20 den
529 600 118 20 finansiella
662 600 134 26 ställningen,

174 668 9 19 I
200 668 220 20 öfverensstämmelse
436 669 47 19 med
500 668 133 20 föreskriften
650 669 6 19 i
673 669 25 19 36
715 671 9 21 $
740 669 22 19 af
776 669 79 25 gällan-

107 703 26 19 de
150 702 202 26 landtdagsordning
369 702 37 20 har
423 702 100 20 utskottet
534 702 98 20 särskildt
642 702 107 26 granskat,
760 702 27 26 på
800 703 53 19 hvad

108 738 42 18 sätt
166 736 26 20 de
209 736 32 20 vid
259 736 127 26 föregående
403 736 123 27 landtdagar
545 737 30 19 för
593 737 56 19 vissa
668 736 97 20 ändamål
790 737 64 19 bevil-

103 771 51 25 jade
169 770 75 27 anslag
260 770 68 20 blifvit
350 771 102 19 använda.
486 770 133 21 Beträffande
643 771 211 26 bevillningsmedlen

107 806 38 18 har
168 805 100 19 utskottet
291 805 33 19 vid
349 805 89 19 anställd
451 805 121 25 jemförelse
591 805 67 19 funnit
674 808 30 17 att
721 806 134 19 Relationens

107 839 82 26 uppgift
204 839 110 26 angående
330 838 119 20 inkomsten
465 839 45 19 från
527 839 68 19 denna
611 839 55 19 skatt
685 840 73 19 endast
779 840 30 19 för
832 839 23 19 år

109 873 52 20 1865
185 876 22 16 är
230 873 46 19 fullt
294 873 229 19 öfverensstämmande
540 873 46 19 med
603 873 40 19 den
664 873 129 24 hufvudbok,
809 879 44 13 som

107 907 50 20 förts
173 907 58 20 öfver
248 907 60 19 dessa
324 907 75 25 medel,
415 907 110 19 hvaremot
540 907 31 20 för
590 907 49 20 åren
660 907 61 26 1866,
742 907 51 20 1867
815 907 39 19 och

108 941 53 20 1868
177 943 65 18 större
258 941 51 20 eller
326 941 79 20 mindre
422 941 123 20 differenser
560 941 130 20 förekomma
708 941 89 20 emellan
819 941 34 19 be-

106 976 61 19 rörde
183 975 83 26 uppgift
281 975 39 20 och
336 975 195 23 hufvudböckerna,
547 975 81 20 hvilket
643 975 131 20 förhållande
795 975 58 19 torde

105 1010 51 19 bero
171 1009 71 26 derpä,
251 1011 31 18 att
290 1009 134 20 Relationens
433 1009 131 20 slutsummor
572 1009 73 20 införts
661 1009 78 20 sådana
759 1009 25 20 de
800 1009 53 19 före-

106 1043 85 20 komma
206 1043 6 19 i
229 1044 25 19 de
271 1043 44 20 frän
331 1043 165 20 landskontoren
513 1043 30 20 till
560 1043 76 20 Finans
652 1043 155 26 Expeditionen
823 1044 30 19 in-

105 1078 65 19 sända
185 1084 15 15 s.
216 1077 20 20 k.
253 1077 139 20 summariska
406 1077 149 26 räkningarne.
585 1077 60 20 Dock
662 1081 24 16 är
704 1078 70 19 denna
796 1078 57 19 skill-

105 1112 40 19 nad
163 1113 18 25 ej
197 1111 136 27 synnerligen
354 1111 101 26 betydlig.
491 1112 90 19 Dernäst
603 1112 37 19 har
664 1112 100 19 utskottet
786 1113 69 18 ansett

105 1147 32 26 sig
153 1146 51 19 böra
226 1146 107 25 anmärka,
357 1148 29 17 att
407 1146 65 19 under
491 1146 23 19 år
537 1146 51 19 1870
610 1146 20 19 af
651 1146 203 25 folkskoleanslaget

105 1182 88 18 använts
209 1180 76 26 23,283
303 1180 57 19 mark
378 1180 25 19 34
419 1181 63 25 penni
498 1180 31 19 till
549 1180 129 20 bekostande
698 1181 24 18 af
742 1180 113 27 utgifterna

105 1215 31 19 för
159 1213 39 21 den
220 1214 64 27 sagde
304 1214 22 19 år
344 1214 104 19 inrättade
469 1215 162 25 öfverstyrelsen
650 1215 32 19 för
698 1214 155 26 skolväsendet,

105 1248 80 20 hvilket
205 1248 113 19 föranledts
338 1248 61 19 deraf
418 1250 30 17 att
466 1248 79 20 hälften
566 1249 22 18 af
607 1249 65 26 sagde
694 1248 159 27 öfverstyrelses

104 1285 47 23 stat,
167 1283 67 26 enligt
252 1282 83 27 Nädiga
353 1283 159 26 Förordningen
533 1283 39 19 den
597 1283 27 19 24
647 1283 121 20 November
792 1283 61 25 1869,

104 1317 47 19 med
174 1317 76 25 22,800
270 1316 57 20 mark
352 1317 79 26 årligen
456 1317 79 25 päförts
561 1316 217 27 bevillningsmedlen,
803 1317 49 19 oak-

104 1351 45 19 tadt
164 1351 23 19 af
201 1351 25 19 de
243 1351 33 19 vid
293 1351 57 19 detta
366 1351 132 20 embetsverk
521 1351 102 20 anställde
644 1351 46 26 fyra
708 1351 143 25 öfverinspek-

103 1387 55 18 torer
174 1385 74 19 endast
270 1391 25 13 en
317 1385 67 19 blifvit
403 1385 72 19 tillsatt
497 1385 31 19 för
552 1385 156 19 folkskolornas
732 1385 65 19 behof
813 1385 38 19 och

102 1419 25 20 de
144 1421 31 17 tre
191 1419 67 26 öfrige
275 1419 94 20 deremot
384 1419 72 20 utöfva
471 1419 101 20 inseende
593 1419 59 20 öfver
664 1419 80 19 landets
760 1419 92 20 elemen-

104 1453 137 26 tarläroverk,
258 1459 43 14 som
318 1453 43 20 helt
376 1453 38 20 och
427 1453 64 20 hället
504 1453 97 20 bekostas
613 1453 46 20 med
672 1453 106 19 allmänna
793 1455 59 18 stats-
