1078 1692
211 122 23 18 38

189 189 30 17 att
234 186 91 19 inverka
345 186 27 26 på
392 185 143 27 förbrytarens
554 186 104 26 sinnelag,
674 188 30 18 att
718 185 94 27 aflägsna
828 185 38 20 och
886 184 53 20 före-

191 220 72 26 bygga
279 220 26 19 de
320 220 7 18 i
343 220 82 19 landets
441 220 120 19 nuvarande
578 220 106 24 fängelser
703 220 23 19 så
746 220 70 19 talrikt
836 219 104 20 förekom-

192 254 77 20 mande
285 254 140 26 anledningar
441 254 30 18 till
489 254 52 19 hans
557 254 113 20 moraliska
690 254 124 26 försämring
837 256 53 17 samt
912 255 30 17 att

191 288 63 20 äfven
278 287 46 20 med
348 288 66 19 andra
437 288 68 19 medel
528 290 26 16 än
577 288 158 26 strafftvångets
755 288 65 20 allvar
839 287 51 20 söka
906 287 36 19 be-

192 322 76 26 främja
284 321 52 19 hans
352 321 180 27 återupprättelse,
549 321 22 20 så
587 322 60 20 torde
662 322 124 26 Ständerna,
803 322 22 19 så
841 322 61 19 framt
916 321 26 19 de

193 356 50 26 vilja
267 355 70 20 denna
359 356 84 24 reform,
468 356 46 19 icke
538 355 50 20 böra
605 355 136 27 undandraga
757 356 31 26 sig
804 358 29 17 att
849 355 30 19 till
896 355 47 19 dess

193 390 168 26 genomförande
382 390 79 26 jemväl
477 390 6 19 i
499 390 133 26 sistantydda
655 390 33 20 del
705 393 49 23 taga
772 392 66 24 steget
854 389 46 20 fullt
915 391 27 17 ut.

194 424 82 20 Genom
301 424 123 19 verkstäder
447 424 38 19 och
509 424 70 19 skolor
601 426 47 17 utan
665 424 142 20 arbetsledare
822 424 39 19 och
876 424 68 18 lärare

194 458 158 19 åstadkommer
368 464 47 13 man
431 458 48 19 icke
497 464 43 13 mer
555 458 6 18 i
578 458 106 26 fängelser
699 461 25 16 än
741 458 142 19 annorstädes.
900 456 44 20 Och

195 494 48 18 utan
270 494 62 24 utväg
355 494 30 17 att
400 492 34 19 vid
451 492 265 26 fängelseinrättningarne
736 492 54 20 fästa
806 492 84 19 bildade
906 492 38 19 och

196 526 34 20 sitt
246 526 44 20 kall
307 533 69 12 vuxne
393 525 143 21 föreståndare
554 526 38 19 blir
608 526 40 20 den
666 526 58 20 bästa
739 526 112 26 inredning
869 526 23 19 af
910 526 34 19 de-

196 567 81 13 samma
301 560 171 20 ofruktbärande.
503 556 68 24 Äfven
596 560 67 26 enligt
686 560 42 19 min
753 560 62 20 tanke
837 560 49 19 böra
907 559 39 25 väl,

197 595 87 25 sålänge
300 594 26 20 de
342 594 106 20 ordinarie
465 594 195 20 statsinkomsterna
675 597 35 17 äro
728 594 42 20 helt
786 594 37 20 och
836 594 64 19 hållet
911 600 35 12 un-

197 629 124 26 dandragne
344 628 128 20 Ständernas
496 629 130 26 förfogande,
650 629 73 19 endast
751 628 147 26 undantagsvis
922 628 25 26 pä

199 663 144 26 bevillningen
360 663 56 19 föras
431 663 72 26 anslag
520 663 31 19 för
568 666 138 22 permanenta
726 662 103 25 ändamål,
852 662 96 19 hvarföre

199 698 147 26 aflöningarne
357 698 31 19 för
405 698 25 18 de
447 697 124 26 direktörer,
587 699 81 24 prester
684 698 37 18 och
738 697 73 25 lärare,
828 703 43 13 som
883 696 66 26 enligt

200 732 35 19 det
251 738 43 20 nya
309 734 101 24 systemet
427 731 85 19 komma
527 733 30 17 att
569 731 32 19 vid
615 731 133 27 fängelserna
759 730 103 26 anställas,
878 733 71 23 egent-

200 766 56 26 ligen
275 766 64 19 borde
355 773 23 12 ur
395 766 142 19 förstnämnde
553 766 113 26 tillgångar
683 765 54 27 utgå.
768 765 39 26 Jag
823 765 62 26 hyser
900 764 48 20 ock-

200 800 22 20 så
247 800 40 19 den
312 800 141 26 förhoppning
476 802 28 17 att
527 800 60 19 dessa
607 800 113 26 tillgångar
735 800 7 18 i
759 806 24 13 en
801 802 50 16 nära
866 798 83 20 framtid

201 834 61 20 skola
286 834 74 19 sådant
381 834 112 26 medgifva,
510 834 54 19 helst
580 834 25 19 de
622 834 66 19 under
703 840 75 13 senare
794 834 27 25 år,
838 834 6 18 i
863 833 51 25 följd
931 833 23 18 af

201 868 88 19 allmänt
305 868 69 19 kände
390 868 271 26 undantagsförhällanden,
681 868 51 26 högt
750 867 96 27 stegrade
867 867 84 19 kostna-

203 902 65 19 derna
291 902 31 19 för
345 901 84 26 fångars
453 902 107 19 underhåll
585 903 38 18 och
647 904 105 23 transport
775 901 70 20 kunna
863 901 89 19 förutses

202 936 97 20 alltmera
316 936 75 26 nedgå.
423 937 45 19 Men
483 937 37 26 jag
536 936 41 19 kan
593 937 23 18 af
629 936 146 19 såbeskaffade
792 935 109 20 finansiela
918 935 32 19 be-

204 971 143 26 tänkligheter
362 970 66 19 likväl
444 970 47 20 icke
507 971 66 19 förmå
591 971 42 26 mig
648 973 30 17 att
694 970 105 26 tillstyrka
820 969 91 26 uppskof
924 969 27 20 el-

203 1005 30 19 ler
250 1005 71 19 halfva
336 1004 98 25 åtgärder
450 1005 27 19 då
491 1005 35 19 det
542 1005 65 26 gäller
623 1012 25 12 en
670 1005 83 25 reform,
770 1011 43 13 som
833 1003 120 20 samhällets

205 1038 127 20 rättskänsla
348 1038 101 26 påkallar.
481 1039 46 19 Med
551 1039 99 20 afseende
674 1039 50 20 härå
748 1039 68 19 blefve
833 1038 44 19 mitt
893 1038 59 19 vörd-

205 1079 80 14 samma
301 1073 78 26 förslag
395 1075 30 17 att
441 1073 32 20 det
491 1073 23 20 af
528 1073 41 26 mig
582 1073 110 20 förordade
703 1073 185 26 anslagsbeloppet
903 1072 51 19 kun-

205 1108 25 19 de
246 1108 108 19 användas
371 1107 43 20 icke
430 1107 52 20 blott
498 1107 34 20 till
548 1107 25 20 de
583 1107 84 26 främst
683 1107 103 26 behöfliga
801 1105 154 28 fängelsernas

205 1141 157 28 uppbyggande
386 1141 37 20 och
446 1141 35 20 till
503 1141 40 20 den
556 1140 76 28 första
650 1141 169 27 uppsättningen
835 1139 29 28 af
875 1139 80 21 arbets-

207 1175 122 21 verkstäder
344 1175 37 20 och
396 1175 78 26 skolor,
491 1178 54 17 utan
560 1175 69 27 äfven,
652 1175 96 27 såframt
771 1174 135 21 statsverkets
922 1181 34 13 or-

206 1209 87 21 dinarie
309 1210 122 27 tillgångar
446 1210 73 20 dertill
535 1209 44 20 icke
589 1209 105 28 försloge,
705 1209 42 27 för
765 1209 119 20 ordnandet
904 1209 6 20 i
926 1209 31 26 öf-

208 1244 192 21 verensstämmelse
423 1244 46 20 med
491 1244 34 20 det
547 1244 194 27 fångvårdsystem,
764 1250 45 13 som
828 1243 42 20 kan
891 1243 67 20 varda

207 1281 96 24 antaget,
319 1278 29 27 af
359 1278 181 27 öfveruppsigten,
557 1279 182 26 undervisningen
762 1277 36 20 och
820 1277 138 26 själavården

208 1313 38 20 vid
255 1312 157 28 fängelserna;
428 1312 53 21 dock
495 1315 33 18 att
538 1311 41 28 för
592 1312 133 21 sistnämnde
745 1311 103 21 ändamål
866 1311 30 26 af
905 1311 53 26 fän-

208 1347 156 28 gelseanslaget
379 1346 45 21 icke
433 1347 62 26 finge
509 1347 53 26 utgå
577 1353 44 14 mer
637 1349 29 18 än
681 1347 77 24 50,000
774 1345 61 21 mark
854 1345 91 27 årligen.

312 1381 9 20 I
336 1381 134 20 förestående
486 1381 129 20 reservation
631 1381 83 20 förenar
730 1381 32 25 sig

694 1415 26 20 A.
738 1414 24 21 F.
779 1413 111 22 Borenius.
