1078 1692
306 210 118 26 meddelad,
440 210 22 20 af
476 216 24 14 an
521 210 51 16 aller
592 216 68 10 annan
682 210 68 26 aArsak.
772 210 120 19 sedermera
914 210 47 20 icke

211 226 97 38 kommer
324 247 29 17 att
369 228 114 42 begagnas,
499 244 118 26 utgifvaren
633 247 23 16 är
672 232 117 39 berättigad
801 247 30 17 att
842 244 66 21 återfå
920 245 40 20 den

211 278 89 27 erlagda
315 278 154 27 kartasigillata
487 278 94 26 afgiften,
601 278 95 20 kommer
712 278 31 20 för
758 278 112 20 framtiden
886 281 30 17 att
932 279 28 19 bi-

211 312 103 26 behållas,
332 313 66 25 jemte
417 312 35 20 det
471 312 110 20 enahanda
596 312 81 20 förmån
694 312 137 20 tillerkännes
848 312 114 20 lånsökan-

211 348 65 19 derne
292 347 7 19 i
314 346 101 20 Finlands
437 346 59 20 Bank
519 346 39 20 och
580 346 65 20 andra
664 346 107 20 allmänna
790 346 78 26 kassor,
885 346 27 20 då
927 347 35 19 det

211 380 42 24 lån,
277 380 64 20 hvarå
364 380 121 21 skuldsedel
506 381 67 26 jemte
595 381 124 26 inteckning
739 380 69 20 blifvit
832 381 130 25 meddelade,

212 414 122 20 sedermera
348 414 23 20 af
385 421 26 13 en
426 415 52 20 eller
495 421 70 14 annan
583 415 115 26 anledning
717 414 65 20 likväl
798 414 48 20 icke
863 414 99 27 beviljas;

213 448 94 20 börande
322 448 55 20 dock
393 449 140 20 förhållandet
548 449 35 21 vid
598 449 73 26 hvarje
687 448 83 20 tillfälle
785 455 50 13 vara
846 448 115 27 behörigen

213 482 97 26 bestyrkt
325 485 53 17 samt
394 483 87 19 ärendet
496 483 31 19 till
543 483 158 19 vederbörande
717 482 120 20 Guvernörs
847 482 115 27 afgörande

211 516 148 20 öfverlemnas.

542 582 10 21 s
571 580 33 19 41.

282 624 169 21 Landskontoret
468 626 7 18 i
494 625 72 26 hvarje
590 625 33 19 län
643 631 49 20 eger
711 630 33 14 om
760 624 91 20 kronans
868 627 40 17 rätt
924 625 39 19 och

214 659 60 19 bästa
289 659 125 20 härutinnan
431 659 62 19 hafva
509 665 108 20 noggrann
633 659 39 19 och
684 658 147 26 uppmärksam
844 659 63 25 vård
900 654 12 36 ;
924 660 38 19 och

213 693 82 26 åligger
319 693 103 19 Kontoret
447 693 56 26 förty
519 695 28 17 att
563 693 46 19 föra
624 693 105 26 ordentlig
745 692 182 27 anteckningsbok
944 695 19 25 ej

214 726 82 20 mindre
322 727 47 19 med
390 727 167 19 Landtränteriet
582 727 59 19 öfver
666 727 37 19 der
727 726 103 26 befintligt
853 728 111 25 stämpladt

214 767 80 20 papper
316 761 38 19 och
375 761 185 25 stämpelmärken,
579 764 25 16 än
624 761 47 19 med
691 760 225 26 försäljningsmännen
934 762 29 18 öf-

214 801 36 13 ver
267 794 54 20 hvad
338 795 25 19 de
379 795 31 19 till
426 795 123 26 försäljning
564 795 61 19 utfått
641 795 39 20 ock
696 794 48 20 med
761 794 54 26 dem,
827 801 44 13 som
885 795 80 20 sådana

214 828 27 26 på
256 828 71 20 kredit
342 828 85 20 erhållit
447 831 52 17 samt
518 829 54 19 hvad
591 829 20 19 af
627 829 47 19 dem
691 829 6 18 i
713 828 107 26 betalning
836 829 82 25 influtit,
934 829 30 20 så-

214 868 44 13 som
275 862 39 19 ock
330 865 31 16 att
376 865 107 24 emottaga
498 863 39 19 och
557 863 82 19 förvara
658 862 169 20 vederbörandes
847 863 117 20 aflemnade

216 896 163 26 borgesskrifter
402 897 39 19 och
465 896 150 25 förbindelser;
635 897 39 19 och
690 896 53 19 skall
759 896 205 21 Landskamreraren

215 936 89 13 ansvara
319 930 32 19 för
367 931 40 19 den
424 931 72 19 förlust
512 930 78 20 kronan
608 930 40 20 kan
662 930 126 26 tillskyndas
799 931 124 26 derigenom
935 934 29 17 att

215 964 47 25 han,
279 964 6 19 i
303 964 101 20 händelse
424 964 23 20 af
465 964 168 20 vederbörandes
648 964 147 20 försummelse
811 967 29 17 att
858 965 106 26 betalning

215 998 5 19 i
238 998 88 26 behörig
344 999 30 19 tid
393 999 123 25 inleverera,
535 999 134 26 inventering
692 999 90 19 anställa
805 999 51 19 eller
871 1000 93 19 redovis-

216 1032 50 26 ning
280 1033 86 26 afgifva,
382 1033 48 20 icke
446 1035 74 24 genast
535 1033 117 26 skriftligen
670 1033 161 26 handräckning
847 1033 37 20 hos
899 1033 65 20 Läne-

216 1067 103 25 styrelsen
336 1066 54 26 sökt,
406 1067 51 20 eller
473 1073 32 14 om
523 1067 40 19 han
579 1067 111 19 anförtrott
704 1067 183 26 försäljningsman
898 1069 66 18 större

216 1100 76 26 belopp
319 1103 33 22 än,
375 1101 65 26 enligt
466 1101 54 19 hvad
546 1101 37 19 här
609 1101 62 19 ofvan
692 1101 98 26 stadgadt
805 1104 29 22 är,
850 1101 30 20 till
896 1101 69 20 denne

217 1134 45 19 bort
282 1135 110 20 utlemnas.
422 1135 10 19 I
452 1135 61 26 öfrigt
533 1135 39 19 och
587 1135 65 24 jemte
674 1135 35 19 det
728 1135 168 20 Landskontoret
915 1142 50 19 eger

215 1168 62 19 ställa
292 1169 32 26 sig
339 1169 31 19 till
391 1169 138 20 efterrättelse
552 1169 54 19 hvad
630 1169 175 26 författningarne
825 1169 91 26 påbjuda
931 1176 33 13 om

216 1201 182 28 halfärsförslager
413 1205 53 17 samt
480 1202 161 27 årsräkningars
656 1203 129 26 afgifvande,
795 1203 81 26 åligger
886 1203 78 20 Lands-

216 1236 133 20 kamreraren
366 1237 46 20 föra
428 1237 136 20 förenämnde
589 1236 183 27 anteckningsbok
796 1239 53 17 samt
870 1240 96 23 upprätta

215 1269 42 20 alla
278 1270 122 27 räkningar,
421 1271 100 26 förslager
541 1271 39 20 och
599 1271 142 26 anordningar
760 1271 47 19 med
827 1277 57 14 mera
906 1272 60 19 öfver

216 1304 4 19 i
237 1304 171 20 Landtränteriet
430 1305 101 26 befintligt
551 1305 137 19 kartaförråd.
724 1304 44 20 Och
790 1304 39 26 må,
851 1305 25 19 då
892 1305 74 20 sådant

215 1337 37 20 allt
269 1337 69 20 blifvit
359 1339 160 26 vederbörligen
539 1339 108 26 fullgjordt
666 1340 54 18 samt
738 1339 92 19 kronans
846 1341 40 17 rätt
902 1339 63 20 behö-

216 1372 60 25 rigen
300 1371 97 21 bevakad
417 1373 38 19 och
476 1373 115 26 iakttagen,
614 1373 7 19 i
640 1372 179 20 Landskontorets
842 1373 124 26 årsräkning

217 1405 19 19 få
252 1405 76 20 afföras
344 1406 35 19 två
395 1409 86 23 procent
496 1407 23 19 af
532 1407 54 19 hvad
601 1407 57 19 inom
674 1406 46 20 året
735 1407 31 19 för
781 1406 185 27 kartaförsäljning

216 1439 78 20 influtit
309 1440 40 19 och
366 1439 79 21 kronan
463 1441 183 26 tillgodokommit,
662 1441 40 19 och
722 1440 85 20 hvilken
824 1443 87 23 procent
925 1441 41 20 till-
