1078 1692
231 116 35 17 314

209 180 39 19 den
271 180 31 19 till
325 180 183 26 hypoteksfonden
533 180 117 20 öfverlåtna
678 180 62 20 andel
764 180 23 20 af
806 182 30 18 ett
858 180 22 20 år
907 181 51 19 1859

210 214 30 20 för
256 214 137 20 statsverkets
416 214 90 26 räkning
521 214 7 19 i
545 214 102 26 Ryssland
668 216 100 25 upptaget
784 214 33 20 lån
833 214 31 20 till
881 214 76 27 belopp

209 248 49 20 af
248 244 12 35 4
280 248 96 26 miljoner
400 248 58 20 rubel
484 248 79 25 silfver,
589 248 90 20 återstod
707 248 33 20 vid
767 249 69 19 denna
861 249 98 26 tidpuukt

209 282 88 27 oguldet
313 283 110 25 5,160,000
439 282 67 26 mark,
521 282 40 20 och
577 283 54 19 hade
647 283 121 25 deteamma,
785 283 66 27 enligt
866 283 40 19 den
923 284 34 19 vid

209 317 145 26 upptagandet
369 316 117 20 fastställda
501 316 233 26 amortisationsplanen
752 316 22 28 (4
790 318 23 26 %/,
826 317 6 19 i
843 319 59 17 ränta
918 317 40 19 och

209 351 11 19 2
238 351 26 26 %/,
284 350 220 27 kapitalafbetalning)
530 351 73 19 ultimo
618 351 118 20 December
753 352 50 19 1871
821 351 86 26 nedgätt
927 351 32 19 till

211 385 112 25 4,680,000
339 384 65 20 mark.
435 385 40 19 Det
497 385 66 20 andra
588 385 57 19 länet
667 391 51 20 som,
735 385 85 26 jemlikt
841 385 118 26 Kejserliga

209 419 104 20 Senatens
336 419 154 20 förordnanden
507 419 23 19 af
544 419 39 19 den
602 419 23 19 19
643 419 123 26 September
788 419 37 20 och
846 420 26 19 27
893 418 65 20 Okto-

212 453 36 20 ber
266 454 52 19 1866
335 453 39 20 och
390 453 27 26 pä
432 453 45 20 deri
498 453 109 19 bestämda
629 453 73 25 vilkor,
726 453 99 20 tilldelats
845 453 113 27 hypoteks-

209 487 79 20 fonden
312 488 28 19 uti
363 487 140 27 obligationer
523 487 23 19 af
560 487 68 19 finska
650 488 138 19 statsverkets
804 487 47 20 med
875 486 83 20 bankir-

211 522 61 20 huset
287 522 27 19 M.
334 522 25 19 A.
382 528 38 13 von
438 521 122 20 Rothschild
580 522 17 18 &
618 521 69 20 Söhne
703 522 6 18 i
725 521 112 20 Frankfurt
853 528 31 13 am
903 522 54 19 Main

211 556 22 19 är
251 556 54 20 1862
321 556 102 20 afslutade
442 556 33 19 län
495 556 30 19 till
545 556 76 26 belopp
637 556 23 19 af
673 556 90 25 203,500
779 556 73 22 thaler,
868 558 90 17 motsva-

210 591 66 19 rande
299 591 89 25 679,588
412 590 59 20 mark
494 590 26 20 25
544 590 35 26 pii,
602 590 38 20 och
661 589 65 20 hvarä
742 590 39 20 den
799 590 23 19 31
840 589 118 20 December

212 625 53 19 1867
289 625 75 25 97,600
388 624 73 26 thaler,
486 624 147 20 motsvarande
654 624 90 25 325,935
761 624 58 20 mark
835 624 26 20 20
877 624 28 26 p:
921 630 37 13 var

209 659 94 26 oguldet,
327 659 36 19 har
386 659 63 19 redan
473 658 65 20 under
561 658 44 20 äret
630 658 52 20 1868
703 658 69 20 blifvit
792 658 29 20 till
837 658 51 20 fullo
904 658 53 19 äter-

211 692 87 20 betaldt.

279 727 111 19 Likaledes
415 726 36 20 har
474 726 83 20 banken
578 726 65 20 under
659 726 73 26 loppet
746 726 24 20 af
782 726 50 20 ären
851 726 51 20 1868
918 726 39 20 och

213 762 52 19 1869
289 762 31 18 till
343 761 100 20 Finlands
465 760 209 27 Hypoteksförening
695 760 110 20 äterbetalt
825 760 26 20 de
868 761 90 25 590,000

210 795 68 26 mark,
294 802 51 18 som,
365 795 72 19 ultimo
460 795 118 19 December
603 795 61 24 1867,
682 794 106 20 äterstodo
803 794 23 20 af
840 794 24 20 de
882 795 76 25 medel,

210 829 74 20 hvilka
306 830 234 25 Hypoteksföreningen
564 829 27 26 pä
610 829 66 26 grund
693 829 23 19 af
729 829 82 26 Nädiga
828 829 83 19 Brefvet
926 829 31 19 till

211 863 195 20 Bankdirektionen
423 863 23 20 af
459 863 41 19 den
516 863 24 19 21
559 862 94 20 Oktober
671 863 52 19 1863
747 863 65 19 under
835 863 124 26 fortgängen

210 898 22 19 af
246 898 23 19 &r
285 898 54 19 1865
355 899 6 18 i
378 897 83 20 banken
480 897 114 26 deponerat
614 897 30 19 till
660 899 30 17 ett
705 897 154 26 sammanlagdt
883 897 75 26 belopp

210 932 22 19 af
246 932 111 25 8,023,485
374 931 58 20 mark
449 932 25 19 65
491 931 34 26 pii.

279 1035 41 20 Det
334 1035 147 26 sammandrag
501 1035 58 20 öfver
579 1035 108 19 resultatet
702 1034 23 19 af
740 1034 92 20 bankens
852 1034 106 20 verksam-

211 1070 35 19 het
254 1069 66 20 under
329 1069 47 20 ären
388 1070 146 23 1868—1871,
543 1075 43 14 som
600 1072 22 16 är
631 1068 85 20 föremäl
728 1069 31 19 för
767 1068 50 20 Tab.
827 1069 44 25 XV,
881 1069 78 20 utvisar

210 1107 36 22 att,
262 1104 88 20 oaktadt
358 1103 108 27 betydliga
474 1103 80 26 anslag,
568 1103 122 26 uppgäende
707 1103 31 19 för
757 1103 46 19 hela
815 1103 40 19 den
866 1103 92 26 tidrymd

211 1138 149 27 redogörelsen
377 1138 97 19 omfattar
495 1137 30 20 till
546 1139 29 18 ett
592 1137 75 26 belopp
684 1136 22 20 af
721 1137 89 25 718,084
827 1137 65 25 mark,
906 1137 52 26 jem-

211 1173 40 19 likt
271 1175 5 22 $
292 1173 12 19 2
320 1172 22 19 af
355 1172 24 19 K.
396 1171 91 20 förordn.
504 1171 40 20 den
561 1171 11 19 9
589 1170 118 20 December
726 1171 50 19 1867
794 1170 67 26 utgätt
875 1171 32 19 för
923 1174 35 16 än-

211 1206 77 25 damäl,
304 1206 72 19 hvilka
392 1205 45 20 med
455 1205 94 20 bankens
569 1204 133 20 verksamhet
717 1204 49 20 icke
781 1207 40 23 äga
833 1205 65 26 nägot
905 1211 53 13 sam-

211 1241 112 26 manhang,
346 1240 51 20 total
413 1240 100 25 beloppet
527 1239 23 20 af
563 1239 41 20 den
621 1239 120 25 nettovinst,
757 1245 43 13 som
817 1238 65 20 under
898 1239 61 20 dessa

211 1275 21 19 är
248 1274 90 20 kommit
360 1274 83 20 banken
460 1273 31 20 till
507 1273 63 27 godo,
594 1273 64 19 likväl
682 1275 60 24 utgör
765 1273 111 25 3,576,904
900 1273 58 20 mark

211 1309 25 20 99
253 1309 37 26 pri,
305 1309 81 19 hvilket
401 1309 5 18 i
424 1307 98 20 medeltal
539 1308 31 19 för
586 1307 45 20 året
646 1307 39 19 blir
706 1307 89 25 894,226
812 1307 59 19 mark
888 1308 25 19 25
922 1308 36 25 pii.

210 1343 36 20 Ett
266 1343 22 19 sä
306 1345 114 24 gynnsamt
441 1342 87 19 resultat
552 1341 60 20 torde
636 1341 82 20 banken
738 1341 47 19 icke
804 1341 65 20 under
890 1341 69 27 nägon

210 1377 129 26 föregående
355 1377 73 26 period
443 1376 43 20 haft
502 1377 30 18 att
547 1375 94 26 uppvisa.

280 1411 45 19 Den
348 1410 107 21 förkofran
479 1410 84 20 banken
583 1409 89 20 sålunda
688 1409 80 24 vunnit,
788 1408 41 20 kan
847 1409 32 19 väl
896 1416 63 19 synas

211 1445 102 26 betydlig.
343 1445 47 19 Men
406 1445 7 19 i
429 1444 74 27 sjelfva
527 1444 74 20 verket
624 1443 63 20 hafva
710 1443 121 26 derigenom
855 1443 47 20 icke
922 1451 37 13 ens
