1078 1692
847 112 34 18 579

515 176 16 26 $
546 176 48 20 139.

286 214 142 28 Uppkommer
444 214 67 28 behof
521 214 30 28 af
561 214 96 28 ändring
673 215 8 20 i
696 215 73 27 någon
784 214 29 28 af
823 214 26 22 de
859 214 41 28 för

210 248 98 26 Banken,
328 248 88 28 jemlikt
441 248 94 28 tidigare
555 248 173 28 författningar
752 248 53 22 eller
831 248 68 28 enligt

211 282 58 21 detta
291 283 126 27 reglemente
438 283 103 27 gällande
556 282 152 28 föreskrifter,
722 282 112 28 förhålles
850 282 47 21 der-

210 316 48 21 med
280 316 68 28 enligt
367 317 133 27 stadgandet
515 317 8 20 i
538 318 28 20 11
580 317 15 27 $
610 316 31 28 af
654 316 90 28 Nådiga
760 316 136 21 Förordnin-

210 357 46 21 gen,
274 351 112 27 angående
401 351 105 27 styrelsen
521 350 38 21 och
570 350 170 28 förvaltningen
752 350 30 28 af
788 350 111 22 Finlands

211 384 70 26 Bank,
304 384 76 28 gifven
399 385 40 21 den
455 386 12 20 9
482 384 116 22 December
618 386 64 25 1867,
700 384 86 22 hvilken
801 384 97 22 Förord-

211 419 59 27 ning,
282 419 8 20 i
301 418 46 22 alla
363 419 25 21 de
404 419 69 25 delar,
489 426 45 14 som
549 418 46 22 icke
609 425 76 22 genom
700 418 60 22 detta
770 419 127 27 reglemente

213 452 72 27 blifvit
300 453 100 21 ändrade
414 454 53 21 eller
481 453 119 28 upphäfne,
612 453 146 28 fortfarande
774 453 78 21 länder
862 452 35 22 till

212 486 151 27 efterrättelse.

513 546 15 26 $
543 546 48 20 140.

280 590 68 21 Detta
362 590 134 28 Reglemente
511 591 76 20 träder
601 591 10 20 i
625 590 131 21 verksamhet
772 590 41 21 den
828 592 13 19 1
857 590 43 21 Ja-

211 624 66 20 nuari
297 625 43 20 187
355 640 5 10 ,
377 624 35 21 till
431 624 85 21 hvilken
531 624 42 28 dag
588 625 105 27 styrelsen
709 625 38 20 och
758 624 139 27 förvaltnin-

210 664 41 21 gen
274 658 30 27 af
321 658 93 22 Banken
433 658 61 21 skola
513 658 139 28 handhafvas
667 658 67 28 enligt
750 665 30 14 nu
795 658 103 28 gällande

211 692 139 28 stadganden
365 693 9 20 i
388 694 77 20 ämnet.
496 692 34 22 De
549 692 110 22 särskilda
674 692 164 25 instruktioner,
854 698 45 15 som

212 726 143 26 omförmälas
369 727 9 21 i
393 733 61 15 mom.
474 726 23 28 b)
517 726 30 28 af
561 727 29 21 55
604 727 21 27 $,
641 726 84 22 komma
740 728 34 19 att
783 725 58 29 från
857 726 43 21 den

212 759 49 28 dag,
284 766 45 15 som
351 760 37 21 vid
406 761 64 21 deras
489 761 91 27 slutliga
591 760 161 28 fastställande
768 760 130 25 bestämmes,

213 794 67 20 lända
300 794 35 21 till
354 793 154 28 efterrättelse;
527 801 48 15 men
590 794 119 21 emellertid
724 794 62 21 skola
800 794 26 20 de
837 793 62 28 före-

211 827 101 27 skrifter,
334 835 46 14 som
402 828 72 21 derom
497 835 30 14 nu
545 828 68 28 gälla,
634 828 60 27 tjena
710 828 35 21 till
760 827 138 28 efterlefnad.

214 861 54 21 Alla
283 861 26 21 de
324 861 210 28 skuldförbindelser
549 861 38 22 och
602 861 74 28 öfriga
686 861 213 26 rättsförhållanden

216 895 92 21 emellan
322 895 92 22 Banken
430 895 38 22 och
483 896 100 25 enskilde,
599 902 45 15 som
655 896 33 27 på
698 895 41 22 den
750 895 39 26 tid,
800 895 30 21 då
841 895 59 21 detta

214 929 136 28 Reglemente
368 933 93 24 antager
475 930 62 27 kraft
551 930 30 27 af
593 930 42 27 lag,
651 930 89 28 qvarstå
755 929 144 28 ouppgjorda,

215 963 61 21 skola
296 963 121 22 bedömmas
437 964 56 27 efter
511 964 26 21 de
552 963 59 28 aftal
625 963 38 22 och
678 963 144 28 stadganden,
838 963 62 21 hvari

215 997 25 21 de
256 999 39 20 äro
310 998 121 27 grundade.

407 1125 48 25 Stat
475 1125 36 25 för
529 1125 103 25 Finlands
651 1124 69 26 Bank.

654 1217 40 20 För
710 1223 32 14 en.|
776 1216 41 20 För
830 1216 49 20 alla.

224 1218 20 71 Tejuy

650 1257 55 54 Mark.
713 1261 37 46 |p:i.
784 1268 57 33 Mark.
860 1261 34 45 lps.

223 1339 13 20 1|
266 1339 146 28 Ordförande,
429 1341 35 20 lön
478 1357 5 4 .

307 1368 133 28 hyresmedel

308 1396 186 29 tafelpenningar
513 1413 4 4 .
