1078 1692
228 110 35 17 482

277 174 42 18 när
335 172 76 20 honom
426 172 76 26 nödigt
517 177 69 22 synes,
602 172 83 19 utsätta
700 173 62 19 extra
778 171 183 25 sammanträden,

277 208 28 18 än
322 206 38 20 ock
378 206 108 27 uppbryta
505 205 46 21 alla
574 205 35 21 till
634 204 88 22 Banken
745 206 53 20 eller
819 204 143 22 Direktionen

278 240 83 20 ställda
378 239 52 28 bref
441 239 36 21 och
493 238 218 29 telegrafdepescher
702 234 13 37 ;

350 280 22 25 b)
388 280 57 20 tillse
467 282 33 18 att
522 279 155 21 Direktionens
692 279 110 27 protokoll
817 279 38 21 och
870 279 92 20 minnes-

278 314 40 20 bok
333 314 70 21 varda
415 314 32 27 pä
461 313 107 28 stadgade
584 313 57 21 tider
656 316 48 22 etc.;
778 311 4 4 i

349 355 21 25 e)
387 354 134 23 oförändrad;

350 394 24 26 d)
390 393 100 28 förrätta
506 393 140 27 föreskrifna
666 393 164 27 inventeringar
850 393 30 27 af
894 393 69 21 hand-

278 428 106 20 kassorna
400 428 8 20 i
422 427 103 25 Banken;

350 468 20 26 e)
401 468 132 25 oförändrad,
559 469 56 19 utom
642 469 30 18 att
701 467 102 21 slutordet
822 468 140 24 ”äfvensom”,

280 501 65 27 utgår.

344 535 26 27 f)
386 536 135 25 oförändrad;

348 575 24 27 9)
388 574 90 22 särskilt
492 574 69 21 vårda
577 574 33 28 sig
624 581 33 14 om
668 574 102 21 Bankens
780 574 81 21 utrikes
872 574 90 28 affärer.

350 614 101 26 Följande
467 614 82 27 stycke,
564 621 43 14 som
624 614 80 27 börjas:
721 615 54 19 ”För
790 614 64 28 öfrigt
870 615 49 20 bör”
928 627 34 14 —,

280 648 142 21 oförändradt.

351 682 49 20 Den
423 682 102 28 lagfarne
548 682 120 21 ledamoten
687 682 9 20 i
714 682 144 21 Direktionen
880 682 84 28 åligger

281 717 35 20 det
332 717 47 21 åter
394 718 44 19 att:

349 751 25 26 a)
393 750 57 27 föra
473 750 111 21 memorial
603 751 36 20 vid
653 750 154 22 Direktionens
822 752 144 19 sammanträ-

281 785 41 21 den
344 784 62 27 öfver
428 784 26 21 de
469 784 102 25 ärenden,
595 791 45 15 som
663 784 52 22 böra
734 785 8 19 i
758 784 129 28 protokollet
910 791 54 21 upp-

282 820 67 26 tagas.

352 852 20 26 b,
388 859 18 19 ce,
422 852 12 20 d
450 853 39 19 och
505 854 21 23 e)
543 853 149 25 oförändrade;

351 885 18 27 f)
384 886 71 27 utgår;

353 919 101 21 Deremot
470 919 84 28 åligger
574 920 35 20 det
626 920 40 20 den
683 920 69 20 andre
768 919 118 21 ledamoten
902 921 8 20 i
924 920 43 21 Di-

281 953 111 21 rektionen
408 956 41 18 att:

350 988 24 26 a)
395 987 116 27 öfvervaka
526 999 8 4 -
550 999 8 4 -
574 999 8 4 -
598 987 126 21 meddelade
741 987 149 27 föreskrifter,
914 990 54 19 utan

282 1021 44 25 ock,
343 1022 29 20 då
389 1021 25 21 de
430 1022 7 19 i
452 1021 147 21 Kassörernes
616 1021 137 21 handkassor
772 1021 113 28 befintliga
900 1023 68 20 medel

282 1055 121 28 öfverstiga
419 1055 76 28 högsta
510 1055 113 28 medgifna
643 1056 103 27 beloppet,
762 1055 87 21 hvarom
864 1056 104 21 Direktö-

282 1096 39 14 ren
344 1089 39 21 bör
405 1089 102 28 dagligen
518 1089 101 27 förvissa
634 1090 40 27 sig,
692 1090 100 21 nedsätta
808 1089 137 27 öfverskottet
962 1091 7 19 i

282 1123 171 28 kassahvalfvet;
468 1123 111 27 äfvensom

354 1157 22 28 db)
392 1158 145 25 oförändradt;

354 1191 56 21 Sista
424 1192 85 27 stycket
524 1198 47 20 pag.
589 1192 56 27 29")
660 1192 142 21 oförändradt.

595 1255 15 26 $
625 1255 35 20 98.

357 1300 74 19 Första
456 1300 83 26 stycket
561 1300 138 20 oförändradt
721 1300 30 20 till
775 1300 39 20 och
837 1301 47 19 med
904 1301 65 20 orden

284 1333 104 21 ”afhållas
408 1334 44 20 från
469 1335 140 26 tjenstgöring
625 1335 7 19 i
648 1334 108 20 Banken”.
781 1334 95 21 Derefter
892 1335 78 20 införes

285 1368 101 26 följande:

353 1435 17 23 *)
383 1436 6 16 i
402 1435 61 18 denna
476 1436 37 17 bok
525 1436 36 18 sid,
573 1436 38 17 383.
