1078 1692
231 124 23 17 28

209 188 58 18 detta
289 186 127 20 kreditivlån
439 189 60 17 ränta
521 187 38 20 bör
579 187 117 20 tillkomma
711 187 87 20 Banken
815 187 53 20 dock
885 188 75 20 endast

209 222 54 19 efter
278 223 32 17 tre
325 224 94 23 procent.

278 255 29 19 På
322 255 68 26 grund
406 255 23 19 af
443 255 35 20 det
493 255 88 20 anförda
597 255 20 20 få
632 255 117 21 Ständerne
762 255 150 27 underdånigst
922 263 36 13 an-

209 288 56 20 mäla
288 290 29 18 att
339 289 124 25 Ständerne,
486 289 73 20 hvilka
581 290 19 25 ej
624 290 80 19 kunnat
724 292 76 24 antaga
816 290 40 20 den
875 290 83 27 Nädiga

209 323 160 26 propositionen
386 324 132 25 oförändrad,
535 323 101 20 beslutat:

380 370 33 19 att
428 368 75 20 anvisa
519 370 28 19 ett
562 368 91 21 kreditiv
672 368 28 28 af
713 369 59 20 ända
788 369 35 21 till
838 376 25 14 en
873 370 85 20 million

312 402 62 20 mark
390 403 13 19 å
418 402 109 21 Finlands
548 402 65 20 Bank
636 403 34 20 till
691 402 119 28 Styrelsens
826 402 133 29 förfogande

312 436 7 20 i
335 436 37 21 och
389 438 41 24 jör
452 436 260 28 undsättningsåtgärder
736 437 68 20 under
825 438 132 26 missväxter,

312 471 47 21 med
373 470 70 21 vilkor
457 473 33 18 att
505 470 131 26 statsverket,
652 478 45 14 som
715 471 81 27 befrias
813 471 53 25 från
885 471 73 28 öfriga

306 504 42 27 för
363 505 74 27 dylika
453 506 37 20 lån
506 505 109 21 bestämda
630 505 98 27 afgifter,
748 506 13 19 å
776 505 34 21 det
829 505 82 28 lyftade
926 506 33 20 be-

312 539 72 27 loppet
399 538 29 24 af
439 538 111 22 kreditivet
565 540 99 26 erlägger
679 542 32 18 tre
722 542 100 24 procents
838 540 58 27 årlig
906 542 52 18 rän-

313 575 29 24 ta,
358 576 56 17 samt
430 576 31 17 att
478 574 58 20 lånet
551 573 125 27 återgäldas
691 574 8 20 i
714 574 51 20 mån
785 573 29 26 af
819 573 138 27 förhanden-

313 607 95 20 varande
424 607 121 27 tillgångar
560 607 37 21 och
611 610 72 18 senast
699 610 31 18 tre
746 608 26 20 år
788 607 53 27 efter
859 608 34 20 det
906 608 52 27 för-

312 643 34 18 sta
358 643 77 25 posten
451 641 52 21 derå
519 641 71 27 blifvit
606 641 78 28 lyftad.

277 687 100 20 Finlands
393 687 90 20 Ständer
497 688 120 20 framhärda
633 690 39 18 ete.

278 721 138 26 Helsingfors,
433 722 40 19 den
490 722 25 20 25
533 722 60 26 April
610 722 60 20 1872.
