1078 1692
240 137 34 17 178

321 200 29 21 då
366 200 71 28 huran
459 198 36 26 för
511 200 46 21 året
572 202 65 24 utgör
651 200 35 21 till
701 200 37 21 och
754 200 47 21 med
815 202 42 20 100

350 234 85 21 mark
427 230 19 35 .
465 250 5 6 .
501 250 4 5 .
749 250 111 6 e.
890 236 28 20 50
930 237 39 25 pii.

321 271 56 19 samt
392 268 123 27 derutöfver
525 250 51 46 för
581 250 73 47 [-
660 250 63 46 fulla
739 270 41 20 100
796 268 61 22 mark

350 303 35 20 till
400 302 37 22 och
452 303 48 21 med
515 304 55 21 1000
585 304 62 20 mark
678 320 4 4 .
714 320 4 4 .
855 319 5 5 «
890 304 28 20 50
942 319 12 10 3

320 337 85 27 utöfver
421 338 54 20 1000
489 337 63 21 mark
562 337 41 27 för
618 338 73 28 hvarje
704 319 64 46 fulla
782 319 42 40 100
834 344 26 14 m.
890 338 28 20 80
943 352 11 10 >

287 377 32 19 Då
341 378 115 26 ovilkorlig
479 378 108 26 kartering
609 378 24 20 af
653 378 26 20 de
695 384 48 20 pag.
760 379 26 19 20
799 378 16 25 ')
832 378 136 26 uppräknade

218 411 150 27 afhandlingar
391 412 39 20 och
453 412 84 20 skrifter
553 412 22 20 af
589 412 101 20 utskottet
704 412 109 26 afstyrkts,
828 412 60 26 följer
904 412 64 25 deraf,

217 448 31 17 att
262 446 51 19 sista
328 446 85 26 stycket
428 446 22 20 af
463 448 10 22 $
490 446 11 20 6
517 452 48 20 pag.
581 446 54 27 25?)
654 446 64 20 borde
734 446 55 26 utgå.

286 480 41 19 För
350 480 66 20 andra
439 482 114 18 momentet
568 480 45 24 af
602 476 13 35 $
633 482 21 18 11
676 480 49 20 ville
748 480 108 26 utskottet,
877 480 29 19 till
927 481 39 18 för-

217 514 125 26 tydligande
358 514 23 20 af
394 514 36 20 det
445 514 44 20 deri
505 514 171 20 förekommande
698 514 123 27 stadgande,
838 514 76 20 föreslä
930 514 38 20 föl-

214 548 65 26 jande
296 548 90 26 lydelse:

376 587 115 28 Begagnas
511 588 117 26 stämpladt
640 594 86 21 papper
739 600 29 3 --
779 600 8 3 -
800 587 99 27 uppbära
914 588 8 19 i
938 590 28 18 ett

314 622 42 27 för
372 622 41 20 allt
428 623 62 26 tjugu
502 622 75 26 penni.

286 656 9 20 I
311 656 101 20 händelse
428 656 111 20 utskottets
555 656 136 26 afstyrkande
707 657 23 19 af
744 657 39 19 den
800 657 6 19 i
822 656 82 26 Nädiga
919 663 46 19 pro-

216 690 119 26 positionen
361 690 119 26 föreslagna
503 691 125 26 ovilkorliga
646 691 109 25 kartering
771 690 23 20 af
807 691 25 19 de
849 697 45 19 pag.
911 690 54 24 20!)

217 724 137 26 uppräknade
377 724 86 20 skrifter
479 725 37 19 och
536 725 149 26 afhandlingar
700 725 23 19 af
737 725 116 19 Ständerne
872 724 93 27 godkän-

217 765 41 18 nes,
277 758 58 20 torde
352 758 93 26 punkten
462 759 33 19 5:o
511 759 6 19 i
533 752 9 30 $
561 759 24 19 14
602 759 50 19 böra
667 759 89 19 sålunda
771 759 119 19 förändras:

404 799 41 19 5:0.
483 798 210 27 Läneobligationer,
720 798 186 27 depositionsbevis
929 798 37 20 och

318 832 214 27 skuldförbindelser,
555 831 118 27 utfärdade
698 832 30 26 af
742 832 75 27 finska
843 834 63 18 stats-
929 832 37 20 och

318 865 153 22 militieverken
497 868 55 19 samt
578 866 109 21 Finlands
714 865 56 21 bank
797 865 37 22 och
856 866 110 28 hypoteks-

312 899 114 28 Jörening.

283 940 94 20 Emedan
402 940 64 27 något
487 940 45 20 skäl
551 941 47 19 icke
617 947 62 20 synes
699 941 136 25 förekomma,
853 942 29 18 att
899 941 66 20 befria

216 974 100 26 möjligen
332 975 6 18 i
355 981 25 13 en
397 981 48 13 snar
461 975 83 19 framtid
564 975 170 26 uppkommande
754 975 110 20 inhemska
884 975 79 20 försäk-

214 1009 182 26 ringsaktiebolag
411 1008 52 20 ifrån
481 1009 39 19 den
537 1009 72 25 andra,
630 1009 26 26 på
676 1009 56 19 vinst
749 1009 125 24 beräknade,
898 1009 66 20 aktie-

215 1043 62 26 bolag
293 1043 113 26 äliggande
422 1043 122 26 skyldighet
559 1045 30 18 att
606 1043 3 19 i
626 1043 174 20 förekommande
816 1043 35 19 fall
869 1043 95 26 begagna

214 1077 177 26 stämpelpapper,
409 1077 35 19 vill
461 1077 100 20 utskottet
576 1077 31 20 för
623 1077 31 20 sin
672 1077 34 20 del
722 1077 77 20 föreslå
814 1077 92 26 följande
923 1078 39 19 för-

213 1111 93 19 ändrade
323 1111 80 26 lydelse
420 1111 31 20 för
467 1111 92 26 punkten
579 1112 44 19 11:0
640 1111 5 20 i
662 1113 9 22 &
690 1111 31 20 14.

373 1151 53 20 Alla
441 1150 135 28 handlingar
591 1151 94 20 rörande
695 1163 47 2 ---
752 1157 44 14 som
812 1151 29 26 af
859 1150 104 21 inhemskt

313 1185 31 27 på
358 1185 113 28 ömsesidig
483 1185 137 27 ansvariyhet
634 1185 112 27 grundadt
756 1184 206 29 försäkringsbolag

315 1218 109 28 utfärdas,
441 1226 17 13 0.
473 1226 17 14 s.
505 1226 18 13 v.

281 1259 29 20 Pä
332 1260 111 19 enahanda
465 1260 67 26 grund
556 1259 86 20 föresläs
658 1266 26 13 en
701 1259 90 20 likartad
815 1262 95 16 närmare
927 1259 33 20 be-

212 1294 116 25 stämnings
344 1294 111 19 införande
471 1294 5 19 i
493 1293 93 26 punkten
605 1295 55 24 15:0;
678 1293 31 20 till
725 1293 51 26 följd
796 1293 76 19 hvaraf
884 1293 76 26 ifräga-

212 1328 91 19 varande
320 1327 66 26 punkt
402 1327 65 20 borde
483 1328 79 19 erhälla
577 1327 92 26 följande
685 1327 91 26 lydelse:

373 1368 53 18 15:0.
456 1367 47 20 Mål
525 1373 45 14 som
591 1367 36 20 vid
649 1366 91 21 domstol
760 1379 10 2 -
787 1378 9 3 -
816 1378 6 3 -
843 1366 61 21 enke-
924 1366 37 21 och

310 1401 157 27 pupillkassov,
493 1401 109 20 inhemska
624 1401 30 27 pä
682 1401 113 26 ömsesidig
824 1401 137 26 ansvarighet

280 1476 16 19 1)
311 1475 4 16 i
330 1475 60 17 denna
403 1475 38 16 bok
454 1475 33 17 sid.
501 1475 95 17 142—143.
622 1476 18 19 2?)
653 1475 5 16 i
673 1475 61 16 denna
746 1474 38 17 bok
797 1474 33 18 sid,
846 1475 36 17 148,
