1078 1692
266 184 25 21 de
301 184 58 26 från
374 182 212 22 Bankdirektionens
596 182 147 28 förvaltning,
755 182 38 22 bör
807 184 75 27 åligga
897 184 54 20 Fin-

266 218 65 21 lands
346 217 72 25 Bank,
433 220 33 18 att
478 217 32 27 på
525 217 25 20 de
565 219 58 18 orter
638 217 8 20 i
660 216 113 28 Ryssland
794 217 37 21 och
846 218 104 26 utlandet,

265 252 86 21 hvarest
366 251 91 21 Banken
473 251 42 21 har
530 250 82 21 kontor:
629 251 52 20 eller
704 251 82 25 ombud,
804 251 146 27 fortfarande

266 288 54 19 utan
342 292 76 14 annan
441 285 128 27 ersättning,
585 286 29 20 än
628 284 41 28 för
684 284 68 27 hafde
767 285 121 25 kostnader,
900 285 51 27 för-

266 320 72 20 medla
353 320 38 20 och
410 318 118 22 verkställa
553 318 25 21 de
597 319 204 27 penningeliqvider
825 319 37 21 och
880 322 71 18 trans-

266 354 106 25 aktioner,
388 352 73 22 hvilka
479 352 110 28 Styrelsen
605 352 43 21 kan
659 352 67 28 finna
742 353 75 27 nödigt
835 353 115 27 uppdraga

266 388 104 25 Banken;
382 388 67 26 jemte
465 386 34 21 det
518 386 93 21 Banken
627 386 77 25 likaså,
720 389 54 18 utan
788 386 97 22 särskild
896 394 54 20 pro-

265 422 75 25 vision,
360 420 89 28 fortfar
472 422 32 19 att
529 420 117 26 ombesörja
670 420 46 20 alla
739 420 25 20 de
775 420 175 28 förrättningar,

265 462 46 15 som
332 456 76 26 åligga
433 454 92 21 Banken
548 454 67 28 enligt
637 454 92 28 Nådiga
743 454 167 28 kungörelserna
926 455 29 27 af

266 490 41 21 den
322 490 27 20 30
364 489 67 27 April
447 488 38 21 och
500 489 28 19 11
551 487 50 28 Maj
625 488 64 25 1859,
716 488 42 21 den
782 490 31 20 23
836 488 114 21 December

266 525 60 20 1862
347 525 57 19 samt
426 523 41 20 den
489 523 28 20 12
538 522 63 21 Mars
623 522 37 20 och
678 522 41 20 den
734 523 28 19 30
780 522 89 21 Oktober
884 524 64 24 1868,

266 558 113 27 angående
401 556 110 22 särskilda
531 556 43 27 för
589 556 76 27 finska
680 556 137 21 statsverkets
831 556 95 28 räkning
941 557 9 20 i

265 592 113 28 Ryssland
394 592 37 20 och
445 592 9 20 i
469 591 100 21 utlandet
583 593 114 25 upptagna
712 591 187 28 amorteringslån.

270 650 69 20 Jemte
354 650 36 19 det
405 649 117 20 Ständerna
537 648 73 20 härvid
627 648 46 20 bort
690 648 151 27 underdånigst
856 649 89 26 anmäla,

198 686 30 18 att
243 684 36 20 det
294 684 23 20 af
334 684 118 20 Ständerna
475 685 92 24 antagna
589 683 39 19 och
651 683 29 19 uti
703 682 90 20 särskild
817 683 131 27 underdånig

198 718 160 22 skrifvelse
324 712 41 36 för
373 718 70 19 denna
463 717 40 26 dag
529 716 31 20 till
585 716 82 20 Eders
693 716 153 28 Kejserliga
870 717 77 26 Maje-

199 753 65 19 stäts
279 752 84 26 Nådiga
385 751 132 20 stadfästelse
540 750 158 20 öfverlemnade
720 751 78 26 förslag
822 751 32 19 till
872 751 75 27 Regle-

198 788 70 18 mente
285 786 31 20 för
331 785 100 20 Finlands
447 784 60 20 Bank
523 784 70 20 blifvit
607 784 97 20 affattadt
718 784 66 20 under
800 784 148 28 förutsättning

198 820 22 20 af
240 820 81 20 Eders
344 819 155 26 Kejserliga
521 818 133 26 Majestäts
676 818 84 26 Nådiga
782 818 108 26 samtycke
916 819 31 19 till

197 853 167 20 statsfondernas
386 853 133 26 afskiljande,
535 852 21 19 få
578 852 119 20 Ständerna
720 851 150 28 underdänigst
889 852 57 20 hem-

197 888 70 20 ställa:

336 917 32 18 att
384 915 8 20 i
407 914 101 21 händelse
527 913 30 27 af
577 913 85 21 Eders
685 913 159 28 Kejserliga
866 914 81 28 Maje-

266 951 70 19 stäts
351 949 90 26 Nådiga
458 947 65 28 bifall
538 948 81 25 dertill,
635 947 96 21 särskild
750 947 124 28 kungörelse
897 948 50 21 här-

268 990 33 14 om
316 983 69 27 blefve
405 983 4 20 i
423 982 76 21 Nåder
514 981 98 28 utgifven
627 981 113 28 samtidigt
756 982 46 20 med
814 982 34 21 det
863 982 83 21 Eders

266 1016 160 28 Kejserliga
448 1016 131 27 Majestät
597 1015 42 22 kan
652 1016 63 27 finna
729 1016 52 27 godt
798 1016 34 21 till
847 1015 99 28 efterrät-

266 1051 50 20 telse
330 1050 94 27 utfärda
439 1049 144 29 nyssberörda
598 1049 141 28 Reglemente.

266 1096 72 20 Skulle
354 1096 95 20 deremot
467 1096 152 20 ofvanstående
635 1095 145 27 underdåniga
794 1096 153 27 framställning

197 1130 47 20 icke
268 1131 64 18 vinna
355 1130 82 20 Eders
459 1128 137 27 Majestäts
618 1130 84 26 Nädiga
722 1129 57 20 bifall
795 1130 39 19 och
849 1131 96 19 statsfon-

197 1165 77 19 dernas
289 1164 128 26 förvaltning
433 1163 60 20 alltså
509 1164 85 19 komma
604 1165 30 18 att
646 1163 128 20 fortfarande
786 1163 71 27 åligga
870 1164 74 20 Direk-

197 1198 71 20 tionen
285 1198 31 19 för
332 1197 100 20 Finlands
448 1197 67 26 Bank,
531 1197 20 20 få
566 1197 118 20 Ständerna
699 1197 121 20 alternativt
835 1198 89 25 anhålla,

333 1243 35 20 det
383 1242 79 21 täcktes
477 1242 85 21 Eders
577 1242 161 28 Kejserliga
753 1242 133 28 Majestät
900 1243 45 20 Nå-

268 1277 58 26 digst
347 1276 119 28 godkänna
489 1276 38 21 och
549 1276 93 27 utfärda
658 1276 36 21 det
708 1276 30 27 af
749 1276 123 21 Ständerna
883 1277 63 26 före-

267 1311 79 27 slagna
360 1310 144 28 Reglementet
510 1309 42 28 för
562 1310 91 21 Banken
668 1311 48 20 med
730 1311 164 25 nedanstående,
909 1311 37 25 för

268 1344 72 21 sådan
363 1345 137 20 eventualitet
525 1344 100 27 lämpade
650 1344 79 28 lydelse
752 1343 29 27 af
799 1351 26 14 en
843 1345 35 20 del
895 1345 26 27 $$
938 1347 8 18 i

267 1378 70 28 sagda
358 1378 97 27 förslag,
479 1378 110 27 äfvensom
609 1378 30 27 af
650 1378 116 21 enahanda
781 1378 64 21 orsak
860 1379 85 21 tillökta

267 1415 44 18 stat
322 1411 42 28 för
378 1411 98 22 Banken.
