<?xml version="1.0" encoding="UTF-8"?>
<alto xmlns="http://www.loc.gov/standards/alto/ns-v3#" xmlns:xlink="http://www.w3.org/1999/xlink" xmlns:xsi="http://www.w3.org/2001/XMLSchema-instance" xsi:schemaLocation="http://www.loc.gov/standards/alto/ns-v3# http://www.loc.gov/alto/v3/alto-3-0.xsd">
	<Description>
		<MeasurementUnit>pixel</MeasurementUnit>
		<sourceImageInformation>
			<fileName>/tmp/tess_a6kksvle_input.PNG</fileName>
		</sourceImageInformation>
		<OCRProcessing ID="OCR_0">
			<ocrProcessingStep>
				<processingSoftware>
					<softwareName>tesseract 5.3.4</softwareName>
				</processingSoftware>
			</ocrProcessingStep>
		</OCRProcessing>
	</Description>
	<Layout>
		<Page WIDTH="1078" HEIGHT="1692" PHYSICAL_IMG_NR="0" ID="page_0">
			<PrintSpace HPOS="0" VPOS="0" WIDTH="1078" HEIGHT="1692">
				<ComposedBlock ID="cblock_0" HPOS="797" VPOS="123" WIDTH="33" HEIGHT="17">
					<TextBlock ID="block_0" HPOS="797" VPOS="123" WIDTH="33" HEIGHT="17">
						<TextLine ID="line_0" HPOS="797" VPOS="123" WIDTH="33" HEIGHT="17">
							<String ID="string_0" HPOS="797" VPOS="123" WIDTH="33" HEIGHT="17" WC="0.96" CONTENT="257"/>
						</TextLine>
					</TextBlock>
				</ComposedBlock>
				<ComposedBlock ID="cblock_1" HPOS="200" VPOS="184" WIDTH="653" HEIGHT="130">
					<TextBlock ID="block_1" HPOS="200" VPOS="184" WIDTH="653" HEIGHT="130">
						<TextLine ID="line_1" HPOS="205" VPOS="184" WIDTH="648" HEIGHT="28">
							<String ID="string_1" HPOS="205" VPOS="184" WIDTH="85" HEIGHT="22" WC="0.96" CONTENT="mindre"/><SP WIDTH="23" VPOS="184" HPOS="290"/>
							<String ID="string_2" HPOS="313" VPOS="185" WIDTH="25" HEIGHT="20" WC="0.95" CONTENT="de"/><SP WIDTH="23" VPOS="185" HPOS="338"/>
							<String ID="string_3" HPOS="361" VPOS="184" WIDTH="186" HEIGHT="28" WC="0.95" CONTENT="omständigheter,"/><SP WIDTH="15" VPOS="184" HPOS="547"/>
							<String ID="string_4" HPOS="562" VPOS="185" WIDTH="9" HEIGHT="21" WC="0.95" CONTENT="i"/><SP WIDTH="14" VPOS="185" HPOS="571"/>
							<String ID="string_5" HPOS="585" VPOS="184" WIDTH="71" HEIGHT="22" WC="0.96" CONTENT="hvilka"/><SP WIDTH="24" VPOS="184" HPOS="656"/>
							<String ID="string_6" HPOS="680" VPOS="184" WIDTH="123" HEIGHT="22" WC="0.93" CONTENT="densamma"/><SP WIDTH="16" VPOS="184" HPOS="803"/>
							<String ID="string_7" HPOS="819" VPOS="185" WIDTH="34" HEIGHT="21" WC="0.91" CONTENT="be-"/>
						</TextLine>
						<TextLine ID="line_2" HPOS="200" VPOS="218" WIDTH="652" HEIGHT="28">
							<String ID="string_8" HPOS="200" VPOS="218" WIDTH="90" HEIGHT="28" WC="0.53" CONTENT="funnits"/><SP WIDTH="19" VPOS="218" HPOS="290"/>
							<String ID="string_9" HPOS="309" VPOS="219" WIDTH="223" HEIGHT="27" WC="0.91" CONTENT="otillfredsställande,"/><SP WIDTH="17" VPOS="219" HPOS="532"/>
							<String ID="string_10" HPOS="549" VPOS="220" WIDTH="29" HEIGHT="19" WC="0.96" CONTENT="än"/><SP WIDTH="15" VPOS="220" HPOS="578"/>
							<String ID="string_11" HPOS="593" VPOS="219" WIDTH="25" HEIGHT="20" WC="0.96" CONTENT="de"/><SP WIDTH="15" VPOS="219" HPOS="618"/>
							<String ID="string_12" HPOS="633" VPOS="218" WIDTH="47" HEIGHT="22" WC="0.95" CONTENT="skäl"/><SP WIDTH="15" VPOS="218" HPOS="680"/>
							<String ID="string_13" HPOS="695" VPOS="219" WIDTH="9" HEIGHT="20" WC="0.96" CONTENT="i"/><SP WIDTH="14" VPOS="219" HPOS="704"/>
							<String ID="string_14" HPOS="718" VPOS="218" WIDTH="74" HEIGHT="28" WC="0.96" CONTENT="öfrigt,"/><SP WIDTH="16" VPOS="218" HPOS="792"/>
							<String ID="string_15" HPOS="808" VPOS="226" WIDTH="44" HEIGHT="14" WC="0.97" CONTENT="som"/>
						</TextLine>
						<TextLine ID="line_3" HPOS="200" VPOS="252" WIDTH="651" HEIGHT="28">
							<String ID="string_16" HPOS="200" VPOS="252" WIDTH="115" HEIGHT="28" WC="0.77" CONTENT="Jöranledt"/><SP WIDTH="15" VPOS="252" HPOS="315"/>
							<String ID="string_17" HPOS="330" VPOS="253" WIDTH="190" HEIGHT="27" WC="0.93" CONTENT="uppskattningen."/><SP WIDTH="23" VPOS="253" HPOS="520"/>
							<String ID="string_18" HPOS="543" VPOS="252" WIDTH="66" HEIGHT="28" WC="0.92" CONTENT="Synes"/><SP WIDTH="16" VPOS="252" HPOS="609"/>
							<String ID="string_19" HPOS="625" VPOS="252" WIDTH="113" HEIGHT="28" WC="0.93" CONTENT="uppgiften"/><SP WIDTH="12" VPOS="252" HPOS="738"/>
							<String ID="string_20" HPOS="750" VPOS="265" WIDTH="25" HEIGHT="4" WC="0.91" CONTENT="—"/><SP WIDTH="13" VPOS="265" HPOS="775"/>
							<String ID="string_21" HPOS="788" VPOS="266" WIDTH="24" HEIGHT="3" WC="0.89" CONTENT="—"/><SP WIDTH="13" VPOS="266" HPOS="812"/>
							<String ID="string_22" HPOS="825" VPOS="266" WIDTH="26" HEIGHT="3" WC="0.88" CONTENT="—"/>
						</TextLine>
						<TextLine ID="line_4" HPOS="205" VPOS="287" WIDTH="120" HEIGHT="27">
							<String ID="string_23" HPOS="205" VPOS="287" WIDTH="9" HEIGHT="20" WC="0.92" CONTENT="i"/><SP WIDTH="15" VPOS="287" HPOS="214"/>
							<String ID="string_24" HPOS="229" VPOS="288" WIDTH="96" HEIGHT="26" WC="0.91" CONTENT="tjensten."/>
						</TextLine>
					</TextBlock>
				</ComposedBlock>
				<ComposedBlock ID="cblock_2" HPOS="278" VPOS="333" WIDTH="500" HEIGHT="71">
					<TextBlock ID="block_2" HPOS="278" VPOS="333" WIDTH="500" HEIGHT="71">
						<TextLine ID="line_5" HPOS="462" VPOS="333" WIDTH="128" HEIGHT="24">
							<String ID="string_25" HPOS="462" VPOS="334" WIDTH="22" HEIGHT="23" WC="0.92" CONTENT="$$"/><SP WIDTH="18" VPOS="334" HPOS="484"/>
							<String ID="string_26" HPOS="502" VPOS="333" WIDTH="88" HEIGHT="19" WC="0.87" CONTENT="19—21."/>
						</TextLine>
						<TextLine ID="line_6" HPOS="278" VPOS="378" WIDTH="500" HEIGHT="26">
							<String ID="string_27" HPOS="278" VPOS="378" WIDTH="136" HEIGHT="26" WC="0.96" CONTENT="likalydande"/><SP WIDTH="17" VPOS="378" HPOS="414"/>
							<String ID="string_28" HPOS="431" VPOS="378" WIDTH="46" HEIGHT="20" WC="0.96" CONTENT="med"/><SP WIDTH="16" VPOS="378" HPOS="477"/>
							<String ID="string_29" HPOS="493" VPOS="384" WIDTH="28" HEIGHT="13" WC="0.95" CONTENT="nu"/><SP WIDTH="16" VPOS="384" HPOS="521"/>
							<String ID="string_30" HPOS="537" VPOS="378" WIDTH="98" HEIGHT="26" WC="0.96" CONTENT="gällande"/><SP WIDTH="16" VPOS="378" HPOS="635"/>
							<String ID="string_31" HPOS="651" VPOS="380" WIDTH="21" HEIGHT="22" WC="0.96" CONTENT="$$"/><SP WIDTH="19" VPOS="380" HPOS="672"/>
							<String ID="string_32" HPOS="691" VPOS="378" WIDTH="87" HEIGHT="20" WC="0.63" CONTENT="18-20."/>
						</TextLine>
					</TextBlock>
				</ComposedBlock>
				<ComposedBlock ID="cblock_3" HPOS="497" VPOS="435" WIDTH="60" HEIGHT="23">
					<TextBlock ID="block_3" HPOS="497" VPOS="435" WIDTH="60" HEIGHT="23">
						<TextLine ID="line_7" HPOS="497" VPOS="435" WIDTH="60" HEIGHT="23">
							<String ID="string_33" HPOS="497" VPOS="437" WIDTH="10" HEIGHT="21" WC="0.82" CONTENT="s"/><SP WIDTH="17" VPOS="437" HPOS="507"/>
							<String ID="string_34" HPOS="524" VPOS="435" WIDTH="33" HEIGHT="19" WC="0.93" CONTENT="22."/>
						</TextLine>
					</TextBlock>
				</ComposedBlock>
				<ComposedBlock ID="cblock_4" HPOS="205" VPOS="478" WIDTH="649" HEIGHT="91">
					<TextBlock ID="block_4" HPOS="205" VPOS="478" WIDTH="649" HEIGHT="91">
						<TextLine ID="line_8" HPOS="278" VPOS="478" WIDTH="576" HEIGHT="30">
							<String ID="string_35" HPOS="278" VPOS="479" WIDTH="136" HEIGHT="28" WC="0.93" CONTENT="Upplysning"/><SP WIDTH="17" VPOS="479" HPOS="414"/>
							<String ID="string_36" HPOS="431" VPOS="491" WIDTH="22" HEIGHT="3" WC="0.90" CONTENT="—"/><SP WIDTH="19" VPOS="491" HPOS="453"/>
							<String ID="string_37" HPOS="472" VPOS="491" WIDTH="25" HEIGHT="3" WC="0.89" CONTENT="—"/><SP WIDTH="17" VPOS="491" HPOS="497"/>
							<String ID="string_38" HPOS="514" VPOS="492" WIDTH="24" HEIGHT="2" WC="0.89" CONTENT="—"/><SP WIDTH="18" VPOS="492" HPOS="538"/>
							<String ID="string_39" HPOS="556" VPOS="478" WIDTH="150" HEIGHT="28" WC="0.93" CONTENT="Magistraten,"/><SP WIDTH="26" VPOS="478" HPOS="706"/>
							<String ID="string_40" HPOS="732" VPOS="480" WIDTH="122" HEIGHT="28" WC="0.90" CONTENT="Ordnings-"/>
						</TextLine>
						<TextLine ID="line_9" HPOS="205" VPOS="512" WIDTH="648" HEIGHT="28">
							<String ID="string_41" HPOS="205" VPOS="515" WIDTH="72" HEIGHT="19" WC="0.96" CONTENT="rätten"/><SP WIDTH="15" VPOS="515" HPOS="277"/>
							<String ID="string_42" HPOS="292" VPOS="514" WIDTH="52" HEIGHT="20" WC="0.96" CONTENT="eller"/><SP WIDTH="16" VPOS="514" HPOS="344"/>
							<String ID="string_43" HPOS="360" VPOS="512" WIDTH="132" HEIGHT="28" WC="0.96" CONTENT="ordförande"/><SP WIDTH="14" VPOS="512" HPOS="492"/>
							<String ID="string_44" HPOS="506" VPOS="512" WIDTH="9" HEIGHT="21" WC="0.93" CONTENT="i"/><SP WIDTH="15" VPOS="512" HPOS="515"/>
							<String ID="string_45" HPOS="530" VPOS="512" WIDTH="206" HEIGHT="22" WC="0.91" CONTENT="kommunalnämnd"/><SP WIDTH="10" VPOS="512" HPOS="736"/>
							<String ID="string_46" HPOS="746" VPOS="514" WIDTH="52" HEIGHT="21" WC="0.93" CONTENT="eller"/><SP WIDTH="10" VPOS="514" HPOS="798"/>
							<String ID="string_47" HPOS="808" VPOS="521" WIDTH="45" HEIGHT="14" WC="0.91" CONTENT="soc-"/>
						</TextLine>
						<TextLine ID="line_10" HPOS="206" VPOS="547" WIDTH="530" HEIGHT="22">
							<String ID="string_48" HPOS="206" VPOS="547" WIDTH="132" HEIGHT="21" WC="0.91" CONTENT="kenstämma"/><SP WIDTH="16" VPOS="547" HPOS="338"/>
							<String ID="string_49" HPOS="354" VPOS="547" WIDTH="46" HEIGHT="21" WC="0.93" CONTENT="skola"/><SP WIDTH="30" VPOS="547" HPOS="400"/>
							<String ID="string_50" HPOS="430" VPOS="559" WIDTH="26" HEIGHT="3" WC="0.91" CONTENT="—"/><SP WIDTH="16" VPOS="559" HPOS="456"/>
							<String ID="string_51" HPOS="472" VPOS="559" WIDTH="19" HEIGHT="3" WC="0.85" CONTENT="—"/><SP WIDTH="25" VPOS="559" HPOS="491"/>
							<String ID="string_52" HPOS="516" VPOS="558" WIDTH="23" HEIGHT="3" WC="0.92" CONTENT="—"/><SP WIDTH="18" VPOS="558" HPOS="539"/>
							<String ID="string_53" HPOS="557" VPOS="548" WIDTH="179" HEIGHT="21" WC="0.96" CONTENT="sammanträder."/>
						</TextLine>
					</TextBlock>
				</ComposedBlock>
				<ComposedBlock ID="cblock_5" HPOS="206" VPOS="604" WIDTH="648" HEIGHT="299">
					<TextBlock ID="block_5" HPOS="206" VPOS="604" WIDTH="648" HEIGHT="299">
						<TextLine ID="line_11" HPOS="499" VPOS="604" WIDTH="59" HEIGHT="24">
							<String ID="string_54" HPOS="499" VPOS="606" WIDTH="10" HEIGHT="22" WC="0.92" CONTENT="$"/><SP WIDTH="16" VPOS="606" HPOS="509"/>
							<String ID="string_55" HPOS="525" VPOS="604" WIDTH="33" HEIGHT="20" WC="0.92" CONTENT="23."/>
						</TextLine>
						<TextLine ID="line_12" HPOS="275" VPOS="648" WIDTH="578" HEIGHT="29">
							<String ID="string_56" HPOS="275" VPOS="649" WIDTH="83" HEIGHT="21" WC="0.90" CONTENT="Finner"/><SP WIDTH="18" VPOS="649" HPOS="358"/>
							<String ID="string_57" HPOS="376" VPOS="648" WIDTH="95" HEIGHT="21" WC="0.95" CONTENT="kronans"/><SP WIDTH="16" VPOS="648" HPOS="471"/>
							<String ID="string_58" HPOS="487" VPOS="648" WIDTH="77" HEIGHT="21" WC="0.92" CONTENT="ombud"/><SP WIDTH="16" VPOS="648" HPOS="564"/>
							<String ID="string_59" HPOS="580" VPOS="661" WIDTH="24" HEIGHT="2" WC="0.91" CONTENT="—"/><SP WIDTH="18" VPOS="661" HPOS="604"/>
							<String ID="string_60" HPOS="622" VPOS="662" WIDTH="23" HEIGHT="3" WC="0.87" CONTENT="—"/><SP WIDTH="19" VPOS="662" HPOS="645"/>
							<String ID="string_61" HPOS="664" VPOS="662" WIDTH="25" HEIGHT="2" WC="0.90" CONTENT="—"/><SP WIDTH="17" VPOS="662" HPOS="689"/>
							<String ID="string_62" HPOS="706" VPOS="649" WIDTH="147" HEIGHT="28" WC="0.95" CONTENT="ordföranden"/>
						</TextLine>
						<TextLine ID="line_13" HPOS="206" VPOS="682" WIDTH="648" HEIGHT="30">
							<String ID="string_63" HPOS="206" VPOS="684" WIDTH="8" HEIGHT="20" WC="0.93" CONTENT="i"/><SP WIDTH="15" VPOS="684" HPOS="214"/>
							<String ID="string_64" HPOS="229" VPOS="683" WIDTH="206" HEIGHT="21" WC="0.89" CONTENT="kommunalnämnd"/><SP WIDTH="14" VPOS="683" HPOS="435"/>
							<String ID="string_65" HPOS="449" VPOS="683" WIDTH="51" HEIGHT="21" WC="0.92" CONTENT="eller"/><SP WIDTH="15" VPOS="683" HPOS="500"/>
							<String ID="string_66" HPOS="515" VPOS="682" WIDTH="168" HEIGHT="22" WC="0.92" CONTENT="sockenstämma"/><SP WIDTH="10" VPOS="682" HPOS="683"/>
							<String ID="string_67" HPOS="693" VPOS="682" WIDTH="52" HEIGHT="28" WC="0.96" CONTENT="före"/><SP WIDTH="15" VPOS="682" HPOS="745"/>
							<String ID="string_68" HPOS="760" VPOS="684" WIDTH="39" HEIGHT="21" WC="0.96" CONTENT="den"/><SP WIDTH="12" VPOS="684" HPOS="799"/>
							<String ID="string_69" HPOS="811" VPOS="684" WIDTH="43" HEIGHT="28" WC="0.96" CONTENT="dag"/>
						</TextLine>
						<TextLine ID="line_14" HPOS="209" VPOS="716" WIDTH="320" HEIGHT="22">
							<String ID="string_70" HPOS="209" VPOS="729" WIDTH="23" HEIGHT="3" WC="0.88" CONTENT="—"/><SP WIDTH="16" VPOS="729" HPOS="232"/>
							<String ID="string_71" HPOS="248" VPOS="730" WIDTH="28" HEIGHT="2" WC="0.90" CONTENT="—"/><SP WIDTH="18" VPOS="730" HPOS="276"/>
							<String ID="string_72" HPOS="294" VPOS="729" WIDTH="22" HEIGHT="3" WC="0.91" CONTENT="—"/><SP WIDTH="18" VPOS="729" HPOS="316"/>
							<String ID="string_73" HPOS="334" VPOS="717" WIDTH="92" HEIGHT="21" WC="0.96" CONTENT="kommer"/><SP WIDTH="15" VPOS="717" HPOS="426"/>
							<String ID="string_74" HPOS="441" VPOS="719" WIDTH="32" HEIGHT="19" WC="0.96" CONTENT="att"/><SP WIDTH="15" VPOS="719" HPOS="473"/>
							<String ID="string_75" HPOS="488" VPOS="716" WIDTH="41" HEIGHT="22" WC="0.95" CONTENT="ske."/>
						</TextLine>
						<TextLine ID="line_15" HPOS="447" VPOS="774" WIDTH="169" HEIGHT="24">
							<String ID="string_76" HPOS="447" VPOS="776" WIDTH="22" HEIGHT="22" WC="0.80" CONTENT="SS"/><SP WIDTH="16" VPOS="776" HPOS="469"/>
							<String ID="string_77" HPOS="485" VPOS="775" WIDTH="26" HEIGHT="19" WC="0.95" CONTENT="24"/><SP WIDTH="16" VPOS="775" HPOS="511"/>
							<String ID="string_78" HPOS="527" VPOS="774" WIDTH="40" HEIGHT="20" WC="0.95" CONTENT="och"/><SP WIDTH="16" VPOS="774" HPOS="567"/>
							<String ID="string_79" HPOS="583" VPOS="775" WIDTH="33" HEIGHT="19" WC="0.96" CONTENT="25."/>
						</TextLine>
						<TextLine ID="line_16" HPOS="264" VPOS="819" WIDTH="537" HEIGHT="26">
							<String ID="string_80" HPOS="264" VPOS="819" WIDTH="136" HEIGHT="26" WC="0.96" CONTENT="likalydande"/><SP WIDTH="17" VPOS="819" HPOS="400"/>
							<String ID="string_81" HPOS="417" VPOS="820" WIDTH="46" HEIGHT="20" WC="0.96" CONTENT="med"/><SP WIDTH="18" VPOS="820" HPOS="463"/>
							<String ID="string_82" HPOS="481" VPOS="826" WIDTH="25" HEIGHT="13" WC="0.96" CONTENT="nu"/><SP WIDTH="16" VPOS="826" HPOS="506"/>
							<String ID="string_83" HPOS="522" VPOS="820" WIDTH="97" HEIGHT="25" WC="0.96" CONTENT="gällande"/><SP WIDTH="16" VPOS="820" HPOS="619"/>
							<String ID="string_84" HPOS="635" VPOS="822" WIDTH="21" HEIGHT="22" WC="0.96" CONTENT="$$"/><SP WIDTH="16" VPOS="822" HPOS="656"/>
							<String ID="string_85" HPOS="672" VPOS="820" WIDTH="25" HEIGHT="20" WC="0.96" CONTENT="23"/><SP WIDTH="17" VPOS="820" HPOS="697"/>
							<String ID="string_86" HPOS="714" VPOS="820" WIDTH="39" HEIGHT="20" WC="0.96" CONTENT="och"/><SP WIDTH="16" VPOS="820" HPOS="753"/>
							<String ID="string_87" HPOS="769" VPOS="821" WIDTH="32" HEIGHT="20" WC="0.94" CONTENT="24."/>
						</TextLine>
						<TextLine ID="line_17" HPOS="279" VPOS="875" WIDTH="575" HEIGHT="28">
							<String ID="string_88" HPOS="279" VPOS="875" WIDTH="214" HEIGHT="28" WC="0.89" CONTENT="Pröfningskomitén"/><SP WIDTH="11" VPOS="875" HPOS="493"/>
							<String ID="string_89" HPOS="504" VPOS="887" WIDTH="26" HEIGHT="3" WC="0.90" CONTENT="—"/><SP WIDTH="10" VPOS="887" HPOS="530"/>
							<String ID="string_90" HPOS="540" VPOS="888" WIDTH="25" HEIGHT="3" WC="0.90" CONTENT="—"/><SP WIDTH="11" VPOS="888" HPOS="565"/>
							<String ID="string_91" HPOS="576" VPOS="889" WIDTH="18" HEIGHT="2" WC="0.92" CONTENT="—"/><SP WIDTH="16" VPOS="889" HPOS="594"/>
							<String ID="string_92" HPOS="610" VPOS="876" WIDTH="111" HEIGHT="21" WC="0.91" CONTENT="återresan"/><SP WIDTH="15" VPOS="876" HPOS="721"/>
							<String ID="string_93" HPOS="736" VPOS="879" WIDTH="56" HEIGHT="18" WC="0.96" CONTENT="samt"/><SP WIDTH="15" VPOS="879" HPOS="792"/>
							<String ID="string_94" HPOS="807" VPOS="877" WIDTH="47" HEIGHT="21" WC="0.96" CONTENT="åtta"/>
						</TextLine>
					</TextBlock>
				</ComposedBlock>
				<ComposedBlock ID="cblock_6" HPOS="207" VPOS="909" WIDTH="648" HEIGHT="62">
					<TextBlock ID="block_6" HPOS="207" VPOS="909" WIDTH="648" HEIGHT="62">
						<TextLine ID="line_18" HPOS="208" VPOS="909" WIDTH="647" HEIGHT="29">
							<String ID="string_95" HPOS="208" VPOS="909" WIDTH="62" HEIGHT="22" WC="0.94" CONTENT="mark"/><SP WIDTH="14" VPOS="909" HPOS="270"/>
							<String ID="string_96" HPOS="284" VPOS="911" WIDTH="8" HEIGHT="19" WC="0.93" CONTENT="i"/><SP WIDTH="16" VPOS="911" HPOS="292"/>
							<String ID="string_97" HPOS="308" VPOS="909" WIDTH="143" HEIGHT="22" WC="0.91" CONTENT="traktamente"/><SP WIDTH="17" VPOS="909" HPOS="451"/>
							<String ID="string_98" HPOS="468" VPOS="909" WIDTH="41" HEIGHT="28" WC="0.96" CONTENT="för"/><SP WIDTH="22" VPOS="909" HPOS="509"/>
							<String ID="string_99" HPOS="531" VPOS="909" WIDTH="73" HEIGHT="28" WC="0.93" CONTENT="hvarje"/><SP WIDTH="21" VPOS="909" HPOS="604"/>
							<String ID="string_100" HPOS="625" VPOS="917" WIDTH="54" HEIGHT="14" WC="0.92" CONTENT="vese-"/><SP WIDTH="23" VPOS="917" HPOS="679"/>
							<String ID="string_101" HPOS="702" VPOS="910" WIDTH="37" HEIGHT="21" WC="0.93" CONTENT="och"/><SP WIDTH="17" VPOS="910" HPOS="739"/>
							<String ID="string_102" HPOS="756" VPOS="910" WIDTH="99" HEIGHT="28" WC="0.90" CONTENT="förrätt-"/>
						</TextLine>
						<TextLine ID="line_19" HPOS="207" VPOS="943" WIDTH="115" HEIGHT="28">
							<String ID="string_103" HPOS="207" VPOS="943" WIDTH="115" HEIGHT="28" WC="0.90" CONTENT="ningsdag."/>
						</TextLine>
					</TextBlock>
				</ComposedBlock>
				<ComposedBlock ID="cblock_7" HPOS="276" VPOS="990" WIDTH="579" HEIGHT="175">
					<TextBlock ID="block_7" HPOS="276" VPOS="990" WIDTH="579" HEIGHT="175">
						<TextLine ID="line_20" HPOS="467" VPOS="990" WIDTH="127" HEIGHT="23">
							<String ID="string_104" HPOS="467" VPOS="991" WIDTH="21" HEIGHT="22" WC="0.72" CONTENT="Ss"/><SP WIDTH="16" VPOS="991" HPOS="488"/>
							<String ID="string_105" HPOS="504" VPOS="990" WIDTH="90" HEIGHT="19" WC="0.88" CONTENT="27—30."/>
						</TextLine>
						<TextLine ID="line_21" HPOS="282" VPOS="1034" WIDTH="500" HEIGHT="27">
							<String ID="string_106" HPOS="282" VPOS="1034" WIDTH="137" HEIGHT="27" WC="0.96" CONTENT="likalydande"/><SP WIDTH="16" VPOS="1034" HPOS="419"/>
							<String ID="string_107" HPOS="435" VPOS="1035" WIDTH="47" HEIGHT="20" WC="0.96" CONTENT="med"/><SP WIDTH="18" VPOS="1035" HPOS="482"/>
							<String ID="string_108" HPOS="500" VPOS="1041" WIDTH="26" HEIGHT="13" WC="0.95" CONTENT="nu"/><SP WIDTH="17" VPOS="1041" HPOS="526"/>
							<String ID="string_109" HPOS="543" VPOS="1034" WIDTH="97" HEIGHT="27" WC="0.96" CONTENT="gällande"/><SP WIDTH="15" VPOS="1034" HPOS="640"/>
							<String ID="string_110" HPOS="655" VPOS="1037" WIDTH="21" HEIGHT="22" WC="0.93" CONTENT="$$"/><SP WIDTH="17" VPOS="1037" HPOS="676"/>
							<String ID="string_111" HPOS="693" VPOS="1035" WIDTH="89" HEIGHT="22" WC="0.89" CONTENT="26—29."/>
						</TextLine>
						<TextLine ID="line_22" HPOS="503" VPOS="1091" WIDTH="60" HEIGHT="24">
							<String ID="string_112" HPOS="503" VPOS="1093" WIDTH="10" HEIGHT="22" WC="0.83" CONTENT="$"/><SP WIDTH="16" VPOS="1093" HPOS="513"/>
							<String ID="string_113" HPOS="529" VPOS="1091" WIDTH="34" HEIGHT="20" WC="0.96" CONTENT="31."/>
						</TextLine>
						<TextLine ID="line_23" HPOS="276" VPOS="1136" WIDTH="579" HEIGHT="29">
							<String ID="string_114" HPOS="276" VPOS="1136" WIDTH="86" HEIGHT="28" WC="0.90" CONTENT="Aflider"/><SP WIDTH="16" VPOS="1136" HPOS="362"/>
							<String ID="string_115" HPOS="378" VPOS="1148" WIDTH="23" HEIGHT="4" WC="0.91" CONTENT="—"/><SP WIDTH="20" VPOS="1148" HPOS="401"/>
							<String ID="string_116" HPOS="421" VPOS="1147" WIDTH="22" HEIGHT="3" WC="0.91" CONTENT="—"/><SP WIDTH="18" VPOS="1147" HPOS="443"/>
							<String ID="string_117" HPOS="461" VPOS="1148" WIDTH="26" HEIGHT="3" WC="0.92" CONTENT="—"/><SP WIDTH="16" VPOS="1148" HPOS="487"/>
							<String ID="string_118" HPOS="503" VPOS="1136" WIDTH="8" HEIGHT="20" WC="0.96" CONTENT="i"/><SP WIDTH="16" VPOS="1136" HPOS="511"/>
							<String ID="string_119" HPOS="527" VPOS="1136" WIDTH="51" HEIGHT="27" WC="0.96" CONTENT="laga"/><SP WIDTH="22" VPOS="1136" HPOS="578"/>
							<String ID="string_120" HPOS="600" VPOS="1138" WIDTH="50" HEIGHT="26" WC="0.96" CONTENT="väg;"/><SP WIDTH="22" VPOS="1138" HPOS="650"/>
							<String ID="string_121" HPOS="672" VPOS="1136" WIDTH="37" HEIGHT="21" WC="0.93" CONTENT="och"/><SP WIDTH="22" VPOS="1136" HPOS="709"/>
							<String ID="string_122" HPOS="731" VPOS="1144" WIDTH="36" HEIGHT="21" WC="0.90" CONTENT="ege"/><SP WIDTH="17" VPOS="1144" HPOS="767"/>
							<String ID="string_123" HPOS="784" VPOS="1139" WIDTH="71" HEIGHT="26" WC="0.96" CONTENT="några"/>
						</TextLine>
					</TextBlock>
				</ComposedBlock>
				<ComposedBlock ID="cblock_8" HPOS="208" VPOS="1169" WIDTH="647" HEIGHT="195">
					<TextBlock ID="block_8" HPOS="208" VPOS="1169" WIDTH="647" HEIGHT="195">
						<TextLine ID="line_24" HPOS="208" VPOS="1169" WIDTH="647" HEIGHT="28">
							<String ID="string_124" HPOS="208" VPOS="1170" WIDTH="93" HEIGHT="27" WC="0.89" CONTENT="afgifter"/><SP WIDTH="18" VPOS="1170" HPOS="301"/>
							<String ID="string_125" HPOS="319" VPOS="1170" WIDTH="42" HEIGHT="27" WC="0.93" CONTENT="för"/><SP WIDTH="15" VPOS="1170" HPOS="361"/>
							<String ID="string_126" HPOS="376" VPOS="1169" WIDTH="135" HEIGHT="22" WC="0.92" CONTENT="embetsverks"/><SP WIDTH="16" VPOS="1169" HPOS="511"/>
							<String ID="string_127" HPOS="527" VPOS="1169" WIDTH="146" HEIGHT="28" WC="0.96" CONTENT="expeditioner"/><SP WIDTH="15" VPOS="1169" HPOS="673"/>
							<String ID="string_128" HPOS="688" VPOS="1171" WIDTH="8" HEIGHT="20" WC="0.96" CONTENT="i"/><SP WIDTH="14" VPOS="1171" HPOS="696"/>
							<String ID="string_129" HPOS="710" VPOS="1171" WIDTH="86" HEIGHT="22" WC="0.96" CONTENT="sådana"/><SP WIDTH="14" VPOS="1171" HPOS="796"/>
							<String ID="string_130" HPOS="810" VPOS="1173" WIDTH="45" HEIGHT="20" WC="0.96" CONTENT="mål"/>
						</TextLine>
						<TextLine ID="line_25" HPOS="208" VPOS="1204" WIDTH="113" HEIGHT="21">
							<String ID="string_131" HPOS="208" VPOS="1204" WIDTH="44" HEIGHT="21" WC="0.96" CONTENT="icke"/><SP WIDTH="15" VPOS="1204" HPOS="252"/>
							<String ID="string_132" HPOS="267" VPOS="1211" WIDTH="54" HEIGHT="14" WC="0.96" CONTENT="rum."/>
						</TextLine>
						<TextLine ID="line_26" HPOS="468" VPOS="1249" WIDTH="128" HEIGHT="24">
							<String ID="string_133" HPOS="468" VPOS="1251" WIDTH="21" HEIGHT="22" WC="0.73" CONTENT="$$"/><SP WIDTH="17" VPOS="1251" HPOS="489"/>
							<String ID="string_134" HPOS="506" VPOS="1249" WIDTH="90" HEIGHT="20" WC="0.89" CONTENT="32—34."/>
						</TextLine>
						<TextLine ID="line_27" HPOS="282" VPOS="1289" WIDTH="500" HEIGHT="26">
							<String ID="string_135" HPOS="282" VPOS="1289" WIDTH="136" HEIGHT="26" WC="0.92" CONTENT="likalydande"/><SP WIDTH="17" VPOS="1289" HPOS="418"/>
							<String ID="string_136" HPOS="435" VPOS="1289" WIDTH="46" HEIGHT="20" WC="0.96" CONTENT="med"/><SP WIDTH="17" VPOS="1289" HPOS="481"/>
							<String ID="string_137" HPOS="498" VPOS="1295" WIDTH="26" HEIGHT="13" WC="0.96" CONTENT="nu"/><SP WIDTH="17" VPOS="1295" HPOS="524"/>
							<String ID="string_138" HPOS="541" VPOS="1289" WIDTH="98" HEIGHT="26" WC="0.96" CONTENT="gällande"/><SP WIDTH="16" VPOS="1289" HPOS="639"/>
							<String ID="string_139" HPOS="655" VPOS="1291" WIDTH="21" HEIGHT="23" WC="0.93" CONTENT="$$"/><SP WIDTH="17" VPOS="1291" HPOS="676"/>
							<String ID="string_140" HPOS="693" VPOS="1290" WIDTH="89" HEIGHT="21" WC="0.91" CONTENT="31—33."/>
						</TextLine>
						<TextLine ID="line_28" HPOS="502" VPOS="1340" WIDTH="59" HEIGHT="24">
							<String ID="string_141" HPOS="502" VPOS="1342" WIDTH="10" HEIGHT="22" WC="0.72" CONTENT="s"/><SP WIDTH="16" VPOS="1342" HPOS="512"/>
							<String ID="string_142" HPOS="528" VPOS="1340" WIDTH="33" HEIGHT="19" WC="0.92" CONTENT="35."/>
						</TextLine>
					</TextBlock>
				</ComposedBlock>
				<ComposedBlock ID="cblock_9" HPOS="208" VPOS="1371" WIDTH="649" HEIGHT="128">
					<TextBlock ID="block_9" HPOS="208" VPOS="1371" WIDTH="649" HEIGHT="106">
						<TextLine ID="line_29" HPOS="277" VPOS="1371" WIDTH="580" HEIGHT="37">
							<String ID="string_143" HPOS="277" VPOS="1379" WIDTH="49" HEIGHT="21" WC="0.93" CONTENT="Den"/><SP WIDTH="14" VPOS="1379" HPOS="326"/>
							<String ID="string_144" HPOS="340" VPOS="1371" WIDTH="70" HEIGHT="29" WC="0.93" CONTENT="under"/><SP WIDTH="10" VPOS="1371" HPOS="410"/>
							<String ID="string_145" HPOS="420" VPOS="1379" WIDTH="14" HEIGHT="27" WC="0.93" CONTENT="$"/><SP WIDTH="11" VPOS="1379" HPOS="434"/>
							<String ID="string_146" HPOS="445" VPOS="1380" WIDTH="12" HEIGHT="20" WC="0.93" CONTENT="9"/><SP WIDTH="10" VPOS="1380" HPOS="457"/>
							<String ID="string_147" HPOS="467" VPOS="1379" WIDTH="106" HEIGHT="27" WC="0.96" CONTENT="stadgade"/><SP WIDTH="10" VPOS="1379" HPOS="573"/>
							<String ID="string_148" HPOS="583" VPOS="1379" WIDTH="210" HEIGHT="29" WC="0.88" CONTENT="sjöfartsbevillning"/><SP WIDTH="7" VPOS="1379" HPOS="793"/>
							<String ID="string_149" HPOS="800" VPOS="1387" WIDTH="57" HEIGHT="21" WC="0.87" CONTENT="upp-"/>
						</TextLine>
						<TextLine ID="line_30" HPOS="210" VPOS="1412" WIDTH="647" HEIGHT="30">
							<String ID="string_150" HPOS="210" VPOS="1414" WIDTH="60" HEIGHT="21" WC="0.96" CONTENT="bäres"/><SP WIDTH="11" VPOS="1414" HPOS="270"/>
							<String ID="string_151" HPOS="281" VPOS="1413" WIDTH="29" HEIGHT="28" WC="0.93" CONTENT="af"/><SP WIDTH="4" VPOS="1413" HPOS="310"/>
							<String ID="string_152" HPOS="314" VPOS="1413" WIDTH="156" HEIGHT="21" WC="0.93" CONTENT="vederbörande"/><SP WIDTH="12" VPOS="1413" HPOS="470"/>
							<String ID="string_153" HPOS="482" VPOS="1412" WIDTH="132" HEIGHT="21" WC="0.90" CONTENT="tullkamrar"/><SP WIDTH="15" VPOS="1412" HPOS="614"/>
							<String ID="string_154" HPOS="629" VPOS="1413" WIDTH="72" HEIGHT="21" WC="0.96" CONTENT="tillika"/><SP WIDTH="15" VPOS="1413" HPOS="701"/>
							<String ID="string_155" HPOS="716" VPOS="1415" WIDTH="48" HEIGHT="20" WC="0.92" CONTENT="med"/><SP WIDTH="14" VPOS="1415" HPOS="764"/>
							<String ID="string_156" HPOS="778" VPOS="1415" WIDTH="79" HEIGHT="27" WC="0.90" CONTENT="tullaf-"/>
						</TextLine>
						<TextLine ID="line_31" HPOS="208" VPOS="1447" WIDTH="649" HEIGHT="30">
							<String ID="string_157" HPOS="208" VPOS="1449" WIDTH="93" HEIGHT="28" WC="0.92" CONTENT="gifterne"/><SP WIDTH="23" VPOS="1449" HPOS="301"/>
							<String ID="string_158" HPOS="324" VPOS="1447" WIDTH="37" HEIGHT="22" WC="0.93" CONTENT="och"/><SP WIDTH="22" VPOS="1447" HPOS="361"/>
							<String ID="string_159" HPOS="383" VPOS="1447" WIDTH="129" HEIGHT="21" WC="0.91" CONTENT="inlevereras"/><SP WIDTH="23" VPOS="1447" HPOS="512"/>
							<String ID="string_160" HPOS="535" VPOS="1447" WIDTH="35" HEIGHT="21" WC="0.93" CONTENT="till"/><SP WIDTH="23" VPOS="1447" HPOS="570"/>
							<String ID="string_161" HPOS="593" VPOS="1447" WIDTH="203" HEIGHT="26" WC="0.91" CONTENT="landtränterierne,"/><SP WIDTH="19" VPOS="1447" HPOS="796"/>
							<String ID="string_162" HPOS="815" VPOS="1448" WIDTH="42" HEIGHT="27" WC="0.93" CONTENT="för"/>
						</TextLine>
					</TextBlock>
					<TextBlock ID="block_10" HPOS="768" VPOS="1482" WIDTH="20" HEIGHT="17">
						<TextLine ID="line_32" HPOS="768" VPOS="1482" WIDTH="20" HEIGHT="17">
							<String ID="string_163" HPOS="768" VPOS="1482" WIDTH="20" HEIGHT="17" WC="0.96" CONTENT="17"/>
						</TextLine>
					</TextBlock>
				</ComposedBlock>
				<GraphicalElement ID="cblock_10" HPOS="1072" VPOS="112" WIDTH="6" HEIGHT="1062"></GraphicalElement >
			</PrintSpace>
		</Page>
	</Layout>
</alto>
