1078 1692
815 128 33 17 491

493 191 15 27 $
523 192 48 20 131.

244 226 74 20 Första
334 224 84 28 stycket
433 226 141 19 oförändradt.

244 258 174 26 Hufvudkassan
439 259 7 20 i
467 259 101 21 Bankens
587 259 66 27 hvalf
668 260 119 20 inventeras
807 260 64 20 minst

188 294 35 19 två
238 294 83 26 gånger
337 294 68 20 under
420 294 47 20 året
483 292 30 28 af
523 293 201 28 Bankfullmäktige
736 294 32 26 på
783 294 41 20 den
833 294 38 24 tid,

187 339 84 3 eo
309 340 14 2 -
343 327 106 21 kassorna
474 327 35 21 vid
533 327 104 21 kontoren
663 327 37 21 och
725 330 146 25 agenturerna

189 362 57 20 inom
262 362 73 20 landet
352 362 28 27 af
391 361 228 21 Diskontkomiterade
634 362 52 20 eller
702 362 25 20 de
742 362 68 20 andre
822 369 50 20 per-

188 402 62 14 soner
266 396 12 20 å
294 398 66 23 orten,
384 403 45 13 som
449 395 202 28 Bankfullmäktige
668 396 34 20 till
717 396 155 28 inventerings-

189 431 49 19 män
258 432 70 22 utsett,
348 432 56 19 samt
423 430 107 20 kassorna
550 430 35 20 vid
604 430 97 20 kontoret
717 430 7 20 i
740 430 32 21 S:t
787 430 84 21 Peters-

189 464 53 27 burg
258 464 30 26 af
299 471 25 13 en
340 464 54 27 utaf
406 464 104 21 Senatens
525 464 117 20 Ekonomie
656 464 154 27 Departement
825 465 47 20 der-

189 498 35 20 till
234 497 129 27 förordnad
377 498 66 27 högre
454 498 62 27 finsk
531 498 127 20 embetsman
670 492 32 33 pä
718 501 65 18 orten.

256 532 54 21 Alla
324 532 62 21 dessa
402 532 109 27 äfvensom
527 535 62 18 extra
605 532 168 28 inventeringar,
782 532 90 21 hvarvid

189 566 41 21 den
253 566 95 27 befunna
371 566 120 28 tillgången
509 567 6 19 i
531 566 78 21 kassan
634 566 38 21 bör
695 573 56 22 noga
762 566 110 28 jemföras

189 601 47 20 med
251 600 181 28 räkenskaperna,
448 600 128 21 verkställas
593 601 6 19 i
615 602 93 19 närvaro
724 600 30 28 af
764 601 52 25 dem,
827 608 43 14 som

189 637 38 18 äro
246 635 42 27 för
306 634 80 22 kassan
402 634 38 22 och
455 637 110 19 närmaste
581 635 100 27 tillsynen
698 634 61 28 öfver
774 635 98 21 densam-

190 676 34 14 ma
246 670 121 26 ansvarige,
384 672 53 18 utan
453 672 33 18 att
501 669 26 21 de
547 669 52 21 dock
615 670 34 20 mä
661 670 32 26 pä
707 669 98 27 förhand
821 670 52 20 eller

190 704 93 26 tidigare
302 706 30 18 än
352 706 41 18 när
403 704 168 26 förrättningen
584 703 105 28 påbörjas
705 704 73 20 derom
793 704 80 20 under-

190 740 77 18 rättas.
305 737 43 21 Och
374 738 57 20 skall
454 738 151 20 instrumentet
630 737 58 27 öfver
713 738 161 27 inventeringen

190 772 161 27 ofördröjligen
366 772 109 20 meddelas
491 771 205 26 Bankdirektionen,
706 778 44 14 som
758 772 53 20 derä
819 774 54 19 utan

191 806 97 27 uppskof
310 806 96 28 vidtager
430 806 40 20 den
495 806 85 27 åtgärd,
600 806 90 20 hvartill
704 806 167 28 förrättningen

190 840 43 20 kan
243 840 128 27 föranleda.

261 875 41 20 Det
317 875 93 26 följande
425 875 94 26 stycket:
531 874 107 25 ”Wexlar,
647 874 176 27 länehandlingar
833 875 40 20 och

191 909 85 26 panter”
292 912 46 23 etc.,
355 909 39 20 blir
410 909 142 20 oförändradt.

260 943 178 27 Slutstadgandet,
447 943 111 26 angäende
567 944 60 19 extra
635 943 163 26 inventeringar,
807 943 66 26 utgär.

491 989 15 26 $
522 989 50 20 132.

260 1023 72 27 Utgär.

493 1062 14 27 $
524 1063 49 20 133.

246 1097 78 20 Såvida
346 1097 47 20 dess
417 1097 95 20 innehåll
529 1097 65 19 redan
611 1097 67 19 blifvit
694 1097 28 19 uti
738 1097 40 20 den
796 1097 76 20 nästef-

191 1136 30 15 ter
246 1132 38 19 126
300 1133 10 22 $
326 1131 119 26 föreslagna
469 1137 42 20 nya
529 1132 9 22 $
559 1133 53 17 samt
630 1131 7 19 i
659 1131 37 20 129
718 1133 10 22 $
744 1131 130 26 fullständigt

190 1166 84 25 infördt,
290 1165 24 20 sä
329 1165 59 26 utgår
404 1165 49 20 hela
469 1165 69 20 denna
553 1167 10 22 $
579 1165 42 19 här.

496 1211 15 26 $
526 1211 49 20 134.

262 1249 72 19 Första
349 1247 83 27 stycket
448 1247 143 20 oförändradt.

260 1283 74 19 Andra
350 1282 84 27 stycket
450 1282 77 19 ändras
542 1281 98 20 sälunda:

258 1315 150 22 Förekommer
433 1316 80 21 bristen
534 1316 3 20 i
552 1315 102 21 Bankens
673 1315 154 27 hufvudkassa,
847 1319 27 18 är

189 1351 41 21 den
249 1351 93 20 ledamot
358 1351 7 20 i
381 1349 206 26 Bankdirektionen,
609 1349 85 21 hvilken
716 1349 158 22 omhänderhar

189 1385 41 21 den
245 1391 40 14 ena
300 1384 91 28 nyckeln
407 1384 34 21 till
457 1384 87 25 kassan,
561 1383 72 22 tillika
654 1383 48 21 med
723 1383 76 22 Förste
814 1383 59 22 Kas-

189 1421 63 20 sören
266 1419 104 27 ansvarig
380 1418 42 27 för
437 1418 149 27 ersättningen
602 1418 35 21 till
651 1417 103 26 Banken;
772 1418 52 21 dock
839 1419 34 20 sä-

190 1454 68 20 lunda
278 1455 32 18 att
335 1452 258 21 Direktionsledamotens
617 1451 130 28 delaktighet
767 1452 7 20 i
792 1459 80 14 ansvar
