1078 1692
230 118 23 16 98

278 182 8 18 I
304 181 96 26 förening
425 180 84 20 härmed
535 180 35 20 har
593 180 102 20 utskottet
718 183 68 17 ansett
809 182 32 25 sig
864 180 50 20 böra
930 181 31 19 för

210 215 118 20 Ständerna
345 215 113 19 framställa
474 215 83 26 förslag,
582 216 18 24 ej
623 215 80 19 mindre
723 217 30 17 att
771 217 29 17 ett
816 215 145 25 landtdagsar-

210 250 36 18 kiv
263 250 38 18 och
320 248 116 21 bibliothek
453 249 66 19 skulle
537 248 74 26 bildas,
628 249 30 19 för
674 251 30 17 att
720 249 25 19 de
762 250 34 19 vid
809 250 152 25 landtdagarne

210 284 111 19 tillkomne
345 283 125 26 handlingar
494 283 39 19 och
556 283 84 26 tryckta
660 283 84 19 skrifter
766 284 106 18 äfvensom
890 283 25 19 de
932 283 29 19 till

210 318 100 19 ståndens
334 317 92 19 kanslier
450 317 45 19 med
519 323 157 20 gemensamma
697 317 68 19 medel
783 317 121 20 anskaffade
921 317 40 19 för-

210 351 218 26 fattningssamlingar
443 351 39 19 och
498 351 67 26 öfriga
581 350 77 21 böcker
674 351 72 25 måtte,
766 351 158 26 fullständigare
936 354 24 16 än

211 385 104 20 härintills
331 385 61 23 skett,
412 385 87 19 bevaras
518 386 37 18 och
574 386 66 18 finnas
656 386 92 19 samlade
766 386 26 25 pä
808 388 29 16 ett
856 385 59 20 ställe
932 385 30 19 för

212 420 127 19 kommande
357 420 133 25 landtdagars
509 419 67 21 behof,
593 422 25 16 än
636 420 38 19 ock
692 422 30 16 att
741 419 117 20 Ständerne
878 419 48 19 ville
942 419 18 19 åt

212 453 153 20 statsutskottet
381 453 70 19 lemna
467 454 92 25 uppdrag
576 460 32 13 om
626 453 130 20 anställande
772 454 23 19 af
816 460 25 13 en
865 453 97 20 ekonom,

213 488 93 24 hvilken,
330 490 55 16 emot
410 487 121 26 åtnjutande
547 488 23 18 af
584 489 29 17 ett
629 487 61 25 årligt
706 487 77 19 arvode
800 488 23 18 af
841 488 39 18 400
898 488 65 24 mark,

213 522 67 19 skulle
305 522 51 19 intill
381 524 60 16 nästa
463 522 149 24 ständermöte,
629 522 67 25 enligt
712 522 22 18 af
749 522 98 19 utskottet
868 521 93 20 utfärdad

213 556 134 19 instruktion,
371 556 57 19 såväl
447 556 65 19 ordna
529 556 37 18 och
584 556 141 24 katalogisera
741 555 88 20 berörde
849 556 59 19 arkiv
926 556 38 19 och

215 589 123 20 bibliothek.
362 596 43 13 som
430 590 39 19 ock
494 593 48 23 taga
567 590 49 19 vård
641 596 31 13 om
696 590 40 18 den
762 590 67 26 öfriga
854 590 110 26 egendom,

215 623 85 19 hvilken
315 624 5 18 i
333 624 38 19 och
386 624 30 19 för
425 624 151 26 landtdagarne
589 624 114 19 anskaffats
718 624 45 18 med
777 624 105 18 allmänna
890 623 74 19 medel.

283 658 86 19 Oafsedt
386 658 36 19 det
437 658 30 19 till
481 657 265 27 landtdagskostuadernas
759 657 133 19 bestridande
904 657 60 19 äska-

215 692 25 19 de
257 692 74 25 anslag
347 692 47 19 icke
411 692 58 19 torde
485 692 84 19 komma
585 694 29 17 att
631 692 41 19 helt
689 692 39 19 och
746 691 63 20 hållet
825 692 56 25 åtgå,
898 691 66 20 finner

215 725 103 20 utskottet
341 726 31 26 sig
396 726 71 19 kunna
490 726 113 24 tillstyrka,
619 728 29 17 att
665 726 115 19 detsamma
796 726 120 19 oafkortadt
932 726 34 18 be-

216 760 68 25 viljas,
308 762 50 17 enär
374 760 34 19 det
425 760 5 19 i
447 760 39 19 den
502 760 83 26 Nådiga
602 760 156 26 propositionen
776 760 93 26 utlofvas,
890 762 29 17 att
935 766 32 13 re-

216 794 112 26 dovisning
345 794 31 19 för
392 794 60 19 dessa
468 794 68 20 medel
553 794 53 20 skall
622 794 30 20 till
669 794 119 20 Ständerna
806 794 105 20 aflemnas.
938 794 26 19 På

215 828 67 25 grund
300 828 22 19 af
336 828 54 19 hvad
408 828 99 19 utskottet
522 828 61 19 ofvan
601 828 44 19 haft
661 831 50 16 äran
729 828 74 19 anföra
817 828 31 19 får
867 828 101 19 utskottet

216 861 62 20 alltså
295 862 104 19 vördsamt
416 862 87 19 föreslå:

388 897 32 18 att
436 895 84 20 landets
535 895 113 28 högloflige
665 895 94 20 Ständer
776 896 47 19 ville
839 902 26 13 ur
877 896 91 19 allmän-

322 936 27 13 na
370 929 71 25 medel,
463 928 57 28 öfver
539 929 71 20 hvilka
633 929 123 21 Ständerna
772 937 38 19 ega
827 932 31 17 att
872 929 96 26 förfoga,

321 964 63 20 anslå
400 963 116 21 etthundra
532 965 124 26 tjugutusen
673 963 62 21 mark
751 964 35 19 till
799 963 135 20 bestridande
944 962 30 27 aj

321 998 25 19 de
362 998 7 19 i
384 999 30 20 82
432 999 15 25 $
466 998 29 27 af
513 998 240 27 landtdagsordninyen
777 998 129 20 omnämnda
929 998 40 20 all-

322 1034 81 18 männa
419 1032 96 27 utgifter,
531 1035 54 18 emot
601 1033 34 20 till
652 1032 124 21 Ständerna
792 1032 127 27 afgifvande
938 1039 32 13 ve-

324 1067 123 26 dovisning;
462 1069 55 18 samt

391 1103 32 18 att
440 1101 123 20 Ständerna
579 1101 65 20 måtte
660 1101 82 20 besluta
759 1100 35 20 till
809 1101 19 26 ej
839 1100 83 20 mindre
930 1100 40 20 bil-

323 1135 70 20 dande
416 1139 24 23 aj
463 1138 27 18 ett
509 1134 233 28 landtdagsbibliothek
758 1134 36 21 och
810 1134 60 20 arkiv
890 1137 29 17 än
935 1134 36 21 ock

324 1169 35 20 till
374 1169 139 20 anställande
528 1169 29 26 af
568 1176 25 13 en
609 1169 93 24 ekonom,
719 1168 90 25 hvilken,
826 1171 52 17 emot
899 1169 72 26 ätnju-

324 1203 64 20 tande
402 1203 30 26 af
444 1206 28 17 ett
488 1203 66 27 årligt
571 1203 78 20 arvode
664 1203 29 26 af
708 1204 41 19 400
770 1202 66 25 mark,
858 1202 58 21 intill
933 1205 39 18 nä-

323 1240 34 17 sta
373 1237 143 20 ständermöte
531 1237 50 27 egde
597 1239 38 23 att,
652 1237 7 20 i
674 1236 94 27 enlighet
784 1237 45 20 med
843 1236 38 25 för
896 1236 74 21 honom

324 1271 29 26 uf
363 1271 158 20 statsutskottet
545 1270 105 27 utfärdad
671 1270 138 25 instruktion,
826 1271 60 19 såväl
903 1271 68 20 ordna

325 1305 87 21 berörde
433 1305 227 27 urkundssamlingar,
682 1311 46 14 som
748 1304 36 21 ock
804 1307 51 24 taga
872 1305 52 20 vård
940 1312 30 13 om

325 1340 39 19 den
380 1340 73 27 öfriga
469 1340 105 26 egendom,
590 1339 82 20 hvilken
690 1338 36 24 för
745 1339 175 27 landtdagarnas
940 1339 32 20 be-

324 1374 43 26 hof
378 1374 47 20 med
440 1375 113 19 allmänna
569 1373 66 20 medel
650 1373 128 26 anskajjats.

291 1409 132 26 Helsingfors
439 1409 40 20 den
496 1409 11 19 7
524 1409 40 25 Maj
583 1409 59 19 1872.
