1078 1692
243 122 33 18 172

221 192 81 14 samma
317 186 48 20 icke
382 186 87 26 uppgått
485 187 30 19 till
531 186 36 20 det
586 187 3 19 i
605 187 41 19 den
662 187 83 27 Nådiga
760 187 157 27 propositionen
934 194 36 12 an-

220 255 74 26 kalkyl
319 256 85 24 utvisar,
428 255 73 19 endast
524 255 30 20 till
578 256 90 24 469,323
685 255 60 20 mark
762 256 25 19 30
803 256 71 25 penni,
890 255 81 19 hvilket

221 290 87 25 misstag
330 290 7 18 i
360 289 41 19 den
423 289 83 27 Nådiga
529 289 157 26 propositionen
710 289 164 26 uppenbarligen
898 289 72 19 härrör

220 324 66 24 deraf,
302 325 30 17 att
348 325 30 17 ett
392 323 66 20 under
474 324 23 18 år
514 324 53 18 1864
583 323 55 19 ifrån
658 323 96 27 Nylands
778 324 44 18 läns
845 323 78 19 ränteri
939 322 30 20 till

220 357 252 27 kartasigillatakontoret
496 358 89 25 utgifvet
608 357 89 20 förskott
712 357 23 20 af
749 357 76 26 21,092
848 356 58 20 mark
922 356 48 20 icke

221 392 69 19 blifvit
306 391 46 19 från
368 392 56 19 årets
440 391 122 27 behållning
573 391 101 27 afdraget.
705 392 32 19 Då
750 391 219 26 medelbehållningen

220 426 32 20 för
269 425 26 20 de
311 426 6 19 i
334 426 158 26 propositionen
507 426 120 26 åberopade
646 426 49 20 åren
714 426 59 25 1867,
791 426 52 19 1868
860 425 38 20 och
918 425 50 19 1869

220 460 96 19 deremot
331 460 111 26 rätteligen
458 462 61 24 utgör
535 460 88 26 ungefär
639 460 61 25 3,000
717 460 58 20 mark
785 459 79 20 mindre
880 462 25 16 än
922 465 48 20 pro-

220 494 119 25 positionen
362 496 107 24 upptager,
485 494 52 19 eller
560 493 89 26 449,256
674 494 58 19 mark
752 494 25 19 38
793 494 64 25 penni
872 493 40 19 blir
928 493 41 19 den

220 528 96 26 verkliga
338 528 110 19 skilnaden
475 528 88 19 emellan
587 528 69 20 denna
679 527 193 26 medelbehällning
895 527 31 19 för
946 527 23 19 är

222 562 52 18 1864
291 562 76 25 20,066
385 562 58 19 mark
460 562 26 19 92
502 562 71 25 penni.

287 595 31 20 Af
332 595 35 20 det
382 595 131 27 ofvansagda
528 595 92 27 framgär
635 594 67 26 alltsä,
718 597 30 17 att
764 595 63 26 nägot
843 595 124 26 nedgäende

218 629 7 19 i
242 629 154 26 kartasigillata
410 629 119 20 inkomsten
546 629 47 19 icke
610 630 6 18 i
632 629 147 26 verkligheten
799 631 36 23 ägt
851 636 51 18 rum,
919 631 49 17 utan

218 666 22 16 är
256 663 41 19 den
313 663 104 20 förmenta
433 663 148 26 minskningen
597 663 74 19 endast
686 662 99 26 skenbar,
801 670 75 20 genom
891 664 75 25 jemfö-

219 698 68 19 relsen
304 698 22 19 af
341 700 29 17 ett
386 697 98 20 medeltal
506 697 45 19 med
573 697 40 19 den
630 697 82 19 absolut
728 698 74 25 högsta
817 697 150 26 behållningen

219 731 12 19 &
247 731 135 20 mesberörde
405 731 122 25 skattetitel,
548 737 44 13 som
616 730 111 20 inträffade
750 731 22 19 år
789 732 64 24 1864;
876 732 38 19 och
931 732 37 20 har

219 765 102 20 utskottet
336 766 134 26 följaktligen
485 765 47 20 icke
548 765 45 19 haft
603 765 45 19 skäl
660 767 30 17 att
700 765 27 26 pä
738 765 63 20 sädan
813 766 66 26 grund
891 766 77 20 föreslä

219 799 65 26 nägra
296 800 145 26 förändringar
452 800 7 19 i
469 799 104 27 egentligt
587 799 54 26 syfte
656 802 32 16 att
702 800 111 25 uppdrifva
829 800 138 26 stämpelpap-

218 833 133 26 persskatten
362 834 30 19 till
403 834 63 25 högre
476 833 75 26 belopp
561 836 26 16 än
596 834 31 18 för
636 833 130 19 närvarande
782 834 66 25 utgär.
864 834 48 19 Men
922 834 45 19 der-

218 869 57 17 emot
291 874 63 19 synas
370 867 66 20 andra
455 867 45 19 skäl
521 867 42 19 tala
585 867 31 19 för
639 867 155 26 godkännande
809 867 23 20 af
846 868 39 19 den
902 868 65 20 under

218 901 67 26 fjerde
296 902 95 25 punkten
403 902 6 19 i
421 902 107 25 ingressen
542 901 29 20 till
585 901 40 20 den
642 901 82 26 Nädiga
738 902 157 25 propositionen
912 903 53 19 före-

218 936 74 25 slagna
316 935 122 27 förändring
461 935 23 20 af
506 935 183 26 bestämningarne
712 935 89 20 rörande
825 935 99 27 beloppet
946 937 23 20 af

218 970 170 26 stämpelpapper
404 970 29 20 till
451 969 117 20 helfrihets-
585 970 38 19 och
641 969 109 26 mätebref,
767 969 87 21 sälunda
864 972 30 18 att
904 974 62 17 stäm-

217 1003 125 27 pelafgiften
366 1004 84 19 komme
467 1006 29 17 att
511 1005 6 18 i
533 1004 118 26 möjligaste
674 1003 65 20 mätto
757 1004 80 26 lämpas
853 1005 53 19 efter
921 1008 46 17 vär-

218 1038 35 19 det
272 1038 22 19 af
312 1038 40 19 den
376 1038 111 26 egendom,
509 1044 43 13 som
569 1039 6 18 i
591 1038 72 25 hvarje
687 1038 37 19 fall
747 1044 50 13 vore
812 1038 7 19 i
835 1038 69 27 fråga;
927 1039 40 20 och

217 1072 37 19 har
271 1072 102 20 utskottet
388 1072 23 19 af
424 1072 64 20 sädan
505 1072 62 20 orsak
583 1072 38 19 och
638 1072 31 19 för
688 1074 30 17 att
740 1072 59 19 ställa
822 1073 145 26 stadgandena

217 1106 73 19 härom
307 1107 6 18 i
330 1107 135 19 konformitet
488 1107 47 19 med
556 1106 55 20 hvad
627 1106 110 27 angäende
752 1106 71 27 köpe-,
839 1107 71 26 gäfvo-
927 1108 39 19 och

218 1139 110 27 bytesbref
341 1147 26 12 m.
384 1147 26 12 m.
426 1140 55 19 förut
496 1140 67 19 finnes
580 1140 103 26 stadgadt,
706 1141 38 18 här
766 1141 68 19 nedan
858 1140 108 27 tillstyrkt,

217 1176 30 17 att
263 1174 178 26 stämpelafgiften
467 1175 63 19 borde
547 1174 49 26 utgä
612 1175 46 19 med
676 1175 50 19 visst
742 1174 76 27 belopp
835 1175 51 20 efter
903 1176 63 26 farty-

217 1211 45 24 gets
278 1209 89 19 lästetal.

286 1243 134 19 Beträffande
444 1242 44 20 äter
504 1243 25 19 de
547 1242 64 20 under
634 1243 65 19 första
714 1242 39 20 och
769 1243 64 19 femte
847 1243 120 26 punkterna

217 1277 6 19 i
240 1277 159 26 propositionen
414 1277 129 19 framställda
568 1277 84 26 förslag,
676 1277 110 26 äsyftande
809 1277 121 28 förhöjning
946 1279 23 19 af

217 1311 183 26 stämpelpappers
422 1311 94 26 afgiften,
533 1311 36 19 har
593 1311 107 26 utskuttet,
716 1314 50 17 enär
782 1311 64 27 något
861 1313 51 19 visst
927 1313 39 19 för-

217 1345 59 25 höjdt
301 1345 75 26 belopp
392 1345 22 19 af
428 1345 68 20 denna
519 1345 56 20 skatt
597 1345 47 20 icke
667 1345 77 26 äskats,
760 1345 69 20 funnit
843 1346 73 27 frågan
934 1353 32 13 om

217 1381 62 18 dessa,
295 1379 85 26 försiag,
396 1379 88 20 likasvw
501 1379 26 20 de
544 1379 65 20 under
627 1379 66 20 andra
710 1380 39 19 och
766 1380 66 25 tredje
849 1381 119 25 punkterna

216 1413 136 25 framställda,
368 1413 27 26 pä
411 1413 26 20 de
452 1413 23 20 af
489 1413 100 20 utskottet
610 1414 127 19 framhällna
759 1414 45 20 skäl
821 1415 79 25 jemväl
917 1415 50 20 böra

216 1447 32 20 för
264 1447 131 19 närvarande
411 1447 88 20 förfalla.
