1078 1692
796 127 34 17 537

171 197 25 14 en
213 190 85 20 månad.
331 184 85 26 Önskar
437 190 126 26 insättaren,
583 192 33 18 att
634 184 74 33 godset
723 189 132 28 qvarblifver

171 225 7 20 i
194 224 92 21 Banken
302 224 74 28 längre
392 224 32 21 tid
439 226 29 18 än
484 224 47 26 den,
547 224 42 27 för
611 224 83 20 hvilken
716 224 140 27 provisionen

171 259 87 27 erlagts,
274 258 38 21 bör
327 258 44 21 han
385 258 48 21 med
449 258 105 21 anmälan
574 258 78 26 derom,
669 259 55 27 ånyo
736 258 119 27 förskotts-

171 294 31 19 vis
218 292 94 21 inbetala
332 292 115 21 enahanda
472 292 69 28 afgift
562 292 42 27 för
629 294 65 20 minst
719 300 25 13 en
769 292 86 21 månad.

174 326 45 21 Gör
234 326 44 21 han
294 326 34 21 det
344 327 24 27 ej,
388 326 106 21 utlemnas
514 326 74 28 godset
603 326 52 26 icke,
672 327 68 20 innan
756 326 39 20 den
811 326 45 20 bri-

171 360 77 22 stande
266 360 139 28 provisionen
427 360 107 26 inbetalts,
557 360 90 21 hvarvid
662 360 40 26 det,
725 367 45 14 som
785 360 70 28 öfver-

171 394 83 28 skjuter
269 394 87 26 månad,
372 394 105 21 beräknas
492 401 45 14 som
552 394 34 21 hel
601 394 86 21 månad.

242 428 102 21 Inbetald
362 429 112 27 provision
494 428 109 21 återbäres
619 428 44 21 icke
678 428 36 21 till
728 428 84 21 mindre
827 428 29 21 el-

172 464 32 20 ler
218 464 70 20 större
304 463 40 25 del,
360 463 65 27 äfven
443 470 33 13 om
495 463 36 20 det
553 463 100 20 nedsatta
674 462 75 28 godset
771 464 84 26 uttages

173 497 100 28 tidigare,
289 499 29 19 än
334 497 70 27 afsedt
418 504 45 14 var.

480 537 15 27 $
513 538 34 20 51.

243 577 91 21 Nedsatt
354 577 52 27 gods
421 577 64 25 skall,
501 576 36 21 vid
551 576 130 28 anfordran,
697 577 106 21 utlemnas
821 577 36 20 till

173 612 120 20 insättaren
317 612 52 20 eller
383 611 55 21 hans
454 610 83 26 ombud,
554 613 53 18 emot
623 610 160 28 inlagsbevisets
798 611 59 20 åter-

172 646 109 20 ställande
303 645 47 21 med
373 645 115 21 åtecknadt
508 645 72 27 gvitto.
613 644 43 22 Och
671 645 91 21 Banken
778 651 79 15 ansva-

173 687 39 13 rar
234 679 44 21 icke
296 679 42 28 för
353 686 75 14 annan
442 679 69 21 skada
526 680 13 19 å
553 679 76 27 godset
644 681 29 19 än
688 680 46 25 den,
750 686 49 18 som,
815 686 42 14 me-

173 714 44 21 dan
232 714 119 20 detsamma
368 714 7 20 i
390 713 93 21 Banken
500 713 139 27 förvarades,
654 713 108 28 verkligen
777 714 80 20 vållats

173 748 30 28 af
213 748 105 21 Bankens
334 748 127 27 tjenstemän
477 748 53 20 eller
545 747 97 28 betjente.

249 782 119 27 Uppgifver
383 782 112 24 insättare,
514 784 33 18 att
562 781 150 28 inlagsbeviset
725 781 41 27 för
781 781 77 21 honom

172 817 47 26 gått
236 816 122 27 förloradt,
380 816 86 25 återfår
488 816 44 20 han
552 816 35 20 det
602 816 100 20 nedsatta
716 816 82 27 godset,
813 818 44 18 mot

173 849 105 22 särskildt
294 848 142 29 fullständigt
452 850 71 27 qvitto.

484 889 16 28 $
514 890 35 20 52.
758 889 6 6 :

242 929 51 22 Har
308 930 86 21 nedsatt
408 929 53 28 gods
471 929 116 27 förvarats
602 930 8 19 i
626 929 94 21 Banken
734 932 33 18 tre
782 930 27 19 år
823 932 34 18 ut-

173 964 61 27 öfver
254 964 41 21 den
314 964 38 25 tid,
363 963 43 28 för
420 963 85 22 hvilken
523 963 94 28 stadgad
635 964 113 26 provision
770 963 87 28 erlagts,

173 999 57 20 skall
260 998 201 21 Bankdirektionen
485 1004 73 21 genom
586 997 128 28 kungörelse
741 998 9 20 i
775 997 82 21 tidnin-

173 1040 69 21 garne
257 1039 110 20 uppmana
383 1033 121 20 insättaren
520 1032 52 21 eller
587 1031 55 22 hans
657 1031 200 28 rättsinnehafvare

174 1069 33 19 att
221 1067 57 20 inom
294 1073 36 14 sex
345 1067 106 20 månader
473 1068 76 25 uttaga
563 1066 76 27 godset
654 1065 37 21 och
706 1065 95 22 inbetala
817 1066 41 21 den

174 1101 111 21 bristande
297 1101 144 27 provisionen.
471 1100 142 21 Hörsammas
629 1101 160 27 uppmaningen
809 1100 48 26 icke,

173 1142 49 21 eger
244 1135 143 20 Direktionen
411 1137 50 25 taga
484 1134 120 21 kännedom
624 1141 33 14 om
672 1134 78 28 sjelfoa
772 1134 86 28 godsets

175 1169 140 28 beskaffenhet
340 1171 57 19 samt
420 1168 93 28 derefter
536 1169 88 20 anmäla
649 1168 149 24 förhållandet
820 1168 38 21 hos

173 1203 203 28 Bankfullmäktige
398 1203 35 21 till
457 1203 40 20 den
519 1203 87 27 åtgärd,
630 1203 24 20 de
670 1203 66 27 finna
757 1209 54 15 vara
831 1203 30 26 af

174 1237 211 28 omständigheterna
398 1237 115 28 påkallad.

471 1283 58 28 Kap.
545 1282 28 22 IH.

258 1324 96 26 Styrelsen
370 1323 35 21 och
420 1323 140 26 förvaltningen
575 1323 22 20 af
610 1322 87 21 Finlands
712 1323 59 20 Bank.

357 1363 43 20 Om
418 1363 258 26 Bankfullmäktige.

482 1409 15 26 $
515 1409 34 20 53.
821 1428 5 5 N

246 1449 110 28 Styrelsen
372 1449 30 27 af
414 1449 107 20 Finlands
538 1448 64 21 Bank
617 1447 135 28 handhafves
760 1447 30 28 af
795 1447 63 22 Stän-
