1078 1692
811 130 22 16 63

105 200 52 13 anse
173 194 33 26 sig
222 193 51 19 böra
288 196 52 23 göra
355 193 39 20 den
412 193 161 26 inskränkning,
596 195 30 17 att
648 192 126 21 åtminstone
795 194 61 25 7,000

107 228 65 25 mark,
197 228 51 19 eller
272 227 98 26 beloppet
393 228 23 18 af
436 234 25 13 en
478 227 180 26 öfverinspektors
674 228 100 26 aflöning,
791 228 66 19 under

106 262 49 19 åren
184 262 135 19 1873—187%
345 262 97 26 afdrages
466 262 44 18 från
535 262 40 19 den
591 262 69 25 andel,
680 268 43 13 som
741 262 45 19 från
803 262 52 19 folk-

105 296 275 26 skolebevillningsmedlen
397 296 53 19 skall
467 296 50 25 utgå
537 296 68 19 såsom
629 296 73 26 bidrag
725 296 30 19 till
777 296 78 20 skolöf-

107 330 151 26 verstyrelsens
274 332 46 17 stat.
340 342 22 2 —
380 330 79 20 Vidare
476 330 62 20 hafva
553 330 123 25 Ständerna,
697 330 25 26 på
745 330 67 26 grund
835 331 24 19 af

107 364 26 20 de
149 364 52 26 skäl,
217 370 44 13 som
278 364 82 19 anföras
377 364 7 19 i
405 364 60 20 deras
489 364 145 26 underdåniga
656 371 47 13 svar
725 364 27 26 på
774 364 81 20 Eders

106 398 150 26 Kejserliga
273 398 139 26 Majestäts
430 398 83 26 Nådiga
535 399 129 25 proposition
688 398 110 26 angående
820 405 35 13 an-

107 432 45 26 slag
168 432 23 20 af
204 432 199 26 bevillningsmedel
419 433 32 19 för
467 433 72 19 blinda
558 433 62 19 barns
643 432 151 26 undervisning
817 433 39 19 och

107 466 129 27 uppfostran,
252 466 68 20 funnit
335 467 31 26 sig
383 466 70 20 kunna
469 467 48 19 med
535 467 74 19 inalles
629 467 76 25 55,370
725 467 58 19 mark
804 467 51 19 min-

107 501 38 19 ska
161 501 34 19 det
212 500 64 20 under
292 500 161 26 ifrågavarande
471 501 74 26 period
568 501 31 19 för
621 501 57 19 detta
700 501 97 19 ändamål
820 501 35 20 be-

107 535 79 27 höfliga
202 535 82 25 belopp.
314 535 134 20 Beträffande
465 535 98 26 slutligen
580 535 40 19 den
637 541 81 13 summa
733 535 23 19 af
767 536 88 25 176,544

108 569 59 20 mark
184 570 25 18 64
225 569 71 26 penni,
312 569 101 19 hvarmed
429 570 6 18 i
451 569 40 19 den
507 569 83 26 Nådiga
605 569 158 26 propositionen
775 570 24 19 de
811 570 44 19 kal-

107 604 102 26 kylerade
233 603 113 26 utgifterna
369 603 31 19 för
424 605 76 18 tretton
523 603 28 23 år,
575 603 51 19 eller
649 603 44 20 från
714 604 39 19 och
770 604 46 19 med
833 604 22 19 år

109 638 52 19 1865
185 637 31 19 till
239 637 38 19 och
302 638 46 18 med
371 638 23 19 år
411 638 60 25 1877,
493 638 114 26 utgörande
623 638 111 25 3,823,455
754 638 58 19 mark
829 638 26 19 36

107 672 70 25 penni,
201 671 121 26 förslagsvis
346 671 69 19 blifvit
437 672 63 25 höjda
524 672 31 18 till
575 672 70 25 jemnt
662 672 112 25 4,000,000
791 672 64 23 mark,

107 712 49 13 anse
173 705 117 20 Ständerna
306 700 56 25 detta
378 705 89 20 tillskott
482 705 71 19 kunna
570 712 22 12 ur
608 705 100 26 kalkylen
729 706 126 20 bortlemnas

107 740 26 25 på
149 740 66 26 grund
230 739 23 19 af
267 739 91 26 följande
374 739 57 19 skäl:

178 774 40 22 1:0)
236 773 88 20 emedan
340 773 118 19 Ständerna
477 773 48 19 icke
541 773 82 20 förenat
643 774 31 26 sig
690 780 33 13 om
739 774 116 26 utgörande

108 808 23 19 af
145 808 24 19 de
186 808 6 19 i
209 807 89 20 särskild
313 807 69 26 Nådig
399 807 128 26 proposition
544 807 78 19 äskade
638 808 73 26 anslag
731 808 32 19 till
778 814 25 14 en
820 814 35 14 an-

107 841 48 20 stalt
177 841 32 19 för
232 841 110 19 klockares
366 841 40 19 och
422 841 127 25 organisters
565 840 102 26 bildning,
683 841 82 20 hvilket
782 841 73 26 anslag

109 875 47 20 med
173 875 75 25 12,000
264 875 59 19 mark
340 875 81 26 årligen
438 875 137 19 inberäknats
592 875 27 19 uti
635 875 160 26 ifrågavarande
816 875 39 20 till-

108 908 66 26 skott;

175 943 45 24 2:0)
236 943 88 19 emedan
348 943 117 19 Ständerna
487 949 50 13 anse
560 944 30 17 att
612 943 49 25 inga
682 943 123 26 byggnader
823 943 32 19 för

107 977 161 20 seminariernas
292 977 65 19 behof
380 977 51 19 böra
453 977 47 19 med
528 976 195 26 bevillningsmedel
749 977 106 26 uppföras,

108 1014 47 17 utan
179 1011 26 20 de
228 1011 76 26 nödiga
328 1011 109 19 lokalerna
459 1011 72 19 kunna
547 1011 111 25 upphyras,
674 1011 54 19 helst
743 1011 37 19 hos
796 1011 59 20 Stän-

108 1045 65 20 derna
189 1045 39 20 den
244 1045 55 26 äsigt
314 1045 54 26 gjort
384 1045 32 26 sig
431 1045 98 26 gällande
545 1047 29 17 att
589 1045 203 26 internatssystemet
807 1045 47 20 icke

107 1079 65 20 borde
187 1079 31 19 för
234 1079 151 19 seminarierna
401 1085 49 13 vara
465 1079 140 26 nödvändigt;

175 1113 43 23 3:0)
235 1113 86 20 emedan
338 1113 195 26 löneförhöjningar
549 1113 31 19 för
596 1113 66 19 lärare
680 1113 39 20 och
738 1113 117 20 lärarinnor

108 1147 34 20 vid
158 1147 144 20 folkskolorna
318 1147 67 20 under
400 1147 140 20 instundande
556 1147 41 19 fem
613 1147 23 19 är
651 1147 75 20 endast
747 1147 32 20 till
802 1148 51 19 min-

106 1181 37 20 dre
159 1181 75 26 belopp
251 1181 71 20 kunna
338 1181 65 20 blifva
419 1181 143 26 erforderliga,
581 1183 54 17 samt

175 1216 43 23 4:0)
235 1215 88 20 emedan
340 1215 18 26 ej
376 1215 81 20 mindre
473 1215 32 19 för
521 1215 139 19 nästnämnda
680 1215 63 19 behof
765 1218 25 16 än
814 1215 39 20 ock

107 1250 31 19 för
155 1249 127 20 bekostande
298 1249 23 19 af
335 1249 145 26 inspektioner
496 1249 38 19 och
554 1249 65 19 andra
641 1249 106 26 tillfälliga
770 1249 85 26 utgifter

106 1283 112 26 tillgängar
242 1283 112 20 förefinnas
377 1283 45 20 dels
445 1283 5 19 i
474 1283 25 20 de
520 1283 33 20 vid
570 1283 150 19 seminarierna
738 1283 117 26 inflytande

107 1317 141 26 elevafgifter,
272 1317 44 19 dels
332 1317 6 19 i
355 1317 26 20 de
404 1317 123 26 öfverskott,
550 1323 51 19 som,
623 1317 27 26 pä
671 1317 65 26 grund
760 1317 22 19 af
800 1317 54 20 hvad

106 1351 109 20 ofvanföre
232 1351 84 25 anförts,
334 1351 50 20 böra
400 1351 74 26 uppstä
489 1351 13 20 &
517 1351 26 20 de
559 1351 32 19 för
605 1351 50 19 ären
675 1351 48 19 1871
742 1351 39 19 och
800 1351 54 20 1872

106 1385 105 26 beviljade
226 1385 100 26 anslagen
343 1385 31 20 för
390 1385 122 20 folkskolor.

175 1419 45 20 Den
237 1420 5 18 i
259 1419 39 20 den
314 1419 84 26 Nädiga
413 1419 166 26 propositionen,
594 1419 81 19 utöfver
691 1419 25 19 de
736 1419 44 19 frän
801 1419 53 19 före-

105 1453 82 26 gäende
203 1453 23 19 är
242 1453 135 20 reserverade
401 1453 170 26 besparingarna,
596 1453 158 25 nödigansedda
774 1459 81 13 summa
