1078 1692
231 128 35 18 224

380 192 55 20 13:o.
474 190 53 21 Alla
557 190 141 28 handlingar,
723 196 45 15 som
792 191 116 25 upprättas
933 189 31 27 af

312 224 52 21 eller
383 224 58 28 angå
463 224 118 28 inbyggare
596 225 9 19 i
619 224 153 28 Lappmarken
790 224 37 20 och
843 224 63 20 deras
920 230 40 14 an-

310 258 155 28 gelägenheter.

380 294 55 19 14:0.
468 292 88 27 Frågor
577 292 95 21 rörande
696 292 107 28 nybygges
827 292 133 27 anläggnin-

311 333 43 20 gar
368 328 56 19 samt
439 326 132 28 utsyningar
587 326 36 20 till
640 326 130 27 svedjeland,
789 325 109 28 äfvensom
913 326 47 20 eko-

312 360 99 21 nomiska
433 359 149 28 besigtningar
600 360 13 20 å
635 360 180 24 kronoboställen,
837 360 123 20 kronohem-

312 401 52 14 man
379 394 39 20 och
432 394 72 20 andra
527 393 196 28 kronolägenheter,
745 400 48 14 men
807 394 153 20 instrumenter

313 428 63 27 öfver
400 428 34 27 af-
457 427 38 21 och
520 428 172 28 tillirädessyner
710 428 14 20 &
742 428 62 21 dessa
826 427 135 22 samt
888 423 10 37 ä
910 427 51 22 eck-

314 462 112 21 lesiastika
441 461 104 21 boställen
556 461 39 21 och
601 461 92 28 publika
708 462 172 27 boställsgärdar
894 461 68 27 skrif-

312 502 38 15 vas
362 496 33 27 pä
409 496 120 27 stämpladt
539 502 93 21 papper,
646 496 30 20 dä
690 495 83 21 enskild
784 502 80 21 person
874 498 27 18 är
908 498 54 25 part

313 530 9 20 i
337 529 73 26 saken,
422 530 32 27 pä
469 531 43 19 sätt
527 529 8 21 i
551 531 55 19 1:sta
617 529 99 28 punkten
730 532 27 18 är
771 530 70 27 sagdt.

382 570 55 20 15:0.
468 568 47 21 Mäl
533 575 46 15 som
602 569 36 21 vid
661 568 91 22 domstol
776 568 37 22 och
837 568 125 22 embetsverk

310 603 137 27 förekomma
462 602 94 21 rörande
566 602 104 28 följande
684 603 114 21 allmänna
812 602 50 21 verk
876 602 38 21 och
929 603 33 20 in-

314 637 129 27 rättningar
457 639 56 18 samt
529 637 64 20 deras
610 639 52 23 rätt,
678 637 118 27 nemligen:
818 636 144 21 Alexanders-

320 670 154 25 Universitetet,
503 670 109 21 Finlands
637 670 62 26 bank,
730 670 125 28 Systerbäks
879 672 84 26 gevärs-

310 704 89 28 faktori
423 704 48 21 med
495 704 163 28 underlydande
683 704 133 28 egendomar,
839 704 123 28 Kejserliga

316 738 125 21 Kabinettet
457 738 38 20 och
509 738 126 21 Alexander
652 738 91 28 Newsky
758 738 79 20 kloster
851 738 9 20 i
876 738 32 20 S:t
922 738 42 20 Pe-

316 772 105 28 tersburg,
436 774 48 25 väg-
501 772 37 20 och
562 771 342 25 vattenkommunikationsverket,
917 771 47 28 fin-

316 806 40 22 ska
378 806 137 24 civilstatens,
537 806 122 20 militärens
683 808 56 18 samt
761 805 143 21 ecklesiastik-
926 804 38 22 och

316 840 129 21 skolstatens
461 839 62 21 enke-
538 840 37 20 och
587 840 157 27 pupillkassor,
761 839 109 21 inhemska
877 840 32 26 på
922 840 43 19 öm-

318 874 79 27 sesidig
422 873 137 27 ansvarighet
583 873 114 28 grundade
712 873 194 28 brandstodsbolag
926 873 38 20 och

312 908 141 27 föreningar,
476 907 302 28 sjöassuransföreningarne,
803 907 162 28 hypotheksför-

318 942 98 27 eningen,
445 941 207 27 lifränteanstalten,
687 941 140 27 sparbanker,
859 941 107 28 ingvarte-

318 976 77 28 rings-,
412 975 121 28 byggnads-
548 975 47 20 med
609 975 57 28 flere
684 975 106 26 komitéer,
806 975 86 27 kyrkor,
907 981 58 21 gym-

318 1010 80 24 nasier,
413 1009 78 25 skolor,
507 1008 124 28 hospitaler,
642 1009 146 28 fattigvårds-
804 1008 37 21 och
852 1009 114 27 pensions-

318 1043 160 27 inrättningar,
486 1042 163 28 hushållnings-
664 1042 38 21 och
717 1042 182 27 bibelsällskaper,
911 1043 55 20 litte-

318 1079 55 19 rära
397 1076 38 22 och
459 1076 160 27 vetenskapliga
643 1076 109 27 samfund,
766 1076 150 27 fakulteterna
931 1076 36 21 vid

318 1111 148 21 Alexanders-
473 1105 154 38 Universitetet,
642 1111 74 27 adliga
726 1109 242 30 jungfrustiftsinrätt-

319 1145 81 28 ningen
415 1145 8 20 i
436 1144 99 21 Finland
557 1147 56 18 samt
635 1144 87 21 sockne-
741 1145 37 20 och
794 1145 173 20 understödsma-

318 1179 95 28 gasiner,
436 1178 109 27 äfvensom
562 1177 98 28 fromma
682 1178 110 28 stiftelser,
808 1178 66 21 likväl
892 1178 76 21 endast

319 1213 57 20 hvad
391 1213 13 20 å
419 1213 62 20 dessa
503 1212 60 21 verks
587 1212 38 21 och
646 1213 163 27 inrättningars
832 1214 84 25 vägnar
935 1213 33 20 in-

320 1247 82 20 lemnas
418 1246 52 21 eller
484 1246 35 21 till
535 1246 46 21 dem
597 1245 110 28 utfärdas.
737 1246 61 21 Dock
812 1246 70 27 gäller
896 1246 72 21 denna

321 1280 97 28 befrielse
440 1279 45 22 icke
495 1279 41 28 för
550 1279 65 28 köpe-
636 1280 51 21 eller
705 1280 59 21 salu-
778 1282 57 19 samt
850 1279 66 28 bytes-
930 1279 39 21 och

320 1313 118 29 gåfvobref
448 1314 14 20 å
473 1313 49 28 fast
537 1313 107 28 egendom,

390 1349 54 20 16:0.
475 1347 48 21 Allt
544 1347 56 21 hvad
619 1348 8 20 i
637 1347 83 43 frågor
741 1347 94 21 rörande
853 1348 116 42 pensioner

321 1391 28 11 ur
374 1381 34 21 kori
409 1380 216 29 ysinanshusjonden,
651 1381 52 21 eller
729 1381 37 21 ock
786 1381 35 27 Jor
824 1388 3 5 5
854 1381 64 21 enkor
934 1381 38 21 och

322 1415 56 21 barn
393 1415 55 27 efter
463 1415 80 27 aflidne
563 1415 85 21 embets-
664 1415 37 20 och
716 1415 127 28 tjenstemän
856 1415 58 27 från
929 1415 41 20 all-

322 1451 82 19 männa
418 1451 64 18 stats-
498 1448 37 21 och
549 1449 145 21 militiemedel
702 1451 56 18 samt
767 1449 46 21 alla
825 1448 92 28 publika
933 1448 38 21 och
