1078 1692
809 121 34 19 237

217 185 93 28 höfding
328 186 32 26 på
384 185 72 21 kredit
478 184 151 28 utreqvireras,
648 183 105 28 påkostas
775 184 46 20 icke
841 184 31 26 af

218 220 91 25 kronan,
324 222 54 18 utan
394 219 37 21 bör
446 219 47 25 den,
517 225 44 14 som
584 218 123 28 reqvisition
726 218 66 28 gjort,
816 217 56 28 sjelf

218 254 52 20 eller
283 260 75 21 genom
376 252 78 22 ombud
468 252 33 28 på
515 252 74 21 stället
603 254 77 25 uttaga
696 252 35 20 det
746 252 122 27 stämplade

215 294 85 22 papper
315 287 44 21 han
370 288 33 26 på
418 286 72 22 kredit
505 286 100 21 erhåller.

512 360 16 27 $
543 360 34 21 38.

290 406 163 21 Vederbörande
475 404 127 22 embetsverk
620 404 38 22 och
673 406 134 26 tjenstemän,
823 412 45 14 som

218 441 34 21 till
277 441 47 21 sine
348 440 148 28 expeditioner
521 439 96 28 begagna
633 439 84 28 tryckta
742 437 125 27 blanketter,

218 482 50 14 vare
293 474 134 28 berättigade
442 476 39 24 att,
493 474 33 26 på
541 474 105 20 anmälan
664 473 38 21 hos
728 473 140 21 Guvernören

218 510 10 19 i
242 510 65 24 länet,
330 508 105 28 antingen
455 507 58 28 från
535 508 106 20 ränteriet
655 507 50 27 utfå
721 508 100 27 lämpligt
837 507 31 21 be-

220 543 50 27 lopp
285 542 30 27 af
326 542 142 28 erforderligt
483 542 121 27 stämpladt
615 548 85 21 papper
710 542 42 27 för
762 544 33 18 att
806 541 62 21 blan-

218 577 68 21 ketter
298 576 126 28 påtryckas,
440 576 52 21 eller
507 576 39 20 ock
556 575 31 27 få
602 576 46 20 sine
658 576 121 20 blanketter
792 582 76 21 genom

220 610 149 22 Guvernörens
380 610 92 28 försorg
488 610 35 20 till
538 609 282 28 Kartasigillata-kontoret
835 610 34 26 öf-

219 644 113 26 versända,
343 644 41 28 för
399 646 33 19 att
447 644 111 20 derstädes
573 644 105 27 stämplas
693 643 37 21 och
744 644 71 20 såsom
830 650 39 14 an-

220 685 45 14 nan
290 678 241 28 kartasigillataremiss
557 678 35 21 till
616 677 173 21 Landskontoret
811 678 58 20 äter-

219 713 94 25 sändas;
337 712 110 27 hvarefter
468 712 25 21 de
507 712 97 21 sälunda
628 712 120 27 stämplade
774 711 95 21 blanket-

220 749 63 19 terna
298 746 35 22 till
348 746 105 21 ränteriet
469 746 105 27 aflemnas
590 746 38 20 och
643 746 115 24 derstädes,
768 745 45 21 lika
821 746 48 20 med

220 783 69 19 annat
311 780 119 27 stämpladt
449 786 94 21 papper,
563 780 116 20 behandlas
698 779 38 21 och
753 779 115 25 redovisas,

219 817 57 19 samt
291 816 54 24 efter
360 813 66 28 behof
437 814 34 21 till
488 813 157 22 vederbörande
659 814 102 27 utgifvas.

515 893 15 28 $
545 894 34 20 39.

289 939 38 21 Då
342 939 72 26 karta,
430 939 82 20 ämnad
537 939 35 20 till
595 938 121 27 expedition
730 938 38 21 hos
784 937 86 22 embets-

220 973 50 21 verk
285 973 51 21 eller
352 973 134 28 tjensteman,
501 979 77 21 genom
602 972 152 29 misskrifning
767 971 103 28 förderf-

220 1015 44 18 vas,
289 1008 36 20 mä
348 1007 43 21 slik
414 1007 71 25 karta,
504 1006 53 27 ifall
579 1006 148 27 expeditionen
742 1006 46 21 icke
796 1006 74 27 finnes

220 1049 54 14 vara
296 1041 173 27 underskrifven,
485 1040 38 21 hos
546 1039 171 29 Länestyrelsen,
730 1041 32 26 pä
778 1040 41 21 den
829 1039 43 28 för

221 1075 149 28 expeditionen
385 1075 115 27 ansvarige
515 1075 181 27 tjenstemannens
711 1074 105 21 anmälan
832 1073 38 22 och

220 1110 47 21 med
292 1109 55 21 hans
371 1109 99 26 reversal,
496 1107 87 29 utbytas
608 1110 54 19 emot
686 1110 48 26 nytt
752 1108 119 27 stämpladt

217 1150 87 21 papper
319 1143 29 28 af
359 1143 44 21 lika
423 1143 72 20 värde.
525 1142 50 21 Men
591 1144 26 19 är
633 1142 147 27 expeditionen
803 1142 68 21 redan

220 1177 175 27 underskrifven,
418 1177 124 20 ankommer
564 1176 35 21 det
617 1177 32 26 på
666 1176 103 21 Senatens
784 1176 87 21 Ekono-

220 1212 187 27 miedepartement
422 1213 39 23 att,
477 1210 55 28 efter
551 1210 128 21 hemställan
694 1210 30 27 af
733 1209 137 28 Länestyrel-

220 1252 44 20 sen,
280 1246 8 20 i
303 1245 75 28 hvarje
395 1245 48 27 fall
466 1247 103 18 närmare
589 1244 83 27 pröfva
694 1244 38 21 och
750 1244 120 27 förordna,

221 1279 109 21 huruvida
345 1279 125 21 restitution
485 1279 53 20 eller
553 1278 137 27 afskrifning
705 1277 29 28 af
744 1278 128 27 stämpelaf-

220 1313 70 28 giften
300 1313 42 28 för
356 1313 26 20 de
396 1312 130 27 misskrifna
548 1312 105 21 kartorna
672 1312 38 21 bör
725 1312 94 27 beviljas,
836 1312 36 27 äf-

221 1354 84 15 vensom
326 1347 93 20 Senaten
434 1346 75 21 tillhör
524 1349 34 18 att
573 1346 107 28 medgifva
694 1345 73 28 utbyte
782 1346 30 24 af
821 1346 51 21 kar-

222 1384 34 18 tor
271 1381 35 21 till
320 1381 82 21 sådane
420 1381 152 27 expeditioner,
590 1379 41 28 för
654 1379 72 22 hvilka
749 1379 122 28 afgifterne

222 1416 8 21 i
238 1415 104 21 anseende
358 1415 34 21 till
406 1415 117 27 fattigdom
539 1415 53 20 eller
607 1421 75 14 annan
697 1414 51 27 laga
764 1413 73 27 orsak,
849 1413 22 28 ej

221 1449 83 22 kunnat
320 1449 38 20 hos
371 1448 118 28 sakegaren
504 1448 70 27 utfås.
