1078 1692
821 128 32 17 387

125 192 66 24 jemte
211 192 73 19 förlust
303 192 23 19 af
344 192 47 19 hela
406 192 63 19 lönen
486 191 31 19 för
533 198 80 14 samma
629 192 36 25 tid,
681 192 51 20 eller
748 192 75 20 honom
839 192 37 19 all-

128 226 58 19 deles
205 226 43 19 från
270 226 90 25 tjensten
379 226 67 25 skilja.
477 226 68 26 Begår
562 226 39 19 han
618 226 55 20 brott
688 226 7 19 i
711 227 96 25 tjensten,
823 226 52 19 skall

128 260 115 20 detsamma
260 260 34 20 vid
310 260 49 26 laga
375 260 88 20 domstol
481 260 114 26 behörigen
613 260 85 20 beifras.

466 324 10 22 S
494 323 46 19 105.

196 362 105 20 Behöfver
322 362 125 26 tjensteman
464 362 50 20 eller
531 362 78 26 betjent
629 363 2 19 i
647 362 87 20 Banken
750 362 60 20 af%n
825 362 51 20 eller

129 402 68 14 annan
213 396 62 19 orsak
291 396 96 26 ledighet
402 396 45 19 frän
463 396 99 26 tjensten,
579 396 36 20 bör
630 396 119 26 ansökning
760 396 70 20 derom
842 400 34 23 gö-

131 436 32 13 ras
180 430 36 20 hos
232 430 202 24 Bankdirektionen,
450 436 43 13 som
511 437 56 19 eger,
583 430 44 20 ifall
645 430 35 20 det
695 425 101 31 uppgifna
810 431 68 19 skälet

130 464 83 26 pröfvas
233 464 77 26 giltigt,
327 464 77 26 bevilja
420 464 65 20 sädan
502 464 93 26 ledighet
610 465 32 19 för
658 465 40 19 viss
715 465 27 19 tid
760 467 53 17 samt
828 464 48 20 tilli-

130 498 27 20 ka
180 498 98 20 förordna
300 498 68 27 nägon
393 499 69 19 dertill
483 499 87 26 lämplig
591 505 83 19 person,
690 499 54 19 helst
760 499 55 19 inom
832 505 44 13 ver-

130 532 42 26 ket,
195 535 29 17 att
244 534 90 24 tjensten
355 533 66 19 under
436 533 121 26 ledigheten
575 533 97 20 bestrida.
702 533 67 20 Sökes
784 533 92 26 ledighe-

130 569 34 17 ten
188 566 31 20 för
242 566 68 27 nägon
332 567 82 19 enskild
436 567 165 26 angelägenhets
617 568 68 25 skuld,
700 567 53 20 skall
770 567 106 19 sökanden

130 600 23 20 af
173 601 45 19 sina
241 601 153 19 löneförmäner
410 601 13 20 å
437 601 99 20 Bankens
557 604 39 17 stat
616 601 54 20 afstä
688 601 23 19 sä
727 601 91 26 mycket,
834 607 43 13 som

131 635 31 19 för
182 636 101 25 tjenstens
306 635 100 27 behöriga
423 635 133 20 bestridande
573 636 65 19 under
654 635 121 26 ledigheten
792 635 86 20 fordras.

133 669 46 19 Men
195 669 88 26 beviljas
299 669 121 27 ledigheten
436 670 27 25 pä
478 670 66 25 grund
561 669 23 19 af
595 669 69 26 styrkt
674 669 96 25 sjukdom
782 669 51 19 eller
843 675 35 13 an-

133 706 34 16 nat
190 703 68 26 dylikt
282 703 80 26 hinder,
387 703 59 26 utgär
466 703 106 20 vikariens
588 704 78 19 arvode
683 703 46 20 med
746 703 35 19 det
797 703 82 25 belopp,

131 744 44 12 som
196 737 40 19 kan
258 737 22 19 af
298 737 199 26 Bankfullmäktige,
514 737 27 26 pä
556 737 150 20 Direktionens
722 736 158 26 framställning,

132 771 118 25 fastställas,
266 771 23 20 af
302 771 98 20 Bankens
416 771 74 20 medel.

470 836 10 21 $
497 834 46 19 106.

201 873 193 20 Bankdirektionen
411 879 56 20 eger,
483 873 34 20 vid
534 873 70 26 behof,
620 873 90 20 anställa
726 876 58 17 extra
796 874 83 25 tjenste-

133 909 46 17 män
203 907 38 20 och
263 907 91 26 betjente
373 907 2 19 i
392 907 88 20 Banken
501 910 54 17 samt
571 908 98 19 förordna
684 914 32 13 om
733 908 61 19 deras
809 908 70 25 tjenst-

133 941 81 26 göring.
243 941 105 20 Behöfves
364 941 30 19 till
410 941 78 20 arvode
503 941 21 20 ät
539 941 64 20 sädan
620 942 124 25 tjensteman
760 941 73 26 anslag
851 944 28 16 ut-

133 975 59 20 öfver
215 975 98 19 Bankens
337 975 117 19 fastställda
474 977 46 23 stat,
536 975 53 20 skall
605 976 88 19 ärendet
708 975 22 20 af
743 975 136 20 Direktionen

133 1009 138 20 underställas
287 1009 204 26 Bankfullmäktiges
508 1009 97 26 pröfning
621 1009 39 20 och
676 1009 121 26 afgörande.

235 1075 42 20 Om
298 1075 123 20 Bankens
441 1075 98 20 kontor
559 1075 48 20 och
627 1078 151 23 agenturer.

473 1140 9 22 $
500 1138 46 19 107.

203 1178 98 19 Finlands
321 1177 70 20 Banks
411 1177 155 20 hufvudkontor
581 1181 22 16 är
619 1178 6 19 i
642 1178 130 26 Helsingfors
788 1178 37 19 och
842 1178 38 19 för-

134 1212 65 19 valtas
215 1211 129 20 omedelbart
359 1211 23 20 af
395 1212 202 20 Bankdirektionen.

470 1277 10 21 $
498 1275 47 19 108.

201 1314 106 25 Derjemte
328 1313 66 20 håller
415 1314 86 20 Banken
523 1314 76 19 kontor
614 1315 7 19 i
637 1304 53 40 Åbo,
707 1315 95 26 Wiborg,
817 1314 64 20 Niko-

134 1348 81 25 laistad,
231 1347 113 26 Uleåborg,
362 1347 81 26 Kuopio
459 1348 38 19 och
514 1348 136 26 Björneborg.
682 1349 64 19 Dessa
762 1349 75 18 kontor
853 1348 28 19 fö-

134 1381 64 20 resiäs
218 1382 39 19 och
274 1381 106 26 förvaltas,
397 1382 66 19 under
478 1382 205 20 Bankdirektioneus
699 1382 106 25 inseende,
821 1382 23 19 af
857 1389 24 12 en

135 1416 212 25 Bankkommissarie,
369 1416 46 19 med
438 1416 80 19 biträde
534 1416 24 19 af
571 1423 25 12 en
613 1416 77 19 Kassör
706 1419 60 22 samt,
783 1416 32 19 vid
833 1416 50 19 kon-

133 1452 53 17 toret
202 1450 6 18 i
224 1443 54 32 Åbo,
302 1449 106 20 dessutom
431 1450 23 19 af
473 1456 25 13 en
520 1449 202 21 Kontorsskrifvare.
752 1450 41 20 Vid
812 1450 72 25 hvarje
