<?xml version="1.0" encoding="UTF-8"?>
<alto xmlns="http://www.loc.gov/standards/alto/ns-v3#" xmlns:xlink="http://www.w3.org/1999/xlink" xmlns:xsi="http://www.w3.org/2001/XMLSchema-instance" xsi:schemaLocation="http://www.loc.gov/standards/alto/ns-v3# http://www.loc.gov/alto/v3/alto-3-0.xsd">
	<Description>
		<MeasurementUnit>pixel</MeasurementUnit>
		<sourceImageInformation>
			<fileName>/tmp/tess_rk2pry95_input.PNG</fileName>
		</sourceImageInformation>
		<OCRProcessing ID="OCR_0">
			<ocrProcessingStep>
				<processingSoftware>
					<softwareName>tesseract 5.3.4</softwareName>
				</processingSoftware>
			</ocrProcessingStep>
		</OCRProcessing>
	</Description>
	<Layout>
		<Page WIDTH="1078" HEIGHT="1692" PHYSICAL_IMG_NR="0" ID="page_0">
			<PrintSpace HPOS="0" VPOS="0" WIDTH="1078" HEIGHT="1692">
				<ComposedBlock ID="cblock_0" HPOS="799" VPOS="120" WIDTH="33" HEIGHT="18">
					<TextBlock ID="block_0" HPOS="799" VPOS="120" WIDTH="33" HEIGHT="18">
						<TextLine ID="line_0" HPOS="799" VPOS="120" WIDTH="33" HEIGHT="18">
							<String ID="string_0" HPOS="799" VPOS="120" WIDTH="33" HEIGHT="18" WC="0.96" CONTENT="587"/>
						</TextLine>
					</TextBlock>
				</ComposedBlock>
				<ComposedBlock ID="cblock_1" HPOS="109" VPOS="182" WIDTH="771" HEIGHT="1292">
					<TextBlock ID="block_1" HPOS="175" VPOS="182" WIDTH="705" HEIGHT="302">
						<TextLine ID="line_1" HPOS="175" VPOS="182" WIDTH="682" HEIGHT="29">
							<String ID="string_1" HPOS="175" VPOS="182" WIDTH="173" HEIGHT="28" WC="0.90" CONTENT="ningerörelsens"/><SP WIDTH="20" VPOS="182" HPOS="348"/>
							<String ID="string_2" HPOS="368" VPOS="182" WIDTH="174" HEIGHT="26" WC="0.93" CONTENT="underlättande,"/><SP WIDTH="20" VPOS="182" HPOS="542"/>
							<String ID="string_3" HPOS="562" VPOS="183" WIDTH="87" HEIGHT="28" WC="0.88" CONTENT="utgifva"/><SP WIDTH="15" VPOS="183" HPOS="649"/>
							<String ID="string_4" HPOS="664" VPOS="184" WIDTH="80" HEIGHT="26" WC="0.96" CONTENT="sedlar,"/><SP WIDTH="17" VPOS="184" HPOS="744"/>
							<String ID="string_5" HPOS="761" VPOS="184" WIDTH="96" HEIGHT="27" WC="0.96" CONTENT="lydande"/>
						</TextLine>
						<TextLine ID="line_2" HPOS="175" VPOS="216" WIDTH="681" HEIGHT="29">
							<String ID="string_6" HPOS="175" VPOS="217" WIDTH="14" HEIGHT="20" WC="0.91" CONTENT="å"/><SP WIDTH="11" VPOS="217" HPOS="189"/>
							<String ID="string_7" HPOS="200" VPOS="216" WIDTH="55" HEIGHT="28" WC="0.95" CONTENT="fem,"/><SP WIDTH="24" VPOS="216" HPOS="255"/>
							<String ID="string_8" HPOS="279" VPOS="217" WIDTH="35" HEIGHT="25" WC="0.93" CONTENT="tio,"/><SP WIDTH="24" VPOS="217" HPOS="314"/>
							<String ID="string_9" HPOS="338" VPOS="218" WIDTH="68" HEIGHT="27" WC="0.91" CONTENT="tjugu,"/><SP WIDTH="18" VPOS="218" HPOS="406"/>
							<String ID="string_10" HPOS="424" VPOS="216" WIDTH="87" HEIGHT="28" WC="0.96" CONTENT="femtio,"/><SP WIDTH="23" VPOS="216" HPOS="511"/>
							<String ID="string_11" HPOS="534" VPOS="217" WIDTH="116" HEIGHT="22" WC="0.95" CONTENT="etthundra"/><SP WIDTH="20" VPOS="217" HPOS="650"/>
							<String ID="string_12" HPOS="670" VPOS="218" WIDTH="38" HEIGHT="20" WC="0.96" CONTENT="och"/><SP WIDTH="11" VPOS="218" HPOS="708"/>
							<String ID="string_13" HPOS="719" VPOS="218" WIDTH="137" HEIGHT="27" WC="0.96" CONTENT="femhundra"/>
						</TextLine>
						<TextLine ID="line_3" HPOS="175" VPOS="250" WIDTH="682" HEIGHT="30">
							<String ID="string_14" HPOS="175" VPOS="250" WIDTH="69" HEIGHT="26" WC="0.96" CONTENT="mark,"/><SP WIDTH="21" VPOS="250" HPOS="244"/>
							<String ID="string_15" HPOS="265" VPOS="250" WIDTH="73" HEIGHT="21" WC="0.96" CONTENT="hvilka"/><SP WIDTH="21" VPOS="250" HPOS="338"/>
							<String ID="string_16" HPOS="359" VPOS="250" WIDTH="90" HEIGHT="22" WC="0.94" CONTENT="Banken"/><SP WIDTH="18" VPOS="250" HPOS="449"/>
							<String ID="string_17" HPOS="467" VPOS="258" WIDTH="50" HEIGHT="14" WC="0.96" CONTENT="vore"/><SP WIDTH="14" VPOS="258" HPOS="517"/>
							<String ID="string_18" HPOS="531" VPOS="251" WIDTH="87" HEIGHT="29" WC="0.96" CONTENT="skyldig"/><SP WIDTH="15" VPOS="251" HPOS="618"/>
							<String ID="string_19" HPOS="633" VPOS="254" WIDTH="33" HEIGHT="19" WC="0.96" CONTENT="att"/><SP WIDTH="15" VPOS="254" HPOS="666"/>
							<String ID="string_20" HPOS="681" VPOS="252" WIDTH="37" HEIGHT="21" WC="0.93" CONTENT="vid"/><SP WIDTH="14" VPOS="252" HPOS="718"/>
							<String ID="string_21" HPOS="732" VPOS="252" WIDTH="125" HEIGHT="27" WC="0.91" CONTENT="anfordran"/>
						</TextLine>
						<TextLine ID="line_4" HPOS="175" VPOS="285" WIDTH="683" HEIGHT="29">
							<String ID="string_22" HPOS="175" VPOS="285" WIDTH="72" HEIGHT="21" WC="0.92" CONTENT="inlösa"/><SP WIDTH="22" VPOS="285" HPOS="247"/>
							<String ID="string_23" HPOS="269" VPOS="285" WIDTH="47" HEIGHT="21" WC="0.95" CONTENT="med"/><SP WIDTH="14" VPOS="285" HPOS="316"/>
							<String ID="string_24" HPOS="330" VPOS="286" WIDTH="9" HEIGHT="20" WC="0.93" CONTENT="i"/><SP WIDTH="16" VPOS="286" HPOS="339"/>
							<String ID="string_25" HPOS="355" VPOS="286" WIDTH="73" HEIGHT="20" WC="0.96" CONTENT="landet"/><SP WIDTH="19" VPOS="286" HPOS="428"/>
							<String ID="string_26" HPOS="447" VPOS="285" WIDTH="104" HEIGHT="28" WC="0.93" CONTENT="gällande"/><SP WIDTH="14" VPOS="285" HPOS="551"/>
							<String ID="string_27" HPOS="565" VPOS="286" WIDTH="129" HEIGHT="28" WC="0.89" CONTENT="fullhaltigt"/><SP WIDTH="15" VPOS="286" HPOS="694"/>
							<String ID="string_28" HPOS="709" VPOS="286" WIDTH="149" HEIGHT="28" WC="0.90" CONTENT="silfoermynt;"/>
						</TextLine>
						<TextLine ID="line_5" HPOS="177" VPOS="319" WIDTH="680" HEIGHT="29">
							<String ID="string_29" HPOS="177" VPOS="319" WIDTH="38" HEIGHT="21" WC="0.96" CONTENT="och"/><SP WIDTH="19" VPOS="319" HPOS="215"/>
							<String ID="string_30" HPOS="234" VPOS="319" WIDTH="69" HEIGHT="21" WC="0.96" CONTENT="skulle"/><SP WIDTH="15" VPOS="319" HPOS="303"/>
							<String ID="string_31" HPOS="318" VPOS="319" WIDTH="62" HEIGHT="21" WC="0.96" CONTENT="dessa"/><SP WIDTH="15" VPOS="319" HPOS="380"/>
							<String ID="string_32" HPOS="395" VPOS="320" WIDTH="79" HEIGHT="24" WC="0.96" CONTENT="sedlar,"/><SP WIDTH="16" VPOS="320" HPOS="474"/>
							<String ID="string_33" HPOS="490" VPOS="326" WIDTH="44" HEIGHT="14" WC="0.96" CONTENT="som"/><SP WIDTH="17" VPOS="326" HPOS="534"/>
							<String ID="string_34" HPOS="551" VPOS="320" WIDTH="64" HEIGHT="21" WC="0.96" CONTENT="borde"/><SP WIDTH="15" VPOS="320" HPOS="615"/>
							<String ID="string_35" HPOS="630" VPOS="327" WIDTH="54" HEIGHT="14" WC="0.93" CONTENT="vara"/><SP WIDTH="16" VPOS="327" HPOS="684"/>
							<String ID="string_36" HPOS="700" VPOS="320" WIDTH="157" HEIGHT="28" WC="0.92" CONTENT="underskrifna"/>
						</TextLine>
						<TextLine ID="line_6" HPOS="176" VPOS="353" WIDTH="681" HEIGHT="29">
							<String ID="string_37" HPOS="176" VPOS="353" WIDTH="31" HEIGHT="27" WC="0.96" CONTENT="af"/><SP WIDTH="10" VPOS="353" HPOS="207"/>
							<String ID="string_38" HPOS="217" VPOS="360" WIDTH="26" HEIGHT="14" WC="0.96" CONTENT="en"/><SP WIDTH="16" VPOS="360" HPOS="243"/>
							<String ID="string_39" HPOS="259" VPOS="354" WIDTH="97" HEIGHT="20" WC="0.96" CONTENT="direktör"/><SP WIDTH="16" VPOS="354" HPOS="356"/>
							<String ID="string_40" HPOS="372" VPOS="354" WIDTH="38" HEIGHT="20" WC="0.96" CONTENT="och"/><SP WIDTH="15" VPOS="354" HPOS="410"/>
							<String ID="string_41" HPOS="425" VPOS="360" WIDTH="25" HEIGHT="14" WC="0.93" CONTENT="en"/><SP WIDTH="17" VPOS="360" HPOS="450"/>
							<String ID="string_42" HPOS="467" VPOS="354" WIDTH="126" HEIGHT="27" WC="0.91" CONTENT="tjensteman"/><SP WIDTH="16" VPOS="354" HPOS="593"/>
							<String ID="string_43" HPOS="609" VPOS="355" WIDTH="8" HEIGHT="20" WC="0.97" CONTENT="i"/><SP WIDTH="15" VPOS="355" HPOS="617"/>
							<String ID="string_44" HPOS="632" VPOS="354" WIDTH="97" HEIGHT="26" WC="0.95" CONTENT="Banken,"/><SP WIDTH="7" VPOS="354" HPOS="729"/>
							<String ID="string_45" HPOS="736" VPOS="354" WIDTH="42" HEIGHT="28" WC="0.96" CONTENT="för"/><SP WIDTH="10" VPOS="354" HPOS="778"/>
							<String ID="string_46" HPOS="788" VPOS="354" WIDTH="69" HEIGHT="28" WC="0.96" CONTENT="öfrigt"/>
						</TextLine>
						<TextLine ID="line_7" HPOS="176" VPOS="386" WIDTH="704" HEIGHT="30">
							<String ID="string_47" HPOS="176" VPOS="387" WIDTH="85" HEIGHT="21" WC="0.96" CONTENT="erhålla"/><SP WIDTH="15" VPOS="387" HPOS="261"/>
							<String ID="string_48" HPOS="276" VPOS="388" WIDTH="40" HEIGHT="20" WC="0.96" CONTENT="den"/><SP WIDTH="16" VPOS="388" HPOS="316"/>
							<String ID="string_49" HPOS="332" VPOS="388" WIDTH="87" HEIGHT="28" WC="0.96" CONTENT="lydelse,"/><SP WIDTH="11" VPOS="388" HPOS="419"/>
							<String ID="string_50" HPOS="430" VPOS="388" WIDTH="63" HEIGHT="27" WC="0.96" CONTENT="form"/><SP WIDTH="16" VPOS="388" HPOS="493"/>
							<String ID="string_51" HPOS="509" VPOS="388" WIDTH="38" HEIGHT="21" WC="0.96" CONTENT="och"/><SP WIDTH="16" VPOS="388" HPOS="547"/>
							<String ID="string_52" HPOS="563" VPOS="388" WIDTH="36" HEIGHT="21" WC="0.96" CONTENT="det"/><SP WIDTH="14" VPOS="388" HPOS="599"/>
							<String ID="string_53" HPOS="613" VPOS="389" WIDTH="105" HEIGHT="26" WC="0.95" CONTENT="utseende,"/><SP WIDTH="17" VPOS="389" HPOS="718"/>
							<String ID="string_54" HPOS="735" VPOS="395" WIDTH="51" HEIGHT="19" WC="0.96" CONTENT="som,"/><SP WIDTH="16" VPOS="395" HPOS="786"/>
							<String ID="string_55" HPOS="802" VPOS="388" WIDTH="56" HEIGHT="28" WC="0.92" CONTENT="efter"/><SP WIDTH="18" VPOS="388" HPOS="858"/>
							<String ID="string_56" HPOS="876" VPOS="386" WIDTH="4" HEIGHT="4" WC="0.56" CONTENT="”"/>
						</TextLine>
						<TextLine ID="line_8" HPOS="175" VPOS="422" WIDTH="682" HEIGHT="29">
							<String ID="string_57" HPOS="175" VPOS="422" WIDTH="60" HEIGHT="21" WC="0.96" CONTENT="skild"/><SP WIDTH="14" VPOS="422" HPOS="235"/>
							<String ID="string_58" HPOS="249" VPOS="422" WIDTH="172" HEIGHT="28" WC="0.96" CONTENT="framställning"/><SP WIDTH="14" VPOS="422" HPOS="421"/>
							<String ID="string_59" HPOS="435" VPOS="423" WIDTH="8" HEIGHT="20" WC="0.96" CONTENT="i"/><SP WIDTH="15" VPOS="423" HPOS="443"/>
							<String ID="string_60" HPOS="458" VPOS="424" WIDTH="72" HEIGHT="20" WC="0.96" CONTENT="ämnet"/><SP WIDTH="18" VPOS="424" HPOS="530"/>
							<String ID="string_61" HPOS="548" VPOS="422" WIDTH="29" HEIGHT="28" WC="0.93" CONTENT="af"/><SP WIDTH="11" VPOS="422" HPOS="577"/>
							<String ID="string_62" HPOS="588" VPOS="423" WIDTH="210" HEIGHT="28" WC="0.91" CONTENT="Bankfullmäktige,"/><SP WIDTH="15" VPOS="423" HPOS="798"/>
							<String ID="string_63" HPOS="813" VPOS="423" WIDTH="44" HEIGHT="21" WC="0.96" CONTENT="kan"/>
						</TextLine>
						<TextLine ID="line_9" HPOS="177" VPOS="456" WIDTH="280" HEIGHT="28">
							<String ID="string_64" HPOS="177" VPOS="456" WIDTH="30" HEIGHT="27" WC="0.94" CONTENT="af"/><SP WIDTH="11" VPOS="456" HPOS="207"/>
							<String ID="string_65" HPOS="218" VPOS="456" WIDTH="94" HEIGHT="21" WC="0.96" CONTENT="Senaten"/><SP WIDTH="10" VPOS="456" HPOS="312"/>
							<String ID="string_66" HPOS="322" VPOS="456" WIDTH="135" HEIGHT="28" WC="0.96" CONTENT="fastställas."/>
						</TextLine>
					</TextBlock>
					<TextBlock ID="block_2" HPOS="109" VPOS="491" WIDTH="749" HEIGHT="165">
						<TextLine ID="line_10" HPOS="176" VPOS="491" WIDTH="681" HEIGHT="27">
							<String ID="string_67" HPOS="176" VPOS="492" WIDTH="42" HEIGHT="19" WC="0.96" CONTENT="Det"/><SP WIDTH="14" VPOS="492" HPOS="218"/>
							<String ID="string_68" HPOS="232" VPOS="491" WIDTH="38" HEIGHT="20" WC="0.96" CONTENT="har"/><SP WIDTH="15" VPOS="491" HPOS="270"/>
							<String ID="string_69" HPOS="285" VPOS="491" WIDTH="62" HEIGHT="20" WC="0.96" CONTENT="äfven"/><SP WIDTH="17" VPOS="491" HPOS="347"/>
							<String ID="string_70" HPOS="364" VPOS="493" WIDTH="58" HEIGHT="25" WC="0.93" CONTENT="synts"/><SP WIDTH="16" VPOS="493" HPOS="422"/>
							<String ID="string_71" HPOS="438" VPOS="491" WIDTH="117" HEIGHT="21" WC="0.91" CONTENT="Ständerna"/><SP WIDTH="15" VPOS="491" HPOS="555"/>
							<String ID="string_72" HPOS="570" VPOS="492" WIDTH="68" HEIGHT="20" WC="0.96" CONTENT="såsom"/><SP WIDTH="16" VPOS="492" HPOS="638"/>
							<String ID="string_73" HPOS="654" VPOS="492" WIDTH="68" HEIGHT="20" WC="0.96" CONTENT="skulle"/><SP WIDTH="16" VPOS="492" HPOS="722"/>
							<String ID="string_74" HPOS="738" VPOS="498" WIDTH="27" HEIGHT="14" WC="0.91" CONTENT="en"/><SP WIDTH="11" VPOS="498" HPOS="765"/>
							<String ID="string_75" HPOS="776" VPOS="492" WIDTH="81" HEIGHT="20" WC="0.91" CONTENT="författ-"/>
						</TextLine>
						<TextLine ID="line_11" HPOS="110" VPOS="526" WIDTH="747" HEIGHT="27">
							<String ID="string_76" HPOS="110" VPOS="526" WIDTH="50" HEIGHT="26" WC="0.96" CONTENT="ning"/><SP WIDTH="20" VPOS="526" HPOS="160"/>
							<String ID="string_77" HPOS="180" VPOS="526" WIDTH="6" HEIGHT="18" WC="0.96" CONTENT="i"/><SP WIDTH="21" VPOS="526" HPOS="186"/>
							<String ID="string_78" HPOS="207" VPOS="527" WIDTH="71" HEIGHT="18" WC="0.96" CONTENT="ämnet"/><SP WIDTH="22" VPOS="527" HPOS="278"/>
							<String ID="string_79" HPOS="300" VPOS="526" WIDTH="48" HEIGHT="20" WC="0.91" CONTENT="icke"/><SP WIDTH="24" VPOS="526" HPOS="348"/>
							<String ID="string_80" HPOS="372" VPOS="526" WIDTH="71" HEIGHT="20" WC="0.95" CONTENT="kunna"/><SP WIDTH="22" VPOS="526" HPOS="443"/>
							<String ID="string_81" HPOS="465" VPOS="532" WIDTH="61" HEIGHT="14" WC="0.96" CONTENT="anses"/><SP WIDTH="23" VPOS="532" HPOS="526"/>
							<String ID="string_82" HPOS="549" VPOS="526" WIDTH="129" HEIGHT="27" WC="0.93" CONTENT="fullständig,"/><SP WIDTH="20" VPOS="526" HPOS="678"/>
							<String ID="string_83" HPOS="698" VPOS="526" WIDTH="71" HEIGHT="20" WC="0.92" CONTENT="derest"/><SP WIDTH="15" VPOS="526" HPOS="769"/>
							<String ID="string_84" HPOS="784" VPOS="526" WIDTH="6" HEIGHT="19" WC="0.92" CONTENT="i"/><SP WIDTH="16" VPOS="526" HPOS="790"/>
							<String ID="string_85" HPOS="806" VPOS="526" WIDTH="51" HEIGHT="20" WC="0.92" CONTENT="den-"/>
						</TextLine>
						<TextLine ID="line_12" HPOS="109" VPOS="559" WIDTH="749" HEIGHT="29">
							<String ID="string_86" HPOS="109" VPOS="566" WIDTH="80" HEIGHT="13" WC="0.95" CONTENT="samma"/><SP WIDTH="23" VPOS="566" HPOS="189"/>
							<String ID="string_87" HPOS="212" VPOS="559" WIDTH="48" HEIGHT="21" WC="0.95" CONTENT="icke"/><SP WIDTH="20" VPOS="559" HPOS="260"/>
							<String ID="string_88" HPOS="280" VPOS="560" WIDTH="68" HEIGHT="26" WC="0.93" CONTENT="någon"/><SP WIDTH="20" VPOS="560" HPOS="348"/>
							<String ID="string_89" HPOS="368" VPOS="560" WIDTH="221" HEIGHT="28" WC="0.92" CONTENT="ansvarsbestämning"/><SP WIDTH="15" VPOS="560" HPOS="589"/>
							<String ID="string_90" HPOS="604" VPOS="560" WIDTH="32" HEIGHT="20" WC="0.96" CONTENT="för"/><SP WIDTH="15" VPOS="560" HPOS="636"/>
							<String ID="string_91" HPOS="651" VPOS="560" WIDTH="139" HEIGHT="26" WC="0.96" CONTENT="förfalskning"/><SP WIDTH="16" VPOS="560" HPOS="790"/>
							<String ID="string_92" HPOS="806" VPOS="560" WIDTH="52" HEIGHT="20" WC="0.96" CONTENT="eller"/>
						</TextLine>
						<TextLine ID="line_13" HPOS="109" VPOS="594" WIDTH="749" HEIGHT="27">
							<String ID="string_93" HPOS="109" VPOS="594" WIDTH="135" HEIGHT="26" WC="0.91" CONTENT="efterapning"/><SP WIDTH="22" VPOS="594" HPOS="244"/>
							<String ID="string_94" HPOS="266" VPOS="594" WIDTH="24" HEIGHT="20" WC="0.95" CONTENT="af"/><SP WIDTH="20" VPOS="594" HPOS="290"/>
							<String ID="string_95" HPOS="310" VPOS="594" WIDTH="98" HEIGHT="20" WC="0.95" CONTENT="Bankens"/><SP WIDTH="23" VPOS="594" HPOS="408"/>
							<String ID="string_96" HPOS="431" VPOS="595" WIDTH="69" HEIGHT="19" WC="0.95" CONTENT="sedlar"/><SP WIDTH="23" VPOS="595" HPOS="500"/>
							<String ID="string_97" HPOS="523" VPOS="598" WIDTH="52" HEIGHT="16" WC="0.92" CONTENT="samt"/><SP WIDTH="21" VPOS="598" HPOS="575"/>
							<String ID="string_98" HPOS="596" VPOS="594" WIDTH="134" HEIGHT="27" WC="0.90" CONTENT="utprångling"/><SP WIDTH="20" VPOS="594" HPOS="730"/>
							<String ID="string_99" HPOS="750" VPOS="595" WIDTH="23" HEIGHT="19" WC="0.96" CONTENT="af"/><SP WIDTH="17" VPOS="595" HPOS="773"/>
							<String ID="string_100" HPOS="790" VPOS="594" WIDTH="68" HEIGHT="20" WC="0.95" CONTENT="falska"/>
						</TextLine>
						<TextLine ID="line_14" HPOS="110" VPOS="628" WIDTH="596" HEIGHT="28">
							<String ID="string_101" HPOS="110" VPOS="628" WIDTH="69" HEIGHT="20" WC="0.93" CONTENT="sedlar"/><SP WIDTH="16" VPOS="628" HPOS="179"/>
							<String ID="string_102" HPOS="195" VPOS="628" WIDTH="70" HEIGHT="20" WC="0.92" CONTENT="blefve"/><SP WIDTH="16" VPOS="628" HPOS="265"/>
							<String ID="string_103" HPOS="281" VPOS="629" WIDTH="85" HEIGHT="26" WC="0.96" CONTENT="intagen"/><SP WIDTH="18" VPOS="629" HPOS="366"/>
							<String ID="string_104" HPOS="384" VPOS="629" WIDTH="51" HEIGHT="20" WC="0.96" CONTENT="eller"/><SP WIDTH="15" VPOS="629" HPOS="435"/>
							<String ID="string_105" HPOS="450" VPOS="629" WIDTH="127" HEIGHT="20" WC="0.93" CONTENT="åtminstone"/><SP WIDTH="16" VPOS="629" HPOS="577"/>
							<String ID="string_106" HPOS="593" VPOS="629" WIDTH="113" HEIGHT="27" WC="0.91" CONTENT="åberopad."/>
						</TextLine>
					</TextBlock>
					<TextBlock ID="block_3" HPOS="109" VPOS="662" WIDTH="751" HEIGHT="744">
						<TextLine ID="line_15" HPOS="177" VPOS="662" WIDTH="680" HEIGHT="27">
							<String ID="string_107" HPOS="177" VPOS="662" WIDTH="10" HEIGHT="20" WC="0.93" CONTENT="I"/><SP WIDTH="15" VPOS="662" HPOS="187"/>
							<String ID="string_108" HPOS="202" VPOS="662" WIDTH="83" HEIGHT="27" WC="0.92" CONTENT="Nådiga"/><SP WIDTH="19" VPOS="662" HPOS="285"/>
							<String ID="string_109" HPOS="304" VPOS="663" WIDTH="154" HEIGHT="20" WC="0.96" CONTENT="instruktionen"/><SP WIDTH="20" VPOS="663" HPOS="458"/>
							<String ID="string_110" HPOS="478" VPOS="663" WIDTH="32" HEIGHT="20" WC="0.96" CONTENT="för"/><SP WIDTH="19" VPOS="663" HPOS="510"/>
							<String ID="string_111" HPOS="529" VPOS="663" WIDTH="85" HEIGHT="21" WC="0.96" CONTENT="Banken"/><SP WIDTH="17" VPOS="663" HPOS="614"/>
							<String ID="string_112" HPOS="631" VPOS="664" WIDTH="23" HEIGHT="19" WC="0.96" CONTENT="af"/><SP WIDTH="14" VPOS="664" HPOS="654"/>
							<String ID="string_113" HPOS="668" VPOS="664" WIDTH="39" HEIGHT="20" WC="0.96" CONTENT="den"/><SP WIDTH="19" VPOS="664" HPOS="707"/>
							<String ID="string_114" HPOS="726" VPOS="664" WIDTH="24" HEIGHT="19" WC="0.93" CONTENT="18"/><SP WIDTH="16" VPOS="664" HPOS="750"/>
							<String ID="string_115" HPOS="766" VPOS="664" WIDTH="91" HEIGHT="19" WC="0.91" CONTENT="Novem-"/>
						</TextLine>
						<TextLine ID="line_16" HPOS="110" VPOS="697" WIDTH="748" HEIGHT="26">
							<String ID="string_116" HPOS="110" VPOS="697" WIDTH="37" HEIGHT="20" WC="0.96" CONTENT="ber"/><SP WIDTH="26" VPOS="697" HPOS="147"/>
							<String ID="string_117" HPOS="173" VPOS="697" WIDTH="53" HEIGHT="20" WC="0.96" CONTENT="1840"/><SP WIDTH="24" VPOS="697" HPOS="226"/>
							<String ID="string_118" HPOS="250" VPOS="697" WIDTH="119" HEIGHT="20" WC="0.96" CONTENT="bestämdes"/><SP WIDTH="16" VPOS="697" HPOS="369"/>
							<String ID="string_119" HPOS="385" VPOS="698" WIDTH="6" HEIGHT="18" WC="0.96" CONTENT="i"/><SP WIDTH="17" VPOS="698" HPOS="391"/>
							<String ID="string_120" HPOS="408" VPOS="698" WIDTH="26" HEIGHT="19" WC="0.93" CONTENT="22"/><SP WIDTH="19" VPOS="698" HPOS="434"/>
							<String ID="string_121" HPOS="453" VPOS="700" WIDTH="17" HEIGHT="23" WC="0.88" CONTENT="$,"/><SP WIDTH="21" VPOS="700" HPOS="470"/>
							<String ID="string_122" HPOS="491" VPOS="699" WIDTH="30" HEIGHT="18" WC="0.93" CONTENT="att"/><SP WIDTH="22" VPOS="699" HPOS="521"/>
							<String ID="string_123" HPOS="543" VPOS="698" WIDTH="83" HEIGHT="20" WC="0.92" CONTENT="Hofrätt"/><SP WIDTH="19" VPOS="698" HPOS="626"/>
							<String ID="string_124" HPOS="645" VPOS="700" WIDTH="23" HEIGHT="18" WC="0.96" CONTENT="är"/><SP WIDTH="18" VPOS="700" HPOS="668"/>
							<String ID="string_125" HPOS="686" VPOS="698" WIDTH="66" HEIGHT="20" WC="0.96" CONTENT="forum"/><SP WIDTH="17" VPOS="698" HPOS="752"/>
							<String ID="string_126" HPOS="769" VPOS="698" WIDTH="32" HEIGHT="20" WC="0.96" CONTENT="för"/><SP WIDTH="16" VPOS="698" HPOS="801"/>
							<String ID="string_127" HPOS="817" VPOS="698" WIDTH="41" HEIGHT="20" WC="0.96" CONTENT="mål"/>
						</TextLine>
						<TextLine ID="line_17" HPOS="110" VPOS="731" WIDTH="747" HEIGHT="27">
							<String ID="string_128" HPOS="110" VPOS="732" WIDTH="110" HEIGHT="26" WC="0.96" CONTENT="angående"/><SP WIDTH="23" VPOS="732" HPOS="220"/>
							<String ID="string_129" HPOS="243" VPOS="731" WIDTH="65" HEIGHT="20" WC="0.96" CONTENT="sådan"/><SP WIDTH="20" VPOS="731" HPOS="308"/>
							<String ID="string_130" HPOS="328" VPOS="732" WIDTH="147" HEIGHT="26" WC="0.93" CONTENT="förfalskning,"/><SP WIDTH="21" VPOS="732" HPOS="475"/>
							<String ID="string_131" HPOS="496" VPOS="732" WIDTH="135" HEIGHT="26" WC="0.92" CONTENT="efterapning"/><SP WIDTH="15" VPOS="732" HPOS="631"/>
							<String ID="string_132" HPOS="646" VPOS="732" WIDTH="54" HEIGHT="20" WC="0.93" CONTENT="eller"/><SP WIDTH="15" VPOS="732" HPOS="700"/>
							<String ID="string_133" HPOS="715" VPOS="732" WIDTH="142" HEIGHT="26" WC="0.91" CONTENT="utprångling."/>
						</TextLine>
						<TextLine ID="line_18" HPOS="109" VPOS="766" WIDTH="748" HEIGHT="26">
							<String ID="string_134" HPOS="109" VPOS="766" WIDTH="10" HEIGHT="19" WC="0.93" CONTENT="I"/><SP WIDTH="15" VPOS="766" HPOS="119"/>
							<String ID="string_135" HPOS="134" VPOS="766" WIDTH="84" HEIGHT="26" WC="0.91" CONTENT="Nådiga"/><SP WIDTH="19" VPOS="766" HPOS="218"/>
							<String ID="string_136" HPOS="237" VPOS="766" WIDTH="150" HEIGHT="26" WC="0.96" CONTENT="förordningen"/><SP WIDTH="21" VPOS="766" HPOS="387"/>
							<String ID="string_137" HPOS="408" VPOS="766" WIDTH="39" HEIGHT="20" WC="0.95" CONTENT="den"/><SP WIDTH="19" VPOS="766" HPOS="447"/>
							<String ID="string_138" HPOS="466" VPOS="766" WIDTH="25" HEIGHT="20" WC="0.95" CONTENT="13"/><SP WIDTH="16" VPOS="766" HPOS="491"/>
							<String ID="string_139" HPOS="507" VPOS="766" WIDTH="60" HEIGHT="26" WC="0.95" CONTENT="April"/><SP WIDTH="18" VPOS="766" HPOS="567"/>
							<String ID="string_140" HPOS="585" VPOS="766" WIDTH="61" HEIGHT="26" WC="0.96" CONTENT="1859,"/><SP WIDTH="16" VPOS="766" HPOS="646"/>
							<String ID="string_141" HPOS="662" VPOS="766" WIDTH="111" HEIGHT="26" WC="0.92" CONTENT="angående"/><SP WIDTH="16" VPOS="766" HPOS="773"/>
							<String ID="string_142" HPOS="789" VPOS="767" WIDTH="68" HEIGHT="19" WC="0.92" CONTENT="förän-"/>
						</TextLine>
						<TextLine ID="line_19" HPOS="111" VPOS="800" WIDTH="746" HEIGHT="27">
							<String ID="string_143" HPOS="111" VPOS="800" WIDTH="50" HEIGHT="20" WC="0.92" CONTENT="drad"/><SP WIDTH="17" VPOS="800" HPOS="161"/>
							<String ID="string_144" HPOS="178" VPOS="800" WIDTH="142" HEIGHT="26" WC="0.96" CONTENT="organisation"/><SP WIDTH="16" VPOS="800" HPOS="320"/>
							<String ID="string_145" HPOS="336" VPOS="800" WIDTH="24" HEIGHT="20" WC="0.96" CONTENT="af"/><SP WIDTH="12" VPOS="800" HPOS="360"/>
							<String ID="string_146" HPOS="372" VPOS="800" WIDTH="100" HEIGHT="20" WC="0.96" CONTENT="Finlands"/><SP WIDTH="16" VPOS="800" HPOS="472"/>
							<String ID="string_147" HPOS="488" VPOS="800" WIDTH="67" HEIGHT="26" WC="0.95" CONTENT="Bank,"/><SP WIDTH="16" VPOS="800" HPOS="555"/>
							<String ID="string_148" HPOS="571" VPOS="800" WIDTH="143" HEIGHT="20" WC="0.96" CONTENT="förekommer"/><SP WIDTH="14" VPOS="800" HPOS="714"/>
							<String ID="string_149" HPOS="728" VPOS="800" WIDTH="49" HEIGHT="20" WC="0.96" CONTENT="icke"/><SP WIDTH="12" VPOS="800" HPOS="777"/>
							<String ID="string_150" HPOS="789" VPOS="800" WIDTH="68" HEIGHT="27" WC="0.96" CONTENT="någon"/>
						</TextLine>
						<TextLine ID="line_20" HPOS="111" VPOS="834" WIDTH="748" HEIGHT="26">
							<String ID="string_151" HPOS="111" VPOS="834" WIDTH="106" HEIGHT="19" WC="0.96" CONTENT="föreskrift"/><SP WIDTH="15" VPOS="834" HPOS="217"/>
							<String ID="string_152" HPOS="232" VPOS="834" WIDTH="6" HEIGHT="19" WC="0.96" CONTENT="i"/><SP WIDTH="17" VPOS="834" HPOS="238"/>
							<String ID="string_153" HPOS="255" VPOS="834" WIDTH="57" HEIGHT="19" WC="0.96" CONTENT="detta"/><SP WIDTH="22" VPOS="834" HPOS="312"/>
							<String ID="string_154" HPOS="334" VPOS="836" WIDTH="69" HEIGHT="24" WC="0.95" CONTENT="ämne,"/><SP WIDTH="23" VPOS="836" HPOS="403"/>
							<String ID="string_155" HPOS="426" VPOS="834" WIDTH="38" HEIGHT="20" WC="0.96" CONTENT="och"/><SP WIDTH="17" VPOS="834" HPOS="464"/>
							<String ID="string_156" HPOS="481" VPOS="834" WIDTH="5" HEIGHT="19" WC="0.96" CONTENT="i"/><SP WIDTH="19" VPOS="834" HPOS="486"/>
							<String ID="string_157" HPOS="505" VPOS="834" WIDTH="53" HEIGHT="20" WC="0.96" CONTENT="1860"/><SP WIDTH="20" VPOS="834" HPOS="558"/>
							<String ID="string_158" HPOS="578" VPOS="834" WIDTH="33" HEIGHT="19" WC="0.93" CONTENT="års"/><SP WIDTH="21" VPOS="834" HPOS="611"/>
							<String ID="string_159" HPOS="632" VPOS="834" WIDTH="158" HEIGHT="26" WC="0.91" CONTENT="myntmanifest"/><SP WIDTH="15" VPOS="834" HPOS="790"/>
							<String ID="string_160" HPOS="805" VPOS="836" WIDTH="54" HEIGHT="17" WC="0.96" CONTENT="samt"/>
						</TextLine>
						<TextLine ID="line_21" HPOS="111" VPOS="867" WIDTH="747" HEIGHT="28">
							<String ID="string_161" HPOS="111" VPOS="868" WIDTH="82" HEIGHT="26" WC="0.88" CONTENT="Nådiga"/><SP WIDTH="16" VPOS="868" HPOS="193"/>
							<String ID="string_162" HPOS="209" VPOS="868" WIDTH="150" HEIGHT="27" WC="0.96" CONTENT="förordningen"/><SP WIDTH="17" VPOS="868" HPOS="359"/>
							<String ID="string_163" HPOS="376" VPOS="868" WIDTH="40" HEIGHT="19" WC="0.96" CONTENT="den"/><SP WIDTH="17" VPOS="868" HPOS="416"/>
							<String ID="string_164" HPOS="433" VPOS="869" WIDTH="26" HEIGHT="18" WC="0.96" CONTENT="12"/><SP WIDTH="15" VPOS="869" HPOS="459"/>
							<String ID="string_165" HPOS="474" VPOS="867" WIDTH="48" HEIGHT="20" WC="0.95" CONTENT="Juni"/><SP WIDTH="17" VPOS="867" HPOS="522"/>
							<String ID="string_166" HPOS="539" VPOS="874" WIDTH="80" HEIGHT="13" WC="0.96" CONTENT="samma"/><SP WIDTH="16" VPOS="874" HPOS="619"/>
							<String ID="string_167" HPOS="635" VPOS="867" WIDTH="28" HEIGHT="26" WC="0.96" CONTENT="år,"/><SP WIDTH="12" VPOS="867" HPOS="663"/>
							<String ID="string_168" HPOS="675" VPOS="867" WIDTH="111" HEIGHT="27" WC="0.93" CONTENT="angående"/><SP WIDTH="11" VPOS="867" HPOS="786"/>
							<String ID="string_169" HPOS="797" VPOS="874" WIDTH="61" HEIGHT="20" WC="0.92" CONTENT="preg-"/>
						</TextLine>
						<TextLine ID="line_22" HPOS="111" VPOS="901" WIDTH="747" HEIGHT="28">
							<String ID="string_170" HPOS="111" VPOS="902" WIDTH="44" HEIGHT="27" WC="0.96" CONTENT="ling"/><SP WIDTH="19" VPOS="902" HPOS="155"/>
							<String ID="string_171" HPOS="174" VPOS="902" WIDTH="23" HEIGHT="19" WC="0.96" CONTENT="af"/><SP WIDTH="18" VPOS="902" HPOS="197"/>
							<String ID="string_172" HPOS="215" VPOS="904" WIDTH="30" HEIGHT="18" WC="0.96" CONTENT="ett"/><SP WIDTH="15" VPOS="904" HPOS="245"/>
							<String ID="string_173" HPOS="260" VPOS="902" WIDTH="99" HEIGHT="19" WC="0.93" CONTENT="särskildt"/><SP WIDTH="15" VPOS="902" HPOS="359"/>
							<String ID="string_174" HPOS="374" VPOS="902" WIDTH="133" HEIGHT="26" WC="0.91" CONTENT="silfvermynt"/><SP WIDTH="16" VPOS="902" HPOS="507"/>
							<String ID="string_175" HPOS="523" VPOS="902" WIDTH="38" HEIGHT="20" WC="0.92" CONTENT="och"/><SP WIDTH="16" VPOS="902" HPOS="561"/>
							<String ID="string_176" HPOS="577" VPOS="901" WIDTH="122" HEIGHT="27" WC="0.91" CONTENT="utgifvande"/><SP WIDTH="16" VPOS="901" HPOS="699"/>
							<String ID="string_177" HPOS="715" VPOS="902" WIDTH="23" HEIGHT="19" WC="0.96" CONTENT="af"/><SP WIDTH="13" VPOS="902" HPOS="738"/>
							<String ID="string_178" HPOS="751" VPOS="902" WIDTH="56" HEIGHT="19" WC="0.93" CONTENT="vissa"/><SP WIDTH="16" VPOS="902" HPOS="807"/>
							<String ID="string_179" HPOS="823" VPOS="908" WIDTH="35" HEIGHT="14" WC="0.92" CONTENT="va-"/>
						</TextLine>
						<TextLine ID="line_23" HPOS="110" VPOS="936" WIDTH="749" HEIGHT="27">
							<String ID="string_180" HPOS="110" VPOS="937" WIDTH="55" HEIGHT="19" WC="0.92" CONTENT="lörer"/><SP WIDTH="23" VPOS="937" HPOS="165"/>
							<String ID="string_181" HPOS="188" VPOS="936" WIDTH="119" HEIGHT="27" WC="0.91" CONTENT="sedelmynt"/><SP WIDTH="23" VPOS="936" HPOS="307"/>
							<String ID="string_182" HPOS="330" VPOS="937" WIDTH="31" HEIGHT="19" WC="0.97" CONTENT="för"/><SP WIDTH="20" VPOS="937" HPOS="361"/>
							<String ID="string_183" HPOS="381" VPOS="936" WIDTH="200" HEIGHT="20" WC="0.96" CONTENT="Storfurstendömet"/><SP WIDTH="20" VPOS="936" HPOS="581"/>
							<String ID="string_184" HPOS="601" VPOS="937" WIDTH="96" HEIGHT="25" WC="0.96" CONTENT="Finland,"/><SP WIDTH="17" VPOS="937" HPOS="697"/>
							<String ID="string_185" HPOS="714" VPOS="936" WIDTH="102" HEIGHT="20" WC="0.96" CONTENT="förklaras"/><SP WIDTH="17" VPOS="936" HPOS="816"/>
							<String ID="string_186" HPOS="833" VPOS="936" WIDTH="26" HEIGHT="20" WC="0.96" CONTENT="de"/>
						</TextLine>
						<TextLine ID="line_24" HPOS="111" VPOS="970" WIDTH="747" HEIGHT="27">
							<String ID="string_187" HPOS="111" VPOS="971" WIDTH="89" HEIGHT="26" WC="0.96" CONTENT="tidigare"/><SP WIDTH="23" VPOS="971" HPOS="200"/>
							<String ID="string_188" HPOS="223" VPOS="971" WIDTH="28" HEIGHT="19" WC="0.96" CONTENT="uti"/><SP WIDTH="23" VPOS="971" HPOS="251"/>
							<String ID="string_189" HPOS="274" VPOS="970" WIDTH="162" HEIGHT="27" WC="0.96" CONTENT="ifrågavarande"/><SP WIDTH="22" VPOS="970" HPOS="436"/>
							<String ID="string_190" HPOS="458" VPOS="973" WIDTH="62" HEIGHT="17" WC="0.96" CONTENT="ämne"/><SP WIDTH="23" VPOS="973" HPOS="520"/>
							<String ID="string_191" HPOS="543" VPOS="972" WIDTH="76" HEIGHT="18" WC="0.93" CONTENT="utsatta"/><SP WIDTH="22" VPOS="972" HPOS="619"/>
							<String ID="string_192" HPOS="641" VPOS="970" WIDTH="217" HEIGHT="20" WC="0.91" CONTENT="ansvarsbestämnin-"/>
						</TextLine>
						<TextLine ID="line_25" HPOS="110" VPOS="1004" WIDTH="748" HEIGHT="27">
							<String ID="string_193" HPOS="110" VPOS="1011" WIDTH="65" HEIGHT="20" WC="0.89" CONTENT="garne"/><SP WIDTH="24" VPOS="1011" HPOS="175"/>
							<String ID="string_194" HPOS="199" VPOS="1011" WIDTH="49" HEIGHT="13" WC="0.96" CONTENT="vara"/><SP WIDTH="24" VPOS="1011" HPOS="248"/>
							<String ID="string_195" HPOS="272" VPOS="1005" WIDTH="98" HEIGHT="26" WC="0.96" CONTENT="gällande"/><SP WIDTH="20" VPOS="1005" HPOS="370"/>
							<String ID="string_196" HPOS="390" VPOS="1004" WIDTH="40" HEIGHT="21" WC="0.96" CONTENT="och"/><SP WIDTH="15" VPOS="1004" HPOS="430"/>
							<String ID="string_197" HPOS="445" VPOS="1005" WIDTH="126" HEIGHT="26" WC="0.96" CONTENT="tillämpliga"/><SP WIDTH="15" VPOS="1005" HPOS="571"/>
							<String ID="string_198" HPOS="586" VPOS="1005" WIDTH="62" HEIGHT="19" WC="0.96" CONTENT="äfven"/><SP WIDTH="16" VPOS="1005" HPOS="648"/>
							<String ID="string_199" HPOS="664" VPOS="1005" WIDTH="7" HEIGHT="19" WC="0.96" CONTENT="i"/><SP WIDTH="16" VPOS="1005" HPOS="671"/>
							<String ID="string_200" HPOS="687" VPOS="1004" WIDTH="100" HEIGHT="20" WC="0.93" CONTENT="afseende"/><SP WIDTH="16" VPOS="1004" HPOS="787"/>
							<String ID="string_201" HPOS="803" VPOS="1004" WIDTH="12" HEIGHT="19" WC="0.87" CONTENT="&amp;"/><SP WIDTH="16" VPOS="1004" HPOS="815"/>
							<String ID="string_202" HPOS="831" VPOS="1004" WIDTH="27" HEIGHT="20" WC="0.97" CONTENT="de"/>
						</TextLine>
						<TextLine ID="line_26" HPOS="111" VPOS="1038" WIDTH="747" HEIGHT="27">
							<String ID="string_203" HPOS="111" VPOS="1045" WIDTH="42" HEIGHT="20" WC="0.93" CONTENT="nya"/><SP WIDTH="23" VPOS="1045" HPOS="153"/>
							<String ID="string_204" HPOS="176" VPOS="1039" WIDTH="161" HEIGHT="20" WC="0.88" CONTENT="banksedlarne."/><SP WIDTH="31" VPOS="1039" HPOS="337"/>
							<String ID="string_205" HPOS="368" VPOS="1039" WIDTH="59" HEIGHT="20" WC="0.94" CONTENT="Hvad"/><SP WIDTH="22" VPOS="1039" HPOS="427"/>
							<String ID="string_206" HPOS="449" VPOS="1039" WIDTH="44" HEIGHT="20" WC="0.96" CONTENT="åter"/><SP WIDTH="20" VPOS="1039" HPOS="493"/>
							<String ID="string_207" HPOS="513" VPOS="1039" WIDTH="75" HEIGHT="26" WC="0.95" CONTENT="sjelfva"/><SP WIDTH="15" VPOS="1039" HPOS="588"/>
							<String ID="string_208" HPOS="603" VPOS="1039" WIDTH="61" HEIGHT="19" WC="0.93" CONTENT="dessa"/><SP WIDTH="16" VPOS="1039" HPOS="664"/>
							<String ID="string_209" HPOS="680" VPOS="1038" WIDTH="178" HEIGHT="20" WC="0.92" CONTENT="ansvarsbestäm-"/>
						</TextLine>
						<TextLine ID="line_27" HPOS="111" VPOS="1072" WIDTH="747" HEIGHT="27">
							<String ID="string_210" HPOS="111" VPOS="1073" WIDTH="75" HEIGHT="26" WC="0.93" CONTENT="ningar"/><SP WIDTH="23" VPOS="1073" HPOS="186"/>
							<String ID="string_211" HPOS="209" VPOS="1073" WIDTH="139" HEIGHT="26" WC="0.92" CONTENT="vidkommer,"/><SP WIDTH="23" VPOS="1073" HPOS="348"/>
							<String ID="string_212" HPOS="371" VPOS="1073" WIDTH="23" HEIGHT="20" WC="0.96" CONTENT="så"/><SP WIDTH="22" VPOS="1073" HPOS="394"/>
							<String ID="string_213" HPOS="416" VPOS="1073" WIDTH="61" HEIGHT="23" WC="0.96" CONTENT="hade,"/><SP WIDTH="20" VPOS="1073" HPOS="477"/>
							<String ID="string_214" HPOS="497" VPOS="1079" WIDTH="76" HEIGHT="19" WC="0.92" CONTENT="genom"/><SP WIDTH="21" VPOS="1079" HPOS="573"/>
							<String ID="string_215" HPOS="594" VPOS="1072" WIDTH="78" HEIGHT="27" WC="0.91" CONTENT="Nådigt"/><SP WIDTH="16" VPOS="1072" HPOS="672"/>
							<String ID="string_216" HPOS="688" VPOS="1072" WIDTH="70" HEIGHT="26" WC="0.96" CONTENT="påbud"/><SP WIDTH="17" VPOS="1072" HPOS="758"/>
							<String ID="string_217" HPOS="775" VPOS="1072" WIDTH="40" HEIGHT="20" WC="0.96" CONTENT="den"/><SP WIDTH="17" VPOS="1072" HPOS="815"/>
							<String ID="string_218" HPOS="832" VPOS="1072" WIDTH="26" HEIGHT="20" WC="0.96" CONTENT="26"/>
						</TextLine>
						<TextLine ID="line_28" HPOS="111" VPOS="1106" WIDTH="748" HEIGHT="28">
							<String ID="string_219" HPOS="111" VPOS="1107" WIDTH="88" HEIGHT="27" WC="0.96" CONTENT="Augusti"/><SP WIDTH="27" VPOS="1107" HPOS="199"/>
							<String ID="string_220" HPOS="226" VPOS="1107" WIDTH="59" HEIGHT="26" WC="0.93" CONTENT="1812,"/><SP WIDTH="21" VPOS="1107" HPOS="285"/>
							<String ID="string_221" HPOS="306" VPOS="1107" WIDTH="102" HEIGHT="26" WC="0.92" CONTENT="jemfördt"/><SP WIDTH="24" VPOS="1107" HPOS="408"/>
							<String ID="string_222" HPOS="432" VPOS="1107" WIDTH="46" HEIGHT="20" WC="0.93" CONTENT="med"/><SP WIDTH="23" VPOS="1107" HPOS="478"/>
							<String ID="string_223" HPOS="501" VPOS="1107" WIDTH="84" HEIGHT="26" WC="0.88" CONTENT="Nådiga"/><SP WIDTH="19" VPOS="1107" HPOS="585"/>
							<String ID="string_224" HPOS="604" VPOS="1106" WIDTH="151" HEIGHT="27" WC="0.96" CONTENT="förordningen"/><SP WIDTH="20" VPOS="1106" HPOS="755"/>
							<String ID="string_225" HPOS="775" VPOS="1106" WIDTH="41" HEIGHT="19" WC="0.95" CONTENT="den"/><SP WIDTH="18" VPOS="1106" HPOS="816"/>
							<String ID="string_226" HPOS="834" VPOS="1107" WIDTH="25" HEIGHT="19" WC="0.95" CONTENT="14"/>
						</TextLine>
						<TextLine ID="line_29" HPOS="110" VPOS="1139" WIDTH="750" HEIGHT="28">
							<String ID="string_227" HPOS="110" VPOS="1141" WIDTH="120" HEIGHT="21" WC="0.96" CONTENT="November"/><SP WIDTH="23" VPOS="1141" HPOS="230"/>
							<String ID="string_228" HPOS="253" VPOS="1147" WIDTH="80" HEIGHT="14" WC="0.94" CONTENT="samma"/><SP WIDTH="23" VPOS="1147" HPOS="333"/>
							<String ID="string_229" HPOS="356" VPOS="1141" WIDTH="30" HEIGHT="25" WC="0.93" CONTENT="år,"/><SP WIDTH="24" VPOS="1141" HPOS="386"/>
							<String ID="string_230" HPOS="410" VPOS="1141" WIDTH="139" HEIGHT="26" WC="0.96" CONTENT="förfalskning"/><SP WIDTH="23" VPOS="1141" HPOS="549"/>
							<String ID="string_231" HPOS="572" VPOS="1141" WIDTH="39" HEIGHT="19" WC="0.93" CONTENT="och"/><SP WIDTH="19" VPOS="1141" HPOS="611"/>
							<String ID="string_232" HPOS="630" VPOS="1140" WIDTH="134" HEIGHT="26" WC="0.91" CONTENT="efterapning"/><SP WIDTH="19" VPOS="1140" HPOS="764"/>
							<String ID="string_233" HPOS="783" VPOS="1140" WIDTH="23" HEIGHT="19" WC="0.96" CONTENT="af"/><SP WIDTH="18" VPOS="1140" HPOS="806"/>
							<String ID="string_234" HPOS="824" VPOS="1139" WIDTH="36" HEIGHT="20" WC="0.96" CONTENT="det"/>
						</TextLine>
						<TextLine ID="line_30" HPOS="111" VPOS="1174" WIDTH="747" HEIGHT="29">
							<String ID="string_235" HPOS="111" VPOS="1175" WIDTH="134" HEIGHT="28" WC="0.93" CONTENT="nyinrättade"/><SP WIDTH="15" VPOS="1175" HPOS="245"/>
							<String ID="string_236" HPOS="260" VPOS="1175" WIDTH="85" HEIGHT="25" WC="0.91" CONTENT="Vexel-,"/><SP WIDTH="16" VPOS="1175" HPOS="345"/>
							<String ID="string_237" HPOS="361" VPOS="1175" WIDTH="56" HEIGHT="20" WC="0.92" CONTENT="låne-"/><SP WIDTH="17" VPOS="1175" HPOS="417"/>
							<String ID="string_238" HPOS="434" VPOS="1175" WIDTH="38" HEIGHT="20" WC="0.93" CONTENT="och"/><SP WIDTH="18" VPOS="1175" HPOS="472"/>
							<String ID="string_239" HPOS="490" VPOS="1174" WIDTH="255" HEIGHT="27" WC="0.91" CONTENT="depositions-contoirets"/><SP WIDTH="11" VPOS="1174" HPOS="745"/>
							<String ID="string_240" HPOS="756" VPOS="1174" WIDTH="45" HEIGHT="19" WC="0.93" CONTENT="små"/><SP WIDTH="12" VPOS="1174" HPOS="801"/>
							<String ID="string_241" HPOS="813" VPOS="1174" WIDTH="45" HEIGHT="19" WC="0.91" CONTENT="sed-"/>
						</TextLine>
						<TextLine ID="line_31" HPOS="111" VPOS="1207" WIDTH="747" HEIGHT="26">
							<String ID="string_242" HPOS="111" VPOS="1211" WIDTH="31" HEIGHT="19" WC="0.96" CONTENT="lar"/><SP WIDTH="21" VPOS="1211" HPOS="142"/>
							<String ID="string_243" HPOS="163" VPOS="1209" WIDTH="112" HEIGHT="20" WC="0.95" CONTENT="förklarats"/><SP WIDTH="17" VPOS="1209" HPOS="275"/>
							<String ID="string_244" HPOS="292" VPOS="1209" WIDTH="94" HEIGHT="20" WC="0.96" CONTENT="medföra"/><SP WIDTH="15" VPOS="1209" HPOS="386"/>
							<String ID="string_245" HPOS="401" VPOS="1215" WIDTH="79" HEIGHT="13" WC="0.96" CONTENT="samma"/><SP WIDTH="15" VPOS="1215" HPOS="480"/>
							<String ID="string_246" HPOS="495" VPOS="1215" WIDTH="83" HEIGHT="18" WC="0.96" CONTENT="ansvar,"/><SP WIDTH="16" VPOS="1215" HPOS="578"/>
							<String ID="string_247" HPOS="594" VPOS="1215" WIDTH="45" HEIGHT="13" WC="0.95" CONTENT="som"/><SP WIDTH="15" VPOS="1215" HPOS="639"/>
							<String ID="string_248" HPOS="654" VPOS="1208" WIDTH="32" HEIGHT="19" WC="0.96" CONTENT="för"/><SP WIDTH="16" VPOS="1208" HPOS="686"/>
							<String ID="string_249" HPOS="702" VPOS="1207" WIDTH="91" HEIGHT="20" WC="0.93" CONTENT="svenska"/><SP WIDTH="15" VPOS="1207" HPOS="793"/>
							<String ID="string_250" HPOS="808" VPOS="1207" WIDTH="50" HEIGHT="20" WC="0.92" CONTENT="ban-"/>
						</TextLine>
						<TextLine ID="line_32" HPOS="111" VPOS="1241" WIDTH="748" HEIGHT="28">
							<String ID="string_251" HPOS="111" VPOS="1244" WIDTH="96" HEIGHT="20" WC="0.90" CONTENT="cosedlar"/><SP WIDTH="19" VPOS="1244" HPOS="207"/>
							<String ID="string_252" HPOS="226" VPOS="1243" WIDTH="53" HEIGHT="20" WC="0.93" CONTENT="eller"/><SP WIDTH="17" VPOS="1243" HPOS="279"/>
							<String ID="string_253" HPOS="296" VPOS="1243" WIDTH="154" HEIGHT="26" WC="0.91" CONTENT="assignationer"/><SP WIDTH="15" VPOS="1243" HPOS="450"/>
							<String ID="string_254" HPOS="465" VPOS="1249" WIDTH="37" HEIGHT="13" WC="0.93" CONTENT="var"/><SP WIDTH="15" VPOS="1249" HPOS="502"/>
							<String ID="string_255" HPOS="517" VPOS="1242" WIDTH="98" HEIGHT="27" WC="0.92" CONTENT="stadgadt"/><SP WIDTH="15" VPOS="1242" HPOS="615"/>
							<String ID="string_256" HPOS="630" VPOS="1242" WIDTH="7" HEIGHT="19" WC="0.93" CONTENT="i"/><SP WIDTH="15" VPOS="1242" HPOS="637"/>
							<String ID="string_257" HPOS="652" VPOS="1242" WIDTH="72" HEIGHT="26" WC="0.93" CONTENT="kongl."/><SP WIDTH="16" VPOS="1242" HPOS="724"/>
							<String ID="string_258" HPOS="740" VPOS="1241" WIDTH="119" HEIGHT="20" WC="0.91" CONTENT="förordnin-"/>
						</TextLine>
						<TextLine ID="line_33" HPOS="111" VPOS="1275" WIDTH="749" HEIGHT="30">
							<String ID="string_259" HPOS="111" VPOS="1284" WIDTH="65" HEIGHT="21" WC="0.92" CONTENT="garne"/><SP WIDTH="15" VPOS="1284" HPOS="176"/>
							<String ID="string_260" HPOS="191" VPOS="1277" WIDTH="24" HEIGHT="20" WC="0.96" CONTENT="af"/><SP WIDTH="12" VPOS="1277" HPOS="215"/>
							<String ID="string_261" HPOS="227" VPOS="1279" WIDTH="41" HEIGHT="18" WC="0.95" CONTENT="den"/><SP WIDTH="18" VPOS="1279" HPOS="268"/>
							<String ID="string_262" HPOS="286" VPOS="1277" WIDTH="12" HEIGHT="19" WC="0.92" CONTENT="2"/><SP WIDTH="18" VPOS="1277" HPOS="298"/>
							<String ID="string_263" HPOS="316" VPOS="1277" WIDTH="39" HEIGHT="26" WC="0.96" CONTENT="Maj"/><SP WIDTH="19" VPOS="1277" HPOS="355"/>
							<String ID="string_264" HPOS="374" VPOS="1277" WIDTH="52" HEIGHT="20" WC="0.96" CONTENT="1747"/><SP WIDTH="16" VPOS="1277" HPOS="426"/>
							<String ID="string_265" HPOS="442" VPOS="1277" WIDTH="39" HEIGHT="20" WC="0.96" CONTENT="och"/><SP WIDTH="17" VPOS="1277" HPOS="481"/>
							<String ID="string_266" HPOS="498" VPOS="1277" WIDTH="11" HEIGHT="19" WC="0.96" CONTENT="5"/><SP WIDTH="16" VPOS="1277" HPOS="509"/>
							<String ID="string_267" HPOS="525" VPOS="1276" WIDTH="49" HEIGHT="20" WC="0.96" CONTENT="Juni"/><SP WIDTH="15" VPOS="1276" HPOS="574"/>
							<String ID="string_268" HPOS="589" VPOS="1276" WIDTH="62" HEIGHT="26" WC="0.93" CONTENT="1792,"/><SP WIDTH="8" VPOS="1276" HPOS="651"/>
							<String ID="string_269" HPOS="659" VPOS="1276" WIDTH="66" HEIGHT="26" WC="0.90" CONTENT="jemte"/><SP WIDTH="11" VPOS="1276" HPOS="725"/>
							<String ID="string_270" HPOS="736" VPOS="1275" WIDTH="36" HEIGHT="20" WC="0.90" CONTENT="det"/><SP WIDTH="10" VPOS="1275" HPOS="772"/>
							<String ID="string_271" HPOS="782" VPOS="1275" WIDTH="7" HEIGHT="20" WC="0.90" CONTENT="i"/><SP WIDTH="11" VPOS="1275" HPOS="789"/>
							<String ID="string_272" HPOS="800" VPOS="1275" WIDTH="60" HEIGHT="27" WC="0.92" CONTENT="fräga"/>
						</TextLine>
						<TextLine ID="line_34" HPOS="111" VPOS="1309" WIDTH="748" HEIGHT="29">
							<String ID="string_273" HPOS="111" VPOS="1319" WIDTH="34" HEIGHT="14" WC="0.93" CONTENT="om"/><SP WIDTH="16" VPOS="1319" HPOS="145"/>
							<String ID="string_274" HPOS="161" VPOS="1311" WIDTH="134" HEIGHT="27" WC="0.83" CONTENT="utprängling"/><SP WIDTH="15" VPOS="1311" HPOS="295"/>
							<String ID="string_275" HPOS="310" VPOS="1311" WIDTH="23" HEIGHT="20" WC="0.93" CONTENT="af"/><SP WIDTH="13" VPOS="1311" HPOS="333"/>
							<String ID="string_276" HPOS="346" VPOS="1311" WIDTH="129" HEIGHT="20" WC="0.96" CONTENT="förfalskade"/><SP WIDTH="16" VPOS="1311" HPOS="475"/>
							<String ID="string_277" HPOS="491" VPOS="1311" WIDTH="69" HEIGHT="20" WC="0.93" CONTENT="sedlar"/><SP WIDTH="13" VPOS="1311" HPOS="560"/>
							<String ID="string_278" HPOS="573" VPOS="1310" WIDTH="79" HEIGHT="26" WC="0.92" CONTENT="jemväl"/><SP WIDTH="15" VPOS="1310" HPOS="652"/>
							<String ID="string_279" HPOS="667" VPOS="1310" WIDTH="40" HEIGHT="19" WC="0.97" CONTENT="den"/><SP WIDTH="11" VPOS="1310" HPOS="707"/>
							<String ID="string_280" HPOS="718" VPOS="1309" WIDTH="32" HEIGHT="20" WC="0.96" CONTENT="för"/><SP WIDTH="11" VPOS="1309" HPOS="750"/>
							<String ID="string_281" HPOS="761" VPOS="1309" WIDTH="26" HEIGHT="20" WC="0.93" CONTENT="de"/><SP WIDTH="11" VPOS="1309" HPOS="787"/>
							<String ID="string_282" HPOS="798" VPOS="1316" WIDTH="61" HEIGHT="14" WC="0.93" CONTENT="sven-"/>
						</TextLine>
						<TextLine ID="line_35" HPOS="111" VPOS="1343" WIDTH="748" HEIGHT="29">
							<String ID="string_283" HPOS="111" VPOS="1347" WIDTH="38" HEIGHT="19" WC="0.91" CONTENT="ska"/><SP WIDTH="23" VPOS="1347" HPOS="149"/>
							<String ID="string_284" HPOS="172" VPOS="1345" WIDTH="226" HEIGHT="27" WC="0.91" CONTENT="bankinrättningarne"/><SP WIDTH="20" VPOS="1345" HPOS="398"/>
							<String ID="string_285" HPOS="418" VPOS="1345" WIDTH="98" HEIGHT="26" WC="0.96" CONTENT="gällande"/><SP WIDTH="18" VPOS="1345" HPOS="516"/>
							<String ID="string_286" HPOS="534" VPOS="1344" WIDTH="132" HEIGHT="27" WC="0.96" CONTENT="lagstiftning"/><SP WIDTH="15" VPOS="1344" HPOS="666"/>
							<String ID="string_287" HPOS="681" VPOS="1344" WIDTH="7" HEIGHT="19" WC="0.93" CONTENT="i"/><SP WIDTH="15" VPOS="1344" HPOS="688"/>
							<String ID="string_288" HPOS="703" VPOS="1345" WIDTH="73" HEIGHT="18" WC="0.92" CONTENT="ämnet"/><SP WIDTH="15" VPOS="1345" HPOS="776"/>
							<String ID="string_289" HPOS="791" VPOS="1343" WIDTH="68" HEIGHT="20" WC="0.97" CONTENT="skulle"/>
						</TextLine>
						<TextLine ID="line_36" HPOS="111" VPOS="1381" WIDTH="112" HEIGHT="25">
							<String ID="string_290" HPOS="111" VPOS="1381" WIDTH="112" HEIGHT="25" WC="0.96" CONTENT="tillämpas."/>
						</TextLine>
					</TextBlock>
					<TextBlock ID="block_4" HPOS="111" VPOS="1411" WIDTH="748" HEIGHT="63">
						<TextLine ID="line_37" HPOS="178" VPOS="1411" WIDTH="681" HEIGHT="27">
							<String ID="string_291" HPOS="178" VPOS="1413" WIDTH="32" HEIGHT="20" WC="0.90" CONTENT="Dä"/><SP WIDTH="22" VPOS="1413" HPOS="210"/>
							<String ID="string_292" HPOS="232" VPOS="1413" WIDTH="116" HEIGHT="20" WC="0.91" CONTENT="emellertid"/><SP WIDTH="22" VPOS="1413" HPOS="348"/>
							<String ID="string_293" HPOS="370" VPOS="1412" WIDTH="114" HEIGHT="21" WC="0.92" CONTENT="dödsstraff"/><SP WIDTH="17" VPOS="1412" HPOS="484"/>
							<String ID="string_294" HPOS="501" VPOS="1412" WIDTH="32" HEIGHT="20" WC="0.93" CONTENT="för"/><SP WIDTH="15" VPOS="1412" HPOS="533"/>
							<String ID="string_295" HPOS="548" VPOS="1411" WIDTH="200" HEIGHT="27" WC="0.92" CONTENT="sedelförfalskning"/><SP WIDTH="15" VPOS="1411" HPOS="748"/>
							<String ID="string_296" HPOS="763" VPOS="1414" WIDTH="23" HEIGHT="17" WC="0.95" CONTENT="är"/><SP WIDTH="15" VPOS="1414" HPOS="786"/>
							<String ID="string_297" HPOS="801" VPOS="1412" WIDTH="7" HEIGHT="19" WC="0.92" CONTENT="i"/><SP WIDTH="16" VPOS="1412" HPOS="808"/>
							<String ID="string_298" HPOS="824" VPOS="1411" WIDTH="35" HEIGHT="20" WC="0.92" CONTENT="be-"/>
						</TextLine>
						<TextLine ID="line_38" HPOS="111" VPOS="1446" WIDTH="748" HEIGHT="28">
							<String ID="string_299" HPOS="111" VPOS="1448" WIDTH="60" HEIGHT="21" WC="0.96" CONTENT="rörde"/><SP WIDTH="23" VPOS="1448" HPOS="171"/>
							<String ID="string_300" HPOS="194" VPOS="1447" WIDTH="133" HEIGHT="27" WC="0.94" CONTENT="lagstiftning"/><SP WIDTH="24" VPOS="1447" HPOS="327"/>
							<String ID="string_301" HPOS="351" VPOS="1449" WIDTH="69" HEIGHT="24" WC="0.96" CONTENT="utsatt,"/><SP WIDTH="25" VPOS="1449" HPOS="420"/>
							<String ID="string_302" HPOS="445" VPOS="1453" WIDTH="46" HEIGHT="14" WC="0.96" CONTENT="men"/><SP WIDTH="24" VPOS="1453" HPOS="491"/>
							<String ID="string_303" HPOS="515" VPOS="1447" WIDTH="58" HEIGHT="20" WC="0.91" CONTENT="detta"/><SP WIDTH="19" VPOS="1447" HPOS="573"/>
							<String ID="string_304" HPOS="592" VPOS="1446" WIDTH="48" HEIGHT="20" WC="0.92" CONTENT="icke"/><SP WIDTH="20" VPOS="1446" HPOS="640"/>
							<String ID="string_305" HPOS="660" VPOS="1446" WIDTH="199" HEIGHT="20" WC="0.83" CONTENT="öfverensstämmer"/>
						</TextLine>
					</TextBlock>
				</ComposedBlock>
				<GraphicalElement ID="cblock_2" HPOS="1074" VPOS="840" WIDTH="3" HEIGHT="523"></GraphicalElement >
			</PrintSpace>
		</Page>
	</Layout>
</alto>
