1078 1692
241 129 35 19 226

325 192 112 27 utfärdas;
452 192 109 28 äfvensom
577 192 149 28 ansökningar
744 200 32 14 om
798 193 127 22 erhållande
947 194 30 27 af

318 226 96 28 Jrisedel
430 227 35 21 till
481 227 95 27 lossning
591 228 53 20 eller
660 228 103 27 lastning.

391 262 56 20 26:0.
477 260 64 22 Bevis
557 261 60 26 öfver
635 261 148 21 hinderlöshet
798 262 35 21 till
848 262 124 28 äktenskap.

391 296 56 20 27:0.
477 294 112 22 Fullmakt
601 295 36 21 till
646 295 203 21 rekommenderade
866 296 59 27 brefs
939 298 33 19 ut-

325 329 95 27 tagande
441 329 14 20 å
477 328 129 28 postkontor
633 332 56 18 samt
717 332 33 18 att
774 330 14 20 å
813 329 160 22 Landtränteri

324 363 52 21 eller
396 362 58 28 från
479 370 75 14 annan
578 363 65 21 kassa
671 363 59 28 lyfta
756 364 35 20 lön
819 364 53 21 eller
900 364 72 20 andra

322 393 75 36 medel.
689 398 6 6 N

390 432 57 20 28:0.
492 426 190 33 Öfversättningar
712 432 36 20 till
772 432 77 27 finska
877 432 94 27 språket,

324 464 133 22 verkställda
476 465 29 27 af
523 466 25 20 de
571 466 145 21 translatorer
736 466 107 28 allmogen
866 472 48 21 eger
932 465 41 27 för

323 499 81 21 sådant
419 499 106 21 ändamål
539 502 88 25 antaga.

391 534 57 20 29:0.
477 533 183 21 Poliskammares
671 533 186 28 tillståndsbiljett
863 533 42 27 för
910 533 62 28 finsk

324 566 103 28 inföding
442 569 34 19 att
489 568 68 20 vistas
571 568 9 20 i
594 568 83 21 staden.

392 602 55 21 30:0.
477 601 219 28 Embetsskrifvelser.

392 636 56 20 31:0.
481 635 148 27 Tjenstemans
652 635 122 28 ansökning
796 642 33 14 om
851 635 122 21 handräck-

324 669 54 28 ning
394 671 33 19 att
441 668 51 28 utfå
507 669 76 21 honom
598 669 31 28 af
639 669 107 28 menighet
762 669 160 21 tillkommande
938 669 35 27 af-

324 703 81 27 löning.

393 738 54 20 32:0.
479 736 73 28 Skrift
567 737 39 21 och
621 737 79 28 bilaga,
716 744 46 14 som
776 738 107 20 inlemnas
891 737 30 27 af
921 744 51 20 per-

324 778 45 19 son,
384 771 65 21 hvars
463 771 121 28 fattigdom
604 773 26 19 är
645 772 103 27 antingen
763 772 93 20 allmänt
870 771 60 21 känd
944 771 28 21 el-

326 806 32 20 ler
374 805 162 28 vederbörligen
558 806 98 28 intygad,
678 806 26 20 sä
726 806 38 20 ock
785 806 128 27 expedition,
928 812 45 14 som

325 839 36 20 till
375 839 72 21 sådan
458 845 80 21 person
553 839 103 27 utfärdas
671 840 39 20 och
720 839 42 27 för
776 839 85 21 hvilken
876 840 21 27 ej
906 839 67 21 heller

326 873 58 20 lösen
404 879 49 22 eger
474 880 55 18 rum,
548 873 89 22 hvarom
652 873 71 28 tydlig
737 873 129 28 anteckning
883 873 13 21 å
912 879 60 21 expe-

326 907 97 21 ditionen
438 907 39 20 bör
490 907 43 20 ske.

394 942 54 19 33:0.
483 940 81 29 Utslag,
587 941 125 25 resolution,
735 941 74 21 ordres
831 943 56 19 samt
910 940 63 28 löftes

322 974 157 28 förbindelser,
502 974 199 29 vederhäjtighets-,
724 975 144 27 intecknings-
884 975 36 20 och
935 981 38 14 an-

326 1011 40 18 nat
390 1008 61 26 bevis,
467 1015 45 14 som
525 1009 14 20 å
549 1008 67 27 förut
638 1009 114 28 behörigen
774 1009 104 21 karterad
896 1009 77 28 inlaga

326 1043 54 20 eller
394 1042 108 28 handling
517 1042 92 21 tecknas.

395 1077 54 20 34:0.
483 1077 54 20 Alla
561 1076 184 28 undersöknings-
770 1077 37 20 och
833 1077 141 27 besigtnings-

326 1111 161 26 instrumenter,
511 1110 222 29 kostnadsförslager,
756 1110 152 28 beräkningar,
924 1110 50 21 kar-

327 1147 35 19 tor
376 1144 39 21 och
426 1145 87 27 planer,
535 1145 96 21 rörande
652 1145 141 28 sjöfällning,
815 1147 160 25 vattenuttapp-

327 1179 61 28 ning,
404 1179 74 27 odling
493 1178 30 28 af
534 1179 53 21 kärr
602 1179 39 21 och
654 1185 91 19 mossar,
760 1181 57 18 samt
831 1185 33 14 om
883 1179 91 27 anlägg-

327 1213 54 27 ning
397 1212 29 28 af
436 1213 74 25 kanal,
533 1213 62 25 sluss,
618 1213 84 21 allmän
724 1213 113 27 landsväg,
857 1212 43 26 bro,
910 1213 65 27 jern-

326 1248 42 26 väg
384 1246 48 21 med
446 1253 59 14 mera
520 1246 77 29 dylikt.

396 1281 55 21 35:0.
480 1280 157 28 Ansökningar
658 1287 34 14 om
712 1279 174 22 utbekommande
902 1280 29 28 af
942 1280 32 21 be-

326 1313 179 28 grafningshjelp
520 1314 57 27 efter
591 1314 81 27 afliden
684 1313 87 22 embets-
786 1314 39 21 och
840 1315 134 26 tjensteman.

396 1355 55 19 36:0.
480 1353 150 28 Afskedsbref
642 1353 42 28 för
706 1354 63 21 civila
792 1355 126 26 tjenstemän
936 1354 39 21 och

328 1386 91 29 betjente
440 1387 111 27 äfvensom
573 1387 129 27 underbefäl
726 1387 38 22 och
787 1388 127 28 gemenskap
938 1389 38 20 vid

323 1421 77 28 finska
422 1421 117 26 militären,
563 1421 29 22 då
615 1421 98 28 afskedet
734 1421 93 22 erhålles
848 1424 53 19 utan
924 1429 52 22 egen

328 1455 127 28 ansökning.
