1078 1692
228 117 35 17 234

308 181 106 21 städerna
428 181 57 28 fyra
497 183 89 25 procent
599 181 37 21 och
647 182 32 26 på
695 181 74 21 landet
779 180 41 28 för
835 181 121 21 levererade

304 214 137 28 Jemhundra
455 214 62 21 mark
533 215 47 20 åtta
591 218 97 24 procent,
704 217 56 19 samt
771 214 42 28 för
828 214 57 21 hvad
899 222 58 14 sum-

308 256 51 14 man
369 248 42 28 för
426 249 46 20 året
487 248 124 28 derutöfver
625 248 43 21 kan
683 251 79 25 utgöra
773 248 76 21 endast
860 255 36 14 sex
904 255 52 21 pro-

309 285 53 23 cent,
385 282 86 21 hvilken
489 283 120 27 provision,
632 282 55 28 efter
701 283 95 21 medlens
811 283 145 27 inleverering

309 316 39 20 och
359 317 32 27 på
406 316 73 28 grund
493 316 30 28 af
533 316 99 27 deröfver
651 317 111 27 upptedda
777 316 179 28 ränteriqvittan-

309 357 40 18 ser,
365 350 29 27 af
405 350 167 28 Länestyrelsen
588 351 35 21 till
639 351 46 21 dem
700 350 143 22 utanordnas.

602 419 15 27 $
632 419 34 21 32.

376 458 34 21 På
433 457 138 22 Guvernören
589 459 8 19 i
612 458 76 28 hvarje
712 459 38 20 län
772 458 123 21 ankommer
917 460 40 22 att,

305 493 32 26 på
344 492 229 21 Landskamrerarens
576 492 170 28 föredragning,
757 492 36 20 till
797 492 161 27 försäljnings-

308 528 51 19 män
374 528 47 19 utse
443 526 37 20 och
499 526 111 27 förordna
633 526 86 21 sådana
737 532 112 21 personer,
864 532 45 14 som
924 524 34 21 be-

304 560 78 27 jinnas
398 560 75 20 dertill
489 560 76 27 villiga
581 560 39 21 och
635 560 112 28 lämpliga,
766 562 56 18 samt
836 560 67 20 ställa
918 566 40 13 an-

309 594 69 28 taglig
393 594 104 20 säkerhet.
531 594 37 20 Dä
587 593 204 28 försäljningsman
815 593 73 27 blifvit
913 593 45 21 till-

306 628 127 26 förordnad
459 627 38 21 och
517 627 168 28 försäljningen
710 627 41 21 kan
778 627 102 28 begynna,
900 627 59 21 skall

309 662 73 20 derom
397 662 8 20 i
420 662 87 20 stadens
533 662 52 20 eller
609 662 102 20 socknens
736 661 81 28 kyrkor
841 661 117 27 kungöras.

311 696 74 20 Större
401 695 74 27 belopp
490 696 120 26 stämpladt
621 702 87 20 papper
723 696 39 20 och
776 694 181 28 stämpelmärken

310 732 29 18 än
354 730 42 24 det,
412 729 102 27 hvarföre
536 729 98 21 säkerhet
657 729 72 27 blifvit
747 729 74 25 ställd,
837 730 34 20 må
887 729 21 27 ej
924 728 35 20 till

304 763 203 28 försäljningsman
531 763 107 28 utgifvas;
662 763 46 21 icke
732 763 67 21 heller
817 765 47 25 nytt
878 762 80 28 förlag

310 797 69 28 deraf
390 797 76 21 honom
481 798 87 24 lemnas,
585 798 68 20 innan
668 797 44 21 han
728 798 35 20 till
777 796 181 22 Landtränteriet

310 832 128 20 inlevererat
453 831 111 27 betalning
581 831 42 26 för
645 831 56 20 hvad
715 831 85 27 utöfver
816 831 41 20 den
874 830 84 21 ställda

310 865 125 21 säkerheten
460 864 43 21 kan
527 865 127 27 reqvireras,
680 864 114 28 hvaröfver
820 865 35 20 det
874 865 85 27 åligger

310 899 175 21 Landskontoret
501 901 32 18 att
548 905 56 21 noga
619 899 61 20 vaka.

378 933 16 20 I
407 933 32 21 all
457 933 102 20 händelse
576 935 26 18 är
612 933 204 27 försäljningsman
827 933 82 27 pligtig
925 935 33 18 att

310 968 66 20 minst
391 967 74 28 hvarje
480 966 58 27 halft
549 967 27 20 år
585 966 111 28 betalning
706 966 42 27 för
758 966 107 27 försålda
883 966 76 21 kartor

310 1002 126 20 inleverera.
468 1001 50 20 Blir
528 1001 8 20 i
546 1001 81 20 sådant
641 1001 101 27 afseende
757 1001 72 27 någon
840 1001 119 26 penninge-

305 1035 152 27 försändning
479 1034 47 21 med
540 1037 77 24 posten
633 1034 29 27 af
672 1034 76 25 nöden,
766 1034 85 27 åtnjute
865 1034 93 29 försälj-

310 1069 117 27 ningsman
446 1068 73 28 frihet
538 1068 59 27 från
622 1068 53 21 både
696 1070 76 25 porto-
790 1067 39 21 och
844 1075 114 14 assurans-

311 1102 99 28 afgifter,
433 1103 25 20 så
480 1102 38 21 ock
531 1102 42 27 för
591 1102 32 21 all
637 1109 75 14 annan
727 1103 9 20 i
751 1101 39 22 och
800 1101 42 28 för
857 1101 54 21 hans
927 1101 32 21 be-

306 1137 104 28 fattning
427 1137 132 27 erforderlig
574 1136 180 27 korrespondans.

380 1171 81 20 Genom
485 1171 177 20 Guvernörens
657 1165 17 38 i
687 1169 99 28 Wiborgs
811 1169 38 21 län
868 1169 92 29 försorg

312 1207 90 26 antages
422 1205 83 26 jemväl
528 1205 37 20 vid
585 1203 77 28 finska
680 1203 208 28 Passexnpeditionen
903 1205 8 19 i
928 1205 32 20 S:t

311 1238 131 28 Petersburg
466 1239 90 27 lämplig
573 1238 209 27 försäljningsman,
805 1237 85 21 hvilken
911 1245 49 21 eger

313 1272 173 21 tillhandahålla
511 1271 145 22 allmänheten
681 1271 26 21 de
731 1271 86 21 valörer
836 1271 30 27 af
879 1274 81 25 stämp-

313 1307 47 20 ladt
379 1313 86 21 papper
487 1306 39 21 och
548 1305 187 28 stämpelmärken,
751 1312 45 14 som
806 1305 42 27 för
863 1305 97 28 behofvet

313 1341 112 20 derstädes
447 1340 72 21 kunna
540 1340 119 27 erfordras.
690 1339 99 21 Nämnde
799 1339 162 28 försäljnings-

312 1381 51 14 man
385 1375 97 26 åtnjuter
499 1374 56 27 fyra
570 1376 91 25 procent
676 1375 8 17 i
696 1374 113 27 provision
820 1374 67 27 jemte
902 1374 59 21 skild

313 1409 122 27 ersättning
445 1407 42 28 för
497 1410 66 25 porto
583 1408 38 21 och
640 1414 110 18 assurans,
766 1409 56 19 samt
836 1408 77 21 ställer
927 1409 35 27 sig

309 1443 42 28 för
366 1442 69 29 öfrigt
451 1442 35 21 till
500 1441 144 29 efterrättelse
658 1442 46 21 alla
720 1442 24 21 de
755 1441 150 28 föreskrifter,
916 1449 45 14 som
