1078 1692
236 117 35 17 268

316 180 93 21 makters
428 180 138 22 härvarande
585 181 131 25 konsulater,
730 182 68 26 jemte
818 182 63 20 deras
898 181 64 28 betje-

317 215 59 27 ning,
398 214 95 28 såframt
508 215 25 21 de
549 215 46 21 icke
617 217 38 19 äro
669 215 73 27 finske
756 215 138 27 medborgare
910 216 52 20 eller

317 249 57 20 inom
390 249 74 21 landet
479 248 76 28 utöfva
570 249 80 28 näring
666 250 52 20 eller
732 249 58 27 yrke.

386 288 22 27 d)
427 288 152 28 Utlänningar,
595 288 74 21 hvilka
691 288 76 21 endast
786 290 70 20 såsom
871 290 92 19 resande

316 323 34 27 sig
367 323 7 19 i
389 322 98 21 Finland
505 322 118 28 uppehålla
639 322 38 21 och
692 322 42 21 här
749 322 94 22 hvarken
859 322 51 22 idka
926 325 38 18 nä-

318 357 50 27 ring
385 356 52 21 eller
447 358 38 19 äro
501 357 7 19 i
521 359 88 23 statens,
625 356 109 21 kommuns
750 357 54 21 eller
817 356 84 22 enskild
912 364 52 20 per-

317 397 51 14 sons
384 391 65 27 tjenst
465 390 116 21 anställde.

386 432 21 22 €)
423 430 109 20 Invånare
549 431 7 19 i
571 429 165 29 Lappmarkens
751 430 77 21 härad.

386 470 17 26 f)
418 470 52 26 Arf,
487 472 122 19 testamente
629 470 53 21 eller
696 470 158 28 fideikommiss
870 471 36 21 till
920 478 45 13 ma-

318 504 41 20 kar
374 504 52 20 eller
443 504 119 27 arfvingar
581 504 33 20 uti
633 506 44 18 rätt
696 511 54 20 upp-
770 504 53 21 eller
841 505 124 27 nedstigan-

318 538 26 20 de
360 538 40 20 led.

386 578 23 26 g)
427 577 74 21 Aktie-
521 578 39 20 och
585 577 131 28 bankbolags
738 578 151 27 vreservfonder
910 581 56 18 samt

318 611 99 21 enskilda
429 618 106 21 personer
545 611 42 27 för
603 612 244 28 dividendutdelningar
858 612 58 27 frän
932 612 34 21 bo-

318 646 43 26 lag,
378 645 73 21 hvilka
467 645 211 28 inkomstbevillning
694 646 88 28 erlägga
798 646 67 28 enligt
880 646 15 27 $
910 648 19 18 3.

617 720 15 26 $
649 721 20 19 6.

388 758 85 28 Hvarje
497 765 75 14 annan
595 760 28 19 än
634 758 63 28 finsk
711 758 146 28 medborgare,
872 766 45 14 som
932 762 34 18 ut-

319 792 59 28 öfver
399 795 31 18 tre
449 792 71 28 dagar
539 793 67 20 vistas
622 793 8 20 i
645 792 75 21 landet
735 792 38 22 och
784 792 42 27 för
841 800 51 20 egen
907 794 59 24 eller,

319 828 70 19 såsom
415 826 118 25 utskickad,
554 826 41 27 för
619 834 85 13 annans
729 827 94 27 räkning
845 826 77 28 bjuder
942 830 24 17 ut

319 861 53 20 eller
386 860 72 21 slutar
473 860 79 21 handel
567 867 34 14 om
616 862 69 19 annat
700 860 63 21 lands
778 867 71 18 varor,
864 861 48 20 med
927 867 40 14 un-

320 895 83 26 dantay
423 894 30 27 af
468 893 115 28 medförda
603 894 264 27 landtmannaprodukter
882 894 38 21 och
935 895 32 20 al-

319 931 44 18 ster
381 928 30 27 af
427 928 104 27 husslöjd,
551 927 58 22 skall
622 927 42 28 för
680 928 42 21 den
737 928 32 21 tid
784 928 42 21 han
844 929 124 26 derutöfver

320 962 66 21 idkar
404 962 61 28 dylik
485 962 78 21 handel
583 962 89 27 erlägga
692 962 209 27 näringsbevillning
920 963 48 20 med

320 996 181 27 etthundratjugu
516 996 62 20 mark
593 996 8 20 i
617 996 113 25 månaden,
745 996 85 21 hvilken
845 996 72 27 afgift
933 999 34 18 ut-

319 1032 62 25 göres
396 1029 42 28 för
453 1029 49 28 full
519 1030 88 25 månad,
627 1029 92 22 änskönt
741 1029 44 22 han
803 1030 77 21 endast
898 1031 71 20 under

320 1065 72 26 någon
412 1064 34 20 del
467 1063 70 28 deraf
553 1065 8 19 i
580 1063 270 28 handelsangelägenheter
868 1065 34 26 sig
917 1064 51 21 här-

320 1098 73 21 städes
425 1097 132 28 uppehåller.
601 1097 126 21 Enahanda
751 1097 216 28 näringsbevillning,

320 1131 54 22 dock
389 1131 45 21 icke
449 1132 36 20 till
498 1131 65 28 högre
583 1131 73 31 belopp
673 1133 29 19 än
718 1132 28 20 tio
763 1131 61 21 mark
835 1131 41 28 för
892 1132 76 27 hvarje

321 1166 85 25 månad,
429 1165 143 21 underkastas
597 1165 48 26 den,
660 1172 51 19 som,
727 1168 54 18 utan
796 1168 32 18 att
843 1172 53 14 vara
906 1166 63 27 finsk

321 1199 145 28 medborgare,
483 1199 40 21 här
535 1200 6 20 i
553 1200 74 20 landet
641 1199 48 21 med
703 1199 142 28 vederbörligt
861 1200 107 24 tillstånd,

320 1236 54 18 emot
398 1233 78 28 afgift,
497 1233 42 27 för
561 1240 51 21 egen
634 1233 95 28 räkning
748 1233 83 28 uppför
849 1233 120 28 skådespel,

320 1267 72 28 gifver
406 1267 86 21 konsert
508 1267 56 20 eller
582 1274 74 14 annan
675 1267 128 20 musikalisk
819 1267 149 28 tillställning,

320 1301 66 21 idkar
406 1301 187 28 positivspelning,
614 1301 114 27 förevisar
748 1301 160 27 konstridning,
925 1302 43 20 lin-

321 1335 116 27 dansning,
453 1335 125 20 mekaniska
598 1335 52 20 eller
665 1335 72 20 andra
752 1335 93 25 konster,
861 1335 109 21 kosmora-

321 1377 52 18 mor,
394 1375 135 21 panoramor
554 1369 38 20 och
615 1369 71 20 andra
709 1369 85 27 optiska
813 1369 156 28 konststycken,

321 1403 167 25 vaxkabinetter,
508 1403 121 27 samlingar
654 1402 31 27 af
706 1403 53 27 djur
784 1403 39 20 och
847 1403 123 20 naturalier

321 1437 48 21 med
384 1444 65 14 mera.
479 1436 62 21 Dock
557 1439 84 25 utgöres
653 1436 43 21 icke
707 1437 71 20 denna
793 1437 67 27 afgift
875 1437 95 28 säframt
