1078 1692
211 112 21 17 56

296 175 76 25 vilkor,
395 177 32 18 att
450 176 42 19 119
513 175 15 27 $
551 174 38 20 och
617 174 85 20 dermed
728 174 215 27 sammanhängande

296 209 139 27 stadganden
457 209 8 19 i
488 208 89 27 Nådiga
595 208 164 27 förordningen
782 208 41 20 den
845 209 27 19 11
895 207 49 27 Maj

297 244 57 20 1866
370 242 67 28 blefve
452 243 8 20 i
475 242 25 20 så
515 242 66 20 måtto
592 241 147 28 förändrade,
755 244 33 18 att
806 242 138 28 utgifvandet

298 276 29 28 af
338 277 113 20 allmänna
475 276 78 27 bidrag
576 276 35 20 till
628 276 183 26 folkskollärares
830 276 38 20 och
884 276 59 20 lära-

298 312 88 19 rinnors
401 310 99 27 aflöning
515 310 74 21 ställes
606 310 7 19 i
627 309 145 27 förhållande
795 310 34 20 till
851 310 92 20 kommu-

298 352 78 14 nernas
394 344 139 28 folkmängd;
557 344 94 20 sålunda
671 346 32 18 att
719 344 122 20 kommuner
856 344 47 20 med
918 351 26 13 en

293 378 134 28 folkmängd
441 378 172 27 understigande
627 378 63 24 4,000
702 384 104 20 personer
826 378 118 27 berättigas

298 415 32 19 att
346 412 84 21 erhålla
445 412 175 21 statsunderstöd
635 412 75 20 endast
725 412 35 20 till
775 419 24 13 en
815 412 65 27 högre
883 412 61 26 folk-

298 446 60 22 skola
380 446 47 21 med
449 446 110 20 särskilda
582 445 142 28 afdelningar
740 446 44 27 för
806 452 77 21 gossar
906 446 39 20 och

294 480 89 28 flickor,
406 480 124 21 kommuner
552 480 47 20 med
621 480 63 24 4,000
708 480 34 20 till
765 480 38 20 och
818 480 47 20 med
880 480 64 24 8,000

299 515 105 20 invånare
427 515 35 20 till
485 516 72 18 tvenne
581 514 75 27 dylika
677 514 73 20 skolor
768 520 18 14 o.
806 520 16 14 s.
839 521 17 13 v.
872 514 8 20 i
896 520 48 14 ena-

300 549 75 21 handa
387 549 137 26 proportion.

264 595 132 26 Helsingfors
412 594 40 20 den
469 595 12 19 8
497 594 40 26 Maj
556 595 59 19 1872.

471 719 199 21 Reservationer.

302 781 29 20 Af
344 782 78 19 Herrar
436 781 25 21 R.
478 780 154 28 Montgomery,
648 780 24 21 F.
688 780 98 28 Kiseleff,
802 780 25 21 L.
841 780 105 22 Mechelin

197 815 39 21 och
254 815 62 21 Gust.
331 815 27 20 A.
374 814 122 22 Lindblom.

267 877 71 20 Ehuru
355 877 171 20 undertecknade
542 878 6 19 i
564 877 67 20 likhet
647 878 46 19 med
711 878 111 19 utskottets
841 878 107 25 pluralitet

197 917 51 14 anse
264 911 116 20 omtanken
397 917 33 14 om
447 911 212 26 folkupplysningens
676 911 83 20 framtid
776 911 79 26 kräfva,
876 914 29 17 att
921 919 24 12 en

199 945 143 26 begränsning
356 948 62 24 göres
434 945 6 20 i
456 945 79 20 antalet
550 945 140 26 skoleanslag,
706 951 43 14 som
761 945 31 20 till
804 945 71 26 hvarje
889 946 58 19 kom-

200 986 48 13 mun
265 979 98 26 utgifvas,
379 979 27 26 pä
422 979 34 20 det
472 981 29 18 att
517 981 78 18 statens
619 979 73 26 bidrag
714 979 31 19 till
768 979 180 20 folkskoleväsen-

200 1014 35 19 det
251 1013 35 20 mä
301 1013 71 20 kunna
388 1013 47 20 med
453 1013 117 26 möjligaste
586 1013 86 20 rättvisa
687 1013 39 20 och
746 1013 97 26 jemnhet
865 1013 83 20 komma

199 1047 43 20 alla
265 1047 80 20 trakter
368 1048 22 19 af
411 1047 71 20 landet
497 1047 96 26 tillgodo,
610 1047 62 20 hafva
687 1048 19 19 vi
723 1047 64 20 likväl
803 1047 46 20 icke
869 1048 78 20 kunnat

199 1081 73 20 förena
288 1088 33 13 oss
336 1082 72 19 derom
424 1083 29 18 att
465 1081 76 20 föreslå
549 1081 117 20 fixerandet
679 1082 23 19 af
708 1088 26 13 en
744 1081 26 26 pä
778 1081 169 21 folknumerären

200 1115 60 20 stödd
286 1115 133 20 matematisk
443 1115 196 27 beräkningsgrund
657 1115 68 20 säsom
750 1121 58 14 norm
832 1116 31 19 för
882 1117 66 26 sagde

200 1149 148 27 begränsning.
380 1150 26 19 Vi
422 1156 50 13 anse
488 1152 30 17 att
533 1149 74 20 sädant
623 1149 66 20 skulle
707 1149 102 20 innebära
831 1156 25 13 en
880 1151 69 19 alltför

201 1183 62 26 skarp
281 1184 117 26 öfvergäng
420 1184 44 19 från
489 1184 36 19 det
545 1191 26 12 nu
587 1184 99 26 gällande
702 1186 101 23 systemet
819 1184 39 19 och
874 1187 29 17 att
919 1185 30 19 ät-

202 1218 105 19 minstone
323 1218 66 20 under
405 1218 26 20 de
447 1220 104 17 närmaste
567 1217 42 20 fem
625 1217 48 20 åren
690 1220 55 17 ännu
762 1224 25 13 en
811 1217 40 20 viss
875 1218 73 19 latitud

201 1251 63 20 borde
280 1252 114 26 inrymmas
410 1252 21 19 ät
445 1252 104 26 styrelsen
565 1252 6 19 i
587 1251 100 20 afseende
702 1252 12 19 &
730 1253 63 18 sättet
809 1251 30 20 för
861 1251 87 20 bestäm-

201 1285 86 20 mandet
303 1285 23 20 af
339 1285 40 20 den
395 1286 138 26 erforderliga
544 1285 177 27 begränsningen,
733 1285 104 20 hvarefter
848 1286 46 19 med
907 1287 43 19 led-

201 1319 50 26 ning
266 1319 24 20 af
304 1319 87 20 sälunda
407 1327 82 12 vunnen
506 1320 121 19 erfarenhet
642 1319 109 20 definitiva
766 1319 91 27 grunder
872 1320 78 25 kunde,

200 1353 6 19 i
222 1353 36 20 fall
275 1353 23 20 af
313 1353 69 26 behof,
398 1354 32 19 för
446 1354 121 19 densamma
583 1354 99 19 uftstakas.

269 1386 143 33 Aberopande
428 1393 31 20 för
475 1394 62 26 öfrigt
552 1394 25 19 de
593 1394 24 19 af
634 1394 101 20 utskottet
753 1395 1 18 i
772 1396 69 17 ämnet
862 1395 89 20 anförda

201 1427 96 25 motiver,
314 1426 20 20 fä
350 1427 19 20 vi
386 1427 61 20 alltsä
463 1427 106 21 vördsamt
585 1428 76 19 föreslä
