1078 1692
184 208 23 20 af
224 208 160 25 församlingens
400 208 166 25 invånareantal,
587 208 117 20 beräknadt
716 208 29 20 ef-

122 253 2 14 |
185 244 30 18 ter
231 242 97 20 sednaste
344 242 223 26 folkmängdstabell
555 238 15 34 .

122 272 2 3 |
185 277 41 19 För
249 276 96 20 förenadt
365 276 66 19 landt-
449 276 40 20 och
505 276 150 26 stadspastorat
672 256 73 40 beräk-

158 317 37 13 nas
211 310 73 20 kartan
301 310 30 19 till
347 310 170 26 sammanslagna
534 310 99 26 beloppet
651 310 23 20 af
691 310 54 20 hvad

158 345 31 19 för
205 344 103 20 hvardera
322 345 115 25 pastoratet
451 344 53 19 efter
515 344 155 20 ofvannämnda
683 351 61 20 grun-

157 379 38 19 der
211 378 87 25 utfaller,
317 378 39 19 och
373 378 37 20 bör
430 378 105 24 särskildt,
559 378 22 20 af
601 378 143 20 Häradsskrif-

158 419 61 13 varen
244 412 120 26 upprättadt
386 412 149 26 sammandrag
557 412 59 20 öfver
639 412 34 20 det
688 413 56 19 antal

157 446 125 26 röstegande
298 446 40 19 och
355 446 111 20 betalande
483 446 84 25 mantal,
583 446 75 20 hvaraf
675 449 69 23 pasto-

156 482 55 18 ratet
225 480 51 20 eller
292 480 136 26 kyrkogället
443 480 76 26 består,
535 480 73 26 åtfölja
619 480 125 27 vallängden

157 514 32 20 till
205 514 147 26 Domkapitlet,
368 514 33 19 för
416 516 36 23 att,
468 520 34 13 om
522 515 89 25 tjensten
636 514 108 21 derstädes

158 550 96 24 besättes,
270 548 35 20 vid
320 548 154 26 kartasigillata
489 548 99 26 afgiftens
608 548 135 20 beräknande

157 584 57 24 tjena
236 582 31 20 till
293 582 160 25 efterrättelse;:
470 582 101 20 skolande
599 582 144 26 Domkapitlet

157 617 90 20 nämnde
263 616 148 27 sammandrag
431 616 32 20 till
486 616 89 20 Senaten
600 617 94 26 insända,
717 617 27 20 dä

156 652 97 19 fullmakt
268 651 36 20 der
319 651 93 19 utfärdas
428 651 51 19 eller
494 651 83 19 utlöses.

157 686 32 20 6:0
205 685 12 20 å
232 685 244 26 kapellansbeställning,
492 684 27 20 dä
534 685 62 19 lönen
613 688 22 16 är
650 685 30 19 till
693 686 51 19 visst

185 720 75 25 belopp
283 720 7 18 i
313 719 118 27 penningar
454 719 101 25 bestämd,
579 720 12 18 4
617 721 88 24 procent
722 720 23 20 af

183 754 70 19 lönen.

184 788 40 19 För
240 787 136 26 kapellanens
392 786 124 22 obestämda
531 787 115 20 inkomster
666 788 23 19 af
702 788 39 20 för-

155 822 117 25 samlingen
289 821 112 20 beräknas:

156 856 5 19 i
177 855 184 26 landsförsamling
377 855 32 20 för
424 855 73 26 hvarje
512 855 126 24 röstegande
654 856 39 19 och
706 855 35 20 be-

184 889 84 20 talande
284 889 83 26 mantal,
384 889 230 54 Flesesilkgenheterna
632 889 54 20 dock
705 897 35 12 un-

184 924 105 26 dantagna
312 939 4 4 .
666 939 4 4 a
736 939 4 4 N

155 960 54 17 samt
223 958 6 19 i
246 939 180 45 stadsförsamling
442 965 25 12 en
484 939 63 38 femte
560 939 40 38 del
611 939 24 38 af
642 958 40 19 den
694 939 45 39 -

183 994 28 23 ta,
232 998 44 13 som
297 991 32 20 för
344 991 199 26 pastorsfullmakt
536 987 12 36 i
561 992 179 27 nyssföregäende

182 1025 67 27 punkt
264 1029 22 16 är
302 1026 146 19 föreskrifven.

155 1061 32 18 7:o
204 1060 12 19 &
231 1059 248 27 sockneadjunktstjenst,
498 1061 27 19 dä
544 1060 87 20 boställe
651 1060 89 26 åtföljer,

182 1094 32 19 för
236 1094 72 25 hvarje
330 1094 56 19 inom
406 1094 213 26 aflöningsdistriktet
637 1094 103 26 befintligt

181 1128 125 26 röstegande
330 1128 39 20 och
392 1128 112 20 betalande
526 1128 84 26 mantal,
633 1128 106 20 kleresilä-

183 1161 129 27 genheterna
328 1162 53 19 dock
401 1162 136 26 undantagna
559 1178 4 3 .
595 1177 4 4 .
629 1177 5 6 .

153 1203 47 12 men
216 1202 33 13 om
268 1196 87 19 boställe
371 1197 19 25 ej
407 1196 66 19 finnes
489 1196 74 20 endast

153 1231 34 19 8:o
203 1230 12 19 &
230 1229 227 30 adjunktsbeställning
473 1230 51 20 eller
539 1237 69 13 annan
629 1212 111 45 prösterlig

182 1264 122 26 befattning,
328 1264 31 19 för
381 1264 86 19 hvilken
491 1264 121 27 aflöningen
639 1265 61 20 beror
719 1265 23 20 af

181 1298 91 19 enskildt
294 1297 50 20 aftal
367 1298 89 19 emellan
480 1298 40 19 den
551 1299 125 20 förordnade
700 1299 38 20 och

179 1333 52 18 hans
254 1332 109 25 principal,
386 1331 12 20 å
420 1332 65 20 sådan
509 1332 66 26 karta,
599 1339 44 13 som
665 1333 32 19 för
713 1333 25 20 de

179 1365 53 20 ifrån
255 1365 149 27 Domkapitlen
427 1366 105 26 utgående
555 1367 146 26 expeditioner
716 1370 22 16 är

179 1399 146 21 föreskrifven.

151 1435 34 20 9:0
201 1435 12 18 &
228 1433 108 20 kloekare-
353 1433 51 20 eller
420 1433 172 27 orgelnisttjenst,
608 1434 32 20 för
650 1434 86 20 hvilken

818 106 34 17 133

809 245 56 19 1150

789 929 72 19 —|25
