1078 1692
216 128 23 17 68

199 192 53 20 1864
269 192 124 26 upprättade
410 192 56 19 tablå
481 192 58 19 öfver
556 191 69 20 finska
639 193 79 18 statens
734 192 115 20 inkomster
861 192 38 20 och
916 195 30 17 ut-

198 226 63 26 gifter
277 226 66 20 under
358 226 50 19 åren
428 226 144 19 1811—1860.

267 260 59 20 Hvad
343 260 51 19 först
411 260 98 19 beträffar
524 260 196 20 statsinkomsterna
737 260 37 19 har
794 259 100 21 utskottet
911 267 36 13 anu-

197 297 41 17 sett
253 296 32 24 sig
302 294 50 20 böra
367 294 97 20 meddela
481 294 64 26 några
561 294 5 19 i
583 294 99 20 afseende
698 294 12 20 å
730 294 46 19 dem
798 294 74 26 gjorda
894 294 52 20 iakt-

197 329 98 26 tagelser.

266 362 165 25 Grundskatten,
447 362 52 19 eller
515 361 25 20 de
557 362 65 19 under
638 362 64 19 första
721 362 152 20 inkomsttiteln
895 365 51 16 samt

197 397 100 20 rubriken
312 396 96 20 ”Skatter
424 396 23 19 af
457 396 47 25 jord
521 396 38 19 och
580 395 122 26 lägenheter
718 396 12 19 &
749 396 90 25 landet”,
864 396 82 19 bokför-

197 432 27 19 da
239 431 123 24 inkomster,
386 430 43 25 har,
453 430 52 19 efter
528 430 74 26 afdrag
625 430 23 19 af
664 430 184 26 kronoskogarnes
868 430 78 19 afkast-

199 466 55 25 ning,
272 465 64 20 under
353 464 160 26 ifrågavarande
531 463 92 26 tidrymd
639 464 106 26 inbringat
762 464 45 19 med
829 464 60 26 ringa
912 470 34 14 va-

198 499 101 19 riationer
315 499 5 19 i
338 498 99 20 medeltal
453 498 110 23 4,837,856
582 498 57 19 mark
656 504 33 13 om
706 498 51 24 året,
773 498 174 26 afkortningarne

198 533 142 19 oberäknade.
371 525 30 26 År
427 532 52 19 1844
502 532 61 19 inflöt
587 532 65 20 under
675 532 69 20 denna
767 532 43 20 titel
837 532 109 26 3,423,208

199 566 57 20 mark
274 566 39 20 och
330 566 22 20 år
370 566 53 20 1854
439 568 28 17 ett
484 565 76 27 belopp
576 566 23 19 af
613 566 111 26 3,643,036
742 566 65 19 mark.
837 566 109 20 Jordskat-

198 603 58 18 ierne
280 602 59 24 stego
362 600 82 19 således
467 600 66 19 under
552 600 111 19 decenniet
684 600 72 19 1844--
768 601 26 19 54
811 600 45 20 meu
874 601 73 19 endast

199 635 51 26 6/10
269 634 32 26 ”/,,
318 641 46 13 men
381 634 36 20 det
432 634 93 25 följande
541 634 111 20 decenniet
669 634 46 20 med
732 633 64 27 32%/,,
815 635 35 25 %,,
866 634 80 20 hvilket

198 668 130 20 sistnämnda
351 668 79 19 faktum
455 674 43 13 mer
521 670 26 17 än
569 668 32 19 väl
618 668 58 19 torde
692 668 98 25 förklara,
807 668 97 20 hvarföre
920 675 25 13 en

198 702 95 20 definitiv
311 702 90 20 revision
421 702 22 19 af
464 702 314 26 räntepersedelomsättningen
802 702 39 19 och
864 702 81 20 marke-

197 736 215 26 gängssättningarne
428 739 22 16 är
466 736 23 19 af
501 736 82 19 landets
597 736 111 26 jordegare
725 736 145 26 efterlängtad.

267 771 31 19 De
313 770 66 20 under
402 770 65 20 andra
489 770 154 20 inkomsttitelu
665 769 97 21 ”Skatter
785 770 23 20 af
824 770 122 27 förädlings-

198 804 64 20 verk?
278 807 108 23 upptagna
401 804 84 26 afgifter
501 804 45 19 från
559 804 135 26 jernverken,
708 810 44 14 som
762 804 110 20 benämnts
888 805 57 19 ham-

198 838 102 20 marskatt
316 838 38 20 och
372 838 177 26 masugnstionde,
566 838 61 19 hafva
646 838 26 26 pä
695 838 67 26 grund
785 838 23 19 af
828 838 118 27 Kejserliga

197 873 161 26 Förordningen
375 872 40 20 den
435 873 24 18 10
474 872 100 20 Februari
594 873 51 18 1868
662 873 115 19 successivt
792 872 98 26 aflyftats,
906 873 38 19 och

197 907 55 19 visar
268 907 32 26 sig
316 907 82 19 derföre
422 906 63 20 redan
509 906 32 19 för
563 906 50 19 ären
633 907 50 19 1867
700 907 38 19 och
759 907 50 19 1868
825 913 25 13 en
868 907 77 19 minsk-

197 941 50 26 ning
263 941 12 19 &
291 941 60 20 dessa
374 940 85 26 skatter,
483 940 70 20 hvilka
578 940 44 20 från
646 941 38 19 och
710 941 46 19 med
780 941 22 19 år
827 941 52 19 1870
898 941 47 20 icke

197 981 57 14 mera
271 975 114 26 uppburits.

266 1009 80 20 Genom
364 1011 77 18 tvenne
457 1009 6 19 i
480 1009 94 26 enlighet
590 1009 45 20 med
652 1009 129 20 Ständernas
798 1009 66 19 beslut
883 1009 62 20 utfär-

197 1043 54 20 dade
268 1043 119 26 Kejserliga
402 1043 155 26 Förordningar
573 1043 24 19 af
609 1043 40 20 den
666 1043 26 20 20
708 1042 100 20 Februari
827 1043 51 20 1865
902 1043 43 20 haf-

199 1083 25 14 va
240 1077 25 20 de
282 1077 110 25 särskilda,
409 1077 29 19 till
455 1077 66 25 tredje
538 1076 153 20 inkomsttiteln
713 1077 92 19 hörande
829 1077 117 25 personella

198 1111 116 26 utskylder,
331 1117 43 13 som
391 1110 67 26 utgätt
473 1110 66 20 under
560 1110 127 27 benämning
706 1111 129 25 poduschnie
858 1111 87 25 pennin-

197 1152 43 19 gar,
258 1145 104 26 lagmans-
379 1145 39 19 och
435 1144 243 27 häradshöfdingeränta,
688 1145 124 25 slottshjelp,
825 1145 119 20 medicinal-

197 1179 49 19 fond
263 1179 39 20 och
319 1179 196 26 djeknepenningar
532 1179 68 19 blifvit
616 1179 123 25 afskaffade,
757 1178 107 20 hvaremot
889 1186 55 13 man-

196 1213 187 26 talspenningarne
406 1213 108 26 samtidigt
536 1213 87 26 förhöjts
646 1213 38 19 och
705 1213 79 26 päförts
800 1219 25 12 en
842 1213 33 19 del
891 1213 55 20 förut

197 1247 94 20 befriade
307 1246 186 20 samhällsklasser.
509 1246 9 19 I
534 1247 51 25 följd
602 1247 60 19 häraf
675 1247 38 19 har
730 1247 28 18 uti
775 1247 69 19 denna
854 1247 89 20 inkomst

196 1281 22 19 är
236 1281 61 25 1865,
320 1280 26 20 dä
369 1281 40 19 den
430 1281 95 26 utgjorde
543 1281 109 25 1,362,337
669 1281 66 24 mark,
752 1280 92 26 uppstått
862 1287 25 13 en
904 1281 39 20 till-

196 1315 80 26 ökning
299 1315 23 19 af
342 1314 74 25 98,871
442 1315 58 19 mark
525 1317 56 17 emot
603 1314 22 20 är
645 1315 58 25 1864,
720 1321 46 12 men
784 1314 52 20 efter
852 1315 22 19 år
891 1315 52 20 1866

195 1349 63 20 hafva
267 1348 235 26 mantalspenningarna
511 1348 109 20 efterhand
637 1348 86 27 nedgätt
739 1348 55 20 ända
809 1349 31 18 till
852 1349 22 19 är
884 1349 60 26 1869,

195 1383 27 19 då
237 1383 75 19 endast
328 1382 111 25 1,259,450
455 1382 58 20 mark
529 1383 76 19 influtit
621 1389 74 20 genom
714 1383 70 19 denna
805 1382 63 26 skatt,
891 1383 51 20 hvil-

195 1417 36 19 ket
254 1417 55 19 väli
324 1416 86 19 främsta
432 1419 89 17 rummet
543 1417 82 19 härrört
647 1417 65 24 deraf,
736 1419 30 17 att
788 1417 81 19 landets
890 1418 52 19 folk-

195 1451 76 26 mängd
287 1451 65 19 under
368 1451 70 19 denna
452 1451 72 26 period
541 1451 105 26 betydligt
662 1451 109 25 minskats,
795 1457 45 13 men
861 1451 30 20 till
907 1452 35 19 nä-
