1078 1692
215 112 35 16 552

261 180 47 15 men
328 173 38 26 för
388 174 101 20 Bankens
508 174 82 26 egande
609 174 80 25 vexlar,
704 174 139 21 skuldsedlar
858 173 38 21 och
912 175 34 19 sä-

262 207 226 28 kerhetshandlingar.

332 241 44 21 Och
399 244 38 18 äro
460 242 63 20 såväl
545 241 154 28 Ordföranden
718 248 45 15 som
778 242 169 20 ledamöterne
936 237 15 37 i

262 275 145 21 Direktionen
425 276 76 26 derhos
517 275 98 28 skyldige
630 278 32 18 att
678 276 99 27 iakttaga
793 276 38 20 och
842 275 104 28 fullgöra

258 309 83 27 jemväl
361 309 25 21 de
399 308 149 28 föreskrifter,
563 316 52 20 som,
631 310 35 20 till
682 310 108 20 vinnande
805 309 30 28 af
846 316 24 14 en
887 309 59 21 verk-

262 350 107 14 sammare
384 343 102 25 kontroll,
502 344 80 24 kunna,
597 350 75 21 genom
688 344 26 20 de
728 344 9 20 i
750 344 30 21 55
790 344 15 27 $
815 343 130 21 omnämnda

262 376 112 22 särskilda
390 377 162 25 instruktioner,
569 378 46 20 dem
631 378 114 20 meddelas.

576 441 12 27 8
603 442 35 19 81.

331 480 90 21 Märker
445 480 89 21 medlem
559 481 8 20 i
588 480 200 21 Bankdirektionen
813 480 37 21 hos
875 481 72 27 någon

262 514 102 21 Bankens
380 515 130 26 tjensteman
525 514 52 21 eller
593 514 79 27 betjent
682 514 36 27 fel
734 514 57 20 eller.
796 513 152 28 försummelse

262 550 10 18 i
287 549 98 27 tjensten,
405 548 57 21 skall
480 548 43 20 han
539 550 54 19 utan
608 548 98 27 uppskof
717 548 73 20 derom
805 548 89 20 anmäla
909 548 37 20 hos

263 582 149 25 Direktionen,
424 583 32 26 pä
471 582 86 21 hvilken
571 582 35 21 det
621 582 67 21 sedan
703 582 124 21 ankommer
842 584 32 18 att
885 582 61 26 oför-

264 616 108 27 dröjligen
395 616 90 28 vidtaga
504 616 42 20 den
565 616 52 20 eller
632 616 26 20 de
672 616 112 27 åtgärder,
798 622 51 18 som,
860 615 41 27 för
917 616 29 20 bi-

264 650 138 20 behällandet
417 649 29 28 af
456 650 43 27 god
515 650 92 27 ordning
624 651 56 19 inom
694 650 71 20 verket
780 652 56 18 samt
846 649 102 21 Bankens

265 684 147 27 betryggande
426 686 43 18 mot
483 684 69 20 skada
568 684 38 20 och
617 683 91 27 förlust,
725 684 74 20 kunna
809 690 54 14 vara
875 684 29 26 af
910 686 38 18 nö-

264 718 48 20 den.
341 717 83 21 Finner
446 717 149 27 Direktionen,
618 718 54 26 efter
694 717 117 21 verkställd
830 717 118 21 undersök-

264 752 61 27 ning,
340 751 84 25 honom,
439 754 43 18 mot
497 752 86 20 hvilken
597 752 71 20 sädan
684 752 105 20 anmälan
802 752 78 26 ingätt,
889 752 59 27 skyl-

266 786 38 26 dig
327 786 34 20 till
383 785 35 21 det
440 785 116 21 anmärkta
571 785 56 27 felet
646 786 52 20 eller
708 785 175 27 försummelsen,
900 792 48 20 eger

264 818 150 25 Direktionen,
430 819 56 26 efter
496 819 77 21 sakens
585 819 148 27 beskaffenhet,
742 820 105 27 antingen
855 819 94 21 enskildt

264 859 76 20 genom
358 852 155 27 Ordföranden
527 859 69 14 varna
612 853 41 20 den
664 852 109 28 felaktige
788 853 52 20 eller
850 853 98 26 försum-

266 886 48 27 lige,
334 886 53 21 eller
402 886 61 27 inför
479 886 153 21 Direktionens
644 887 110 26 protokoll
770 887 85 20 tilldela
870 887 76 20 honom

265 927 27 14 en
313 920 119 21 allvarsam
449 920 167 28 föreställning,
639 921 51 20 eller
712 920 68 27 skilja
800 920 77 21 honom
890 920 59 27 frän

265 955 102 26 tjenstens
386 953 104 28 utöfning
506 955 33 26 pä
556 961 26 14 en
598 955 51 20 eller
664 954 62 27 högst
742 955 35 20 tvä
792 955 104 20 mänader
910 955 38 20 och

265 988 102 27 derjemte
384 987 113 28 fräntaga
517 988 77 21 honom
608 989 42 20 viss
665 988 35 21 del
715 988 29 27 af
755 989 62 20 lönen
833 989 52 20 eller
900 989 48 21 hela

266 1022 62 20 lönen
345 1022 42 26 för
410 1029 82 14 samma
515 1022 38 20 tid.
583 1021 50 22 Men
652 1029 64 14 anser
735 1022 143 21 Direktionen
892 1023 56 26 felet

265 1056 53 20 eller
327 1055 168 28 försummelsen
509 1063 54 14 vara
577 1057 95 25 svärare,
688 1059 29 18 än
732 1059 33 18 att
776 1056 35 21 det
822 1056 43 21 kan
876 1057 72 26 aflöpa

264 1090 48 20 med
332 1089 42 21 den
393 1091 64 26 näpst
473 1089 41 21 här
529 1090 110 27 nämndes,
654 1090 53 21 eller
721 1090 42 21 har
778 1091 171 27 tjenstemannen

264 1130 76 20 genom
361 1124 39 19 sitt
422 1123 155 28 ifrägakomna
594 1123 136 28 förfarande
750 1124 89 27 ådragit
857 1124 92 21 Banken

264 1157 71 21 skada
354 1157 52 21 eller
420 1157 91 27 förlust,
529 1158 38 21 bör
581 1158 150 26 Direktionen,
747 1159 25 20 sä
783 1158 50 27 fort
848 1159 36 20 ske
899 1159 49 26 kan,

266 1191 46 20 läta
331 1191 37 21 vid
388 1191 133 28 vederbörlig
535 1192 92 21 domstol
642 1193 83 20 tilltala
740 1192 77 21 honom
832 1195 56 18 samt
904 1193 44 21 till-

265 1225 136 21 handahälla
417 1225 120 28 äklagaren
552 1227 32 20 all
599 1226 40 21 den
654 1227 122 27 utredning,
791 1233 44 14 som
842 1227 42 26 för
889 1227 59 27 fast-

265 1259 119 20 ställandet
407 1259 30 27 af
454 1260 149 27 ersättningen
623 1261 35 20 till
677 1260 91 21 Banken
788 1260 107 27 behöfves;
910 1261 38 20 och

265 1293 58 20 skall
344 1293 41 20 den
409 1293 110 21 tilltalade
541 1294 120 21 emellertid
682 1294 37 21 och
740 1295 60 20 intill
819 1295 47 20 dess
882 1295 68 21 ätalet

266 1326 72 27 blifvit
357 1327 104 27 slutligen
477 1327 104 28 afgjordt,
597 1327 99 28 afhällas
707 1328 58 27 från
782 1329 144 27 tjenstgöring
942 1330 7 19 i

265 1360 99 21 Banken.
394 1361 55 24 Den,
471 1368 46 14 som
536 1361 30 28 af
580 1361 142 22 Direktionen
737 1361 71 28 blifvit
823 1362 57 21 skild
890 1363 59 26 från

266 1396 104 25 tjenstens
385 1395 102 28 utöfning
499 1396 33 26 pä
547 1396 42 21 viss
606 1396 38 26 tid,
659 1397 47 20 med
722 1397 52 20 eller
790 1398 52 19 utan
855 1396 94 27 löneför-

266 1428 50 26 lust,
336 1431 54 18 utan
410 1431 32 18 att
457 1429 36 20 till
508 1430 47 20 ätal
569 1430 36 21 vid
620 1430 90 21 domstol
726 1429 73 22 tillika
809 1429 139 28 förordnats,
