1078 1692
225 128 23 16 50

271 191 33 19 Då
319 191 35 19 det
374 193 23 17 är
418 190 115 20 önskvärdt
549 192 30 18 att
594 191 7 19 i
618 190 71 26 hvarje
705 190 65 27 högre
786 191 106 20 folkskola
911 194 42 16 sär-

203 226 72 19 skilda
290 224 134 27 afdelningar
439 225 32 19 för
486 231 73 20 gossar
575 225 39 19 och
634 225 74 19 flickor
728 225 67 20 tinnas
818 228 54 17 samt
894 225 59 19 säbe-

203 260 96 20 skaffade
322 259 71 19 skolor
416 259 109 26 rätteligen
548 259 65 19 måste
630 259 106 19 betraktas
752 259 67 20 såsom
839 260 73 19 endast
928 266 26 12 en

203 294 133 22 skolanstalt,
354 293 62 19 hafva
430 293 43 19 alla
488 293 25 19 de
529 293 131 26 kommuner,
676 294 6 18 i
699 293 72 20 hvilka
787 294 73 26 dylika
883 293 71 19 skolor

204 328 88 19 kommit
316 328 29 18 till
370 327 66 24 stånd,
460 328 28 18 uti
505 328 69 18 denna
590 327 56 20 tablå
661 327 73 19 införts
751 328 6 18 i
773 334 80 13 samma
868 327 84 19 kolumn

205 362 45 19 med
268 362 26 19 de
310 361 131 25 kommuner,
457 368 44 13 som
518 361 116 20 tillsvidare
650 362 84 18 inrättat
753 362 74 19 endast
847 368 25 12 en
896 367 57 20 goss-

203 396 51 19 eller
270 402 26 13 en
316 395 117 20 flickskola.

202 446 200 27 Folkskoleanslag,
418 452 44 14 som
478 446 58 20 ända
555 446 35 20 till
611 447 57 19 1871
692 446 36 20 års
752 446 82 27 utgång
857 445 96 27 beviljats

392 480 165 20 nedannämnde
571 480 192 20 stadskommuner.

204 533 2 27 |
473 532 1 40 |
501 542 58 18 Marx.
842 537 1 41 |
868 542 56 18 Mark.
950 533 2 18 |

204 572 1 29 |
220 577 132 27 Helsingfors
384 592 3 4 .
419 592 4 4 .
455 574 19 29 .'
495 578 62 26 8,000
573 568 18 40 |
599 578 129 25 Björneborg
753 593 3 3 .
788 593 4 4 .
823 579 21 20 .!'
863 578 59 24 1,000
950 552 2 67 |

204 608 1 42 |
219 608 61 42 Äbo,
312 632 4 4 <
347 632 4 4 «<
384 632 4 3 <
419 632 3 4 <
454 631 4 4 «|
495 618 62 25 6,000
575 604 13 50 |
599 617 158 19 Nikolaistad
754 604 13 50 .
788 632 4 4 .
823 632 4 4 .|
864 617 59 25 1,000
950 620 2 49 |

203 653 3 27 |
220 656 132 20 Tavastehus
383 670 3 4 .
418 671 4 4 .
454 671 4 5 .|
495 657 62 25 2,000
575 649 13 37 |
599 656 29 20 S:t
644 656 74 20 Michel
753 672 4 4 .
788 672 4 4 .
823 672 4 4 .|
864 657 60 25 1,000
951 671 1 7 |

204 686 2 26 |
220 696 132 20 Brahestad
354 682 11 44 .
383 711 4 4 .
418 711 4 4 .
454 711 4 4 .!
495 697 62 24 2,000
577 682 12 44 |
599 696 192 20 Willmanstrand
790 682 15 44 .
823 712 4 3 ./
882 696 41 20 600
951 686 1 26 |

204 737 2 15 i
220 736 140 20 Kristinestad
383 752 3 3 .
418 752 4 3 .
453 751 4 3 .|
499 736 58 25 1,600
576 732 13 34 |
599 736 87 19 Lovisa.
718 751 3 4 .
752 752 4 3 .
788 752 4 3 .
823 752 4 3 .
884 736 40 19 400
951 720 1 45 |

220 775 70 27 Borgå
312 791 4 3 .
348 791 4 4 .
390 791 1 3 =
418 790 4 4 +
454 791 4 3 .|
498 775 59 25 1,000
744 776 84 20 Summa
842 762 110 45 [24,600*)|

272 826 48 19 Med
344 826 99 20 afseende
464 826 13 19 &
491 827 171 25 ofvanupptagna
678 826 183 26 anslagssummor,
882 827 72 19 hvilka

204 860 188 19 sammanräknadt
415 862 72 23 utgöra
513 861 89 24 124,420
619 860 64 25 mark,
703 860 37 19 bör
756 860 111 19 anmärkas
883 862 29 17 att
928 860 25 19 de

204 894 26 26 pä
245 894 60 26 långt
321 897 37 16 när
372 894 48 19 icke
444 894 96 19 effektivt
563 894 73 26 utgått,
660 894 87 19 emedan
768 894 57 19 såväl
847 894 105 19 bristande

204 929 91 25 tillgång
311 929 27 25 på
353 928 67 19 lärare
437 929 38 19 och
492 929 117 19 lärarinnor
625 935 43 13 som
684 928 40 19 ock
740 929 65 18 andra
825 929 127 25 omständig-

205 963 59 19 heter
287 963 27 25 på
336 962 76 27 många
435 965 55 17 orter
511 963 88 25 fördröjt
615 963 51 19 eller
681 962 85 19 hindrat
780 962 109 19 skolornas
905 965 49 22 öpp-

205 996 76 25 nande,
298 996 39 19 och
353 996 37 19 har
407 996 106 24 utskottet,
529 997 65 19 ehuru
611 1002 109 20 noggrann
736 996 81 26 uppgift
832 996 27 25 på
874 996 40 19 den
931 996 23 19 år

207 1030 48 19 1871
276 1030 31 19 till
323 1030 161 26 ifrågavarande
501 1030 96 19 ändamål
614 1029 143 20 utanordnade
773 1036 78 13 summa
870 1029 83 20 saknas.

205 1064 65 19 likväl
287 1064 36 25 uti,
340 1064 63 19 bland
420 1067 69 22 annat,
506 1064 35 19 det
557 1063 78 20 faktum
652 1066 29 17 att
697 1063 64 26 enligt
778 1063 118 26 åberopade
914 1064 38 19 Re-

206 1098 64 19 lation
294 1098 31 19 till
348 1098 40 19 och
409 1098 46 19 med
476 1097 22 20 år
516 1098 53 19 1870
586 1097 97 20 utbetalts
699 1097 74 19 endast
790 1098 88 24 115,156
895 1098 58 19 mark

205 1132 23 18 61
246 1132 65 25 penni
327 1131 22 20 af
363 1131 25 20 de
404 1131 67 26 enligt
487 1131 138 20 förevarande
643 1131 80 26 Nådiga
742 1131 129 26 proposition
890 1131 64 20 bevil-

203 1165 49 24 jade
268 1165 132 26 lönebidrag,
417 1171 42 14 som
477 1165 31 20 för
524 1171 79 13 samma
619 1165 29 19 tid
665 1165 97 26 utgjorde
780 1165 87 25 189,020
888 1165 66 20 mark.

205 1201 35 24 egt
256 1199 125 26 tillräckligt
396 1199 46 20 stöd
458 1199 31 19 för
505 1199 36 19 det
556 1199 125 26 antagande,
697 1201 30 17 att
742 1199 34 19 det
793 1199 30 19 för
839 1199 22 19 år
879 1199 51 20 1871
948 1200 6 18 i

205 1233 40 19 den
261 1233 83 26 Nådiga
360 1233 157 26 propositionen
541 1233 31 19 till
599 1233 87 25 130,000
706 1232 59 19 mark
782 1232 120 20 beräknade
919 1239 34 13 an-

204 1267 44 26 slag
265 1267 32 19 för
312 1267 118 19 folkskolor
446 1267 101 26 betydligt
564 1267 124 26 öfverstiger
708 1267 36 18 det
763 1266 109 27 verkligen
896 1267 57 19 utbe-

204 1301 69 19 talade
291 1301 103 26 beloppet.
426 1301 31 19 Då
474 1301 99 19 utskottet
590 1301 115 19 emellertid
722 1307 60 12 anser
798 1301 39 19 den
855 1300 97 26 förhopp-

272 1368 17 20 +)
303 1367 63 17 Under
378 1368 127 16 innevarande
518 1367 20 17 år
550 1368 56 16 hafva
619 1367 65 22 dylika
697 1367 65 22 anslag
775 1367 29 17 till
817 1368 136 22 sammanlagdt

203 1396 67 22 belopp
284 1396 21 16 af
318 1396 62 21 13,100
392 1396 51 16 mark
458 1396 71 22 tillagts
542 1396 87 17 städerna
642 1396 84 21 Wiborg,
738 1396 130 21 Tammerfors,
881 1397 72 22 Nystad

203 1424 33 17 och
249 1424 79 21 Raumo,
341 1424 102 22 hvarjemte
457 1424 128 23 ansökningar
599 1429 30 12 om
642 1424 56 17 sådan
716 1424 71 17 förmån
807 1424 28 17 till
856 1425 97 16 vederbör-

201 1453 27 22 lig
242 1455 29 14 ort
284 1452 100 17 inlemnats
398 1451 40 18 från
451 1452 97 23 åtskilliga
561 1453 170 16 stadskommuner.
