1078 1692
795 134 31 18 351

103 198 77 26 charge
197 198 38 20 och
252 199 121 19 densamma
389 198 107 20 sannolikt
508 198 41 26 just
566 197 69 20 derför
650 197 47 20 icke
714 197 87 20 kommit
815 197 35 19 Di-

104 231 110 20 rektionen
231 232 30 19 till
278 231 41 25 del,
335 234 69 17 ansett
418 232 31 26 sig
465 231 122 27 förpligtadt
606 233 30 17 att
651 231 128 20 härmedelst
794 231 55 20 hem-

104 265 67 26 ställa,
187 265 103 20 huruvida
312 265 47 20 icke
384 265 191 27 Bankfullmäktige
598 265 70 20 kunde
684 265 79 20 erhålla
779 266 6 19 i
800 272 50 19 upp-

105 300 50 25 drag
171 302 36 23 att,
222 299 13 19 &
251 299 127 20 Ständernas
394 303 86 23 vägnar,
496 300 20 19 åt
532 299 207 21 Bankodirektionen
756 300 30 19 för
802 300 49 19 den-

105 340 36 13 nas
157 334 128 26 förvaltning
300 334 24 19 af
336 334 99 20 Finlands
452 334 53 20 bank
523 333 65 21 under
604 334 49 20 ären
672 333 60 27 1868,
748 334 52 19 1869
812 334 38 20 och

107 368 52 19 1870
175 368 97 19 meddela
289 368 39 19 den
346 368 110 26 decharge,
472 368 83 19 hvartill
575 368 137 20 Direktionen
729 371 23 17 är
768 368 82 19 berätti-

105 402 50 26 gad;
178 402 38 20 och
241 402 58 20 torde
320 402 57 20 detta
396 402 95 26 uppdrag
506 402 62 20 äfven
585 402 51 20 böra
652 402 115 20 utsträekas
783 402 30 20 till
829 402 22 20 är

107 436 59 24 1871,
190 436 64 20 sedan
279 430 128 32 förvaltning
426 436 31 20 för
476 436 137 20 nästnämnde
637 436 21 20 är
684 436 110 26 undergätt
816 436 34 20 be-

105 470 59 26 hörig
180 470 98 20 revision.
550 474 2 3 N

173 561 103 27 Slutligen
293 562 95 20 anhäller
408 562 101 20 utskottet
525 564 29 18 att
569 562 106 20 vördsamt
690 562 21 19 fä
726 562 75 24 erinra,
817 562 36 19 det

105 596 120 20 nuvarande
241 596 205 27 Bankfullmäktiges
462 597 38 19 och
517 596 114 20 revisorers
646 596 95 26 uppdrag
757 596 94 20 tillända-

105 630 59 25 löper
187 630 47 20 med
258 637 27 13 nu
308 630 110 26 pägäende
441 631 102 26 landtdag
561 631 39 19 och
616 632 30 18 att
660 633 47 24 nytt
722 630 33 20 val
771 630 23 20 af
806 630 45 19 full-

107 663 98 27 mäktige,
221 664 104 20 revisorer
348 667 54 17 samt
420 665 135 26 suppleanter
577 664 32 20 för
632 664 109 26 hvardera,
761 664 66 26 enligt
841 666 11 22 $

106 697 25 20 68
147 698 6 18 i
169 698 99 26 gällande
291 698 212 27 Landtdagsordning
527 699 58 19 böri
603 698 41 27 god
665 699 30 19 tid
718 698 133 20 derförinnan

105 738 41 20 ega
161 739 51 13 rum.
242 732 138 27 Helsingfors,
396 733 40 20 den
453 733 27 20 22
495 733 55 19 Mars
567 733 60 19 1872.
