1078 1692
840 148 11 16 5

126 209 78 21 seende
220 209 85 20 hvartill
322 210 38 19 och
377 212 51 17 enär
443 210 47 19 icke
506 209 21 19 få
542 209 128 27 gårdsägare
686 210 6 19 i
708 210 65 26 sagde
789 211 45 19 stad
847 212 27 25 på

127 244 66 26 grund
209 243 23 20 af
244 243 98 26 gällande
358 243 120 26 privilegier
493 246 36 16 äro
546 243 44 19 från
609 244 144 26 inqvartering
773 244 99 26 befriade,

127 278 81 20 kronan
224 278 53 19 varit
294 277 115 19 föranlåten
426 279 29 17 att
471 277 115 20 tillsvidare
603 277 29 19 till
648 278 35 19 två
698 278 127 26 tredjedelar
844 279 29 19 öf-

128 314 87 24 vertaga
229 311 161 27 ifrågavarande
406 311 96 19 kostnad.
533 311 66 19 Bland
615 311 67 26 öfriga
697 312 71 20 städer
783 312 7 20 i
803 312 70 20 landet

128 346 65 20 måste
209 345 123 27 isynnerhet
346 345 137 26 Tavastehus,
498 345 90 26 Wiborg
603 345 39 19 och
655 346 163 20 Fredrikshamn
830 346 43 20 vid-

128 381 81 19 kännas
224 382 56 17 stora
295 378 270 27 inqvarteringsutskylder,
583 379 97 19 hvarföre
695 379 40 20 ock
756 380 40 19 den
815 380 59 20 först-

129 414 90 20 nämnde
242 414 22 19 af
284 413 62 19 dessa
369 415 31 17 tre
416 413 75 25 städer,
511 412 84 20 hvilken
613 413 18 25 ej
648 416 50 23 äger
713 413 69 27 någon
798 414 76 26 tolags-

128 448 98 25 inkomst,
243 454 55 18 men,
315 447 45 19 med
378 454 25 12 en
419 447 122 25 folkmängd
557 446 23 20 af
594 447 62 25 3,000
671 447 109 25 invånare,
799 448 75 26 drager

128 489 26 13 en
177 482 220 26 inqvarteringstunga
419 481 22 19 af
461 480 98 27 omkring
579 481 75 26 20,000
672 481 65 26 mark,
752 482 23 19 af
793 482 81 20 militie-

130 516 83 20 medlen
236 516 32 19 för
292 516 23 18 år
339 516 53 18 1870
416 515 77 26 tillagts
516 515 62 25 4,000
595 515 59 20 mark
670 515 68 20 såsom
755 515 74 27 bidrag
844 516 31 20 till

129 550 159 20 underlättande
304 550 22 19 af
340 549 91 19 nämnde
447 549 80 19 besvär.

197 584 32 20 Då
245 583 163 20 militiefondens
432 583 112 27 tillgångar
567 584 112 19 framdeles
706 584 66 20 måste
795 585 80 26 tagas
865 579 15 36 i

129 618 91 26 anspråk
236 618 31 19 till
284 617 175 20 försvarsverkets
475 617 6 19 i
498 617 71 19 landet
579 617 115 26 ordnande,
706 618 86 20 hvarom
807 618 68 20 Hans

130 652 154 26 Kejserliga
299 651 120 26 Majestät
434 651 29 19 uti
479 650 110 20 skrifvelse
605 651 32 19 till
650 651 225 27 Generalguvernören

130 687 23 19 af
166 687 41 19 den
222 686 35 24 (31
275 685 117 20 December
410 686 62 24 1870)
491 685 23 19 12
529 685 86 19 Januari
632 685 52 20 1871
707 686 106 19 meddelat
835 686 40 20 Nå-

130 721 36 26 dig
187 719 113 25 föreskrift,
323 721 55 17 samt
400 718 60 20 dessa
480 718 112 27 tillgångar
608 719 159 27 ursprungligen
784 720 47 20 icke
847 720 28 20 af-

130 757 51 18 setts
197 754 31 20 för
244 753 85 26 utgifter
345 753 30 19 till
391 753 177 26 inqvarteringen,
588 753 85 19 hvilken
693 756 81 17 ensamt
796 754 81 26 åligger

131 790 26 19 de
173 786 260 28 ingvarteringsskyldige,
457 793 49 13 vore
529 787 35 19 det
586 786 94 27 önskligt
702 790 30 16 att
748 787 44 20 från
808 788 70 19 denna

131 823 50 19 fond
197 822 65 26 några
278 821 73 25 bidrag
367 820 31 20 till
414 820 111 20 lindrande
542 820 24 20 af
586 820 163 20 kommunernas
771 821 105 26 inqvarte-

132 857 122 26 ringstunga
270 855 48 20 icke
333 854 112 20 framdeles
461 854 67 19 skulle
545 854 55 26 utgå,
616 855 136 26 hvarigenom
776 855 32 26 de,
832 861 44 14 som

131 893 36 17 äro
191 889 85 20 dermed
302 890 52 18 mest
378 888 121 25 besvärade,
522 888 85 19 komme
625 891 29 17 att
670 888 66 20 sakna
751 889 35 19 det
801 889 75 20 under-

131 925 46 19 stöd
193 925 6 18 i
215 923 74 26 antydt
314 922 127 25 hänseende,
467 922 82 19 förutan
573 922 81 19 hvilket
677 922 60 20 deras
762 922 85 20 bestånd
871 923 7 19 i

132 959 61 26 högst
209 957 109 26 betänklig
334 956 47 19 mån
397 956 127 26 äfventyras,
540 955 23 20 så
581 957 63 18 framt
661 956 47 20 icke
724 956 66 20 andra
809 956 68 20 medel

132 993 69 20 dertill
216 991 71 20 kunde
302 991 76 19 anslås.
408 990 31 19 Af
452 990 61 19 dessa
527 989 46 20 skäl
589 990 37 19 har
641 990 67 20 Hans
728 990 150 27 Kejserliga

132 1027 121 26 Majestät
276 1025 56 19 velat
354 1024 31 19 till
408 1024 81 20 landets
511 1023 89 20 Ständer
615 1024 136 26 öfverlemna,
775 1025 102 19 huruvida

132 1061 47 20 icke
195 1067 25 13 en
237 1065 80 14 summa
333 1059 22 18 af
368 1058 126 19 åtminstone
517 1058 90 25 200,000
624 1058 58 19 mark
701 1058 31 20 för
748 1058 45 20 året
807 1058 71 20 kunde

133 1095 89 24 anvisas,
239 1093 85 20 hvilken
340 1098 76 21 genom
433 1092 69 26 någon
519 1092 120 26 förhöjning
655 1093 27 18 uti
703 1092 52 20 eller
777 1092 101 20 utsträck-

133 1129 51 26 ning
199 1127 23 20 af
236 1128 40 19 den
293 1126 134 20 härförinnan
443 1126 77 26 åtagna
536 1126 144 27 bevillningen
696 1126 68 20 skulle
779 1126 50 26 utgå
843 1133 35 12 en-

133 1163 38 26 ligt
187 1162 26 20 de
228 1161 91 26 grunder
335 1160 116 20 Ständerna
466 1160 70 20 kunde
557 1160 58 20 finna
637 1160 97 27 lämpligt
756 1160 123 25 bestämma,

133 1197 31 19 för
187 1198 29 17 att
236 1196 2 19 i
254 1195 47 19 mån
324 1195 22 19 af
365 1194 98 20 behofvet
481 1194 40 20 och
536 1194 53 20 efter
604 1195 99 26 pröfning
719 1194 30 19 till
765 1194 113 20 understöd

133 1231 30 19 för
187 1231 55 18 vissa
264 1229 22 20 af
306 1229 144 26 inqvartering
465 1228 136 27 synnerligen
619 1228 118 26 betungade
755 1228 70 19 städer
840 1228 39 20 och

133 1265 124 19 kommuner
272 1263 12 20 å
299 1263 72 19 landet
386 1263 22 18 af
422 1262 106 26 Styrelsen
545 1262 107 19 användas
668 1264 57 17 emot
740 1262 88 19 särskild
847 1268 32 13 re-

133 1298 119 26 dovisning,
268 1303 43 14 som
328 1296 112 20 framdeles
455 1297 85 19 komme
555 1297 31 18 att
601 1295 31 20 till
648 1295 117 20 Ständerna
784 1295 96 27 afgifvas.

302 1331 73 26 Enligt
390 1331 66 19 Hans
474 1330 149 27 Kejserliga
645 1330 134 26 Majestäts
798 1329 82 26 Nädiga

269 1364 124 27 befallning,
414 1365 71 26 gifven
501 1365 7 19 i
527 1364 30 20 S:t
579 1363 133 28 Petersburg,
733 1364 41 19 den
798 1365 23 25 1$
845 1363 34 20 Ja-

269 1399 59 19 nuari
345 1399 60 20 1872.

402 1432 67 21 ALEX.
488 1432 121 21 ARMFELT.

585 1465 35 21 Ch.
636 1465 47 21 Em.
702 1465 122 20 Frosterus.
