1078 1692
812 125 35 18 229

220 186 100 28 deröfver
341 186 67 28 klaga
430 186 38 22 hos
487 187 41 20 den
547 186 131 28 myndighet,
697 187 70 21 under
782 188 86 21 hvilken

220 222 172 26 tjenstemannen
415 221 67 27 lyder.
511 220 137 28 Ansökning,
670 227 50 19 som,
740 222 9 20 i
771 222 50 21 stöd
842 222 31 27 af

220 255 57 21 hvad
288 254 195 28 författningarne
494 255 8 19 i
512 255 59 21 vissa
581 254 49 27 fall
646 255 79 26 tillåta,
740 256 71 20 under
825 263 43 14 om-

219 290 49 27 slag
283 289 109 25 insändes,
413 288 37 21 bör
465 290 9 19 i
487 289 75 27 vanlig
581 289 94 27 ordning
690 288 131 30 föreläggas
835 297 33 14 ve-

220 323 134 21 derbörande
369 322 132 28 myndighet,
516 329 51 19 som,
577 323 8 20 i
593 322 102 22 händelse
705 324 66 27 något
781 324 9 20 i
799 324 69 21 hand-

220 358 111 28 lingarnes
346 357 113 27 kartering
474 356 93 28 befinnes
583 357 112 25 åsidosatt,
705 358 96 26 pröfvar
811 358 57 21 hvad

220 392 101 27 afseende
336 391 14 20 å
365 390 149 28 ansökningen
529 390 79 28 hafvas
623 392 41 20 må.

287 425 67 21 Hvad
368 425 94 21 sålunda
479 432 32 14 om
527 426 140 26 tjenstemäns
686 426 141 28 ansvarighet
842 428 26 19 är

218 460 105 27 stadgadt
340 460 35 20 må
394 459 55 21 dock
468 460 21 26 ej
509 460 110 26 tillämpas
639 460 13 20 å
663 462 68 26 prest,
750 460 30 21 då
794 460 74 22 äkten-

218 493 146 28 skapsförord
374 493 43 27 för
431 493 77 21 honom
523 496 82 25 upptes.

509 572 16 28 $
539 574 37 20 20.

289 612 39 21 Om
342 612 119 28 stämpling
476 612 30 27 af
516 612 87 21 sådana
618 614 72 26 öppna
710 612 52 28 bref
772 614 14 20 &
801 614 67 21 embe-

219 649 41 23 ten,
276 646 140 28 värdigheter
431 646 38 21 och
485 646 84 26 afsked,
588 653 45 15 som
654 646 31 27 af
702 646 78 22 Hans
802 648 66 28 Kej-

218 681 104 27 serliga
346 680 130 28 Majestät
495 680 147 28 egenhändigt
656 681 162 26 undertecknas,
835 682 33 22 be-

218 716 72 26 sörjer
305 715 41 21 den
361 714 134 25 embetsman,
511 721 45 14 som
571 714 88 22 ärendet
674 715 8 21 i
698 714 94 22 Senaten
805 716 63 27 före-

220 749 82 27 dragit.
331 748 51 21 Men
392 748 41 27 för
448 748 113 28 kartering
576 748 31 23 af
618 749 25 21 de
658 749 153 27 expeditioner,
822 757 46 14 som

220 784 104 26 antingen
339 782 29 28 af
380 782 93 21 Senaten
493 782 53 21 eller
563 783 73 21 andra
656 783 127 21 embetsverk
797 784 71 27 utfär-

220 817 46 25 das,
286 823 62 15 svare
370 816 42 21 den
435 817 132 27 tjensteman,
583 824 45 14 som
649 818 149 26 expeditionen
817 818 51 21 kon-

221 851 133 28 trasignerat
376 850 58 25 eller,
457 850 39 21 der
517 850 191 29 kontrasignation
724 852 22 27 ej
764 854 34 25 egt
812 859 56 18 rum,

220 885 124 20 densamma
359 883 108 28 utfärdat.

290 919 46 20 För
351 919 68 27 öfrigt
433 919 36 20 mä
484 919 21 26 ej
520 919 72 27 nägon
607 919 8 20 i
631 919 66 27 tjenst
712 919 94 22 insättas
817 920 52 21 eller

221 953 85 21 dermed
320 952 109 27 förenade
447 952 160 27 löneförmäner
625 952 38 21 och
678 953 129 28 rättigheter
825 954 44 21 till-

220 987 120 28 godonjuta
358 987 69 20 innan
447 985 43 22 han
501 986 109 27 fullmakt
624 986 52 21 eller
686 986 154 27 förordnande
855 989 14 20 &

222 1020 97 28 behörigt
349 1020 120 27 stämpladt
493 1027 87 20 papper
608 1021 66 20 utlöst
698 1021 38 20 och
760 1022 108 26 uppvisat,

221 1054 117 28 hvaröfver
352 1054 160 21 vederbörande
527 1053 53 28 chef
590 1061 49 21 eger
654 1054 67 28 hafva
736 1055 82 28 tillsyn.

512 1139 15 27 $
541 1139 36 21 21.

290 1178 51 21 Har
356 1179 76 27 inlaga
447 1178 52 21 eller
515 1178 74 28 bilaga
603 1178 38 21 vid
654 1178 128 21 embetsverk
796 1179 74 28 blifvit

222 1215 126 26 emottagen,
372 1213 52 20 eller
446 1212 129 27 expedition,
598 1219 45 14 som
657 1214 27 19 är
700 1212 112 29 behörigen
831 1221 38 14 un-

222 1246 144 28 derskrifven,
389 1246 100 27 derifrån
515 1246 107 28 utgifvits,
645 1247 35 20 mä
696 1245 41 28 för
760 1246 110 23 bristande

223 1281 53 21 eller
294 1280 97 28 felaktig
414 1280 113 27 kartering
549 1281 72 27 någon
638 1279 92 28 påföljd
748 1281 20 27 ej
786 1281 84 22 drabba

223 1315 41 21 den
288 1314 102 25 enskilde,
413 1321 44 14 som
479 1313 96 28 skriften
597 1314 105 21 inlemnat
724 1314 52 21 eller
795 1315 74 27 utfått,

223 1350 53 20 eller
298 1349 83 20 sådane
402 1347 93 28 skrifter
510 1347 38 22 och
563 1347 135 28 handlingar
720 1347 86 28 derföre
821 1349 49 21 lem-

223 1390 41 14 nas
278 1385 55 18 utan
348 1382 107 27 afseende,
471 1384 54 19 utan
547 1388 51 14 vare
620 1381 77 22 endast
711 1381 160 24 vederbörande

224 1418 130 26 tjensteman
371 1415 42 28 för
426 1415 167 28 försummelsen
610 1415 111 28 förfallen
741 1416 35 21 till
790 1423 82 16 ansvar

220 1451 32 27 på
267 1453 44 18 sätt
326 1449 121 28 nedanföre
463 1449 129 21 bestämmes.
