1078 1692
813 119 34 17 475

185 184 113 20 allehanda
314 184 56 26 slag;
386 190 47 13 men
450 183 75 20 sådant
540 183 57 27 inlag
613 183 55 20 skall
679 183 35 20 vid
724 183 146 20 inlemnandet

185 224 51 14 vara
251 218 83 26 insatt”,
350 218 76 20 ändras
442 217 41 20 till:
499 217 55 27 gods
569 224 45 14 som
629 219 27 18 är
670 217 69 21 insatt
755 219 37 18 etc.

496 268 15 27 $
527 270 36 20 62.

254 302 139 21 Oförändrad.

497 348 14 27 $
527 348 34 21 63.

262 388 38 20 Vid
314 388 86 28 godsets
416 388 139 27 mottagande
569 387 108 27 utfärdar
692 387 90 21 Banken
798 388 72 21 derom

188 422 134 28 inlagsbevis.
357 422 16 20 T
386 422 59 21 detta
461 422 62 25 bevis,
540 434 28 2 —
583 434 23 2 —
624 429 19 13 0.
659 429 16 13 s.
692 429 19 13 v.
728 422 142 21 oförändradt.

497 484 15 28 $
527 486 34 19 64.

256 525 29 19 Ur
308 524 65 20 andra
395 525 113 26 meningen
532 524 49 27 utgå
603 524 77 20 orden:
703 524 75 21 ”hvars
794 524 76 27 belopp

188 559 100 20 uträknas
310 559 53 20 efter
378 565 26 14 en
420 559 23 20 af
463 558 201 28 Bankfullmäktige,
680 559 27 26 på
722 559 149 20 Direktionens

187 594 86 26 förslag,
289 594 32 19 för
336 593 121 20 ändamålet
472 593 102 20 fastställd
590 592 65 20 tarif”.

256 628 9 20 I
281 628 38 20 allt
334 628 64 26 öfrigt
413 627 73 21 förblir
502 630 9 22 $
528 628 133 20 oförändrad.

443 680 31 26 $$
488 680 28 20 65
532 678 38 22 och
585 680 34 20 66.

258 714 151 20 Oförändrade.

485 776 59 28 Kap.
561 776 28 22 II.

275 828 95 27 Styrelsen
386 828 35 20 och
435 828 140 25 förvaltningen
591 828 21 19 af
625 828 87 20 Finlands
728 828 59 21 Bank.

373 879 43 20 Om
433 879 259 26 Bankfullmäktige.

501 937 15 26 $
531 938 34 19 67.

248 992 7 5 -
261 977 109 28 Styrelsen
386 977 30 26 af
426 977 109 20 Finlands
551 976 64 21 Bank
626 977 136 27 handhafves
774 978 29 27 af
810 978 65 21 Stän-

191 1012 80 20 dernas
293 1010 211 28 Bankfullmäktige,
525 1011 88 20 utsedde
631 1011 67 27 jemte
722 1011 151 28 Suppleanter,

188 1045 31 27 pä
234 1047 44 18 sätt
294 1044 253 28 Landtdagsordningen
558 1044 153 28 föreskrifver.

505 1102 14 27 $
534 1103 35 19 68.

261 1141 203 28 Bankfullmäktige
489 1149 44 20 ega,
549 1142 14 20 &
580 1142 136 21 Ständernas
738 1144 83 27 vägnar
837 1144 39 20 och

193 1177 7 20 i
215 1175 95 28 enlighet
324 1176 48 21 med
386 1176 42 20 den
443 1175 139 26 instruktion,
598 1182 45 14 som
658 1176 48 21 dem
714 1176 31 27 af
753 1177 123 22 Ständerna

192 1210 124 26 meddelats,
332 1209 75 28 utöfva
422 1210 41 20 den
483 1210 76 27 tillsyn
582 1209 61 28 öfver
660 1210 102 21 Bankens
781 1211 95 27 förvalt-

192 1245 60 26 ning,
267 1250 45 15 som
328 1243 158 28 befrämjandet
502 1243 30 27 af
543 1243 102 22 Bankens
660 1244 101 28 ordning,
772 1245 104 26 säkerhet,

193 1278 90 21 beständ
298 1277 38 21 och
347 1277 125 27 förkofran
484 1277 115 28 päkallar.

503 1335 16 26 $
534 1335 34 21 69.

262 1369 138 20 Oförändrad.

503 1414 15 27 $
532 1416 35 19 70.

265 1454 80 21 Vidare
366 1453 76 22 tillhör
461 1454 36 21 det
512 1453 204 29 Bankfullmäktige
732 1458 38 23 att,
783 1457 32 26 pä
825 1457 51 27 för-
