1078 1692
803 122 33 18 213

218 223 181 28 Skiljobref
389 219 13 37 i
410 224 105 27 fästning
531 224 52 20 eller
598 220 132 63 öktenskap:

244 257 42 27 för
301 258 157 27 ståndsperson
487 273 4 4 .
523 273 4 4 .
593 274 5 4 .
735 274 4 5 4
799 260 53 20 5|—

244 291 43 27 för
301 291 72 28 öfrige
388 274 189 38 samhällsklasser
595 308 40 4 so
666 308 4 4 8
700 308 5 4 m
736 308 4 5 4
801 294 51 20 1/—

219 326 273 27 Tillständsbiljett,
508 333 22 14 se
542 333 60 21 pass.

220 360 317 21 Tillständsresolution
553 360 38 21 och
607 360 53 28 bref,
671 368 22 14 se
703 368 38 14 na-

251 394 162 21 turalisations-
428 394 39 21 och
477 394 170 28 privilegiibref.

220 428 233 28 Transportbref,
469 435 22 14 se
501 428 114 28 fullmakt.

222 462 90 28 Vapen
328 462 38 21 och
380 462 210 28 vapenförändring,
606 470 22 14 se
643 463 87 27 diplom.

220 492 84 32 Öppet
319 496 65 28 bref
395 497 14 21 &
424 496 203 22 utmärkelseteeken
632 497 42 53 för
685 492 57 63 Yor

251 531 63 27 vitlig
330 532 66 26 tjenst
420 546 5 4 .
456 546 5 4 .
491 545 4 5 .
668 547 4 5 5
738 547 4 5 s
801 533 53 19 5|—

507 588 14 27 $
536 589 20 19 6.

278 627 143 28 Afhandling
445 628 90 20 emellan
560 628 96 21 enskilde
676 634 105 21 personer
805 630 56 19 samt

199 662 139 27 förbindelse
358 662 37 20 och
415 668 75 14 annan
508 662 74 27 skrift,
601 669 44 14 som
665 662 30 27 af
711 662 85 21 enskild
810 669 52 14 man

204 696 111 27 utfärdas,
330 696 36 21 mä
383 696 97 27 skrifvas
497 696 32 27 pä
544 696 132 27 ostämpladt
697 703 92 21 papper,
815 703 47 14 men

205 730 43 25 bör,
264 730 29 21 dä
309 730 40 21 den
360 730 83 27 företes
458 730 37 20 vid
513 730 91 21 domstol
619 730 52 20 eller
686 730 177 28 embetsmyndig-

205 764 40 26 het,
257 764 75 28 förses
347 764 48 21 med
410 764 118 27 stämpladt
545 771 86 20 papper
646 764 52 20 eller
713 764 146 27 stämpelmär-

205 798 39 21 ken
268 798 29 28 af
314 799 36 20 det
372 798 72 26 värde,
464 804 45 14 som
531 798 42 21 här
594 798 120 27 nedanföre
726 798 41 26 för
786 798 76 26 hvarje

201 832 49 27 fall
260 832 74 27 finnes
350 834 80 23 utsatt;
450 832 38 20 och
503 834 27 18 är
545 832 189 27 stämpelbeloppet
758 831 104 21 bestämdt

200 866 42 27 för
257 866 49 21 hela
324 865 163 28 afhandlingen
506 865 53 21 eller
577 865 100 28 skriften,
693 867 53 19 utan
762 865 101 27 afseende

205 901 13 20 å
233 901 49 20 dess
297 900 59 26 vidd,
372 896 72 25 sävidt
465 899 46 21 icke
529 899 145 28 uttryckligen
688 901 69 26 säges,
774 901 32 19 att
821 899 40 20 den

200 934 135 27 fastställda
354 934 80 21 kartan
457 933 105 21 beräknas
572 933 43 28 för
629 933 75 28 hvarje
720 933 46 26 ark,
782 932 86 29 hvaraf

205 968 95 27 skriften
316 968 78 21 bestär.

767 1047 52 17 Mark
819 1043 11 32 |
836 1054 18 17 p.

220 1104 165 28 Aktiebref
375 1100 15 36 i
401 1104 86 26 handel,
498 1104 88 28 fartyg,
598 1104 56 21 bank
664 1104 39 21 och
713 1105 33 20 in-

254 1139 93 20 dustriel
361 1139 124 27 inrättning
500 1139 53 20 eller
567 1145 74 14 annan
656 1139 90 27 anlägg-

254 1173 60 28 ning,
322 1180 46 14 som
382 1175 27 18 är
422 1173 103 28 grundad
537 1173 32 27 pä
585 1173 80 20 aktier:

254 1207 30 21 dä
298 1207 50 21 hela
363 1209 96 20 insatsen
469 1207 42 27 för
521 1207 77 28 hvarje
608 1207 58 21 aktie
676 1208 26 19 är
713 1206 33 21 be-
756 1208 3 10 |

297 1241 72 21 stämd
380 1241 34 21 till
424 1243 43 20 200
477 1241 62 21 mark
550 1241 53 21 eller
618 1241 108 21 derunder
742 1256 4 5 .|
794 1254 23 3 —
831 1244 29 20 120

208 1302 1 3 |
232 1271 14 38 —
255 1275 125 27 derutöfver
391 1275 42 27 för
447 1275 76 27 hvarje
534 1275 64 27 fulla
613 1276 41 21 100
668 1275 79 20 mark.|
792 1277 68 20 —|10

221 1309 153 28 Anvisning
401 1309 52 21 eller
481 1310 143 27 assignation,
652 1316 22 14 se
697 1309 51 27 för-

208 1337 1 23 i
255 1339 120 36 skrifning.

221 1377 262 25 Arrendekontrakt,
499 1384 21 14 se
535 1377 109 21 kontrakt.

208 1405 2 29 |
231 1401 204 41 Assuransbref,
451 1411 114 28 förnyelse
587 1411 39 21 och
648 1412 100 27 gvittans,

254 1452 22 14 se
286 1444 201 29 försäkringsbref.
761 1441 2 9 |
