1078 1692
409 407 56 19 Hans
480 406 136 26 Kejserliga
631 406 120 26 Majestäts
767 407 90 25 Nådiga
872 413 84 19 propo-

341 440 75 20 sition
434 440 30 20 till
483 440 86 20 Finlands
585 440 86 24 Ständer,
690 440 98 26 angående
813 441 101 19 anvisande
938 441 20 19 af

341 474 61 20 medel
417 474 30 20 till
462 474 127 20 bestridande
605 474 21 20 af
640 474 209 26 landtdagskostnader.

275 537 35 19 Uti
323 532 43 24 den
383 537 23 19 af
419 536 117 20 Ständerna
551 539 92 23 antagna
658 537 39 19 och
718 537 22 19 af
761 537 67 19 Hans
851 537 104 25 Kejser-

206 572 52 25 liga
276 571 118 25 Majestät
411 571 39 19 den
468 571 11 19 3
496 571 46 24 (15)
559 571 59 25 April
637 572 51 18 1869
711 571 4 19 i
737 571 69 19 Nåder
827 571 127 19 stadfästade

205 605 204 26 landtdagsordning
433 605 84 26 stadgas
533 605 5 19 i
555 605 25 19 23
604 605 38 19 och
667 606 25 18 28
713 607 21 21 SS
754 608 29 16 att
799 605 21 19 ät
835 605 121 19 Landtmar-

205 639 60 19 skalk
282 639 39 19 och
338 638 87 20 Talmän
442 638 33 20 vid
492 638 101 26 landtdag
608 638 69 20 anslås
693 640 23 18 af
737 639 68 19 Hans
829 639 128 25 Kejserli-

205 680 29 19 ga
250 673 122 25 Majestät
396 672 44 19 frän
465 672 106 19 allmänna
595 672 66 20 medel
686 679 25 13 en
729 673 41 19 viss
786 679 86 19 summa,
888 673 67 19 säsom

205 707 117 25 ersättning
338 706 32 20 för
386 706 25 20 de
427 706 104 19 särskilda
547 706 84 26 utgifter
651 707 25 19 de
698 707 65 19 under
786 706 126 26 landtdagen
937 706 18 20 få

207 740 123 24 vidkännas,
346 740 108 20 äfvensom
471 742 28 17 att
516 740 166 20 Bondeständets
702 740 135 20 Sekreterare
860 740 54 19 skall
938 742 18 17 al

206 775 107 19 allmänna
329 774 120 20 statsmedel
467 774 79 26 åtnjuta
562 774 39 19 den
614 774 100 26 aflöning,
726 781 44 13 som
782 774 22 20 af
818 774 68 19 Hans
902 774 56 25 Kej-

206 809 99 26 serliga
321 809 119 25 Majestät
456 808 132 26 bestämmes,
612 811 51 17 samt
686 808 27 19 uti
733 808 26 19 82
776 810 9 22 $
801 811 29 16 att
853 808 106 19 allmänna

207 843 114 20 kostnader
337 843 39 19 och
392 842 85 26 utgifter
493 843 5 18 i
515 842 38 19 och
571 842 31 19 för
622 842 106 26 landtdag,
749 841 46 20 med
816 841 105 26 undantag
938 841 22 19 af

209 877 25 19 de
250 877 6 18 i
274 876 120 20 förberörde
412 877 25 18 23
454 876 38 19 och
509 877 26 18 28
552 878 21 22 $$
589 876 133 25 omnämnda,
739 875 102 20 bestridas
854 875 45 20 med
917 875 40 19 till-

207 911 86 26 gängar,
318 917 43 13 som
377 910 74 26 inflyta
468 916 74 20 genom
566 910 121 26 bevillning,
704 910 52 19 eller
772 910 65 19 andra
852 909 106 20 allmänna

207 945 77 25 medel,
301 945 59 19 öfver
376 944 71 19 hvilka
464 944 117 20 Ständerna
597 944 70 19 kunna
682 944 88 26 förfoga.

276 979 47 19 Med
347 978 114 26 anledning
488 978 61 19 häraf
570 978 35 19 vill
628 978 66 19 Hans
718 977 148 26 Kejserliga
881 978 77 25 Maje-

207 1015 49 16 stät
282 1013 31 18 till
336 1012 81 19 landets
441 1012 89 19 Ständer
553 1013 129 18 öfverlemna
706 1014 30 17 att
757 1012 74 19 anvisa
846 1011 112 27 tillgångar

208 1047 29 19 till
255 1047 134 19 bestridande
406 1047 22 18 af
441 1047 26 18 de
485 1046 232 26 landtdagskostnader,
734 1053 44 13 som
796 1046 45 19 icke
858 1045 48 20 falla
922 1047 37 18 all-

209 1084 75 17 männa
300 1081 130 19 statsfonden
446 1081 31 18 till
494 1081 46 25 last,
556 1083 47 16 utan
622 1081 50 19 böra
688 1081 50 22 utgå
755 1080 44 19 från
821 1080 74 21 medel,
916 1087 42 13 som

210 1115 118 20 Ständerna
351 1115 119 25 disponera,
487 1115 4 18 i
509 1115 82 19 hvilket
613 1115 100 19 afseende
737 1121 25 12 en
787 1120 79 13 summa
882 1114 22 19 af
917 1121 41 12 om-

209 1150 61 25 kring
294 1149 231 26 etthundratjugutusen
547 1149 111 26 (120,000)
676 1149 58 19 mark
753 1148 58 20 torde
828 1155 48 12 vara
896 1149 64 18 erfor-

209 1183 74 26 derlig,
306 1183 31 20 för
360 1183 72 19 hvilka
453 1183 67 19 medel
541 1183 135 26 redovisning
693 1183 95 19 kommer
805 1184 27 17 att
850 1182 30 19 till
901 1182 58 19 Stän-

210 1217 65 20 derna
290 1217 108 20 aflemnas.

378 1257 72 26 Enligt
469 1257 68 19 Hans
555 1257 153 26 Kejserliga
725 1256 134 25 Majestäts
875 1255 83 27 Nädiga

347 1291 122 26 befallning,
495 1290 93 27 gifven
582 1286 12 35 i
610 1291 29 19 S:t
661 1290 127 27 Petersburg
811 1290 39 19 den
876 1291 22 24 33
927 1290 33 19 Ja-

348 1326 56 19 uuari
427 1325 58 20 1872.

473 1369 70 22 ALEX.
561 1369 124 21 ARMFELT.

656 1414 35 21 Ch.
708 1414 47 20 Em.
775 1413 118 21 Frosterus.
