1078 1692
232 120 35 19 336

211 183 109 21 blifvande
344 182 79 27 köpare
447 184 62 19 deraf
531 183 147 20 tillförsäkrats
703 185 31 18 att
758 183 21 20 få
796 183 26 26 på
831 177 77 27 derför
926 184 33 20 be-

211 218 83 20 stämda
308 217 68 20 vilkor
392 217 106 20 bibehålla
513 218 36 19 det
564 218 6 19 i
586 217 126 27 lägenheten
729 218 127 20 intecknade
873 218 41 24 lån,
930 218 30 20 äf-

212 258 39 14 ven
272 251 29 19 till
322 251 39 20 den
382 251 33 20 del
440 252 23 19 af
487 251 108 27 kapitalet,
620 258 44 14 som
687 254 23 18 är
733 252 31 20 till
788 252 108 26 betalning
919 252 39 20 för-

211 286 77 25 fallen
281 282 11 34 ;

272 320 46 20 10:o
340 320 40 20 den
405 320 24 20 10
452 320 41 26 Maj
519 321 52 19 1870
595 320 85 20 beslutit
701 320 31 20 till
752 320 69 20 anbud
838 320 12 20 å
866 320 94 20 bankens

213 357 86 23 vägnar,
322 354 54 20 dock
399 354 47 20 icke
469 354 157 27 öfverstigande
649 354 77 26 36,000
750 354 65 26 mark,
832 354 12 20 å
859 354 103 20 Kuumala

212 388 149 20 allodialsäteri
381 388 47 20 med
449 388 104 20 derunder
575 389 93 26 lydande
683 389 124 26 lägenheter
822 389 5 19 i
843 388 119 20 Janakkala

213 422 86 26 socken,
316 422 70 20 hvilka
401 423 7 19 i
424 422 50 27 följd
498 423 62 19 häraf
572 423 23 19 af
609 423 83 19 banken
715 423 93 26 inropats
831 423 31 19 för
886 423 75 25 35,000

214 456 60 21 mark
290 457 47 19 med
353 457 124 26 skyldighet
491 459 30 17 att
536 463 88 14 ansvara
648 457 32 19 för
699 456 121 21 vårutsädet
835 457 12 19 å
862 457 99 27 lägenhe-

214 493 70 23 terne;
300 498 46 13 men
362 491 121 20 sedermera
498 491 39 20 har
551 491 191 20 Hofrättsnotarien
766 491 96 20 Friherre
878 491 83 20 Samuel

213 525 91 20 Werner
320 531 40 13 von
376 525 57 19 Troil
445 525 32 19 för
487 525 151 27 lägenheterne
654 525 98 26 erbjudit,
765 526 66 25 jemte
847 525 115 26 ersättning

214 559 31 20 för
269 559 24 19 af
314 558 85 20 banken
423 558 106 21 bestridda
552 559 259 26 förvaltningskostnader,
835 562 29 17 ett
881 560 43 25 pris
942 560 23 19 af

213 594 77 25 35,000
307 593 65 26 mark,
392 593 75 20 hvaraf
485 594 75 24 31,379
581 593 59 20 mark
658 594 26 19 47
705 594 63 26 penni
792 593 68 21 skulle
880 594 83 19 innestå

213 628 69 20 såsom
299 628 101 26 primitivt
416 627 45 25 lån;
477 628 39 19 och
532 630 23 17 är
571 628 58 19 detta
647 627 69 20 anbud
732 628 23 19 af
768 627 194 27 Bankfullmäktige

213 661 110 27 godkändt
338 661 40 20 den
394 662 26 19 26
436 661 43 20 Juli
497 661 64 25 1870;

285 697 45 18 11:o
346 696 40 19 den
412 696 23 19 16
458 694 41 28 Maj
521 696 53 19 1870
595 695 136 20 tillförsäkrat
753 695 107 20 blifvande
883 696 79 25 köpare

214 730 23 19 af
250 729 72 21 Wuoti
338 730 39 19 och
392 730 70 19 Martti
478 730 97 19 hemman
592 730 5 19 i
614 729 78 20 Nokka
706 729 68 20 Hiidis
791 729 26 27 by
833 729 23 20 af
868 729 30 21 S:t
914 730 48 19 Ber-

213 764 34 20 tils
270 764 78 20 socken
371 764 100 26 rättighet
491 766 30 17 att
544 764 23 19 af
586 763 35 20 det
638 764 33 19 lån
688 770 23 12 ur
729 763 90 26 banken,
835 764 31 19 för
882 763 82 20 hvilket

214 798 91 20 nämnde
321 798 123 26 lägenheter
460 800 74 24 utgöra
549 798 105 25 säkerhet,
670 798 66 19 under
752 798 55 19 vissa
822 798 67 20 vilkor
905 798 57 20 bibe-

214 832 58 21 hålla
291 832 75 25 24,000
388 832 57 19 mark
470 832 67 19 såsom
559 834 46 24 nytt
619 832 35 19 lån
671 832 47 19 med
734 832 42 19 fem
791 834 97 23 procents
903 834 61 17 ränta

214 866 39 20 och
271 866 127 25 amortering
414 866 66 19 under
503 866 40 19 tolf
565 865 28 20 år.
624 865 44 20 Och
692 865 63 20 sedan
776 865 35 20 vid
830 865 66 20 skedd
912 865 51 20 auk-

215 901 42 19 tion
276 900 144 19 Rusthållaren
437 900 44 19 Nils
496 900 82 26 Knaapi
594 900 31 19 för
642 899 152 27 lägenheterne
809 900 68 26 bjudit
887 900 75 25 44,100

215 934 67 26 mark,
298 936 29 18 att
343 935 4 18 i
364 934 95 26 enlighet
477 934 46 19 med
545 934 156 19 ofvannämnde
726 934 156 25 bestämningar
902 934 62 25 liqvi-

215 969 68 25 deras,
303 968 63 19 hafva
383 967 193 27 Bankfullmäktige
597 968 38 20 den
657 968 26 20 23
702 968 42 19 Juli
765 968 52 19 1870
834 969 80 26 antagit
929 968 34 20 be-

214 1003 62 19 rörda
292 1002 80 25 anbud;

286 1037 44 19 12:o
356 1036 40 19 den
413 1036 11 19 3
440 1036 48 19 Juni
517 1037 52 19 1870
597 1036 88 26 beviljat
711 1036 106 20 blifvande
843 1036 78 27 köpare
944 1037 22 19 af

216 1070 108 21 Stockfors
335 1070 103 26 egendom
456 1072 30 17 tre
503 1070 32 19 års
551 1070 136 26 förlängning
702 1070 23 19 af
739 1070 177 26 betalningstiden
932 1071 32 19 för

215 1107 30 18 ett
260 1105 7 19 i
283 1105 131 26 egendomen
432 1104 123 20 intecknadt
570 1105 101 26 primitivt
686 1105 35 19 lån
738 1104 12 19 &
767 1105 74 25 16,000
857 1105 70 26 mark;

287 1139 45 19 13:0
347 1139 40 19 den
404 1139 12 19 8
432 1138 123 27 September
581 1139 52 19 1870
649 1139 87 20 beslutit
751 1139 35 19 det
801 1139 71 20 anbud
887 1139 13 20 &
916 1139 48 20 ban-

216 1174 53 19 kens
286 1175 78 24 vägnar
387 1172 48 20 icke
457 1172 68 20 skulle
548 1175 61 24 göras
625 1172 12 20 &
653 1173 68 19 Räihä
736 1173 96 19 hemman
849 1173 6 19 i
871 1173 93 20 Kindaus

216 1208 26 25 by
260 1207 39 20 och
315 1207 118 25 Petäjävesi
452 1206 77 26 kapell,
546 1213 46 13 men
608 1207 95 20 deremot
723 1207 137 20 tillförsäkrat
876 1207 88 20 blifvan-

216 1243 26 19 de
258 1241 79 26 köpare
353 1241 23 20 af
392 1241 120 19 hemmanet
533 1243 31 17 att
586 1241 65 20 under
676 1241 54 20 vissa
751 1241 101 20 förbehäll
875 1242 40 19 den
932 1242 33 19 del

215 1276 23 20 af
262 1275 171 26 köpeskillingen
460 1275 76 25 derför,
562 1281 44 14 som
631 1275 84 20 komme
731 1278 30 17 att
776 1275 83 20 tillfalla
875 1276 91 26 banken,

216 1310 56 25 finge
295 1309 27 26 på
338 1309 26 20 de
380 1309 31 19 för
427 1309 107 26 primitiva
557 1309 34 20 lån
611 1309 107 20 bestämda
737 1309 67 20 vilkor
825 1310 67 20 såsom
908 1310 34 20 lån
958 1311 6 18 i

214 1343 127 27 lägenheten
357 1343 94 26 innestå;

287 1377 46 20 14:o
349 1377 41 20 den
406 1377 12 19 3
435 1377 94 20 Oktober
556 1377 53 20 1870
633 1377 93 26 beslutit,
746 1379 31 18 att
796 1377 13 20 &
823 1377 143 21 Fredriksfors

215 1413 40 20 och
271 1411 114 21 Norrmark
407 1411 52 20 bruk
478 1412 47 19 med
548 1411 69 20 dertill
641 1411 93 20 hörande
755 1411 121 26 lägenheter
896 1412 70 20 anbud

216 1447 32 20 för
264 1445 96 22 bankens
376 1445 91 27 räkning
482 1445 47 20 icke
545 1445 68 20 skulle
629 1448 70 24 göras,
715 1446 110 19 hvaremot
841 1446 39 20 den
897 1446 33 20 del
946 1447 23 19 af
