1078 1692
286 396 56 20 Hans
362 396 145 26 Kejserliga
526 396 119 26 Majeståts
661 396 69 26 Nådiga
745 396 119 26 proposition

218 431 31 20 till
265 430 86 21 Finlands
371 430 88 25 Ständer,
477 436 30 14 om
522 430 67 26 tillägg
603 430 30 20 till
653 430 114 24 stadgandet
782 430 82 20 rörande

218 465 86 25 grunden
319 464 31 20 för
366 464 86 20 Finlands
468 464 62 20 Banks
545 464 202 26 sedelutgifningsrätt.

185 512 48 19 Med
248 510 116 26 anledning
379 510 22 20 af
414 510 81 26 yppadt
514 510 134 26 tvifvelsmäl,
666 510 102 20 huruvida
784 510 34 21 det
833 511 7 19 i
856 513 10 22 $

121 546 24 20 12
161 546 24 20 af
197 545 83 26 Nådiga
295 544 158 26 förordningen,
473 544 110 26 angående
604 544 103 26 styrelsen
726 545 39 19 och
782 545 84 19 förvalt-

118 580 78 26 ningen
212 579 21 20 af
248 578 99 21 Finlands
371 578 67 24 Bank,
454 578 71 26 gifven
541 578 41 20 den
598 579 11 19 9
627 579 117 19 December
761 580 60 25 1867,
836 580 30 18 in-

120 617 64 22 tagna
202 613 116 27 stadgande
339 612 80 26 derom,
439 615 29 17 att
489 612 99 20 Bankens
608 612 170 28 sedelutdelning
793 613 12 20 &
821 613 47 20 dess

120 648 37 20 hos
174 648 78 20 utrikes
276 647 76 20 ombud
377 646 81 27 egande
479 646 100 27 ostridiga
595 646 117 27 fordringar
728 647 47 20 icke
792 647 31 20 får
838 648 29 20 öf-

120 682 92 26 verstiga
227 682 70 19 dessas
314 680 64 20 enkla
394 680 81 26 belopp,
492 680 69 20 kunde
585 680 75 20 förstås
683 680 94 27 sålunda,
792 683 31 18 att
838 682 30 19 till

120 716 91 20 nämnde
232 715 118 26 fordringar
371 714 78 26 jemväl
465 714 56 26 finge
537 714 77 20 räknas
630 716 132 25 statspapper
778 715 38 20 och
832 715 35 20 ob-

119 750 113 27 ligationer
248 749 12 19 å
276 748 108 20 utländskt
400 750 65 24 mynt,
482 748 62 20 hafva
559 748 100 20 Finlands
680 748 100 21 Ständers
799 749 69 19 Bank-

121 784 133 26 fullmäktige
269 783 5 19 i
292 782 169 27 underdånighet
484 782 87 20 anhållit
591 789 33 13 om
642 785 94 17 närmare
753 783 116 27 förklaring

121 817 129 21 beträffande
267 816 91 21 nämnda
374 816 165 26 omständighet;
563 816 39 20 och
618 816 37 20 har
677 817 67 19 Hans
764 817 104 26 Kejser-

121 852 54 26 liga
193 852 131 25 Majestät,
343 851 5 18 i
364 850 219 20 öfverensstämmelse
600 850 47 20 med
666 850 204 27 Bankfullmäktiges

122 885 69 20 tillika
213 885 73 26 gjorda
310 884 154 27 framställning
480 885 5 18 i
501 886 78 24 ämnet,
602 884 66 20 under
686 885 40 19 den
745 886 24 19 15
785 885 85 20 Januari

124 919 53 20 1869
194 919 6 20 i
218 919 72 20 Nåder
315 918 45 20 låtit
385 918 81 20 utfärda
491 919 36 19 här
554 919 98 26 bifogade
677 919 134 26 kungörelse,
837 926 32 14 om

124 953 75 26 tillägg
214 953 31 20 till
261 953 125 26 stadgandet
403 952 89 20 rörande
515 952 95 26 grunden
633 953 31 19 för
686 953 100 20 Finlands
801 953 70 21 Banks

123 987 225 26 sedelutgifningsrätt,
371 988 30 18 att
423 993 40 20 ega
483 986 97 27 giltighet
595 987 54 19 intill
666 987 46 20 dess
729 987 69 20 denna
813 988 59 26 fråga

126 1021 34 20 vid
177 1021 139 26 nästföljande
333 1021 100 26 landtdag
448 1020 77 26 kunde,
541 1021 6 19 i
563 1021 40 20 den
620 1021 89 27 ordning
725 1024 9 22 $
753 1023 21 18 11
788 1022 23 20 af
823 1022 48 20 åbe-

124 1055 79 27 ropade
218 1055 123 26 förordning
357 1055 40 20 den
414 1055 11 20 9
442 1055 117 20 December
579 1055 50 20 1867
649 1055 123 28 innehåller,
789 1057 83 20 komma

126 1089 66 20 under
207 1089 129 20 Ständernas
352 1089 161 26 öfverläggning
529 1089 39 20 och
585 1089 73 20 beslut.

194 1123 32 20 Då
241 1125 30 18 ett
286 1123 115 26 stadgande
417 1123 29 20 uti
462 1123 57 20 detta
532 1123 121 21 hänseende
668 1131 64 20 synes
747 1131 50 14 vara
811 1125 62 20 äfven

126 1157 113 20 framdeles
255 1157 109 27 behöfligt,
380 1157 38 20 har
434 1157 67 20 Hans
517 1157 149 28 Kejserliga
682 1159 121 26 Majestät
818 1159 56 20 velat

125 1191 131 20 öfverlemna
280 1191 91 20 nämnde
397 1191 59 26 fråga
481 1191 30 20 till
534 1191 39 20 den
599 1192 27 26 på
645 1192 119 21 Ständerna
788 1193 85 20 ankom-

127 1225 74 20 mande
217 1225 81 27 åtgärd.

297 1259 73 26 Enligt
387 1259 68 20 Hans
474 1259 153 28 Kejserliga
642 1261 136 26 Majestäts
792 1261 83 28 Nådiga

229 1293 124 27 befallning,
372 1294 72 26 gifven
464 1294 6 19 i
489 1294 30 20 S:t
538 1294 126 27 Petersburg
684 1295 40 20 den
742 1297 23 25 ;%
785 1295 90 20 Novem-

230 1327 36 20 ber
284 1328 59 19 1871.

401 1373 69 20 ALEX.
485 1373 118 21 ARMFELT.

585 1429 36 21 Ch.
637 1429 47 22 Em.
699 1430 122 22 Frosterus.

788 1481 22 17 19
