1078 1692
249 134 35 17 350

226 198 110 27 redogjort
358 198 32 19 för
412 198 26 20 de
461 198 28 19 tid
513 198 54 19 efter
589 204 69 14 annan
682 197 101 27 vidtagna
799 198 73 25 beslut,
889 197 88 20 rörande

227 232 46 20 dels
296 232 136 25 nedsättning
447 232 23 19 af
483 232 95 20 bankens
603 232 93 20 diskont-
720 232 39 19 och
783 231 120 21 låneräntor
925 234 53 18 samt

228 266 123 26 förändring
366 266 24 19 af
402 266 143 20 diskonttiden
562 266 34 20 för
611 266 111 20 inhemska
737 266 80 25 vexlar,
833 265 45 21 dels
894 266 39 19 ock
946 272 30 14 re-

228 300 87 21 duktion
340 300 23 20 af
383 300 211 26 räntegodtgörelsen
610 300 12 20 &
637 300 77 20 insatta
738 300 79 25 medel;
840 300 38 20 och
894 300 38 19 har
947 302 30 17 ut-

227 336 79 19 skottet
328 334 58 20 såväl
410 334 46 20 med
481 334 99 20 afseende
600 334 12 20 å
630 334 54 20 hvad
708 334 143 26 fullmäktiges
873 333 104 27 protokoll

227 370 72 20 härom
322 368 124 25 innehåller,
469 374 44 14 som
537 368 40 20 ock
598 368 31 20 till
646 368 50 26 följd
712 368 24 20 af
749 368 54 20 hvad
819 368 99 20 utskottet
934 368 44 19 haft

227 404 32 26 sig
275 403 79 20 bekant
369 402 110 26 angående
496 402 235 26 penningeställningen
748 402 6 19 i
770 402 71 20 landet
857 402 11 20 å
884 402 25 20 de
924 402 54 20 tider

227 437 95 26 antydde
345 436 97 26 åtgärder
465 436 105 26 vidtagits,
593 437 68 19 funnit
684 436 108 20 desamma
811 436 62 20 hafva
889 436 53 20 varit
958 436 22 20 af

227 471 163 21 förhållandena
405 470 46 20 fullt
467 470 136 20 motiverade.
633 470 104 20 Särskildt
752 470 38 20 bör
805 471 101 19 utskottet
916 470 62 20 fram-

226 506 64 26 hålla,
306 507 30 19 att
347 505 235 40 &positionsrörelsen,
598 505 27 26 pä
641 506 39 18 sätt
699 504 95 20 bankens
817 506 87 19 intresse
925 506 52 25 jem-

228 540 34 20 väl
278 540 90 25 kräfver,
385 539 127 20 fortfarande
528 540 77 26 intagit
620 541 29 18 ett
663 538 149 21 inskränktare
823 539 39 20 och
874 546 57 13 mera
943 546 35 13 un-

228 574 129 20 derordnadt
371 580 45 13 rum
432 573 62 20 bland
512 573 95 20 bankens
623 574 140 25 operationer.

297 608 47 20 Med
368 608 115 26 anledning
499 608 21 19 af
534 608 37 19 allt
587 608 54 19 hvad
664 608 101 19 utskottet
787 608 66 19 under
876 608 104 26 förloppet

227 643 22 19 af
264 643 32 19 sin
312 642 131 26 granskning
465 642 79 25 erfarit,
565 644 22 17 är
607 642 36 19 det
661 642 32 18 för
715 641 101 20 utskottet
831 648 26 13 en
873 642 37 19 kär
926 642 53 26 pligt

227 679 31 17 att
277 676 38 20 hos
338 676 117 20 Ständerna
477 675 106 20 vördsamt
608 675 90 29 anmäja,
722 675 35 19 det
781 675 197 27 Bankfullmäktige,

227 710 68 26 enligt
310 710 112 19 utskottets
445 709 50 20 fulla
515 709 150 26 öfvertygelse,
686 709 29 19 uti
730 709 36 19 det
782 709 46 19 dem
845 709 134 20 anförtrodda

227 743 53 26 värf,
296 746 30 18 att
341 743 120 20 handhafva
484 743 111 20 inseendet
619 743 58 20 öfver
700 742 100 20 Finlands
823 743 63 26 bank,
909 744 69 19 städse

227 780 65 24 egnat
308 777 94 20 bankens
418 777 181 27 angelägenheter
622 777 39 19 den
682 783 125 20 noggranna
822 777 156 27 uppmärksam-

227 812 37 20 het
286 812 40 20 och
350 812 39 20 den
413 811 127 27 insigtsfulla
562 811 107 25 omtanka,
688 818 44 13 som
757 811 57 20 detta
833 812 79 26 vigtiga
928 818 51 20 upp-

228 845 52 27 drag
302 845 92 26 kräfver,
414 846 63 25 jemte
501 845 35 20 det
561 845 41 20 den
624 844 117 27 framgång,
760 845 100 20 hvarmed
884 845 94 20 bankens

227 879 89 26 styrelse
333 880 6 19 i
354 879 32 20 sin
403 879 71 20 helhet
489 879 74 20 verkat
573 879 32 20 för
619 879 69 20 denna
704 879 91 26 dyrbara
811 879 166 20 nationalinrätt-

227 914 64 25 nings
314 913 114 26 förkofran,
451 913 119 20 föranleder
594 913 102 20 utskottet
715 915 29 18 att
763 913 46 20 med
833 913 99 20 särskildt
947 921 31 12 er-

227 947 113 20 kännande
356 947 110 20 framhälla
481 947 62 20 äfven
568 947 220 20 Bankodirektionens
805 948 71 19 härom
892 948 88 27 inlagda

227 982 127 25 förtjenster.

297 1085 9 20 I
322 1085 116 26 anledning
461 1085 23 19 af
497 1085 54 20 hvad
569 1085 28 19 uti
615 1087 10 22 $
642 1084 23 20 31
684 1085 24 19 af
725 1084 203 27 Bankfullmäktiges
944 1085 34 20 be-

228 1119 85 20 rättelse
336 1119 140 25 omförmäles,
493 1119 37 19 har
546 1119 100 19 utskottet
665 1119 53 26 tagit
740 1118 120 21 kännedom
876 1125 33 14 om
925 1119 53 20 revi-

228 1159 96 14 sorernes
343 1153 67 26 ärliga
431 1152 141 26 verksamhet,
589 1153 26 19 de
630 1153 22 19 af
666 1152 47 20 dem
731 1152 129 21 framställda
882 1153 96 20 anmärk-

228 1188 76 26 ningar
326 1187 107 20 äfvensom
457 1187 220 20 Bankodirektionens
694 1186 139 27 förklaringar
848 1187 55 26 uppä
918 1187 62 19 dessa

229 1223 55 18 samt
298 1221 207 26 Bankfullmäktiges
521 1221 6 20 i
544 1221 51 26 följd
619 1221 61 20 häraf
694 1221 100 26 vidtagne
810 1220 104 27 ätgärder,
930 1224 48 17 utan

228 1258 30 17 att
274 1255 101 20 utskottet
397 1255 68 20 funnit
488 1255 46 20 skäl
550 1255 31 20 till
598 1255 69 25 nägon
684 1255 83 20 erinran
784 1255 71 20 dervid
873 1255 107 20 förekom-

229 1297 39 12 ma.
300 1289 32 20 Då
347 1289 116 20 emellertid
479 1289 209 20 Bankodirektionen
705 1289 47 20 icke
764 1289 31 19 för
809 1289 31 19 sin
851 1289 129 26 förvaltning

228 1324 23 19 af
266 1323 90 26 banken,
372 1323 53 20 efter
440 1323 36 20 det
491 1323 123 20 densamma
625 1323 23 20 af
659 1323 119 20 Ständerna
793 1323 186 27 omhändertagits,

229 1358 85 21 erhällit
329 1357 111 27 decharge,
463 1357 38 20 har
525 1357 109 26 utskottet,
650 1360 51 17 enär
717 1359 9 22 $
743 1357 11 19 9
771 1357 23 19 af
806 1357 118 27 Kejserliga
938 1357 41 20 för-

218 1392 136 26 "ordningen,
370 1391 111 27 angående
497 1392 104 26 styrelsen
617 1392 39 19 och
672 1392 155 25 förvaltningen
844 1393 22 18 af
879 1391 101 20 Finlands

227 1427 65 26 bank,
316 1426 70 27 gifven
410 1426 40 19 den
467 1426 11 19 9
495 1426 117 20 December
636 1425 53 20 1867
714 1425 47 20 icke
780 1423 117 22 innehåller
916 1425 64 27 något

228 1460 126 27 uttryckligt
376 1460 116 26 stadgande
508 1466 34 14 om
559 1461 62 19 sättet
641 1459 31 20 för
696 1459 139 20 meddelande
851 1460 23 19 af
887 1460 41 19 slik
944 1460 34 20 de-
