1078 1692
236 126 33 16 126

213 190 80 24 tionen,
316 185 170 29 Öfverstyrelsen
510 189 31 19 för
563 189 106 19 allmänna
684 189 153 26 byggnaderna
856 190 37 19 och
911 190 52 18 före-

213 223 125 19 ständarene
368 223 32 19 for
426 222 281 27 iane-byggnadskontoren,
735 220 168 29 Ulverstyreisen
932 223 32 19 for

213 257 183 27 pressärenderna,
412 256 139 26 Inspektören
567 257 32 19 för
615 257 139 27 fängelserna,
775 258 146 25 spinnhusens,
933 264 30 12 ar-

214 292 54 20 bets-
292 291 38 19 och
354 291 313 26 korrektionsinrättningarnes
694 294 55 17 samt
767 291 197 20 straffanstalternas

213 326 107 26 styrelser,
337 325 119 20 Statistiska
477 325 162 26 embetsverket,
660 326 127 19 Ständernas
806 326 158 19 Bankfullmik-

213 361 50 26 tige,
279 360 100 20 Finlands
396 359 54 20 bank
468 360 46 19 med
531 360 159 26 underlydande
706 359 76 21 kontor
793 360 39 20 och
846 362 119 24 agenturer,

220 394 267 25 (reneraltulldirektionen,
504 394 157 26 Kartasigillata
677 394 104 25 kontoret,
797 390 167 30 Öfverstyrelsen

215 429 31 19 för
262 428 48 20 lots-
328 428 39 20 och
386 428 184 26 fyrinrättningen,
592 428 170 26 Bergsstyrelsen
780 429 65 25 jemte
865 428 100 20 kontroll-

215 463 38 19 och
270 462 147 26 myntverken,
443 462 277 26 Manufakturdirektionen,
748 462 163 20 Direktionerna
934 462 30 20 för

215 496 100 20 tekniska
330 496 52 20 real-
400 498 53 17 samt
469 496 239 26 navigationsskolorna,
724 496 113 20 Allmänna
846 497 118 19 Revisions-

215 533 68 18 rätten
301 531 38 19 och
355 530 217 25 Revisionskontoret,
588 530 112 20 Direktorn
718 531 32 19 för
761 530 66 20 finska
838 530 128 26 kadetkorp-

216 572 44 18 sen,
277 564 86 20 Befälen
381 564 30 19 för
427 564 68 19 finska
511 564 200 26 militärkorpserne,
727 564 132 20 Alexanders
878 564 87 20 Univer-

216 600 80 19 sitetets
312 598 155 24 konsistorium,
494 598 182 26 Rektorsembete,
699 598 129 26 Fakulteter,
851 598 115 20 Examina-

216 632 136 20 tionsutskott
368 632 38 20 och
426 632 217 25 Ekonomiedivision,
665 629 169 29 Öfverstyrelsen
858 633 30 19 för
911 632 54 19 skol-

218 667 107 24 väsendet,
341 666 252 20 elementarläroverkens
610 667 38 19 och
666 666 68 26 öfriga
754 666 108 26 offentliga
885 666 80 19 läroan-

217 701 82 19 stalters
322 700 97 25 Skolråd,
440 700 189 20 Rektorsembeten
646 700 38 20 och
701 700 186 27 Lärarekollegier,
903 700 63 19 Dom-

217 734 101 26 kapitlen,
343 731 167 29 Öfverstyrelsen
535 735 32 18 för
590 737 49 23 väg-
658 735 39 19 och
717 734 249 20 vattenkommunikatio-

219 775 71 19 nerna,
306 768 104 20 Cheferne
427 768 30 20 för
473 768 198 26 Ingeniörkorpsen,
687 769 71 19 Saima
775 769 60 19 kanal
853 769 37 19 och
902 768 64 20 Stats-

215 804 143 25 jernvägarne
381 805 54 17 samt
460 802 256 27 Distriktsingeniörerne,
744 800 167 28 OÖfverstyrelsen
936 803 31 19 för

219 837 156 18 landtmäteriet
388 837 65 24 jemte
472 836 302 26 Länelandtmäterikontoren,
798 837 169 25 Forststyrelsen,

218 870 139 26 Inspektören
374 871 32 18 för
421 870 130 25 fiskerierna,
571 870 151 20 Direktörerne
746 871 30 18 för
799 873 78 17 statens
901 870 65 19 landt-

220 905 72 19 bruks-
317 905 38 19 och
379 905 163 24 forstinstituter,
566 904 107 20 äfvensom
694 904 162 20 Direktionerne
872 905 32 19 för
919 905 47 19 Rid-

219 939 106 25 darhuset,
341 939 31 19 för
389 938 140 26 Civilstatens,
545 939 116 19 Militärens
680 941 54 17 samt
756 938 150 20 Hcklesiastik-
929 938 37 19 och

220 972 132 20 Skolstatens
368 973 64 19 enke-
448 973 38 19 och
504 972 146 26 pupillkassor.

289 1006 72 21 Femte
376 1006 151 27 afdelningen:
550 1007 218 26 Egodelningsrätter,
784 1007 63 19 Polis-
864 1007 38 18 och
918 1005 50 20 auk-

220 1041 146 25 tionskamrar,
382 1041 212 26 Landträntmästare,
613 1041 188 25 Länebokhällare,
823 1040 145 26 Magasinsför-

221 1076 85 25 valtare,
336 1075 231 26 Boställsinspektörer,
598 1075 151 26 Kronofogdar,
777 1075 191 24 Häradsskrifvare,

220 1109 121 20 Förvaltare
357 1109 23 20 af
394 1109 123 26 postkontor
537 1109 38 20 och
594 1109 202 26 postexpeditioner,
816 1108 154 20 Tulldistrikts-

220 1143 78 26 chefer,
315 1143 133 20 Tullkamrar
463 1143 38 20 och
518 1143 204 26 Tullexpeditioner,
738 1143 77 19 Chefer
833 1143 31 19 för
888 1143 80 19 lotsför-

221 1177 118 26 delningar,
354 1177 147 20 Landtmätare
518 1177 38 19 och
572 1177 114 25 Justerare,
703 1173 208 23 Öfverforstmästare
930 1177 38 19 och

221 1211 159 24 Forstmästare,
397 1207 319 23 Bränvins-Ofverkontrollörer
732 1214 50 16 samt
800 1211 41 19 alla
857 1211 65 19 andra
933 1217 35 12 un-

222 1245 36 19 der
282 1245 25 19 de
332 1245 63 26 högre
418 1245 159 26 afdelningarne
601 1245 47 19 icke
668 1245 99 19 särskildt
784 1245 124 19 omnämnde
927 1251 42 13 em-

223 1279 105 25 betsverk,
352 1279 147 26 myndigheter
522 1280 38 19 och
577 1280 132 24 tjenstemän,
726 1279 68 19 sävidt
810 1279 96 19 befrielse
924 1279 45 19 frän

222 1313 123 26 skyldighet
368 1315 30 17 att
423 1313 82 19 kartera
529 1313 131 26 handlingar,
682 1319 44 13 som
751 1313 29 19 till
801 1313 60 19 dessa
879 1313 91 26 ingifvas

222 1348 52 19 eller
290 1347 22 20 af
326 1347 46 20 dem
390 1347 98 26 utfärdas,
505 1347 46 20 icke
568 1348 66 19 finnes
646 1348 6 18 i
664 1347 68 20 denna
744 1347 122 26 förordning
878 1346 91 27 uttryck-

221 1383 57 26 ligen
295 1382 128 26 medgifven.

292 1416 40 19 Vid
348 1415 43 20 alla
406 1415 155 20 ofvannämnde
577 1415 51 20 verk
645 1415 37 20 och
700 1415 147 26 myndigheter
863 1415 107 26 begagnas

222 1450 113 27 stämpladt
358 1456 79 19 papper
460 1450 51 20 eller
534 1449 190 26 kartabeläggning
748 1449 22 20 af
794 1449 177 26 nedanupptagna
