1078 1692
232 111 35 17 556

278 174 54 20 eller
354 180 75 14 annan
452 172 65 22 orsak
536 172 93 28 ledighet
643 172 58 28 från
716 174 100 26 tjensten,
832 174 38 21 bör
884 174 79 22 ansök-

279 208 53 26 ning
347 207 73 21 derom
434 208 65 26 göras
515 206 38 21 hos
569 206 208 27 Bankdirektionen,
791 215 44 14 som
846 216 54 20 eger,
912 208 52 27 ifall

279 241 35 21 det
336 240 110 28 uppgifna
465 240 68 21 skälet
550 240 93 28 pröfvas
657 241 81 27 giltigt,
755 241 78 28 bevilja
848 242 70 21 sådan
934 242 30 20 le-

280 274 72 28 dighet
366 274 37 26 för
418 274 42 21 viss
477 274 32 20 tid
524 277 56 17 samt
595 274 73 21 tillika
678 274 113 27 förordna
807 276 71 28 någon
889 276 75 21 dertill

280 309 91 27 lämplig
390 315 88 21 person,
497 308 55 21 helst
571 309 58 20 inom
645 308 76 26 verket,
737 312 33 18 att
786 310 92 27 tjensten
894 310 70 20 under

281 342 120 28 ledigheten
424 342 102 21 bestrida.
557 342 64 21 Sökes
644 342 120 28 ledigheten
778 343 41 27 för
838 344 72 28 någon
929 351 37 13 en-

280 376 59 21 skild
358 376 167 28 angelägenhets
544 376 69 26 skuld,
631 376 58 21 skall
704 376 111 22 sökanden
830 378 29 27 af
869 378 49 20 sina
934 378 31 20 lö-

281 410 141 28 neförmåner
437 410 14 21 å
465 410 102 21 Bankens
586 412 45 19 stat
650 410 61 28 afstå
726 411 24 21 så
766 411 88 28 mycket,
869 418 44 14 som
924 411 42 28 för

282 445 105 27 tjenstens
410 444 102 28 behöriga
535 444 135 21 bestridande
690 444 69 21 under
780 445 118 28 ledigheten
913 445 52 27 for-

282 478 59 21 dras.
365 478 49 21 Men
431 478 88 28 beviljas
536 478 120 28 ledigheten
662 479 32 27 på
704 479 74 27 grund
789 478 30 28 af
824 479 70 27 styrkt
903 479 63 27 sjuk-

282 512 48 20 dom
346 512 53 20 eller
414 514 69 18 annat
498 512 70 28 dylikt
583 512 84 26 hinder,
683 513 66 27 utgår
766 513 106 21 vikariens
888 514 78 20 arvode

283 546 47 21 med
348 546 35 21 det
402 546 80 28 belopp,
498 553 45 14 som
559 546 42 21 kan
617 546 29 28 af
657 546 209 28 Bankfullmäktige,
878 548 32 26 pä
925 548 41 20 Di-

284 580 122 21 rektionens
416 580 180 28 framställning,
603 580 134 28 fastställas,
748 581 30 27 af
782 581 102 21 Bankens
892 582 73 20 medel.

594 637 15 27 $
624 638 35 20 88.

352 677 201 21 Bankdirektionen
576 684 55 21 eger,
650 678 36 20 vid
706 677 68 27 behof,
793 678 96 21 anställa
905 681 62 18 extra

285 712 127 27 tjenstemän
434 711 37 21 och
495 711 88 28 betjente
604 712 3 20 i
622 711 90 21 Banken
730 714 57 18 samt
801 712 113 27 förordna
934 719 33 14 om

285 746 64 20 deras
365 746 150 28 tjenstgöring.
540 745 106 27 Behöfves
662 746 35 20 till
712 746 78 20 arvode
801 746 22 20 ät
833 746 70 21 sådan
915 747 53 27 tjen-

286 782 82 18 steman
388 780 79 27 anslag
485 779 86 27 utöfver
585 779 103 21 Bankens
698 779 134 27 fastställda
847 782 49 24 stat,
912 780 57 29 skall

286 814 88 21 ärendet
394 813 29 27 af
437 813 142 21 Direktionen
595 814 147 20 underställas
757 814 212 27 Bankfullmäktiges

283 847 109 28 pröfning
408 847 38 21 och
462 847 128 28 afgörande.

358 910 43 20 Om
423 910 122 20 Bankens
565 911 99 19 kontor
683 910 47 20 och
747 913 153 22 agenturer.

603 967 16 26 $
632 967 35 20 89.

355 1006 110 21 Finlands
488 1006 75 21 Banks
583 1006 163 27 hufvudkontor
766 1009 27 18 är
808 1007 8 20 i
831 1007 142 27 Helsingfors

288 1040 36 21 och
336 1039 113 28 förvaltas
465 1040 130 21 omedelbart
610 1040 29 27 af
650 1040 207 21 Bankdirektionen.

597 1087 15 26 $
627 1087 33 20 90.

357 1126 108 27 Derjemte
488 1126 71 21 håller
581 1126 91 21 Banken
692 1126 77 21 kontor
784 1127 8 19 i
806 1120 53 32 Åbo,
879 1126 93 27 Wiborg,

290 1160 146 26 Nikolaistad,
457 1160 111 27 Uleåborg,
585 1159 86 28 Kuopio
688 1159 36 22 och
739 1160 139 27 Björneborg.
902 1160 70 21 Dessa

290 1195 76 20 kontor
380 1194 99 27 förestås
494 1194 37 21 och
541 1194 119 27 förvaltas,
678 1194 70 21 under
762 1192 211 23 Bankdirektionens

290 1229 105 25 inseende,
419 1228 29 27 af
463 1236 26 13 en
508 1228 220 26 Bankkommissarie,
744 1228 48 21 med
807 1228 84 21 biträde
906 1228 31 27 af
948 1235 27 13 en

291 1262 83 21 Kassör
389 1265 62 22 samt,
467 1263 36 20 vid
517 1262 98 21 kontoret
629 1263 10 19 i
653 1256 53 31 Äbo,
722 1262 107 20 dessutom
839 1262 31 26 af
875 1269 26 13 en
912 1261 61 21 Kon-

291 1296 155 27 torsskrifvare
458 1297 32 26 på
505 1298 62 19 extra
581 1298 50 19 stat.
666 1295 43 21 Vid
724 1295 73 28 hvarje
811 1295 77 21 kontor
898 1295 75 28 finnes

291 1331 101 27 derjemte
407 1337 26 14 en
448 1330 178 25 Diskontkomite,
640 1329 92 26 hvilken,
744 1329 111 21 bestående
865 1329 30 27 af
901 1329 74 21 Bank-

291 1365 162 20 kommissarien
473 1371 44 14 som
536 1363 133 28 ordförande
684 1363 38 21 och
738 1364 34 20 två
788 1363 121 26 ledamöter,
926 1370 48 21 eger

292 1399 170 22 beslutanderätt
477 1399 9 20 i
501 1399 62 25 vissa,
584 1399 4 20 i
603 1399 28 20 93
645 1399 15 26 $
674 1397 110 28 uppgifna
799 1397 100 21 ärenden.

360 1433 83 28 Hvarje
459 1433 77 20 kontor
551 1432 96 28 betjenas
662 1431 30 28 af
702 1438 26 14 en
748 1431 155 21 Vaktmästare.
