1078 1692
811 112 34 18 313

117 174 171 27 konkursliqvid,
304 174 36 20 har
356 174 66 20 under
437 174 136 20 sistförflutna
583 175 22 19 år
617 174 87 27 nedgått
716 175 47 19 med
776 175 89 25 915,909

117 209 58 19 mark
198 209 12 20 2
233 209 35 25 pii.
299 208 59 20 Dock
378 209 95 25 gvarstär
489 208 127 20 fortfarande
633 209 61 24 (Tab.
710 208 67 28 XIV),
793 209 6 19 i
815 209 51 27 följd

117 243 22 19 af
160 237 41 25 den
224 242 138 27 långsamhet,
385 248 45 15 som
448 243 37 19 här
500 242 7 19 i
523 242 71 20 landet
611 242 94 20 vidlåder
722 242 143 28 lagsöknings-

118 277 102 20 väsendet
243 277 38 19 och
305 277 138 26 utrednjagen
459 277 7 19 i
482 276 123 26 konkurser,
630 277 29 19 uti
675 277 191 20 ombudsmannens

117 312 159 26 förteckningar
291 311 59 19 öfver
366 311 75 26 dylika
455 311 119 26 fordringar
590 313 29 17 ett
634 311 77 26 belopp
723 311 23 20 af
755 311 111 25 3,306,245

118 345 59 20 mark
204 346 22 18 16
249 345 28 26 pi
296 344 91 20 förutom
403 345 54 26 dem,
473 351 45 14 som
534 345 69 20 blifvit
617 345 104 20 bokförda
736 345 69 20 såsom
821 348 45 17 osä-

117 379 45 20 kra.
195 379 56 19 Huru
270 379 85 26 mycket
370 379 60 20 deraf
444 382 22 16 är
482 381 30 17 att
527 379 108 20 betraktas
650 379 69 20 såsom
735 380 31 18 för
783 379 83 20 banken

117 413 108 26 förloradt,
249 413 49 25 kan,
322 413 31 20 för
376 413 107 20 bristande
502 414 119 26 utredning,
637 414 23 19 af
674 413 192 27 Bankfullmäktige

118 447 47 20 icke
182 447 118 27 uppgifvas.

185 481 117 20 Huruledes
326 481 193 26 Bankfullmäktige
542 481 31 20 för
591 481 107 27 åtskilliga
714 481 58 20 äldre
788 481 77 20 förbin-

118 516 69 19 delser
211 516 30 19 till
265 515 91 25 banken,
372 515 73 20 hvilka
460 516 153 26 gäldenärerne
630 516 52 19 visat
697 516 33 26 sig
745 516 66 20 sakna
826 516 39 20 för-

119 550 62 26 måga
196 552 30 17 att
242 550 66 26 enligt
324 549 70 20 dessas
410 549 81 26 lydelse
507 550 95 26 fullgöra,
611 550 89 26 beviljat
708 550 158 20 vederbörande

117 584 106 20 lättnader
246 584 39 19 och
308 584 123 26 eftergifter,
454 586 55 17 samt
528 584 71 19 hvilka
615 584 97 26 åtgärder
728 585 6 18 i
751 584 65 26 några
831 584 34 20 fall

119 618 23 20 af
158 618 194 26 Bankfullmäktige
368 618 99 26 vidtagits
483 620 36 23 att,
536 618 31 19 till
582 618 125 26 skyddande
722 618 24 20 af
758 618 108 20 inteckna-

119 652 26 20 de
161 652 125 26 fordringar,
302 651 42 20 låta
360 652 32 20 för
408 652 93 20 bankens
517 651 91 27 räkning
624 652 12 19 &
650 652 87 20 auktion
754 652 75 26 inropa
841 653 25 20 de

119 686 130 27 fastigheter,
272 692 44 14 som
343 686 78 26 utgjort
443 686 99 20 säkerhet
558 686 31 19 för
605 686 113 25 desamma,
735 686 94 21 kommer
838 689 30 18 att

118 720 73 27 längre
206 720 52 20 fram
275 720 5 19 i
297 720 71 20 denna
382 720 111 20 berättelse
510 720 71 20 vidare
597 722 129 18 omnämnas.

187 788 34 20 Uti
238 788 95 20 bankens
349 788 138 26 depositions-
499 788 40 20 och
549 788 264 26 postremissvexelrörelse
822 789 42 20 haf-

120 830 26 13 va
168 822 129 20 nämnvärda
316 822 147 27 förändringar
478 822 48 19 icke
541 822 99 19 inträffat.
670 822 32 20 Då
718 823 35 19 det
768 823 47 20 icke
831 830 35 13 an-

119 859 50 18 setts
185 857 189 20 öfverensstämma
390 857 46 19 med
453 856 96 20 bankens
565 856 96 20 ändamål
678 857 40 19 och
733 856 90 21 intresse
839 859 29 18 att

119 891 66 26 draga
200 891 31 19 till
246 891 33 26 sig
295 890 148 26 depositioner,
460 897 51 13 vare
525 890 32 26 sig
574 890 25 26 på
610 890 94 20 bestämd
716 891 150 26 uppsägnings-

119 925 31 19 tid
173 924 52 20 eller
241 924 27 26 på
284 931 50 19 upp-
350 924 39 20 och
406 924 235 27 afskrifningsräkning,
657 925 38 20 har
710 925 85 19 banken
810 925 12 20 å
837 926 30 19 in-

119 961 54 18 satta
196 959 68 20 medel
286 958 108 27 godtgjort
410 958 23 19 så
448 958 36 27 låg
499 960 59 17 ränta
573 960 31 17 att
619 958 159 21 vederbörande
794 959 73 20 endast

120 993 150 26 undantagsvis
286 992 80 20 kunnat
381 992 62 19 hafva
459 992 114 27 anledning
589 995 30 17 att
633 993 7 19 i
656 993 58 20 detta
724 993 99 20 afseende
832 999 34 14 an-

118 1027 38 20 lita
172 1027 90 20 banken.
292 1027 104 26 Beloppet
411 1027 23 19 af
449 1026 94 20 bankens
559 1026 62 20 skuld
638 1026 26 27 på
679 1027 137 26 depositions-
829 1028 38 19 och

118 1067 51 20 upp-
187 1061 39 20 och
241 1060 229 27 afskrifningsräkning
485 1062 53 17 samt
554 1060 29 19 uti
600 1060 128 27 utelöpande
738 1061 129 26 postremiss-

121 1095 80 26 vexlar,
223 1095 92 26 framgår
334 1095 23 19 af
370 1094 51 20 Tab.
438 1095 36 25 IX,
491 1094 29 19 XI
535 1095 18 19 &
569 1094 46 20 XII.
648 1096 80 19 Räntan
745 1095 31 20 för
793 1096 74 25 medel,

119 1130 78 20 insatta
215 1129 13 20 å
250 1129 227 26 depositionsräkning,
494 1129 36 19 har
546 1129 53 19 intill
617 1129 105 26 utgången
737 1129 23 20 af
773 1129 94 21 sistlidne

119 1163 29 26 år,
172 1163 52 20 ifrån
250 1163 86 20 hvilken
356 1163 30 19 tid
402 1169 26 13 en
450 1163 123 26 förändring
588 1163 80 24 införts,
684 1163 79 26 utgjort
778 1163 38 27 3'/,
835 1163 32 28 %,

119 1198 39 19 och
173 1197 32 20 för
220 1197 70 20 medel
306 1197 13 19 ä
335 1203 51 20 upp-
395 1197 40 19 och
445 1196 228 33 afskrifningsräkning
689 1196 46 27 3"/,
752 1197 31 20 till
792 1197 41 20 den
841 1198 26 19 23

119 1232 56 19 Mars
193 1231 59 26 1868,
268 1231 27 19 då
310 1231 40 20 den
367 1230 106 20 nedsattes
488 1230 33 19 till
537 1231 12 19 2
566 1230 35 27 "/,.

188 1299 72 26 Enligt
282 1298 106 21 bokslutet
410 1298 32 20 för
465 1298 40 20 den
529 1298 24 20 31
579 1297 117 22 December
715 1299 51 20 1867
783 1299 84 20 häftade

119 1333 185 27 hypoteksfonden
327 1333 31 19 till
380 1332 69 20 finska
471 1333 128 20 statsverket
621 1333 31 20 för
674 1335 78 18 tvenne
774 1333 42 25 lån,
836 1333 32 20 för

119 1367 84 20 hvilkas
220 1366 158 20 återbetalande
394 1366 163 27 ansvarigheten
572 1367 61 20 alltså
648 1367 109 26 öfvergick
773 1367 32 20 till
820 1367 46 20 Fin-

118 1401 61 20 lands
196 1400 56 21 bank
269 1401 35 19 vid
320 1401 48 19 dess
384 1398 148 29 emottagande
548 1401 23 19 af
585 1401 122 19 Ständerna.
734 1401 30 19 Af
778 1401 35 20 det
828 1407 40 14 ena

117 1436 65 26 lånet,
205 1434 163 28 ursprungligen
391 1437 52 18 stort
458 1435 11 19 6
486 1435 106 20 millioner
616 1434 58 21 mark
697 1434 39 20 och
752 1435 115 28 utgörande
