1078 1692
805 132 34 18 105

109 196 26 25 på
151 197 40 18 sätt
203 196 79 26 jemväl
298 198 151 17 sammansatta
465 195 67 21 Stats-
553 196 38 19 och
610 195 207 21 Ekonomiutskottet
833 196 28 19 uti

109 229 48 20 dess
173 230 104 19 särskilda
300 229 133 20 betänkande
456 230 113 26 angående
585 230 74 26 anslag
674 230 30 19 till
724 230 137 20 förenämnde

110 264 172 26 fyrinrättningar
299 264 107 26 tillstyrkt.
422 264 73 26 Enligt
511 264 136 20 statsverkets
664 264 136 20 summariska
814 264 47 20 räk-

111 298 76 26 ningar
203 298 30 19 för
249 298 51 20 åren
318 298 52 20 1869
388 298 38 20 och
446 298 53 20 1870
516 301 53 16 samt
585 298 151 26 statsförslaget
756 298 31 20 för
811 299 49 19 1871

111 332 36 20 har
164 338 75 20 genom
263 332 179 27 sjöfartsafgiften,
466 339 45 13 som
537 332 104 20 debiteras
662 332 46 20 med
725 335 31 17 tre
776 335 86 23 procent

112 366 22 19 af
148 366 134 20 tullsatserna
304 369 53 17 samt
380 367 67 26 utgått
469 367 64 19 äfven
553 367 31 19 för
606 367 78 19 sådana
704 373 66 19 varor,
791 367 71 19 hvilka

112 400 31 19 till
167 400 50 26 följd
241 400 23 20 af
285 400 69 20 skilda
373 401 123 26 privilegier
517 401 61 25 eljest
593 401 83 26 åtnjutit
692 401 107 26 tullfrihet,
815 401 48 19 årli-

113 440 40 20 gen
170 434 96 27 omkring
284 436 88 24 175,000
390 435 58 20 mark
465 436 80 18 influtit
563 435 38 20 och
620 436 41 19 kan
685 442 79 12 samma
788 436 74 25 belopp

110 468 80 26 jemväl
205 469 31 19 för
252 469 126 20 kommande
394 470 22 19 är
432 470 47 20 med
497 470 99 19 säkerhet
610 470 110 25 päräknas.
756 469 44 20 Och
819 476 43 12 som

113 503 22 18 af
149 503 153 26 statsförslaget
317 503 31 19 för
364 504 144 19 innevarande
525 504 22 18 år
563 503 94 27 framgår,
674 506 30 17 att
718 504 102 25 styrelsen
837 504 27 25 på

114 537 70 19 denna
199 538 61 26 afgift
275 544 61 13 ernar
352 538 94 26 uppbära
462 538 77 20 endast
556 538 73 25 15,000
647 538 65 25 mark,
731 538 75 26 skulle,
829 544 34 13 om

114 570 117 21 Ständerna
246 572 62 26 åtoge
325 572 31 26 sig
375 573 29 18 att
428 574 74 24 utgöra
523 572 128 25 densamma,
667 572 119 20 inkomsten
805 572 61 20 deraf

115 604 71 20 kunna
203 606 101 19 beräknas
321 606 30 19 till
369 606 90 26 160,000
475 606 61 19 mark
553 606 22 19 år
595 606 50 19 1872
664 606 38 19 och
722 606 31 20 till
775 607 88 25 175,000

116 639 57 19 mark
199 640 65 19 under
290 640 72 26 hvarje
387 640 23 19 af
431 640 26 20 de
477 640 94 25 följande
587 640 29 25 år,
632 646 44 14 som
692 640 50 20 höra
759 641 30 19 till
805 643 59 17 nästa

117 673 207 27 bevillningsperiod,
341 674 135 26 hvarigenom
493 674 173 20 totalinkomsten
683 674 83 26 belöpte
783 675 32 25 sig
834 674 30 20 till

118 708 108 24 1,035,000
243 708 65 20 mark.
340 708 37 20 Om
394 708 44 20 från
456 709 71 19 denna
542 714 80 13 summa
637 708 97 26 afdragas
752 709 63 19 ofvan
831 708 33 20 be-

116 742 93 20 räknade
233 743 89 25 595,000
347 743 65 22 mark,
436 743 86 26 uppstår
547 745 30 17 ett
599 742 115 20 öfverskott
736 743 24 19 af
776 743 89 25 440.000

118 776 66 25 mark,
208 776 80 20 hvilket
313 777 100 20 utskottet
435 779 70 17 ansett
528 777 31 25 sig
583 776 50 20 böra
651 776 69 20 lemna
739 777 127 26 disponibelt

117 810 57 19 såväl
195 810 45 20 med
263 811 99 20 afseende
382 811 12 19 å
410 811 34 19 det
467 811 77 19 väckta
569 811 105 26 förslaget,
698 814 28 16 att
749 812 117 20 Ständerna

117 844 68 20 skulle
202 845 79 20 besluta
297 847 29 18 att
341 845 63 20 innan
422 847 59 18 nästa
498 845 101 26 landtdag
614 845 42 19 låta
671 845 88 26 uppföra
770 847 29 18 ett
807 845 58 20 Stän-

118 879 82 24 derhus,
216 885 44 13 som
277 879 39 20 ock
333 879 31 20 för
380 879 25 20 de
419 879 138 26 jemkningar
571 879 7 19 i
596 878 118 21 utskottens
734 879 77 26 förslag
835 879 31 20 till

119 913 223 26 bevillningsmedlens
358 914 146 25 användande,
521 913 71 19 hvilka
613 913 99 26 möjligen
735 913 71 20 kunna
830 913 36 19 fin-

119 953 37 13 nas
172 947 23 19 af
208 947 100 20 behofvet
324 947 117 26 påkallade.
471 948 57 19 Enär
553 948 135 19 nästanförda
709 947 62 26 utgift
796 947 70 20 äfven-

119 989 43 12 som
180 982 100 26 anslagen
297 982 31 19 till
345 982 129 26 uppförande
491 982 24 19 af
528 981 202 20 dårvårdsanstalter
746 982 39 19 och
798 981 69 26 fyrbå-

120 1015 37 20 kar
173 1019 36 16 äro
224 1016 23 19 af
261 1016 127 27 fullkomligt
410 1019 106 23 temporär
539 1018 66 23 natur,
629 1016 36 19 har
680 1016 102 19 utskottet
800 1018 68 17 ansett

119 1050 32 25 sig
168 1057 39 19 ega
222 1051 23 19 så
262 1051 84 25 mycket
363 1057 57 13 mera
435 1051 52 25 skäl,
503 1052 30 17 att
548 1050 7 19 i
571 1050 68 19 stället
654 1050 32 19 för
701 1057 25 12 en
748 1050 120 25 förhöjning

120 1085 5 18 i
142 1085 51 19 eller
209 1085 144 26 utsträckning
369 1086 22 18 af
404 1084 247 26 inkomstbevillningen,
667 1085 107 19 vördsamt
782 1084 86 20 föreslå:

291 1121 32 18 att
339 1118 84 21 landets
439 1118 114 27 högloflige
570 1117 93 21 Ständer
677 1118 49 20 ville
736 1117 42 28 för
796 1118 72 21 bestri-

222 1153 80 20 dandet
318 1151 28 28 af
358 1153 39 19 den
414 1153 33 20 del
462 1151 56 28 utaf
528 1159 30 13 nu
574 1152 134 27 ifrågasatta
724 1153 83 27 anslag,
825 1159 45 14 som

223 1187 43 20 icke
280 1187 48 20 med
344 1186 235 27 inkomstbevillningen
595 1186 99 25 betäckes,
714 1187 66 26 åtaga
796 1187 33 27 siy
844 1194 25 13 en

224 1221 94 20 indirekt
330 1220 90 28 pålaga,
437 1227 44 14 som
497 1220 69 21 under
581 1227 65 14 namn
662 1220 30 27 af
706 1221 163 26 sjöfartsbevill-

224 1255 52 27 ning
291 1255 68 20 skulle
374 1255 53 26 utgå
442 1255 46 20 med
505 1257 30 18 tre
547 1257 90 24 procent
655 1254 29 27 af
700 1255 140 21 tullsatserna
857 1256 12 19 &

224 1289 46 20 alla
285 1289 152 27 importerade,
453 1289 47 20 med
516 1289 110 27 tullafyift
641 1289 89 27 belagda
746 1295 69 20 varor,
832 1289 38 20 och

223 1323 84 20 hvilken
326 1323 84 27 pälaga
433 1323 66 27 blefve
521 1323 94 20 bestämd
633 1325 32 18 att
686 1323 50 27 utgå
752 1324 20 26 ej
787 1323 83 21 mindre

218 1357 41 26 för
282 1359 64 19 nästa
369 1357 209 28 bevillningsperiod,
599 1358 49 19 åren
668 1359 153 24 1873—1877,
841 1359 29 18 än

224 1391 37 21 ock
271 1391 41 27 för
326 1392 147 20 innevarande
489 1392 26 20 är
530 1393 71 24 1872;
616 1394 56 18 samt
687 1393 33 19 att
730 1391 69 20 derest
812 1391 58 21 detta

223 1425 86 28 förslag
323 1426 130 27 godkännes,
469 1427 23 20 ät
507 1425 237 28 Bevillningsutskottet
759 1426 65 20 måtte
839 1425 31 27 öf-

224 1460 118 21 verlemnas
364 1463 33 18 att
419 1460 76 21 härom
515 1459 99 21 utarbeta
633 1462 29 18 ett
680 1459 77 28 tillägg
778 1460 33 20 till
830 1459 40 21 den
