1078 1692
263 211 305 26 Alexanders-Universitetet,
588 212 60 20 enke-
663 211 39 21 och
713 219 42 21 pu-

260 245 158 27 pillkassorna,
433 248 57 18 samt
499 246 73 20 andra
583 246 113 21 allmänna
702 246 54 27 fon-

264 279 40 21 der
319 279 39 21 och
372 279 82 25 kassor,
476 280 49 20 med
543 280 114 28 undantag
679 280 77 21 endast

264 312 30 28 af
309 313 26 21 de
350 313 157 27 förbindelser,
526 320 45 14 som
589 314 34 20 uti
636 314 15 27 $
666 314 28 20 14
712 320 44 14 mo-

264 349 78 19 mentet
357 347 13 20 5
385 346 106 22 särskildt
506 349 131 24 omnämnas,
657 347 99 21 karteras

264 381 72 21 såsom
351 380 90 28 bilagor.

308 414 50 21 Men
379 416 43 19 när
442 414 139 28 såbeskaffad
595 414 161 28 förskrifning,

266 450 8 20 i
289 448 102 28 afseende
406 449 14 20 å
435 448 130 28 inteckning,
580 449 117 27 utsökning
705 449 53 20 eller

219 488 2 7 |
266 489 74 14 annan
355 482 86 28 åtgärd,
457 483 48 21 med
519 483 114 28 undantag
644 482 30 28 af
684 482 74 22 bevak-

266 517 54 27 ning
338 517 9 20 i
361 516 94 21 konkurs
477 517 53 21 eller
552 517 158 27 årsproklama,
725 518 33 20 in-

266 550 71 28 gifves
352 550 53 21 eller
420 553 75 25 upptes
511 551 38 21 hos
560 551 92 21 domstol
662 551 53 21 eller
725 558 33 14 ve-

266 584 135 22 derbörande
423 584 107 26 exekutor,
554 585 58 21 skall
634 585 125 21 densamma

263 620 32 26 på
309 619 146 28 gäldenärens
471 618 117 22 bekostnad
599 618 102 28 beläggas
711 618 49 21 med

266 653 81 21 sådant
372 653 181 27 stämpelpapper,
576 660 45 14 som
646 652 56 28 efter
724 652 36 21 det

266 687 125 21 resterande
416 686 183 28 kapitalbeloppet
621 686 43 21 kan
690 686 70 27 erfor-

267 718 59 36 dras.
410 748 2 2 N

233 754 260 28 Försäkringsbref,
516 755 168 27 assuranspolis,
704 754 56 22 bevis

267 788 62 28 öfver
346 788 101 28 förnyad
470 789 52 20 eller
545 788 115 28 öfverförd
670 788 90 28 försäk-

268 824 57 26 ring,
344 829 44 14 som
408 822 30 27 af
451 822 233 28 försäkringsgifvare
703 825 58 18 utom

268 856 98 21 Finland
379 863 75 20 genom
473 856 48 21 dess
537 858 64 25 agent
617 856 52 21 eller
684 856 77 21 ombud

222 901 1 16 |
269 890 42 21 här
328 891 8 19 i
356 890 74 21 landet
452 890 100 21 utställes
574 890 53 21 eller
648 891 112 24 utlemnas,

269 924 94 21 rörande
374 923 133 28 försäkring
522 924 31 27 af
567 924 145 27 menniskolif
722 924 39 21 och

270 957 158 28 Uifstidsränta,
443 958 54 21 eller
511 958 31 27 af
553 959 101 27 egendom
662 961 54 18 emot
726 958 36 21 eld

270 992 39 21 och
324 992 70 21 brand
409 992 53 21 eller
476 992 105 27 sjöskada
614 1008 5 5 .

238 1025 156 28 Gäfvobref
413 1025 100 22 karteras
529 1026 46 21 lika
589 1026 49 21 med
652 1004 108 53 köpebref.

270 1059 39 22 och
323 1059 64 26 skall,
392 1060 32 27 på
439 1061 45 19 sätt
499 1066 34 14 om
548 1059 126 28 bytesbref
676 1062 16 18 är
702 1060 60 21 stad-

269 1093 60 28 gadt,
352 1095 56 19 samt
429 1093 37 21 vid
484 1093 46 21 lika
545 1093 100 28 påföljd,
666 1093 96 28 gåfvans

269 1127 67 21 värde
351 1128 8 20 i
370 1127 126 28 penningar
510 1127 67 21 alltid
590 1128 34 20 uti
637 1127 125 28 gåfvobref-

270 1163 33 19 vet
318 1163 94 19 utsättas
434 1161 53 21 eller
501 1162 9 19 i
525 1164 69 18 annat
604 1161 48 28 fall
668 1161 95 28 lagligen

269 1195 97 25 utredas,
377 1196 33 26 på
426 1195 35 21 det
471 1195 189 28 stämpelbeloppet
667 1195 35 21 må
710 1195 53 21 kun-

272 1236 29 14 na
316 1229 96 27 derefter
428 1229 133 21 bestämmas.

239 1262 216 22 Konnässement
470 1263 53 20 eller
533 1263 127 27 fraktsedel
675 1263 14 20 å
702 1263 60 27 gods,

272 1296 108 28 afgående
396 1297 35 20 till
446 1299 34 18 ort
494 1299 59 19 utom
568 1297 110 20 Finland:

272 1331 48 20 med
330 1331 72 27 finskt
417 1331 52 21 eller
484 1331 61 27 ryskt
555 1331 82 28 fartyg
652 1347 6 38 -

293 1381 11 10 »
340 1365 113 20 utländskt

240 1398 147 26 Kontrakt,
403 1398 121 29 skriftligt:

245 1434 33 19 1:o
294 1439 33 14 om
348 1433 100 25 arrende,
468 1433 63 27 hyra,
549 1433 54 28 lega,
622 1433 76 27 städja
713 1433 49 20 eller
777 1437 2 30 |

595 1381 10 10 ”

806 1008 22 3 —
845 1001 29 20 180]

817 110 34 17 215

810 1346 17 4 —
838 1338 38 20 130

811 1381 17 2 —
849 1371 27 21 60
