1078 1692
225 125 34 17 486

342 188 66 22 Såväl
425 188 187 22 kommissarierne
627 195 46 15 som
688 188 114 22 kontorens
818 188 70 28 öfrige
904 190 53 27 tjen-

272 224 82 20 stemän
370 225 39 19 äro
421 223 98 28 skyldige
532 226 33 18 att
579 224 67 20 ställa
664 224 34 27 sig
714 223 36 21 till
764 230 115 21 noggrann
895 224 63 26 efter-

272 257 88 21 rättelse
376 258 20 26 ej
410 257 94 21 allenast
518 257 152 28 stadgandena
680 258 8 20 i
699 258 25 20 de
741 257 161 26 instruktioner,
913 264 45 14 som

268 291 42 27 för
324 291 47 21 dem
386 292 161 27 vederbörligen
569 292 111 26 utfärdas,
700 294 54 18 utan
778 292 63 27 äfven
858 292 25 21 de
894 291 65 27 före-

272 325 92 27 skrifter
379 332 18 14 o.
413 333 15 13 s.
446 333 18 13 v.
480 326 142 20 oförändradt.

578 396 15 26 $
608 396 48 20 114.

343 440 108 21 Finlands
474 440 64 21 Bank
557 440 70 21 häller
636 440 145 28 fortfarande
803 440 77 21 kontor
900 441 7 19 i
928 440 31 21 S:t

274 474 139 28 Petersburg,
424 474 43 28 för
481 474 160 22 verkställande
660 474 29 28 af
700 475 26 21 de
741 473 165 29 inkasseringar
922 474 38 21 och

274 509 166 28 utbetalningar
451 510 32 26 pä
499 512 67 23 orten,
581 516 45 14 som
648 509 73 21 kunna
744 508 30 28 af
792 509 168 21 Bankdirektio-

275 550 42 14 nen
331 543 127 27 uppdragas
474 544 23 20 ät
512 543 104 25 kontoret,
632 543 79 21 hvilket
723 544 84 26 jemväl
815 550 48 21 eger
874 543 84 21 invexla

275 577 102 21 Bankens
392 578 75 20 sedlar
481 578 48 20 med
543 577 61 28 ryskt
619 580 60 26 mynt
694 578 55 26 efter
764 578 59 20 kurs.

344 612 67 20 Detta
426 612 83 24 kontor,
525 612 80 20 hvilket
621 612 63 27 äfven
700 612 68 27 säljer
783 612 177 27 invisningur
934 608 31 35 pä

275 646 103 21 Bankens
394 646 77 21 kontor
485 646 59 20 inom
562 646 80 25 landet,
660 646 99 26 förestäs
782 646 38 20 och
841 646 119 26 förvaltas,

276 680 68 21 under
360 680 212 20 Bankdirektionens
594 680 103 26 inseende,
716 680 30 27 af
756 687 25 13 en
797 680 164 20 Bankkommis-

276 714 58 21 sarie
353 714 39 20 och
410 721 26 13 en
454 714 91 21 Kassör.
575 714 71 21 Dessa
664 714 129 27 tjenstemän
811 716 93 25 antagas
924 714 37 20 och

278 750 116 19 utnämnas
413 748 35 21 vid
467 748 108 28 inträfad
591 748 99 28 ledighet,
706 749 8 19 i
730 748 114 21 enahanda
860 748 100 27 ordning,

277 790 45 13 som
346 782 110 28 angående
480 782 225 21 Bankkommissarier
730 782 36 21 och
792 782 108 21 Kassörer
924 782 37 20 vid

276 816 103 21 Bankens
408 816 78 21 kontor
516 817 57 20 inom
603 816 73 21 landet
694 816 8 21 i
721 816 35 21 det
776 816 134 27 föregäende
934 818 27 18 är

276 851 102 27 stadgad.

348 891 55 20 Sista
418 891 83 26 siycket
516 890 141 20 oförändradt.

578 954 15 27 $
608 955 49 20 115.

346 1000 139 26 Oförändrad,
507 1001 56 18 utom
583 1001 30 18 att
633 999 76 20 orden:
734 999 123 20 YLikaledes
880 999 81 26 åligger

277 1035 36 20 det
338 1035 97 26 samtlige
459 1035 123 26 tjenstemän
606 1034 56 25 vid”,
681 1034 76 19 ändras
780 1033 41 20 till:
847 1032 113 21 Likaledes

277 1069 85 28 åligger
378 1069 36 20 det
430 1069 171 26 tjenstemännen
615 1067 37 21 vid
667 1069 37 19 etc.

583 1130 14 27 $
612 1131 49 20 116.

347 1178 33 21 Uti
400 1178 65 19 första
485 1177 84 26 stycket
584 1176 49 27 utgå
648 1183 23 12 ur
686 1175 65 20 första
767 1176 113 26 meningen
896 1175 64 20 orden

278 1213 66 20 Peller
369 1211 113 27 betjente”,
508 1211 116 26 hvarjemte
649 1211 51 19 sista
725 1210 113 26 meningen
857 1210 5 19 i
882 1215 80 14 samma

278 1247 74 27 stycke
376 1246 75 20 ändras
474 1245 97 19 sålunda:
597 1243 15 21 I
628 1244 79 20 sådant
722 1243 120 21 hänseende
858 1250 49 21 eger
922 1243 39 20 Di-

278 1281 111 21 rektionen
408 1279 116 21 enahanda
544 1278 130 27 befogenhet,
694 1285 43 13 som
757 1278 34 20 uti
809 1279 28 20 98
851 1278 15 27 $
882 1277 81 27 omför-

278 1315 72 21 mäles.

350 1355 9 20 I
375 1355 64 26 öfrigt
454 1353 73 21 förblir
543 1353 69 20 denna
627 1355 10 22 $
652 1352 133 21 oförändrad.

580 1416 15 27 $
610 1417 49 20 117.

351 1451 138 20 Oförändrad.
