1078 1692
227 120 35 18 382

275 182 24 22 d)
315 183 87 19 förrätta
417 182 25 20 de
458 182 158 26 inventeringar
632 182 22 20 af
667 182 158 20 handkassorna
840 182 6 18 i
862 182 94 25 Banken,

205 224 45 13 som
267 220 123 17 omnämnas
405 217 7 19 i
430 218 35 18 131
483 219 20 23 $;

275 252 21 25 e)
311 251 115 20 öfvervaka
446 250 164 28 tillverkningen
631 250 38 20 och
687 250 166 27 förfärdigandet
867 250 23 20 af
902 250 52 20 Ban-

206 286 52 20 kens
275 286 79 25 sedlar;
370 286 107 19 äfvensom

270 318 26 28 f)
312 320 56 19 hålla
391 320 71 26 tillsyn
485 320 105 25 deröfver,
611 322 30 17 att
660 319 99 20 Bankens
775 319 37 20 hus
828 318 38 21 och
882 318 72 20 inven-

206 354 64 20 tarier
285 354 24 19 af
322 354 41 19 alla
378 354 45 26 slag
438 353 34 20 väl
488 354 75 20 vårdas
579 356 53 18 samt
651 354 126 19 ekonomien
794 354 46 19 med
857 353 98 20 omtanke

205 388 137 20 handhafves.

275 422 40 20 För
338 422 62 26 öfrigt
424 422 36 20 bör
483 422 146 20 Ordföranden
653 422 47 20 med
720 429 108 19 noggrann
846 422 109 26 uppmärk-

205 456 83 20 samhet
311 456 50 26 följa
383 456 99 20 Bankens
505 457 125 25 tjenstemän
653 456 40 20 och
714 456 92 26 betjente
821 457 6 19 i
843 456 36 20 allt
896 456 60 20 deras

206 491 94 26 görande
316 490 39 20 och
372 490 82 20 låtande
470 491 6 19 i
491 490 98 20 Bankens
605 491 70 25 tjenst,
691 490 23 20 så
729 493 31 17 att
775 491 25 19 de
816 490 27 26 på
857 491 47 19 dem
920 497 35 13 an-

206 525 128 20 kommande
350 525 129 26 göromålen,
495 525 68 19 ehvad
580 525 25 19 de
622 525 70 26 åligga
712 525 46 19 dem
776 525 31 19 till
824 525 48 25 följd
890 525 22 19 af
925 525 31 19 för

207 560 46 19 dem
271 559 109 20 utfärdade
404 559 151 19 instruktioner
578 559 51 20 eller
645 559 26 26 på
687 559 66 26 grund
770 559 23 19 af
806 559 150 19 Direktionens

206 593 104 20 särskilda
333 593 47 20 dem
405 593 123 20 meddelade
546 594 73 23 beslut,
636 593 65 20 varda
716 596 48 16 utan
781 593 123 26 tidsutdrägt
922 594 33 18 be-

205 628 89 26 hörigen
312 627 103 20 uträttade
431 627 38 20 och
485 627 119 27 fullgjorda.

275 661 44 19 Den
351 661 94 27 lagfarne
476 661 118 20 ledamoten
615 662 6 19 i
641 662 137 20 Direktionen
811 662 79 26 åligger
921 661 33 19 det

207 696 43 19 åter
267 697 41 18 att:

274 730 25 26 a)
315 730 44 19 föra
376 730 107 20 memorial
499 730 33 20 vid
549 730 149 20 Direktionens
714 730 178 25 sammanträden;

275 763 22 27 D)
314 764 52 20 efter
382 764 113 20 verkställd
517 764 137 26 granskning,
678 764 79 26 afgifva
779 765 97 25 yttrande
893 764 62 27 angä-

204 798 54 20 ende
277 798 88 20 Banken
386 798 102 26 erbjudna
507 798 162 27 inteckuingars
684 798 39 20 och
749 798 67 26 öfriga
839 798 117 20 säkerhets-

206 832 136 27 handlingars
358 832 105 27 giltighet.

276 866 21 26 e)
313 866 115 20 öfvervaka
450 867 38 19 och
512 867 49 19 leda
579 867 124 26 göromålen
720 867 6 19 i
742 867 98 20 Bankens
856 866 79 25 kansli;
952 867 5 19 i

207 900 82 20 hvilket
311 900 99 20 afseende
430 901 76 19 honom
522 901 99 20 särskildt
637 901 83 26 åligger
736 901 62 25 tillse,
813 904 30 17 att
858 901 98 19 Baukens

207 935 77 19 diarier
307 935 38 19 och
370 935 129 26 protokoller
521 935 115 27 ordentligt
655 935 56 20 föras
727 935 38 20 och
783 937 105 24 uppsättas
904 937 51 17 samt

207 971 29 17 att
256 969 104 26 utgående
386 969 146 26 expeditioner
555 970 188 20 öfverensstämmä
766 969 46 20 med
831 969 71 20 derom
919 969 37 20 fat-

207 1004 48 19 tade
272 1003 78 25 beslut;

276 1037 24 26 d)
316 1037 63 20 hafva
401 1037 100 20 inseende
525 1038 104 25 deröfver,
652 1040 31 17 att
706 1039 103 25 protester
831 1038 12 19 å
860 1037 97 20 Bankens

208 1074 79 23 vägnar
307 1071 123 20 verkställas
453 1072 56 19 inom
526 1072 88 26 stadgad
632 1072 27 20 tid
677 1072 109 20 äfvensom
803 1074 30 18 att
848 1072 40 20 alla
904 1072 52 19 Ban-

207 1105 52 20 kens
276 1105 133 27 utsökuings-
418 1106 38 19 och
474 1106 163 27 rättegängsmäl
653 1109 55 17 samt
723 1106 234 26 inteckningsärenden,

207 1139 65 20 sedan
284 1140 26 19 de
322 1140 30 19 till
368 1139 197 22 Ombudsmannens
582 1141 161 26 handläggning
758 1141 154 25 öfverlemnats,
923 1140 33 19 be-

208 1174 87 26 hörigen
319 1174 129 20 handhafvas
471 1175 38 20 och
533 1175 113 26 fullföljas;
665 1175 33 20 för
714 1175 82 20 hvilket
811 1174 96 20 ändamäl
923 1174 34 19 be-

208 1207 68 20 mälde
293 1208 92 20 ledamot
400 1205 43 24 ock
456 1209 38 20 bör
510 1209 55 20 vaka
580 1209 104 26 deröfver,
696 1212 30 17 att
740 1209 138 26 erforderliga
893 1209 63 19 hand-

207 1242 68 26 lingar
292 1242 39 19 och
348 1243 151 26 upplysningar
514 1243 22 20 af
550 1243 98 20 Bankens
665 1243 125 26 tjenstemän
807 1243 6 19 i
829 1243 29 19 tid
875 1243 82 19 tillhan-

207 1276 95 19 dahällas
323 1276 192 26 Ombudsmannen,
539 1280 54 17 samt
608 1278 45 19 med
672 1277 185 26 uppmärksamhet
873 1277 51 26 följa
940 1277 18 25 ej

207 1310 90 20 allenast
319 1310 197 21 Ombudsmannens
540 1311 140 27 tillgöranden
706 1313 48 18 utan
778 1311 39 20 ock
841 1311 117 20 ärendenas

207 1344 55 27 gäng
278 1345 40 19 och
335 1345 128 26 behandling
480 1345 33 20 vid
530 1345 115 20 domstolar
660 1345 40 20 och
717 1345 157 26 myndigheter;

276 1378 21 27 €)
313 1379 65 20 vårda
400 1379 31 26 sig
451 1387 33 12 vm
500 1380 99 19 Bankens
614 1380 61 19 arkiv
692 1380 38 19 och
747 1379 6 20 i
769 1379 74 20 sådant
859 1379 99 20 afseende

208 1413 61 25 tillse,
286 1415 30 17 att
331 1413 47 19 bref
392 1413 38 20 och
447 1413 167 26 brefkonsepter,
634 1413 136 27 protokoller,
790 1413 82 26 diarier,
888 1413 70 20 kassa-

209 1447 85 26 förslag,
317 1446 142 27 räkenskaper
475 1448 39 19 och
530 1448 69 26 öfriga
621 1447 126 27 handlingar
768 1447 114 26 behörigen
901 1447 57 26 pagi-
