1078 1692
227 135 23 17 34

205 205 69 19 soner,
298 198 72 19 hvilka
393 198 102 26 styrelsen
520 198 55 26 egde
598 200 51 22 utse,
676 197 118 27 sorgfälligt
820 196 135 25 undersökte,

205 232 107 20 hvarefter
334 238 26 13 en
385 232 76 19 allmän
486 232 47 26 plan
557 232 32 19 för
609 231 212 27 fängelsereformens
837 231 118 19 successiva

206 266 165 27 genomförande
389 266 63 19 borde
469 268 110 24 uppgöras.
615 266 66 19 Dessa
700 266 136 25 preliminära
858 265 98 25 åtgärder

206 300 69 20 skulle
292 300 117 20 emellertid
426 300 53 19 vålla
496 302 29 17 ett
541 300 96 26 uppskof,
653 301 6 18 i
675 300 50 26 följd
743 300 74 19 hvaraf
835 300 24 19 de
876 300 80 25 anslag,

207 341 43 13 som
269 334 66 19 under
352 336 58 17 nästa
426 334 151 26 femårsperiod
595 334 62 20 borde
674 334 54 26 utgå,
745 334 47 19 icke
813 334 89 19 behöfva
925 336 29 16 ut-

207 370 65 18 sättas
295 368 30 19 till
347 368 23 19 så
391 368 49 26 högt
461 368 82 26 belopp,
560 375 43 13 som
620 369 6 19 i
643 369 38 19 den
698 368 83 26 Nådiga
799 368 155 26 propositionen

208 402 94 25 föreslås,
319 405 48 17 utan
384 409 60 13 anser
461 402 101 20 utskottet
578 410 25 12 en
619 410 80 12 summa
715 403 23 19 af
751 403 89 25 200,000
856 402 57 19 mark
926 402 32 19 för

207 437 23 19 år
246 443 50 13 vara
312 436 206 26 tillfyllestgörande.

277 471 9 19 I
302 471 94 25 enlighet
413 471 45 19 med
475 471 26 19 de
517 471 22 19 af
553 471 157 19 tillförordnade
727 470 133 27 inspektören
874 470 30 19 för
912 470 43 19 lan-

209 506 46 19 dets
272 505 106 26 fängelser
394 505 100 19 utskottet
509 505 93 20 enskildt
619 506 123 19 meddelade
759 505 111 26 uppgifter,
887 504 30 20 får
927 507 28 16 ut-

209 540 79 20 skottet
304 540 106 18 vördsamt
427 540 114 26 framlägga
557 546 25 13 en
600 540 100 26 öfversigt
716 540 22 18 af
752 540 25 19 de
797 538 160 26 nybyggnader,

209 580 44 14 som
278 576 78 17 ansetts
380 574 70 19 främst
476 574 49 20 böra
545 574 153 26 ifrågakomma
714 574 39 20 och
770 574 25 19 de
812 574 29 18 för
858 574 46 18 dem
922 580 34 18 ap-

210 608 136 26 proximativt
363 608 119 20 beräknade
498 608 120 20 kostnader.
649 608 73 20 Såsom
738 608 64 20 redan
815 607 99 19 nämndes
927 613 30 13 er-

209 642 72 20 fordra
296 642 185 26 straffängelserna
497 645 82 17 snarast
594 649 25 13 en
636 642 137 26 ombildning,
790 642 31 19 för
837 644 29 17 att
886 641 26 19 de
928 641 29 19 till

211 676 86 20 tukthus
321 676 76 20 dömde
421 676 145 26 förbrytarene
583 677 33 19 mä
632 677 69 19 kunna
716 677 6 19 i
739 676 93 26 enlighet
852 676 46 19 med
915 676 43 26 gäl-

210 710 63 20 lande
290 710 145 26 författningar
451 710 94 26 undergå
559 711 58 19 detta
632 710 62 20 straff.
726 711 30 19 Af
770 711 59 19 dessa
849 710 109 19 inrättnin-

211 751 37 20 gar
265 744 65 20 måste
346 744 123 26 spinnhuset
487 745 3 19 i
507 744 181 26 Willmanstrand,
704 745 62 19 hvars
781 744 177 26 hufvudbyggnad

212 778 108 20 nedbrann
337 778 23 20 år
377 779 60 25 1871,
453 778 80 20 erhålla
549 786 25 12 en
592 786 26 18 ny
635 778 56 20 lokal
707 779 38 19 och
765 785 60 13 anses
844 778 68 20 dertill
929 778 29 19 åt-

211 812 27 27 gå
254 812 85 26 vidpass
356 813 89 25 250,000
463 812 65 20 mark.
560 814 90 18 Dernäst
666 814 36 18 har
720 813 99 19 behofvet
834 812 22 20 af
870 819 23 13 en
908 812 47 19 min-

211 847 37 18 dre
264 846 134 27 tillbyggnad
423 847 46 19 med
493 847 154 26 cellinredning
663 847 33 19 vid
714 847 80 19 Kakola
813 845 146 26 straffängelse

212 881 58 18 invid
295 873 47 27 Äbo
366 881 52 19 visat
441 881 31 26 sig
488 887 50 14 vara
553 881 136 26 synnerligen
710 881 184 26 maktpäliggande
912 880 46 19 med

212 914 100 20 afseende
329 914 12 19 ä
357 915 135 26 diseiplinens
509 915 101 26 behöriga
626 915 160 20 handhafvande
803 915 62 19 bland
888 914 24 19 de
924 917 36 16 än-

213 949 26 20 da
263 949 29 19 till
316 949 41 19 300
380 949 69 26 gröfre
473 949 116 26 förbrytare
613 950 105 19 derstädes
740 949 52 20 varit
808 949 92 25 intague,
921 949 37 19 och

213 983 68 19 skulle
298 983 69 19 denna
382 983 141 26 cellbyggnad
537 984 66 25 jemte
619 984 65 26 nägra
699 986 78 17 smärre
793 983 145 26 förändringar
956 983 5 18 i

213 1017 40 19 den
271 1016 55 20 förra
342 1017 83 19 lokalen
442 1017 93 20 erfordra
551 1017 97 27 omkring
664 1018 91 25 200,000
772 1017 64 20 mark.
870 1017 40 19 För
926 1017 32 19 det

213 1051 6 19 i
238 1051 102 19 Kexholm
357 1051 108 26 befintliga
481 1052 114 26 fängelsets
611 1052 112 26 inredning
743 1051 30 20 till
793 1051 62 26 depot
872 1051 30 19 för
919 1051 41 19 lifs-

214 1085 117 26 tidsfängar
348 1085 99 20 behöfves
463 1093 25 12 en
506 1086 132 26 tillbyggnad
654 1087 23 18 af
691 1088 37 23 trä,
746 1085 105 20 beräknad
873 1087 29 17 att
926 1085 33 20 ko-

214 1120 31 17 sta
263 1119 88 25 100,000
368 1119 64 19 mark.
457 1119 30 20 Af
500 1120 180 26 länsfängelserna
695 1123 35 16 äro
747 1120 30 19 för
797 1119 129 20 närvarande
936 1119 25 19 de

213 1153 6 18 i
238 1153 88 26 Wiborg
350 1153 38 19 och
412 1153 106 27 Uleäborg
541 1154 135 26 synnerligen
700 1153 130 26 bristfälliga,
854 1156 50 17 enär
927 1153 35 20 det

213 1187 57 19 förra
292 1190 22 16 är
335 1187 91 27 förlagdt
452 1189 27 18 uti
503 1195 24 12 en
551 1189 22 18 af
591 1189 143 26 ringmurarne
751 1188 30 19 till
798 1187 98 27 Wiborgs
914 1188 49 19 slott

215 1221 38 19 och
272 1221 33 19 det
322 1227 74 14 senare
418 1222 103 25 placerats
537 1222 4 19 i
559 1222 66 19 delvis
650 1222 84 25 mycket
754 1221 98 20 förfallna
869 1221 92 26 byggna-

214 1255 44 19 der.
288 1255 31 18 Då
343 1255 61 20 dessa
426 1256 100 19 anstalter
549 1256 34 19 vid
605 1256 127 26 nybyggnad
750 1255 64 20 måste
831 1256 64 19 förses
915 1256 46 19 med

215 1291 28 17 ett
260 1291 66 17 större
342 1290 56 19 antal
414 1290 64 19 celler
490 1290 30 19 för
532 1290 254 26 ransakningsfångarnvas
797 1290 112 25 tidsenliga
923 1290 40 19 för-

215 1323 93 19 varande
333 1323 39 19 och
397 1324 134 26 behandling,
555 1324 60 19 ställa
631 1324 31 26 sig
677 1324 142 19 kostnaderna
836 1323 30 20 för
882 1323 80 20 desam-

215 1363 33 12 ma
265 1357 104 26 betydligt
385 1357 64 26 högre
465 1360 25 17 än
507 1357 31 20 för
554 1358 65 19 andra
638 1358 110 25 fängelser.
784 1357 157 26 Länsfangelset
958 1358 5 19 i

215 1390 97 26 Wiborg,
336 1391 84 19 hvarest
441 1391 48 20 icke
514 1391 51 20 blott
588 1393 102 24 utrymme
709 1391 38 20 bör
768 1391 87 20 beredas
871 1391 20 19 åt
907 1392 57 19 detta

215 1423 46 20 läns
278 1424 215 27 ransakningsfångar
509 1425 37 20 och
563 1426 30 19 till
611 1426 93 26 fängelse
722 1426 34 19 vid
773 1428 68 16 vatten
859 1425 38 19 och
912 1425 50 20 bröd

216 1457 77 20 dömde
309 1465 106 20 personer,
439 1461 47 17 utan
510 1460 61 19 äfven
595 1460 40 19 alla
651 1460 44 19 från
712 1459 34 20 det
762 1459 68 26 öfriga
847 1459 71 20 landet
934 1459 30 20 till
