1078 1692
825 116 33 17 507

130 181 86 20 hvilken
227 187 51 20 eger
288 187 44 13 rum
346 180 46 20 med
406 180 95 20 bankens
512 180 75 20 fonder
603 179 91 25 (således
706 180 22 20 af
736 186 81 14 samma
828 180 53 20 revi-

130 214 75 28 sorer),
218 215 66 25 jemte
298 214 36 20 det
343 214 59 20 öfver
413 214 143 26 Erlangerska
569 214 161 26 jernvägslånet
745 214 136 26 redovisning

130 248 100 22 aflemnas
247 248 30 20 till
293 248 123 20 Ständerna.
441 248 118 26 Angående
571 248 36 20 det
618 248 93 25 statslån,
724 254 44 14 som
785 248 30 20 till
831 248 49 26 följe

131 283 22 19 af
167 282 77 26 nådiga
265 282 165 26 kungörelserne
446 282 19 20 d.
482 282 26 20 30
525 282 59 26 April
603 282 40 20 och
662 283 22 19 11
703 282 40 26 Maj
763 282 50 20 1859
831 289 50 19 upp-

130 319 46 23 togs
199 317 5 19 i
228 316 112 26 Ryssland,
361 316 67 26 gäller
443 317 7 19 i
465 316 101 20 afseende
586 316 12 20 å
616 316 67 20 lånets
707 316 112 26 bokföring
841 316 40 20 och

130 350 133 26 förvaltning,
287 350 112 26 utlottning
422 350 22 20 af
465 350 148 27 obligationer,
637 350 80 20 iulösen
741 350 23 20 af
784 350 98 20 förfallna

130 384 156 26 räntekuponer
308 384 40 20 och
370 384 149 26 obligationer,
544 384 73 26 utbyte
641 384 22 20 af
688 390 41 20 nya
753 384 129 26 kuponblad,

131 418 128 26 omsättning
282 418 22 20 af
324 418 116 26 obligation
464 418 27 26 på
514 420 65 18 annat
598 424 61 14 namn
679 425 25 12 m.
722 425 33 18 m.,
772 418 111 20 enahanda

131 452 126 27 åligganden
270 452 31 20 för
312 452 99 20 Finlands
424 452 62 26 bank,
498 458 44 14 som
555 452 100 20 härofvan
669 452 67 20 blifvit
747 452 59 27 sagdt
815 453 67 25 jemte

130 487 35 19 det
177 486 141 27 uttryckligen
331 486 118 25 förklarats,
461 488 30 18 att
501 486 42 20 alla
559 486 90 26 ligvider
666 493 26 13 m.
705 493 25 13 m.
742 486 71 20 kunna
830 493 50 20 upp-

130 524 61 23 göras
207 520 61 20 äfven
286 520 5 20 i
308 520 94 20 bankens
418 520 77 20 kontor
509 520 30 20 uti
555 520 29 20 S:t
600 520 132 26 Petersburg.
763 520 118 20 Anmärkas

132 555 32 20 mä
186 557 36 24 att,
238 555 64 20 ehuru
318 555 36 19 det
376 554 63 27 ryska
462 554 58 20 länet
538 556 90 24 upptogs
644 554 5 20 i
665 554 136 20 statsverkets
818 562 63 12 namu

131 590 38 19 och
185 589 27 27 pä
228 589 46 20 dess
294 589 136 26 ansvarighet
449 588 32 20 för
497 588 191 27 äterbetalningerf,
706 588 119 21 förklarade
842 589 38 19 lik-

131 626 33 17 väl
180 623 139 27 Regeringen,
336 622 86 21 hvilken
439 622 123 21 betraktade
578 623 100 19 Finlands
695 622 63 26 bank,
770 623 67 20 säsom
855 630 25 13 en

131 658 116 19 institution
264 657 31 20 för
311 657 81 20 landets
408 664 157 20 gemensamma
581 657 65 25 bästa,
660 659 30 17 att
705 657 23 19 af
741 657 57 20 länet
813 657 68 21 skulle

131 698 26 13 en
173 691 95 27 betydlig
284 693 80 25 anpart,
380 692 65 19 under
467 692 55 19 vissa
543 692 6 19 i
570 691 151 27 förordningen
737 692 72 19 härom
826 692 54 20 stad-

131 726 54 25 gade
202 726 74 26 vilkor,
288 732 46 14 men
347 728 49 18 utan
412 728 30 18 att
458 726 69 26 nägon
545 728 60 17 extra
620 725 195 27 räntegodtgörelse
831 726 50 20 kom

130 760 6 19 i
153 760 65 26 fråga,
238 760 139 20 öfverlemnas
398 760 31 20 till
445 759 207 27 hypotheksfonden.
684 759 43 20 Och
744 760 76 26 denna,
836 767 44 13 som

131 800 86 14 numera
236 796 60 25 utgör
312 794 40 20 den
373 794 108 27 egentliga
500 794 78 20 fonden
595 794 6 19 i
617 794 100 20 Finlands
733 794 63 26 bank,
811 794 70 27 dispo-

132 828 76 20 nerade
224 828 23 20 af
260 829 64 26 sagde
341 828 148 26 läneförskott,
505 828 32 19 för
554 828 137 19 bedrifvande
706 828 24 19 af
742 829 33 18 sin
791 828 91 20 enskilta

132 862 134 26 länerörelse,
279 862 33 19 vid
326 862 51 19 1871
390 862 34 20 ärs
435 862 78 27 utgäng
525 865 55 16 ännu
596 868 25 13 en
639 868 80 13 summa
733 862 24 20 af
770 863 112 25 4,680,000

133 896 64 26 mark,
209 896 52 20 eller
277 899 50 17 nära
343 896 41 20 fem
400 896 80 27 gänger
497 896 100 26 beloppet
611 895 24 20 af
648 895 36 20 det
698 895 23 20 sä
736 896 86 27 mycket
837 903 43 13 om-

131 931 78 20 ordade
224 930 120 20 kreditivet.
370 930 107 20 Huruvida
489 930 83 21 banken
584 937 87 13 numera
687 931 107 26 uppfyller
809 931 26 20 de
847 931 34 20 vid

132 965 144 20 länemedlens
299 964 172 20 öfverlemnande
495 964 103 27 stadgade
622 965 74 25 vilkor,
719 968 23 17 är
765 971 25 14 en
810 971 70 14 annan

131 999 59 27 fråga
212 999 86 20 hvilken
322 999 41 19 kan
388 999 104 26 berättiga
508 999 142 26 Regeringen,
669 1001 37 18 när
722 999 69 20 denna
814 999 67 20 finner

131 1033 72 20 sådant
222 1033 107 26 behöfligt,
340 1035 30 17 att
381 1032 118 21 äterfordra
509 1033 49 19 hela
569 1032 120 21 återstoden
706 1033 22 20 af
741 1033 138 20 läneförskot-

130 1070 35 17 tet.
197 1067 39 20 För
252 1067 63 26 öfrigt
330 1069 23 17 är
368 1067 7 19 i
392 1066 183 27 författningarne,
591 1066 109 27 angäende
716 1067 26 20 de
758 1068 56 19 inom
837 1068 43 19 lan-

131 1102 35 19 det
189 1103 106 24 upptagna
316 1101 87 20 statslän
423 1101 80 25 jemväl
526 1100 107 27 päbjudet,
652 1103 30 17 att
705 1101 139 27 bokföringen
860 1102 24 19 af

131 1136 46 19 dem
195 1142 25 13 m.
232 1142 26 13 m.
275 1135 92 26 besörjes
378 1136 23 19 af
410 1135 99 20 Finlands
521 1135 56 20 bank
588 1138 55 16 samt
652 1137 31 18 att
698 1135 98 20 förfallna
810 1137 68 18 ränte-

130 1170 94 25 kuponer
240 1169 40 20 och
296 1169 139 26 obligationer
451 1169 78 20 inlösas
551 1169 4 20 i
573 1169 84 20 banken
673 1171 53 18 samt
741 1170 47 19 dess
803 1169 77 20 kontor

129 1204 6 19 i
151 1203 127 20 landsorten.
308 1203 102 26 Slutligen
430 1206 23 17 är
470 1204 37 25 jag
527 1203 86 26 skyldig
629 1205 29 18 att
674 1203 106 20 vördsamt
795 1203 85 20 anhålla

130 1244 33 13 om
180 1237 71 20 ursäkt
267 1237 31 19 för
314 1237 40 20 den
371 1243 57 14 mera
444 1237 143 26 omständliga
605 1237 182 27 framställningen
803 1237 22 20 af
839 1237 40 20 för-

130 1271 106 20 hällandet
260 1271 46 20 med
330 1271 121 26 statslänen,
468 1277 47 14 men
532 1271 45 20 dels
595 1271 38 20 har
648 1271 77 20 sakens
740 1272 46 26 vigt
800 1271 80 20 fordrat

129 1305 80 25 sädant,
220 1305 44 20 dels
282 1305 64 20 mäste
360 1306 36 26 jag
412 1306 95 19 förmoda
523 1307 30 18 att
568 1305 57 20 detta
642 1305 130 21 förhällande
788 1309 23 16 är
827 1307 51 18 min-

129 1340 37 19 dre
183 1335 83 30 bekant,
282 1341 22 24 ty
321 1339 146 28 besynnerligt
483 1346 40 21 nog
542 1340 118 27 igenfinnes
676 1339 47 20 icke
739 1340 69 27 någon
825 1341 55 20 enda

129 1373 24 20 af
165 1373 33 26 de,
213 1373 111 26 angående
346 1374 35 19 det
404 1374 64 26 ryska
484 1374 38 20 och
544 1374 26 20 de
591 1374 111 19 utländska
718 1374 113 20 statslänen
849 1377 29 17 ut-

129 1407 85 20 färdade
227 1407 140 27 öfverhetliga
378 1408 148 26 förordningar
539 1409 28 18 uti
580 1408 48 25 den,
641 1408 30 19 till
683 1408 50 26 följe
744 1408 23 20 af
781 1409 97 20 Ständer-

129 1449 37 12 nas
180 1441 66 21 beslut
260 1441 39 20 och
314 1442 175 20 föreskrifterna
482 1437 15 36 i
505 1443 50 19 1867
569 1442 33 21 års
618 1442 134 27 kungörelse,
764 1449 33 13 om
814 1442 64 21 bank-
