1078 1692
799 142 33 17 131

181 245 12 20 å
209 246 89 19 honorär
315 244 137 27 doktorsgrad
469 260 5 4 .

182 280 12 19 å
211 279 150 27 magistergrad

118 313 148 27 Doktorsbref,
282 320 22 13 se
320 313 84 26 diplom.

118 347 176 27 Donationsbref
306 347 50 20 eller
372 347 112 20 resolution
501 347 13 19 &
532 347 112 26 förläning,
663 346 61 20 efter-

141 382 39 26 gift
195 382 12 20 å
223 382 33 19 lån
274 382 38 19 och
330 381 118 26 understöd,
464 388 45 12 som
525 381 24 19 af
561 381 107 19 allmänna
684 388 40 12 me-

141 416 33 20 del
191 416 94 26 beviljas,
302 418 36 17 när
354 415 75 26 gåfvan
446 415 6 20 i
469 415 64 20 värde
549 415 124 26 öfverstiger
685 416 40 18 200

141 450 65 26 mark,
229 450 90 20 skrifves
335 450 12 19 &
362 449 111 26 stämpladt
496 456 81 19 papper
599 450 30 19 till
646 451 29 18 ett
692 450 33 19 be-

141 484 49 26 lopp
206 484 22 20 af
241 484 47 26 fyra
303 486 93 24 procent.

119 517 245 29 Fartygsförpassning,
380 524 22 14 se
418 524 53 20 pass.

121 552 117 27 Fastebref
256 552 90 20 skrifves
368 552 27 26 pä
418 552 113 26 stämpladt
553 558 80 20 papper
651 552 32 20 för
699 554 29 17 ett

143 586 180 27 egendomsvärde
339 586 23 20 af
375 586 31 19 till
421 586 38 20 och
477 586 48 20 med
544 586 41 20 200
605 586 58 19 mark

143 620 119 20 derutöfver
286 620 25 20 10
334 620 64 26 penni
421 620 30 20 för
474 620 74 26 hvarje
575 620 38 20 100
634 620 58 19 mark
708 620 23 19 af

143 650 196 36 egendomsvärdet.
738 661 1 23 |

171 689 105 19 Domaren
292 691 23 17 är
330 688 85 26 skyldig
430 690 29 18 att
475 688 6 20 i
497 688 73 26 hvarje
586 688 43 26 fall,
645 688 27 20 dä
685 688 55 29 lag-
734 684 10 37 j

144 723 39 19 fart
205 729 33 13 om
261 722 99 20 afslutadt
383 722 41 26 köp
447 722 12 20 &
482 722 41 20 fast
538 722 105 26 egendom
661 722 69 20 blifvit

144 756 105 20 fulländad
267 756 38 20 och
322 756 68 26 öfriga
404 756 8 20 i
426 756 35 27 lag
477 756 102 27 stadgade
600 757 68 19 vilkor
684 756 45 20 full-

144 791 80 26 gjorda,
241 790 49 20 derä
306 790 82 20 utfärda
403 790 106 26 fastebref,
526 791 67 19 ehvad
610 790 74 20 sädant
694 790 35 20 be-

144 828 61 23 gäres
220 825 52 19 eller
287 825 26 25 ej.

123 858 113 27 Folkpass,
252 865 22 13 se
290 864 54 20 pass.

123 891 95 28 Fribref,
234 899 22 13 se
272 892 163 20 helfrihetsbref.

124 925 156 26 Friherrebref,
297 932 22 13 se
335 926 85 26 diplom.

124 959 98 22 Frisedel
237 960 31 19 till
285 966 70 13 varors
371 960 94 26 lossning
481 960 39 19 och
535 960 93 27 lastning
726 975 4 4 4

125 993 119 25 Fullmakt,
269 993 162 26 konstitutorial,
461 993 149 26 förordnande,
635 994 96 20 kallelse-

147 1028 39 20 och
202 1027 180 27 antagningsbref,
398 1027 193 28 protokollsutdrag
607 1029 47 19 med
669 1035 63 19 mera,

148 1062 136 25 hvarigenom
300 1061 90 26 embete,
406 1061 63 26 tjenst
484 1061 53 20 eller
557 1062 118 27 befattning
698 1062 34 20 be-

148 1098 63 17 sättes
234 1095 39 20 och
297 1095 123 26 bortgifves,
443 1095 52 20 eller
511 1095 39 21 ock
567 1096 111 27 värdighet
694 1097 37 18 för-

149 1136 71 19 unnas,
238 1129 46 20 med
301 1129 106 26 undantag
422 1129 23 20 af
457 1129 55 26 dem,
529 1136 43 13 som
589 1130 6 19 i
612 1130 69 20 denna
693 1130 40 20 för-

148 1164 90 25 ordning
254 1163 67 20 finnas
337 1163 98 19 särskildt
450 1163 138 20 omnämnda:

177 1197 23 26 a)
216 1197 12 20 &
243 1197 83 26 verklig
342 1197 62 26 tjenst
420 1197 46 20 med
483 1197 106 20 bestämdt
603 1197 63 25 ärligt
677 1198 56 19 löne-

148 1231 74 26 anslag
237 1231 27 26 pä
279 1233 48 17 stat:

150 1266 31 19 1:0
198 1265 12 19 &
226 1265 82 24 militär,
324 1264 64 26 civilt,
405 1265 145 20 ecklesiastikt
561 1265 39 20 och
612 1265 123 20 skollärare-

141 1293 5 3 *
178 1299 90 25 embete,
284 1299 69 25 tjenst,
369 1298 68 26 syssla
459 1299 52 19 eller
533 1299 135 27 beställning,
692 1306 44 13 som

178 1333 23 19 af
214 1333 68 19 Hans
297 1332 150 27 Kejserliga
462 1333 123 26 Majestät
601 1334 51 19 eller
662 1334 74 19 veder-

179 1366 93 20 börande
288 1366 124 25 myndighet
421 1366 102 26 tillsättes,
537 1367 90 20 skrifves
639 1367 11 20 &
660 1370 76 24 stämp-

179 1400 45 20 ladt
246 1406 86 19 papper,
356 1399 116 20 beräknadt
495 1401 53 19 efter
571 1402 13 18 4
606 1404 88 23 procent
718 1402 22 19 af

178 1434 116 27 penninge-
318 1433 39 20 och
383 1434 24 19 12
430 1436 87 23 procent
540 1435 22 19 af
575 1435 67 20 indelt
656 1435 35 20 lön
707 1435 31 20 för

178 1469 51 24 året,
245 1467 31 20 för
292 1467 47 24 den,
356 1467 85 20 hvilken
457 1468 66 19 första
538 1468 83 27 gången
637 1469 102 20 tillträder

758 244 39 20 100

785 279 12 19 ee

820 586 27 20 20

825 964 26 20 20
