1078 1692
837 105 22 17 53

132 174 80 13 summa
226 168 23 18 af
265 167 112 25 1,350,000
400 167 65 25 mark,
492 167 147 20 motsvarande
659 168 31 18 för
706 168 39 19 fem
763 167 22 20 är
803 170 30 17 ett
848 168 32 19 år-

132 202 39 25 ligt
185 201 73 26 anslag
274 201 23 19 af
310 201 91 25 270,000
418 201 65 19 mark.

201 228 164 27 ÄAterhemtande
390 235 55 19 hvad
467 235 102 20 utskottet
588 236 37 19 här
641 236 61 19 ofvan
718 236 45 19 haft
778 238 48 17 äran
843 243 35 13 an-

131 269 51 25 föra,
198 269 31 19 får
245 269 101 19 utskottet
362 268 60 20 alltså
439 269 104 19 vördsamt
559 269 77 20 föreslå

301 304 33 18 att
350 302 131 26 Ständerna,
497 302 47 21 med
557 302 160 28 godkännande
736 302 30 28 af
776 304 25 20 de
815 304 9 20 i
839 304 40 20 den

232 336 89 27 Nådiga
340 336 165 27 propositionen
527 339 113 24 upptagna
660 337 165 28 anslagsbelopp
838 338 42 26 för

231 370 155 26 folkskolorna,
402 376 47 14 men
465 370 46 20 med
524 370 85 26 fästadt
625 370 99 27 afseende
734 371 13 20 å
758 370 65 28 ofvan
836 378 44 14 om-

226 404 112 27 förmälde
353 404 188 27 inskränkningar
561 405 7 19 i
583 405 56 20 vissa
662 405 61 20 delar
745 404 30 28 af
791 405 89 28 utgifts-

232 438 183 28 beräkningarna,
440 438 76 21 anvisa
540 441 29 18 ett
591 439 68 27 årligt
674 439 78 27 anslag
766 438 41 28 för
817 440 62 26 folk-

231 472 157 22 skoleväsendet
404 472 8 20 i
428 472 73 21 landet
516 472 47 21 med
577 479 59 14 mera
652 472 29 28 af
696 474 94 25 270,000
809 473 69 25 mark,

232 510 32 18 att
280 507 68 20 under
364 507 52 19 åren
431 508 148 20 1873—1877
594 507 52 27 utgå
656 506 58 28 från
730 507 40 20 den
785 507 93 21 allmän-

231 548 29 14 na
276 540 242 28 inkomstbevillningen.

197 576 47 19 Men
260 576 35 19 vid
312 575 135 20 förordandet
469 576 22 18 af
512 575 74 20 sådant
608 582 47 13 svar
674 576 12 19 å
705 576 69 19 denna
795 576 82 26 Nådiga

129 610 129 27 proposition
274 610 38 19 har
328 609 102 20 utskottet
452 609 75 20 derhos
551 610 69 19 funnit
642 610 31 26 sig
693 610 85 19 manadt
793 612 30 18 att
839 610 37 20 hos

129 644 116 21 Ständerna
268 643 106 20 vördsamt
396 643 117 26 hemställa,
536 643 102 20 huruvida
659 643 47 20 icke
730 646 29 17 ett
778 644 98 20 särskildt

130 678 67 20 vilkor
220 681 55 16 ännu
299 677 64 20 borde
386 676 107 20 förbindas
514 677 47 20 med
578 677 129 27 beviljandet
722 678 22 19 af
757 678 72 26 anslag
845 678 31 20 för

128 712 215 21 folkskoleväsendet.
374 712 40 19 Det
429 711 37 19 har
481 712 108 26 nemligen
605 712 47 20 icke
668 712 80 20 kunnat
758 712 71 26 undgå
845 715 31 17 ut-

129 747 87 19 skottets
240 745 192 27 uppmärksamhet,
455 747 30 17 att
504 745 87 20 oaktadt
613 746 83 26 Nådiga
718 747 156 25 propositionen

128 781 30 19 till
174 780 82 20 landets
272 780 22 19 år
313 780 51 19 1863
380 779 127 20 församlade
523 779 89 21 Ständer
631 780 47 20 icke
697 780 95 26 åsyftade
814 781 60 26 utgif-

129 815 76 19 vandet
220 814 23 20 af
256 813 166 21 statsunderstöd
437 813 22 19 åt
474 820 57 13 mera
546 816 26 17 än
589 820 25 14 en
631 814 51 20 eller
697 814 61 26 högst
768 814 35 20 två
813 814 63 20 enkla

127 849 70 20 skolor
213 849 6 18 i
236 848 72 26 hvarje
328 847 106 25 kommun,
457 847 100 26 anslagen
577 848 6 19 i
603 847 75 26 sjelfva
700 848 80 25 verket,
803 848 73 20 såvida

127 883 60 20 deras
211 882 55 19 antal
289 881 47 20 icke
360 881 68 20 blifvit
451 881 127 26 begränsadt
597 881 5 20 i
619 881 82 26 Nådiga
724 881 149 27 förordningen

127 916 109 27 angående
252 915 208 21 folkskoleväsendet
475 915 40 19 den
533 916 23 19 11
574 915 40 26 Maj
637 916 52 19 1866
712 916 38 19 och
774 916 101 20 särskildt

127 951 83 25 tillföljd
234 951 22 18 af
277 950 70 19 denna
369 949 134 26 förordnings
528 949 38 20 119
587 951 16 23 $,
619 949 67 26 utgått
701 949 23 20 så
743 950 85 26 ojemnt,
845 952 29 17 att

126 985 124 20 kommuner
265 984 67 19 finnas
348 983 72 20 hvilka
435 983 80 26 åtnjuta
530 983 73 26 anslag
619 983 31 20 för
666 984 46 26 fyra
728 985 12 18 &
754 984 41 20 fem
808 985 66 26 högre

126 1018 122 25 folkskolor,
265 1017 75 20 medan
357 1019 31 18 tre
404 1017 125 26 fjerdedelar
545 1018 24 19 af
581 1018 82 19 landets
679 1017 123 20 kommuner
817 1021 57 16 ännu

125 1053 66 20 sakna
206 1052 79 19 sådana
300 1051 72 20 skolor
387 1051 39 20 och
441 1051 127 26 statsbidrag
584 1052 31 19 för
631 1052 112 19 desamma.

193 1086 150 19 Förstberörda
360 1085 161 26 omständighet,
537 1086 52 19 eller
604 1087 29 18 att
649 1092 25 13 en
694 1085 33 20 del
748 1085 124 21 kommuner

125 1120 91 27 skyndat
232 1122 30 17 att
277 1119 100 20 förskaffa
392 1119 32 26 sig
440 1119 124 27 lönebidrag
580 1120 31 19 för
631 1119 51 20 flera
704 1119 77 26 skolor,
804 1120 68 19 skulle

124 1154 33 19 väl
173 1154 6 19 i
195 1154 39 19 och
250 1153 32 20 för
298 1153 31 26 sig
345 1153 109 20 betraktad
471 1153 48 20 icke
534 1153 102 20 innebära
650 1153 114 26 anledning
783 1153 29 20 till
836 1160 35 13 an-

124 1190 35 17 nat
174 1191 25 16 än
216 1187 76 27 fägnad
310 1187 59 20 öfver
385 1187 61 20 dessa
461 1188 66 19 orters
547 1189 66 18 större
636 1187 104 20 nitälskan
764 1187 32 20 för
819 1187 52 21 bild-

124 1223 55 25 ning.
210 1221 44 20 Och
271 1221 54 20 dock
342 1221 80 26 nödgas
438 1221 100 20 utskottet
555 1221 44 20 deri
615 1227 22 14 se
656 1223 29 18 ett
708 1221 162 20 missförhällan-

123 1257 32 21 de,
171 1261 52 20 som,
238 1255 7 20 i
261 1255 73 26 början
351 1255 80 19 mindre
447 1255 96 26 känbart,
567 1255 47 20 med
637 1255 56 20 tiden
713 1255 41 20 kan
776 1255 94 20 medföra

123 1289 121 26 betänkliga
260 1289 81 26 följder.
371 1289 82 20 Främst
468 1289 59 20 torde
543 1289 73 20 härvid
632 1289 40 20 den
688 1289 73 26 frägan
774 1289 50 20 böra
834 1293 34 23 gö-

122 1330 39 19 ras,
181 1330 33 13 om
231 1323 35 20 det
282 1326 22 17 är
319 1323 99 26 önskligt,
435 1325 30 18 att
479 1323 42 20 alla
536 1323 65 26 högre
618 1323 122 26 folkskolor,
756 1329 45 14 som
818 1325 51 25 möj-

122 1358 56 26 ligen
195 1357 91 20 behöfva
302 1357 6 19 i
324 1357 72 20 landet
412 1357 94 26 inrättas,
522 1357 60 20 skola
598 1357 98 20 bekostas
712 1357 48 20 med
782 1358 87 19 allmän-

121 1398 26 13 na
163 1391 83 20 medel?
276 1391 71 26 Enligt
368 1391 110 20 utskottets
499 1391 54 26 äsigt
575 1391 66 20 måste
661 1394 69 17 svaret
746 1391 72 20 utfalla
833 1398 36 13 ne-

121 1425 76 26 kande,
213 1425 61 19 äfven
291 1431 33 14 om
340 1425 50 26 inga
408 1425 119 20 finansiella
549 1425 131 27 svärigheter
705 1431 49 14 vore
774 1425 47 20 med
842 1432 26 13 en
