1078 1692
800 112 34 18 571

173 176 54 20 dant
242 175 102 27 afseende
358 176 97 27 utgifvit,
471 175 106 21 särskildt
586 175 53 21 söka
650 175 37 21 och
700 175 85 21 erhålla
794 176 65 27 godt-

172 210 83 27 görelse
276 209 30 27 af
324 210 40 20 den
387 209 91 25 Kassör,
501 210 9 20 i
532 209 65 21 hvars
619 209 65 21 kassa
702 209 81 21 bristen
796 209 63 27 före-

168 243 98 27 Junnits.

242 277 46 21 För
303 277 69 27 öfrigt
394 279 28 19 är
440 276 53 22 hvar
509 277 36 21 och
562 284 25 14 en
603 276 85 22 embets-
704 277 52 21 eller
772 278 87 26 tjenste-

174 318 50 14 man
240 312 52 20 eller
308 311 80 27 betjent
402 312 9 20 i
425 311 91 21 Banken
537 311 38 21 och
591 311 48 21 dess
653 311 83 26 kontor,
752 318 44 14 som
806 311 54 27 för-

176 348 93 18 summat
291 347 33 19 att
341 344 103 28 fullgöra
467 345 52 21 eller
537 345 108 27 felaktigt
660 345 70 27 utfört
746 346 14 20 å
775 345 84 25 honom,

171 379 89 27 Jjemlikt
275 379 59 21 detta
356 379 135 27 Reglemente
507 379 52 21 eller
573 378 97 22 särskild
684 379 30 27 af
724 379 136 21 Bankdirek-

175 414 72 20 tionen
267 414 52 20 eller
338 420 75 14 annan
435 413 159 21 vederbörande
611 413 93 27 förman
719 414 9 20 i
743 414 93 27 tjensten
851 414 9 20 i

176 448 86 27 behörig
285 448 94 27 ordning
402 447 113 21 meddelad
528 447 119 27 föreskrift
663 448 51 20 eller
730 447 129 28 befallning,

176 481 155 21 ankommande
353 482 88 27 åtgärd,
455 482 100 27 göromål
577 482 52 20 eller
651 482 107 27 uppdrag,
774 481 86 28 skyldig

175 518 33 19 att
224 517 82 19 ersätta
321 516 31 20 all
368 515 41 21 den
424 515 69 21 skada
515 515 38 21 och
571 515 90 27 förlust,
677 522 44 14 som
744 516 36 20 till
795 515 66 27 följd

176 549 29 27 af
210 549 167 27 försummelsen
394 549 79 27 träffat
487 549 98 21 Banken.

465 629 58 29 Kap.
540 629 39 22 IH.

357 692 112 20 Revisionen
485 692 21 20 af
519 692 87 20 Finlands
621 692 59 20 Bank.

479 754 14 27 $
510 755 47 19 114.

245 794 127 21 Revisionen
396 794 29 27 af
443 794 107 21 Finlands
566 794 69 24 Bank,
652 794 90 21 hvarvid
757 794 104 22 Bankens

178 829 102 20 tillstånd
299 828 38 21 och
352 828 142 27 förvaltning
517 828 69 20 under
601 828 35 21 det
651 823 158 32 nästförflutna
824 829 37 20 ka-

179 863 122 20 lenderåret
322 862 133 21 undersökas
479 862 39 21 och
537 862 115 27 granskas,
670 862 122 21 verkställes
808 863 54 20 årli-

177 904 47 20 gen,
237 897 32 26 på
284 896 110 21 Finlands
411 896 104 21 Ständers
531 898 90 25 vägnar,
633 896 29 27 af
671 896 136 22 Ständernas
822 897 40 20 Re-

179 931 86 25 visorer,
281 931 89 20 utsedde
379 931 68 26 jemte
459 930 145 27 Suppleanter
615 931 32 26 på
662 932 44 19 sätt
721 930 141 29 Landtdags-

178 965 120 27 ordningen
308 964 155 27 föreskrifver.

482 1027 15 27 $
511 1028 50 19 115.

247 1067 140 20 Revisorerne
402 1067 164 20 sammanträda
582 1067 55 26 efter
652 1067 94 21 erhållen
763 1067 100 28 skriftlig

178 1101 90 21 kallelse
282 1101 30 27 af
324 1100 211 28 Bankfullmäktige,
559 1101 40 20 den
614 1103 15 19 2
644 1101 66 27 April
725 1102 53 20 eller
787 1101 77 28 första

179 1135 96 28 helgfria
298 1135 42 27 dag
362 1133 94 28 derefter
471 1135 8 20 i
494 1134 92 21 Banken
606 1135 38 21 och
659 1137 102 26 mottaga,
776 1136 9 20 i
799 1135 65 22 Full-

179 1169 105 27 mäktiges
309 1171 100 23 närvaro,
434 1168 29 27 af
481 1168 204 22 Bankdirektionen
710 1169 153 22 Direktionens

180 1203 111 21 berättelse
314 1209 33 14 om
369 1202 102 21 Bankens
495 1203 108 25 tillstånd,
626 1203 80 21 rörelse
721 1203 37 21 och
768 1203 96 28 förvalt-

179 1237 53 28 ning
248 1237 70 20 under
334 1237 197 26 redovisningsåret
540 1237 67 27 jemte
622 1237 82 20 allmän
716 1237 108 28 öfversigt
839 1238 30 27 af

179 1271 102 20 Bankens
304 1271 106 26 ställning
430 1271 38 20 vid
491 1271 48 20 dess
558 1271 88 27 utgång,
665 1271 199 22 Ombudsmannens

181 1305 111 20 berättelse
314 1311 33 14 om
369 1305 87 20 sådana
479 1305 36 20 till
538 1304 55 21 hans
608 1305 81 27 åtgärd
704 1305 160 27 öfverlemnade

179 1339 45 21 mål
239 1339 37 20 och
291 1339 102 24 ärenden,
405 1343 48 16 som
473 1339 36 20 vid
525 1339 58 20 årets
598 1339 45 20 slut
658 1339 44 20 icke
716 1346 50 14 voro
782 1340 82 21 behöri-

179 1381 41 20 gen
234 1373 117 27 slutförda,
370 1375 56 18 samt
449 1372 88 28 uppgift
560 1379 33 14 om
616 1373 148 28 tillgängarne
778 1375 10 20 i
803 1375 61 20 Ban-

180 1407 51 20 kens
246 1406 148 27 hufvudkassa
408 1407 42 20 den
460 1407 28 20 31
499 1407 100 20 sistlidne
614 1407 74 26 Mars;
702 1407 113 22 hvarutom
830 1409 35 20 det

180 1443 84 26 åligger
278 1440 144 21 Direktionen
437 1443 33 18 att
485 1441 28 20 då
529 1440 36 21 och
583 1441 69 20 under
662 1441 131 22 revisionens
803 1442 60 27 fort-
