1078 1692
805 119 34 18 429

113 183 53 20 1866
182 183 7 19 i
204 183 49 20 Juni
276 183 38 20 och
338 182 129 27 September,
488 182 100 20 närmade
605 182 31 26 sig
652 182 70 20 denna
737 188 86 20 summa,
840 182 22 19 så

111 218 38 19 bör
169 224 47 13 man
238 218 88 19 besinna
340 219 30 17 att
386 217 57 20 detta
458 216 79 20 skedde
553 216 66 20 under
635 216 83 26 trycket
734 216 23 20 af
770 223 24 13 en
811 216 49 20 eko-

111 251 83 20 nomisk
211 251 48 25 kris,
275 251 63 20 sådan
357 252 44 18 vårt
417 251 48 19 land
481 250 48 20 ieke
543 250 27 27 på
581 250 69 20 sekler
661 250 128 27 genomgått,
801 251 59 19 hvar-

112 286 44 19 före
172 285 52 20 ifrån
242 286 60 19 dessa
317 285 35 19 fall
369 285 67 26 någon
453 285 57 26 regel
526 285 48 19 icke
590 285 41 19 kan
648 285 104 19 härledas.
774 284 86 20 Derföre

111 326 61 13 anser
190 320 36 25 jag
246 320 28 19 20
291 320 118 25 miljoner
425 319 67 19 mark
509 326 50 13 vara
575 319 34 20 det
626 319 75 19 minsta
717 319 82 26 belopp,
816 326 43 13 som

112 353 140 27 förnuftigtvis
271 353 41 19 kan
329 353 126 20 bestämmas
471 352 67 20 såsom
556 354 114 19 maximum
687 353 31 19 för
734 353 40 20 den
792 353 31 20 del
841 353 21 19 af

111 387 153 25 sedelstocken,
288 387 84 20 hvilken
397 387 47 20 icke
467 390 22 16 är
513 387 86 20 betäckt
618 387 23 20 af
658 387 104 20 metallisk
784 388 76 25 valuta,

111 422 38 19 och
170 421 41 20 kan
232 421 60 20 alltså
312 421 47 20 icke
375 422 73 19 förena
464 422 42 26 mig
523 422 46 19 med
586 422 66 26 öfrige
670 420 190 28 bankfullmäktige

110 462 33 13 om
167 456 40 19 den
224 456 5 18 i
246 455 89 20 nämnde
352 458 9 22 $
378 456 117 26 föreslagne
520 456 228 26 maximibestämning.
779 455 80 20 Skilna-

111 490 39 19 den
168 489 91 20 emellan
276 490 35 20 det
326 490 22 19 af
363 489 190 27 bankfullmäktige
564 490 39 19 och
615 490 35 20 det
662 490 23 19 af
694 490 42 26 mig
749 489 110 20 förordade

111 523 76 26 belopp
203 526 22 17 är
241 524 33 19 väl
290 524 46 20 ieke
353 526 65 18 större
435 527 24 17 än
477 524 46 26 fyra
539 524 99 26 miljoner
655 524 65 26 mark,
733 530 47 13 men
792 524 68 19 denna

111 564 80 13 summa
213 557 40 20 kan
274 558 65 20 under
360 564 25 14 en
405 558 28 20 tid
449 558 23 20 af
486 558 103 26 trängmäl
607 558 64 20 blifva
687 558 31 19 för
735 558 70 19 landet
821 557 38 20 och

111 591 83 21 banken
210 592 22 19 af
247 592 48 20 vida
310 594 65 18 större
391 592 109 26 betydelse
517 595 26 17 än
555 592 122 20 densamma
689 592 31 20 för
730 592 128 20 närvarande

109 632 64 19 synes
196 632 56 14 vara.
282 626 39 20 Väl
342 629 22 17 är
384 626 238 27 penningemarknaden
638 626 47 20 icke
702 629 55 17 ännu
773 626 36 20 hos
825 632 34 14 oss

110 660 140 20 underkastad
274 660 22 20 sä
315 663 56 17 stora
391 661 39 19 och
451 661 82 26 hastiga
548 661 148 26 förändringar
712 667 42 13 som
771 660 28 20 uti
816 660 41 20 län-

110 694 43 25 der,
174 694 37 20 der
226 694 222 21 affärsförhällandena
464 696 81 26 antagit
561 698 65 17 större
642 694 153 27 proportioner,
811 700 46 13 men

110 728 41 26 dag
167 728 52 20 efter
235 729 41 26 dag
292 729 98 27 indrages
406 730 61 19 äfven
485 729 45 20 värt
546 730 49 19 land
611 729 84 20 alltmer
706 729 56 19 inom
775 728 82 20 kretsen

109 762 23 19 af
153 762 123 26 inflytelser,
299 770 44 13 som
367 764 110 19 framkalla
497 758 72 35 sädana
586 763 160 26 förändringar,
763 762 95 20 hvarföre

109 796 36 19 det
165 799 22 17 är
202 796 102 27 rädligast
318 799 30 17 att
364 797 4 19 i
386 798 29 19 tid
432 797 78 20 bereda
525 798 33 26 sig
574 796 71 27 derpä.
676 796 44 20 Och
737 796 75 20 vid'en
829 796 28 20 af-

109 830 86 19 färskris
211 830 40 20 kan
269 833 29 17 ett
313 832 89 19 tillskott
417 832 5 19 i
438 832 244 25 sedelutgifningsrätten
699 830 23 19 af
735 831 12 18 4
764 830 94 26 miljoner

109 864 58 19 mark
193 871 49 13 vara
262 865 22 19 af
302 865 137 26 oberäknelig
456 865 85 20 verkan.
573 865 30 19 Af
616 864 108 27 Englands
740 865 119 18 erfarenhet

109 898 43 19 lära
168 898 19 19 vi
203 900 29 17 att
249 899 65 19 under
330 899 24 19 de
371 901 56 18 stora
443 899 100 25 kriserna,
560 899 26 19 dä
601 898 122 21 bankakten
737 898 67 20 blifvit
814 904 43 13 sus-

108 932 114 26 penderad,
238 932 34 20 det
289 933 44 19 deri
350 933 107 20 bestämda
473 933 114 19 maximum
603 932 107 26 ätskilliga
720 932 79 26 gänger
809 932 48 20 icke

110 966 70 19 behöft
203 966 142 20 ölverskridas
369 967 46 20 med
435 973 58 13 mera
508 969 26 17 än
552 967 65 26 några
633 965 140 21 hundratusen
790 966 21 19 P.
828 965 28 20 Si.

109 1000 30 19 för
159 1002 30 17 att
204 1000 107 20 återställa
328 1001 134 20 förtroendet.
493 1000 38 20 Om
549 1001 58 19 detta
622 1000 12 19 &
650 1007 40 12 ena
706 1000 58 19 sidan
781 1000 75 26 ädaga-

107 1034 74 27 lägger
203 1037 30 17 att
256 1034 248 27 maximibestämningen
526 1035 53 19 varit
595 1035 98 19 konstlad
710 1034 38 20 och
765 1037 30 17 att
810 1034 47 20 dess

107 1068 173 26 undanrödjande
303 1071 81 22 ensamt
407 1069 52 19 varit
482 1069 124 26 tillräckligt
625 1071 29 17 att
674 1069 64 26 lugna
758 1069 25 19 de
799 1068 58 19 öfver

107 1103 233 26 penningeströmmens
363 1103 124 20 hämmande
511 1103 78 20 oroade
613 1103 95 22 sinnena,
728 1103 23 19 sä
767 1102 90 26 framgär

107 1136 62 20 deraf
182 1136 12 20 &
210 1137 65 20 andra
297 1137 58 20 sidan
378 1137 50 20 huru
449 1137 75 26 vigtigt
540 1137 36 20 det
591 1140 22 16 är
629 1139 35 23 ait,
681 1137 5 19 i
703 1137 100 19 händelse
819 1137 36 19 cir-

106 1170 122 20 kulationen
246 1171 28 19 uti
289 1173 29 17 ett
334 1171 48 20 land
404 1171 106 19 faktiskt
528 1171 51 20 eller
602 1171 28 20 de
651 1171 55 26 jure
732 1170 124 20 beherrskas

105 1205 24 18 af
149 1211 26 13 en
199 1205 54 19 enda
276 1205 62 26 bank,
359 1205 69 20 denna
448 1205 67 19 banks
536 1205 206 26 emissionsförmäga
762 1204 47 20 icke
825 1205 30 19 in-

105 1239 103 19 skränkes
223 1245 58 14 mera
296 1242 25 17 än
338 1239 123 20 säkerheten
480 1239 163 27 nödvändigtvis
659 1239 90 20 kräfver.
773 1239 36 20 Att
821 1239 32 20 det

107 1272 65 20 likväl
194 1273 70 20 städse
285 1273 64 20 mäsie
370 1273 65 20 blifva
453 1273 56 26 regel
527 1274 32 19 för
575 1280 25 14 en
617 1273 50 20 klok
684 1273 128 26 förvaltning
827 1275 29 18 att

107 1307 74 19 endast
196 1307 6 19 i
217 1309 89 24 yttersta
326 1307 77 20 nödfall
424 1307 65 20 anlita
505 1307 48 20 hela
569 1308 69 19 denna
653 1307 101 26 förmåga,
771 1307 18 20 d.
807 1314 17 12 v.
840 1314 15 12 s.

107 1340 41 20 låta
165 1341 144 20 sedelstocken
327 1342 69 26 uppnå
412 1342 35 19 sitt
463 1342 120 25 maximum,
599 1349 64 19 synes
674 1341 112 26 sjelffallet.
809 1341 46 20 Men

106 1375 27 19 dä
148 1375 81 19 således
246 1375 158 26 bankstyrelsen
422 1376 5 19 i
444 1376 71 26 hvarje
531 1375 36 20 fall
585 1375 64 20 måste
666 1375 30 20 för
710 1375 32 26 sig
754 1375 103 26 uppställa

107 1411 29 17 ett
160 1409 111 20 maximum
291 1409 58 27 lägre
367 1413 25 16 än
410 1409 35 20 det
459 1410 6 19 i
481 1410 62 26 lagen
562 1409 114 26 bestämda,
693 1409 37 19 bör
746 1409 61 26 lagen
825 1409 31 19 för

106 1446 27 17 ett
150 1443 75 20 sådant
242 1443 76 20 bereda
334 1444 97 26 behörigt
447 1446 110 23 utrymme.
