1078 1692
825 118 34 17 399

133 182 50 26 ning
207 181 90 27 deltaga,
320 181 22 20 så
365 181 63 20 framt
448 182 35 19 det
503 181 48 20 icke
571 181 89 26 utredes,
680 183 31 18 att
727 181 39 20 han
782 181 101 21 åsidosatt

132 216 40 20 den
189 216 26 26 på
230 216 78 20 honom
324 215 155 20 ankommande
497 215 77 19 vården
591 222 33 13 om
641 222 25 12 en
683 215 24 20 af
720 215 115 27 nycklarue
850 216 31 20 till

132 250 156 20 kassahvalfvet
303 250 38 20 och
358 250 213 25 förvaringsrummen
587 249 102 20 derinom.

200 284 77 20 Vidare
293 286 22 17 är
331 284 142 19 förstnämnde
488 284 93 19 ledamot
596 284 6 18 i
619 283 145 27 Direktionen,
779 284 44 20 ifall
841 284 39 20 han

133 318 107 20 uraktlåtit
259 320 37 20 att,
316 317 27 27 på
362 320 40 17 sätt
416 318 7 19 i
439 318 26 19 97
481 317 40 20 och
540 318 37 19 128
593 319 22 22 $$
631 320 23 16 är
669 317 104 27 stadgadt,
788 318 6 19 i
810 318 70 20 förvar

132 354 49 24 taga
195 352 6 19 i
218 352 72 20 Förste
306 352 116 19 Kassörens
438 351 120 20 handkassa
574 351 81 20 utöfver
668 351 81 20 tillåtna
760 352 75 26 högsta
846 352 32 20 be-

132 386 71 26 loppet
219 386 108 26 befintliga
343 386 75 25 medel,
433 385 39 20 ock
491 385 86 27 skyldig
593 387 30 17 att
635 386 66 25 jemte
718 386 95 20 bemälde
829 386 51 20 Kas-

131 423 34 16 sör
186 420 51 26 fylla
257 420 39 19 den
317 420 50 19 brist
385 420 2 18 i
404 426 79 13 samma
499 419 68 24 kassa,
583 425 43 13 som
644 419 34 20 vid
694 420 140 20 nästskeende
850 421 30 19 in-

133 454 109 26 ventering
266 453 100 27 möjligen
389 459 74 20 yppas,
487 452 54 20 dock
565 453 48 19 icke
633 453 31 19 till
680 456 65 17 större
762 454 75 26 belopp
853 457 27 17 än

132 488 42 25 det,
190 488 84 19 hvartill
290 488 36 19 det
340 487 88 20 sålunda
442 487 148 27 ifrågakomna
603 488 139 20 öfverskottet
753 488 54 20 visas
818 488 62 20 hafva

132 522 92 26 uppgått.

200 556 116 20 Enahanda
343 562 158 20 gemensamma
526 556 251 27 ersättningsskyldighet
801 557 80 26 åligger

129 590 79 26 jemväl
223 590 73 20 Förste
312 590 114 20 Kasssören
443 590 6 19 i
465 590 100 20 afseende
581 590 12 20 å
609 591 99 25 möjligen
724 591 70 26 yppad
813 591 66 20 brist
871 586 13 35 i

132 625 122 19 biträdande
278 624 114 20 Kassörens
416 624 124 25 handkassa,
556 625 6 18 i
579 624 99 20 händelse
699 625 40 19 han
759 625 121 20 försummat

130 661 36 23 att,
183 659 26 25 på
224 661 40 17 sätt
280 659 5 19 i
304 659 38 19 128
354 660 9 23 $
374 658 100 26 stadgats,
491 658 29 19 till
537 658 32 26 sig
585 661 49 23 taga
651 658 26 20 de
693 659 75 25 medel,
780 659 98 20 hvarmed

130 693 66 26 sagda
212 692 62 20 kassa
289 692 117 26 öfverstigit
422 692 47 20 dess
485 692 108 24 medgifna
609 692 75 26 högsta
700 692 80 26 belopp.

199 727 42 19 Har
261 727 149 19 Direktionens
430 726 131 20 Ordförande
580 726 113 20 underlåtit
708 729 30 17 att
753 727 56 19 inom
826 727 53 20 före-

130 760 92 20 skrifven
246 761 29 19 tid
297 760 113 20 verkställa
430 760 134 26 inventering
579 761 23 19 af
616 760 139 20 Kassörernes
770 761 7 19 i
792 761 86 20 Banken

131 794 136 26 handkassor,
290 798 22 16 är
335 795 47 24 han,
405 801 33 13 om
460 794 51 20 brist
529 795 3 19 i
549 794 47 20 dem
618 794 33 20 vid
673 797 59 17 nästa
747 795 131 26 inventering

131 829 121 26 upptäckes,
270 830 66 25 jemte
357 829 157 19 vederbörande
530 829 77 19 Kassör
623 829 99 26 ansvarig
738 829 30 19 för
784 830 94 19 densam-

131 870 43 13 mas
191 863 99 25 fyllande.

198 897 39 20 Om
258 897 87 20 Banken
365 897 92 26 tillhörig
474 897 68 25 vexel,
558 897 122 19 skuldsedel
696 897 51 19 eller
763 899 56 24 pant,
835 903 42 14 som

131 931 68 20 blifvit
214 931 6 19 i
236 931 94 20 hvalfvet
352 931 31 19 för
402 930 99 19 Bankens
522 930 175 27 länehandlingar
714 931 63 19 insatt
793 931 30 19 till
839 931 38 20 för-

130 971 43 20 var,
189 965 119 20 sedermera
323 965 83 25 saknas,
423 967 35 16 äro
474 963 57 20 såväl
549 964 40 19 den
607 964 91 19 ledamot
714 965 6 18 i
734 964 144 25 Direktionen,

129 999 86 20 hvilken
239 1001 104 17 närmaste
366 998 109 20 inseendet
499 998 59 19 öfver
581 997 238 21 Kamererarekontoret
838 998 39 19 till-

129 1033 100 25 kommer,
245 1039 43 13 som
306 1032 158 20 vederbörande
480 1031 139 20 Kamererare
635 1034 131 24 gemensamt
780 1032 98 27 skyldige

128 1070 31 17 att
178 1067 100 26 antingen
300 1066 155 20 tillrättaskaffa
471 1066 35 19 det
521 1065 94 20 saknade
631 1066 52 20 eller
699 1068 77 18 ersätta
792 1065 84 21 Banken

127 1101 47 20 dess
190 1101 51 20 fulla
256 1101 69 20 värde.

196 1135 76 20 Likaså
294 1137 36 18 äro
353 1134 41 20 alla
417 1134 32 25 de,
470 1134 74 20 hvilka
564 1134 179 20 omhänderhafva
763 1134 115 26 nycklarne

128 1170 30 19 till
175 1169 97 20 Bankens
288 1168 127 26 kassahvalf,
431 1171 130 24 gemensamt
576 1169 112 26 ansvarige
704 1168 29 19 till
749 1168 86 20 Banken
847 1169 31 19 för

128 1204 73 19 värdet
216 1203 22 20 af
252 1203 36 20 det
302 1203 6 19 i
326 1203 92 19 hvalfvet
433 1203 31 19 till
482 1203 70 19 förvar
568 1203 96 19 nedsatta
679 1202 59 25 gods,
754 1209 44 13 som
810 1203 66 26 möjli-

126 1244 41 20 gen
184 1237 91 20 derifrän
293 1237 133 20 förkommer.

195 1271 206 20 Bankkommissarie
412 1271 39 19 och
462 1270 78 20 Kassör
552 1271 33 19 vid
597 1270 99 20 Bankens
708 1271 76 19 kontor
792 1271 6 19 i
807 1271 68 20 lands-

126 1309 58 17 orten
208 1306 39 19 och
264 1306 5 19 i
285 1305 30 20 S:t
337 1304 125 27 Petersburg
481 1307 36 17 äro
539 1305 104 19 hvardera
662 1305 98 26 skyldige
781 1307 29 17 att
825 1305 51 26 fylla

126 1340 34 20 vid
183 1339 134 26 inventering
336 1339 70 26 yppad
428 1339 49 19 brist
493 1339 6 19 i
516 1338 108 20 kontorets
641 1338 147 26 hufvudkassa,
803 1339 72 20 äfven-

125 1381 44 13 som
186 1376 35 23 att,
237 1373 44 20 ifall
296 1373 86 19 Banken
399 1373 102 25 tillhörigt
517 1372 165 27 fordringsbevis
698 1373 51 19 eller
763 1375 57 23 pant,
831 1379 43 14 som

126 1409 68 19 blifvit
212 1408 3 19 i
232 1407 154 20 hufvudkassan
411 1407 69 24 insatt,
505 1406 37 20 der
564 1407 47 19 icke
634 1406 119 25 återfinnes,
774 1407 99 26 antingen

124 1441 155 21 tillrättaskaffa
296 1441 46 20 dem
359 1441 51 19 eller
425 1441 104 25 godtgöra
546 1440 85 20 Banken
649 1441 60 19 deras
725 1440 49 19 fulla
791 1441 69 19 värde.
