1078 1692
805 136 32 17 177

288 198 139 28 Afhandling
450 198 91 21 emellan
561 197 98 21 enskilda
682 205 105 20 personer
805 201 56 19 samt

207 232 136 28 förbindelse
362 232 36 21 och
418 239 76 14 annan
512 231 72 26 skrift,
603 238 42 15 som
665 232 29 27 af
709 232 84 21 enskild
810 240 51 14 man

214 266 109 28 utfärdas,
346 267 35 20 må
403 266 95 27 skrifvas
514 266 33 27 på
563 266 131 27 ostämpladt
705 273 93 20 papper,
814 274 47 14 men

213 301 43 26 bör,
273 301 28 21 då
316 302 41 19 den
367 300 83 26 företes
465 300 36 20 vid
516 300 90 20 domstol
621 300 52 20 eller
688 300 174 28 embetsmyndig-

213 335 39 26 het,
268 334 68 26 förses
353 335 45 20 med
414 334 119 27 stämpladt
545 340 86 21 papper
646 334 52 20 eller
713 335 148 27 stämpelmär-

213 369 40 21 ken
268 369 30 27 af
308 369 34 21 det
357 368 70 26 värde,
439 375 45 14 som
495 368 42 21 här
547 368 119 27 nedanföre
676 368 40 28 för
731 368 74 29 hvarje
815 369 48 27 fall

208 403 74 27 finnes
301 405 80 23 utsatt;
401 402 36 22 och
457 404 27 19 är
503 402 186 28 stämpelbeloppet
709 402 104 22 bestämdt
826 402 38 26 för

215 437 47 21 hela
285 437 159 27 afhandlingen
467 437 52 20 eller
541 436 99 28 skriften,
658 439 54 19 utan
736 436 99 26 afseende
851 438 12 19 å

216 472 46 20 dess
284 472 55 24 vidd,
355 472 71 20 såvidt
447 470 45 21 icke
515 470 141 28 uttryckligen
680 473 68 25 säges,
768 474 32 18 att
823 472 40 20 den

210 506 132 27 fastställda
362 506 80 20 kartan
462 504 105 22 beräknas
578 505 41 27 för
633 505 73 28 hvarje
722 505 46 25 ark,
784 506 85 27 hvaraf

216 540 93 27 skriften
325 540 77 20 består.

183 574 32 20 Då
231 574 107 26 utskottet,
355 574 27 27 på
396 576 41 18 sätt
452 574 63 20 ofvan
532 574 68 20 blifvit
615 574 122 26 framstäldt,
750 575 47 19 icke
812 575 50 19 kun-

115 611 36 17 nat
167 608 106 27 tillstyrka
288 609 129 26 antagandet
432 609 23 19 af
469 615 50 19 nyss
535 608 118 27 åberopade
670 609 64 19 första
750 613 93 16 moment
859 610 5 19 i

115 644 63 19 femte
194 643 93 26 punkten
304 643 22 19 af
339 644 39 19 den
395 643 82 26 Nådiga
500 642 164 27 propositionen,
684 643 64 20 borde
768 644 98 26 samtliga

117 678 25 19 de
160 678 66 19 under
241 680 10 22 $
268 678 10 19 6
295 678 47 19 Litt.
359 677 24 20 A.
401 679 106 24 upptagne
529 677 130 26 stadganden
676 684 23 13 ur
715 678 149 26 författningen

117 711 55 27 utgå,
189 714 53 17 samt
258 712 24 19 de
299 711 66 20 under
381 712 47 19 Litt.
443 711 24 20 B.
483 711 106 26 ingående
608 711 137 27 stadganden,
765 714 47 17 utan
830 712 35 20 nå-

115 752 42 20 gon
174 746 77 19 allmän
266 745 79 27 rubrik,
361 746 51 26 följa
428 746 131 20 omedelbart
570 745 53 20 efter
634 746 152 20 ofvanstående
798 746 66 20 inled-

117 780 51 26 ning
184 780 31 20 till
231 782 9 22 $
258 780 16 20 6.

187 814 40 20 Vid
244 815 25 19 de
285 814 104 20 derunder
405 814 92 26 följande
516 814 129 26 stadganden
662 815 37 19 har
715 815 101 20 utskottet
831 822 35 13 an-

117 850 41 18 sett
174 848 92 26 följande
282 849 163 26 anmärkningar
462 849 51 19 böra
529 851 68 23 göras.

187 883 40 19 För
242 883 110 26 certeparti
373 883 48 19 ville
440 882 103 19 utskottet
561 882 31 20 för
608 883 30 18 sin
656 883 33 20 del
705 883 106 20 bibehålla
827 883 39 20 den

119 924 27 12 nu
169 917 97 26 gällande
290 917 166 24 bestämmelsen,
484 916 69 27 enligt
575 917 83 19 hvilken
682 917 186 26 stämpelafgiften,

119 953 48 18 utan
184 951 120 26 förhöjning
323 951 31 19 för
377 951 149 19 fraktsummor
543 951 156 26 öfverstigande
724 951 53 20 1000
801 951 66 25 mark,

119 985 60 26 utgår
196 985 46 20 med
259 985 43 19 lika
317 987 87 24 procent
419 985 31 19 för
466 985 41 19 alla
526 985 143 26 fraktbelopp;
692 985 83 26 tillföljd
795 985 75 20 hvaraf

119 1019 126 26 stadgandet
262 1019 70 19 härom
349 1019 67 20 skulle
433 1019 80 20 erhälla
529 1019 64 19 sädan
609 1019 90 26 lydelse:

224 1051 120 28 Certeparti
366 1053 52 20 eller
435 1051 112 28 fraktslut
569 1059 33 14 om
619 1052 86 28 fartyg,
716 1052 41 27 för

251 1086 73 27 hvarje
339 1087 41 20 100
395 1086 62 21 mark
472 1085 29 28 af
511 1086 166 27 jraktsumman
718 1103 5 4 .
754 1103 4 4 .
788 1088 30 20 20
830 1087 40 27 pii.

190 1121 133 20 Beträffande
346 1121 137 26 förskrifning
505 1121 53 20 eller
577 1121 120 20 skuldsedel
715 1128 25 13 m.
758 1128 26 13 m.
800 1128 70 19 synes,

121 1155 31 19 till
171 1157 96 18 närmare
285 1155 164 26 förtydligande,
469 1155 66 20 andra
555 1155 93 26 punkten
668 1155 50 20 böra
737 1155 21 20 fä
778 1155 92 26 följande

121 1189 90 26 lydelse:

223 1225 56 18 samt
294 1222 122 27 derutöfver
425 1222 41 27 för
476 1223 75 27 hvarje
561 1222 62 28 fulla
638 1224 43 21 200
696 1223 62 21 mark

253 1257 34 20 till
302 1257 38 20 och
354 1257 47 20 med
416 1259 55 19 1000
485 1257 65 21 mark
582 1273 5 5 .
617 1273 4 5 .
652 1273 4 4 .
687 1273 4 4 .
722 1273 4 5 .
757 1273 5 4 .
791 1258 28 21 20
831 1257 40 27 pii.

191 1291 40 20 Vid
248 1291 126 26 stadgandet
388 1292 111 27 angäende
515 1292 108 27 kartering
639 1292 20 19 af
674 1292 101 20 kontrakt
790 1299 33 13 om
840 1299 30 12 ar-

123 1326 72 24 rende,
211 1325 59 26 hyra,
285 1326 48 26 lega
348 1333 18 12 o.
383 1333 15 12 s.
415 1333 18 12 v.
450 1333 71 20 synes,
536 1327 32 19 för
584 1326 105 20 vinnande
712 1326 23 19 af
754 1326 117 26 likformig-

123 1360 36 19 het
175 1359 46 20 med
238 1359 144 26 stadgandena
396 1361 89 19 rörande
502 1361 169 25 förskrifningar,
687 1360 138 26 köpebref
801 1355 27 35 m.
839 1367 33 18 m.,

124 1395 40 18 den
181 1393 120 26 föreslagna
316 1395 121 26 stegringen
457 1395 22 19 af
495 1395 181 26 stämpelpappers
692 1396 113 24 procenten
823 1393 50 20 böra

123 1428 83 19 inträda
225 1428 51 19 först
297 1431 36 16 när
352 1429 159 25 hyressumman
527 1429 125 25 öfverstiger
670 1428 52 20 1000
739 1427 66 26 mark,
821 1430 53 17 samt

124 1461 125 27 stadgandet
264 1462 72 19 härom
353 1462 81 20 säledes
450 1463 86 19 komma
552 1465 30 17 att
597 1463 59 26 lyda:
772 1489 22 18 2
