1078 1692
823 116 34 18 603

128 180 43 25 jest
189 179 175 20 förekommande
386 179 156 20 transaktioner
565 178 27 27 på
607 178 30 21 S:t
652 178 126 27 Petersburg
793 179 39 19 och
849 180 29 18 ut-

129 214 91 19 ländska
236 213 84 26 platser,
336 214 48 19 icke
400 216 49 17 utan
466 214 114 26 olägenhet
596 213 71 19 kunde
677 213 94 19 undvara
779 212 100 20 Finlands

131 248 71 19 Banks
226 247 134 20 medverkan.
398 248 41 19 Det
461 248 65 19 borde
553 248 82 19 derföre
658 247 128 20 fortfarande
809 247 71 27 äligga

131 281 87 20 Banken
241 283 31 17 att
295 283 48 17 utan
367 281 88 19 särskild
479 282 107 25 provision
611 280 114 20 verkställa
744 281 136 19 omförmälda

131 316 149 25 förrättningar
303 315 31 19 för
357 315 137 20 statsverkeis
518 315 100 26 räkning;
641 315 123 25 hvarjemte,
783 315 46 19 med
851 315 28 19 af-

131 349 78 20 seende
232 349 50 19 derä
304 350 30 18 att
357 349 117 19 kostnaden
494 349 31 19 för
547 349 40 19 den
611 350 66 18 större
696 348 125 20 direktions-
841 349 38 19 och

131 384 155 25 tjenstemanna
308 383 106 25 personal,
430 389 43 13 som
491 383 5 19 i
513 382 86 20 Banken
625 382 81 20 behöfts
728 383 32 19 för
783 383 95 19 statsfon-

131 418 76 19 dernas
230 417 59 25 värd,
312 417 44 19 helt
378 417 39 19 och
440 417 65 19 hället
527 416 68 27 utgätt
618 416 46 20 frän
687 416 98 20 Bankens
804 417 75 25 medel,

131 451 117 21 Ständerna
264 452 69 18 ansett
348 452 30 18 att
392 450 28 27 pä
435 451 61 19 dessa
512 450 68 20 medel
596 450 68 20 skulle
676 451 83 19 anvisas
770 450 63 27 årligt
843 457 36 13 an-

131 486 46 26 slag
196 486 30 18 till
248 485 134 20 bestridande
405 485 23 19 af
448 485 141 26 utgiftsstaten
614 484 31 20 för
667 485 36 19 det
725 492 42 18 nya
789 485 89 20 embets-

132 520 81 24 verket,
229 519 30 19 till
284 520 29 19 ett
336 519 76 26 belopp
429 520 22 18 af
465 519 62 26 högst
548 519 132 25 sjuttiotusen
704 519 66 25 mark,
793 519 86 20 hvilken

133 560 81 13 summa
229 556 79 17 ansetts
324 560 51 12 vara
397 554 31 18 för
450 553 42 19 alla
507 553 112 19 händelser
635 553 46 19 fullt
696 553 124 27 tillräcklig;
841 554 39 19 och

133 588 64 20 borde
213 588 113 26 slutligen
318 583 13 35 i
338 588 34 19 det
388 587 102 25 bankhus,
501 594 34 13 om
547 587 61 19 hvars
620 587 130 26 uppförande
762 587 118 20 Ständerna

131 622 36 19 vid
183 622 69 19 denna
268 621 102 27 landtdag
385 621 60 19 fattat
469 621 72 26 beslut,
561 620 95 47 upplåtas
680 621 64 26 nödig
760 621 56 20 lokal
832 622 47 19 med

132 659 71 17 värme
220 656 31 19 för
267 656 91 19 nämnda
374 655 139 20 embetsverk.

202 690 117 20 Ständerna
334 689 67 20 tillåta
416 690 31 25 sig
463 688 61 20 alltså
539 689 39 19 och
594 689 7 19 i
617 688 105 20 anseende
738 689 31 19 till
785 689 36 20 det
835 689 44 20 huf-

132 723 124 27 vudsakliga
278 723 125 27 inflytande,
426 730 43 13 som
493 723 161 19 föreskrifterna
669 723 110 26 angående
795 724 85 25 förvalt-

133 758 77 26 ningen
227 758 21 19 af
264 759 58 18 stats-
339 758 39 19 och
401 757 184 26 militiefonderna,
607 757 68 20 såvidt
697 757 70 20 denna
789 758 24 19 af
832 758 48 20 Fin-

132 792 60 19 lands
215 792 59 19 Bank
298 792 137 24 handhafves,
455 792 71 18 utöfva
544 791 27 26 på
589 791 117 20 innehållet
721 792 22 19 af
756 792 36 20 det
807 792 74 26 nödigt

133 826 91 19 befunna
246 832 42 19 nya
310 825 147 26 Reglementet
479 825 32 19 för
531 825 96 20 bemälde
645 825 67 26 Bank,
727 826 7 18 i
750 826 95 26 förmågo
860 827 22 18 af

135 860 24 18 11
179 861 9 22 $
211 859 6 19 i
241 859 93 26 änsagde
356 859 85 26 Nådiga
463 859 128 26 förordning,
607 859 38 20 hos
666 859 80 20 Eders
770 859 109 26 Kejser-

131 893 54 26 liga
200 893 124 26 Majestät
339 893 150 26 underdånigst
504 893 91 26 anhålla,

266 932 36 20 det
329 932 79 21 täcktes
432 931 84 21 Eders
548 931 162 28 Kejserliga
740 932 140 27 Majestät,

198 966 47 20 med
260 966 96 27 ändring
370 967 9 20 i
394 966 71 21 denna
480 965 35 21 del
530 965 29 28 af
570 965 88 28 Nådiga
668 965 163 29 förordningen
843 974 38 13 an-

200 1000 84 27 gående
294 1000 104 27 styrelsen
414 999 37 21 och
461 999 170 28 förvaltningen
645 999 29 28 af
686 1000 108 21 Finlands
809 1001 71 26 Bank,

197 1033 73 28 gifven
282 1035 40 20 den
338 1035 12 20 9
365 1033 115 22 December
495 1035 64 24 1867,
575 1035 9 19 i
598 1034 76 21 Näder
689 1034 46 21 låta
750 1035 42 20 den
803 1034 78 27 befatt-

198 1069 59 26 ning,
273 1067 200 22 Bankdirektionen
494 1067 79 22 hittills
593 1067 50 28 haft
658 1068 47 21 med
714 1067 167 29 förvaltningen

199 1102 29 27 af
238 1105 64 18 stats-
318 1101 38 22 och
371 1101 167 21 militieverkens
553 1102 88 27 fonder,
660 1102 99 27 upphöra
778 1102 37 21 och
829 1103 52 20 den-

199 1143 29 14 na
244 1136 122 27 befattning
381 1137 23 20 åt
419 1143 75 14 annan
509 1136 126 27 myndighet
645 1137 121 26 uppdraga,
773 1136 42 27 för
825 1136 55 21 hvil-

199 1170 34 21 ket
243 1171 48 26 fall
307 1170 126 21 Ständerna
443 1170 41 27 för
503 1171 36 19 sin
556 1171 35 20 del
606 1170 78 25 bifalla
701 1170 81 26 dertill,
798 1172 33 19 att
847 1171 34 20 till

200 1204 138 21 bestridande
353 1204 29 27 af
392 1204 147 21 kostnaderna
549 1203 41 28 för
601 1203 167 28 förvaltningen
784 1204 30 27 af
820 1204 62 27 före-

199 1239 95 20 nämnda
305 1238 85 27 fonder
406 1239 13 20 å
434 1238 102 21 Bankens
551 1238 68 21 medel
638 1239 86 20 anvisas
740 1238 142 27 erforderligt

199 1273 77 27 anslag
294 1273 34 20 till
344 1271 74 28 belopp
433 1272 31 27 af
475 1272 60 21 ända
551 1273 35 20 till
605 1273 77 24 70,000
702 1272 62 20 mark
780 1279 33 14 om
828 1273 53 24 året,

195 1307 67 26 jemte
277 1306 35 21 det
327 1307 65 26 nödig
412 1306 137 21 embetslokal
568 1306 38 21 och
625 1308 72 19 värme
712 1306 57 21 skall
784 1307 8 19 i
807 1306 36 21 det
857 1306 29 27 af

201 1340 123 21 Ständerna
340 1340 34 21 till
389 1340 119 27 utförande
524 1340 97 21 beslutna
637 1339 117 21 bankhuset
768 1336 114 25 kostnads-

195 1374 56 27 fritt
266 1374 102 27 upplåtas
380 1373 41 28 för
436 1373 157 28 ofvanberörda
608 1373 135 28 myndighet;

133 1410 110 19 hvarutom
259 1403 119 26 Ständerna
393 1409 5 18 i
416 1409 169 26 underdånighet
600 1408 86 19 föreslå:

268 1445 33 18 att
316 1442 36 21 det
367 1443 8 19 i
390 1442 101 21 händelse
506 1442 31 27 af
547 1441 174 28 statsfondernas
731 1441 151 28 frånskiljan-
