1078 1692
221 262 33 19 4:0
270 260 46 20 alla
332 259 73 28 öfriga
424 260 90 20 emellan
533 259 94 21 enskilde
639 265 105 21 personer

250 293 125 27 skriftligen
397 293 132 27 upprättade
549 292 195 28 öfverenskommel-

250 334 35 14 ser
300 327 36 21 och
346 326 153 28 förbindelser,
519 326 72 22 hvilka
609 326 45 21 icke
668 326 76 21 kunna

250 361 70 21 under
342 360 179 28 ofvanupptagna
545 360 100 22 rubriker
665 360 79 26 hänfö-

251 401 45 19 ras,
306 394 41 28 för
361 394 74 28 hvarje
449 394 41 21 ark

219 428 85 28 Köpe-
318 429 67 21 eller
402 428 74 21 salu-
495 431 56 18 samt
562 410 78 46 gäfvo-
655 410 38 39 och
703 410 42 46 [

253 462 82 28 tesbref
354 463 13 20 &
384 462 151 27 fastegendom
549 463 8 20 i
572 462 49 21 stad
643 463 52 20 eller
713 463 32 27 pä

253 496 79 26 landet,
356 496 59 26 bruk,
439 495 150 28 manufaktur,
599 496 85 28 fabrik,
700 496 46 21 med

247 530 60 28 Jera
322 530 50 21 verk
386 530 38 21 och
438 530 158 28 inrättningar,
607 537 45 14 som
662 530 84 28 fastig-

252 564 61 21 heten
332 564 80 28 åtfölja
433 567 56 19 samt
510 565 70 20 under
601 565 81 27 egande
702 566 45 19 rätt

248 598 114 28 föryttras
373 599 35 20 och
420 599 35 20 vid
465 599 91 21 domstol
570 598 123 28 uppdjudas
709 598 37 21 och

253 632 116 25 intecknas,
386 632 108 28 äfvensom
505 633 13 20 å
533 632 64 28 skepp
613 632 37 21 och
659 632 87 28 fartyg,

254 665 80 27 fabrik,
357 666 37 21 och
416 673 76 14 annan
516 666 130 28 inrättning,
664 673 45 14 som
728 667 20 27 ej

254 700 30 27 af
288 700 110 31 jstighet
418 700 93 28 åtföljes,
527 700 74 27 förses
620 700 46 21 med
680 702 67 19 stäm-

250 734 123 27 pelpapper
387 735 9 19 i
406 734 144 27 förhållande
565 734 35 21 till
610 734 137 28 egendomens

253 768 67 20 värde
334 768 107 21 sälunda:

255 802 35 21 till
306 802 36 21 och
357 803 47 20 med
418 803 42 20 100
475 802 62 21 mark

254 838 57 18 samt
332 836 122 27 derutöfver
474 835 37 27 för
533 836 74 27 hvarje
619 814 67 53 fulla
706 817 41 40 100

298 869 62 21 mark
390 885 5 5 .
426 886 4 4 .

280 925 2 3 .
298 903 36 21 Då
364 885 101 46 ögendom
489 885 29 46 af
532 885 46 40 den
601 881 146 55 beskaffenhet,

227 944 45 15 som
290 937 42 21 här
342 937 74 28 finnes
435 938 121 25 omnämnd,
571 937 107 28 frivilligt
696 938 51 21 eller

227 971 105 21 exekutivt
358 978 73 21 genom
454 971 91 21 auktion
561 971 112 28 försäljes,
697 978 50 14 vare

226 1006 34 27 sig
276 1006 13 20 å
305 1005 154 26 Landskansli,
474 1005 224 26 Auktionskammare,
714 1006 34 21 in-

222 1039 42 28 för
278 1039 148 28 Kronofogde,
445 1040 35 20 vid
501 1039 100 21 Domstol
622 1040 52 21 eller
689 1040 8 20 i
711 1047 37 13 en-

228 1073 57 21 skild
307 1076 45 25 väg,
375 1073 57 21 skall
455 1073 104 28 antingen
581 1073 101 23 salubref
698 1074 51 20 eller

226 1107 207 28 protokollsutdrag,
445 1107 86 28 belagdt
539 1107 48 21 med
595 1107 64 21 karta
672 1108 35 21 till
715 1107 34 28 of-

228 1148 42 13 van
291 1141 103 28 stadgadt
417 1141 79 28 belopp,
516 1141 36 21 till
567 1141 95 27 köparen
676 1141 73 28 utfär-

228 1175 46 20 das.
304 1175 90 21 Kartan
416 1175 73 21 dertill
510 1176 67 27 utgår
595 1175 29 27 af
638 1175 112 21 auktions-

227 1208 124 28 skillingen,
374 1209 70 21 såvidt
470 1209 141 21 annorlunda
638 1210 19 27 ej
679 1209 71 28 blifvit

224 1242 139 27 förbehållet.

282 1276 76 21 Innan
372 1277 94 20 sålunda
481 1277 114 21 karteradt
609 1277 101 27 salubref
720 1277 30 20 el-

230 1311 32 20 ler
273 1311 202 27 protokollsutdrag
489 1311 109 27 uppvisas,
609 1311 42 27 får
666 1311 84 27 lagfart

230 1344 13 20 å
253 1343 51 28 fast
322 1345 58 26 gods,
400 1351 45 14 som
463 1345 132 21 auktionsvis
615 1345 70 26 blifvit
700 1345 51 26 för-

229 1378 65 25 såldt,
310 1379 21 26 ej
346 1378 93 28 beviljas.

224 1412 138 27 Lottbref,
379 1419 21 14 se
416 1413 110 27 aktiebref.

225 1446 260 28 Morgongåfvobref,
500 1447 29 20 då
539 1447 43 21 viss
590 1454 83 14 summa
683 1447 9 21 i
698 1454 54 21 pen-

789 408 17 3 —
821 397 36 21 180

792 816 17 4 —
824 807 37 21 150)

792 885 17 3 —
824 874 36 21 [150

803 122 34 18 217
