1078 1692
807 123 34 18 485

248 185 24 26 a)
294 184 116 21 verkställa
430 184 197 28 penningevexling
649 187 56 18 samt
727 185 80 27 inköpa
826 185 38 21 och

177 218 99 28 försälja
294 218 112 21 utländskt
424 218 53 28 guld
495 218 38 21 och
552 218 135 28 silfoermynt
707 218 110 28 äfvensom
832 222 33 18 ut-

181 252 92 22 ländska
288 252 86 26 vexlar;

252 286 22 25 b)
284 286 100 28 försälja
399 286 81 21 inrikes
497 287 136 27 invisningar
650 286 38 22 och
703 289 96 25 mottaya
810 294 53 21 pen-

181 321 224 27 ningeinsättningar;

251 355 21 26 c)
288 354 56 27 köpa
363 354 82 21 inrikes
464 354 75 21 vexlar
553 357 56 18 samt
625 354 79 28 bevilja
715 355 149 27 penningelän

181 388 37 21 och
234 388 164 26 kassakreditiv,
414 391 43 18 mot
467 390 58 25 pant
540 388 29 28 af
579 388 54 28 guld
654 388 39 21 och
714 388 76 28 silfver
812 389 52 21 eller

181 425 138 25 statspapper
335 422 37 21 och
386 422 161 22 räntebärande
562 423 148 27 obligationer.

255 456 115 22 Dessutom
396 456 173 22 tillhandahålla
591 456 103 22 kontoren
716 457 149 27 penningelån

181 490 39 21 och
236 490 157 22 kassakreditiv
408 493 43 19 mot
466 491 25 21 de
507 490 73 28 öfriga
594 491 49 27 slag
662 490 29 26 af
701 490 104 27 säkerhet,
820 498 44 14 som

182 527 91 19 nämnas
290 525 8 20 i
312 526 29 20 27
356 524 39 22 och
410 526 28 20 34
453 525 40 27 $$;
512 532 47 14 men
578 525 129 27 beviljandet
718 525 124 21 ankommer
857 526 8 19 i

182 559 62 21 dessa
258 558 44 27 fall
314 560 32 26 på
360 558 213 22 Bankdirektionens
585 559 115 28 pröfning.

483 611 12 27 8
511 612 49 19 111.

253 651 31 19 De
307 651 35 19 två
365 651 65 19 första
452 650 103 27 styckena
577 651 145 25 oförändrade,
742 654 55 18 utom
813 652 51 20 att
854 646 14 36 i

182 686 64 19 första
260 684 84 27 stycket
359 685 76 20 orden:
451 685 69 20 ”förra
536 691 61 15 mom.
613 685 41 26 af”,
670 685 55 27 utgå.

253 719 77 26 Tredje
346 718 84 27 stycket
444 719 76 20 ändras
536 719 39 20 och
591 719 31 20 får
637 719 91 26 följande
745 720 91 26 lydelse:

259 752 41 22 Vid
310 752 157 28 behandlingen
479 752 31 28 af
517 753 26 21 de
559 754 32 26 på
606 752 108 22 kontorets
729 753 81 27 åtgärd
826 760 39 14 an-

182 787 125 21 kommande
331 787 97 21 ärenden
451 786 52 22 böra
527 788 61 20 såväl
613 787 188 21 Diskontkomitén
820 794 46 14 som

182 820 229 21 Bankkommissarien
431 828 56 20 noga
505 820 100 28 iakttaga
623 820 39 21 och
676 820 116 28 efterfölja
807 821 59 20 detta

183 855 125 28 reglemente
324 855 38 21 och
378 855 55 21 hvad
448 854 143 21 Direktionen
602 855 43 26 för
660 855 70 27 öfrigt
744 855 44 21 kan
799 855 66 27 finna

183 890 74 27 nödigt
272 891 33 19 att
320 889 8 20 i
342 889 81 21 sådant
438 888 119 21 hänseende
567 888 143 28 föreskrifva.

484 940 12 27 8
512 941 51 20 112.

260 981 74 20 Första
362 981 83 26 stycket
470 980 73 20 förblir
567 980 143 26 oförändradt,
736 987 48 13 men
813 981 53 19 efter

183 1015 117 20 detsamma
314 1015 78 19 införes
408 1017 29 17 ett
453 1016 46 25 nytt
515 1014 74 26 stycke
604 1014 23 20 af
640 1014 92 26 följande
748 1014 103 20 innehåll:

253 1049 53 20 Alla
329 1048 26 21 de
377 1050 121 25 rapporter,
521 1047 113 28 angående
656 1047 108 21 kontorets
787 1048 79 20 rörelse

183 1083 37 21 och
234 1083 114 26 ställning,
364 1089 44 14 som
424 1082 35 21 det
474 1082 84 27 åligger
582 1081 228 22 Bankkommissarien
835 1083 32 19 att

185 1117 92 21 insända
302 1117 36 20 till
362 1115 207 26 Bankdirektionen,
593 1115 61 22 skola
680 1116 36 21 till
737 1115 130 28 riktigheten

184 1151 110 28 bestyrkas
316 1150 38 21 och
376 1149 155 22 undertecknas
547 1149 30 28 af
587 1149 199 22 Diskontkomiténs
809 1149 57 21 leda-

183 1187 73 19 möter.

251 1219 55 21 Sista
320 1219 90 27 stycket,
426 1225 33 14 om
476 1218 85 26 arvode,
577 1218 40 21 blir
632 1218 141 21 oförändradt.

485 1275 15 28 $
515 1276 49 20 113.

239 1317 73 20 Första
326 1317 40 20 och
381 1316 66 20 andra
462 1315 84 27 stycket
561 1315 147 20 oförändrade.

183 1385 47 20 med
246 1385 129 26 uteslutning
390 1384 23 20 af
427 1384 79 25 början,
522 1383 97 20 sålunda:

251 1453 18 21 +)
281 1453 6 16 i
300 1452 61 17 denna
373 1452 38 17 bok
424 1452 34 17 sid.
472 1451 39 18 390.
