1078 1692
805 122 34 18 153

109 186 164 21 ränteanstalten
290 186 106 20 samt.hos
412 186 60 19 deras
487 187 87 25 agenter
590 186 6 18 i
612 185 98 20 städerna
725 186 39 19 och
784 185 75 20 brand-

111 222 161 19 stodskomitéer
294 220 27 26 på
344 220 70 20 landet
437 220 52 19 eller
509 220 38 19 hos
563 219 87 20 utsedde
666 219 195 27 kompromissarier

111 256 140 25 förekomma,
268 255 107 19 äfvensom
392 254 183 26 försäkringsbref,
596 254 182 26 assuranspoliser,
802 254 59 20 bevis

110 292 55 18 samt
187 289 197 27 premieqvittanser
407 288 48 20 med
478 294 65 20 mera,
563 294 43 14 som
623 288 22 20 af
659 288 107 20 inhemskt
782 288 78 20 försäk-

109 324 123 27 ringsbolag
249 323 97 25 utfärdas,
360 323 67 26 jemte
442 322 42 20 alla
499 322 30 20 till
549 322 218 26 försäkringsärendet
787 322 74 20 höran-

111 359 26 19 de
154 358 135 26 handlingar;
305 358 23 19 så
344 358 39 19 ock
400 358 114 25 qvittanser
529 357 38 19 och
584 357 65 19 andra
665 357 59 19 bevis
739 356 46 20 från
805 362 57 20 spar-

111 392 80 20 banker
207 392 59 20 öfver
282 392 75 19 insatte
374 392 51 19 eller
440 393 87 25 uttagne
543 391 75 19 medel.

182 427 51 19 12:o.
264 426 89 20 Skrifter
376 426 37 19 och
435 426 132 26 handlingar,
583 432 43 13 som
644 426 33 19 vid
700 425 162 27 borgerskapets

111 462 6 20 i
135 461 68 27 någon
220 461 45 19 stad
281 460 171 26 sammankomst,
469 460 38 20 der
522 460 195 26 Magistratsperson
733 460 19 26 ej
769 460 12 19 å
792 460 70 19 embe-

113 498 40 18 tets
169 498 79 24 vägnar
263 498 22 16 är
302 495 139 25 närvarande,
457 501 44 13 som
521 494 39 20 ock
585 494 33 20 vid
642 494 137 26 sjömanshus,
803 494 59 20 kom-

112 530 87 26 munal-,
215 530 87 20 socken-
315 530 51 19 eller
377 529 166 26 kyrkostämma,
557 529 88 19 allmänt
656 529 33 19 val
701 529 67 19 samt
762 524 12 36 i
780 528 78 26 kyrko-

112 564 37 20 råd
165 564 40 20 och
220 564 242 27 fattigvårdsinrättning
477 564 90 26 ingifvas
583 564 39 19 och
638 563 37 19 allt
695 563 54 20 hvad
770 562 91 21 derifrån

114 599 99 19 utfärdas.

183 633 52 19 13:0.
266 632 49 20 Alla
330 632 132 26 handlingar,
479 638 43 14 som
539 634 106 24 upprättas
661 632 22 20 af
696 632 52 20 eller
766 631 55 27 angå
831 632 31 18 in-

115 667 94 27 byggare
224 667 6 19 i
245 666 146 27 Lappmarken
408 667 38 19 och
463 667 60 19 deras
539 666 185 27 angelägenheter.

184 702 52 18 14:0.
267 700 79 27 Frågor
361 700 89 20 rörande
466 700 110 27 nybygges
593 700 153 26 anläggningar
764 702 54 18 samt
833 701 30 17 ut-

114 736 102 26 syningar
231 735 31 19 till
278 734 130 26 svedjeland,
430 734 107 20 äfvensom
561 734 138 20 ekonomiska
718 734 144 27 besigtningar

115 770 12 20 å
142 769 178 25 kronoboställen,
337 769 166 20 kronohemman
520 769 39 19 och
579 769 65 19 andra
667 768 197 27 kronolägenheter,

117 810 47 14 men
181 804 148 19 instrumenter
345 803 59 19 öfver
419 803 28 19 af-
465 803 38 19 och
519 803 167 26 tillträdessyner
702 803 12 19 å
732 803 62 20 dessa
812 807 53 16 samt

117 838 12 19 å
144 838 149 20 ecklesiastika
310 837 101 20 boställen
428 837 38 19 och
483 836 87 27 publika
590 837 163 26 boställsgårdar
775 837 90 20 skrifvas

117 872 27 26 på
159 871 113 27 stämpladt
287 877 86 20 papper,
390 871 26 19 då
432 871 82 19 enskild
531 877 76 20 person
627 873 22 17 är
667 875 47 22 part
728 872 6 19 i
750 871 73 26 saken,
839 871 27 27 på

117 908 41 18 sätt
173 906 6 19 i
197 907 51 18 1:sta
262 905 94 26 punkten
372 908 23 16 är
411 905 66 26 sagdt.

189 941 50 18 15:0.
271 939 41 20 Mål
328 945 44 14 som
388 939 35 19 vid
440 939 90 19 domstol
546 939 39 19 och
605 939 132 20 embetsverk
761 940 104 19 förekom-

118 981 34 12 ma
174 974 89 19 rörande
289 973 93 26 följande
405 973 106 19 allmänna
535 973 50 19 verk
605 973 38 20 och
659 973 139 26 inrättningar
814 976 53 17 samt

118 1009 60 19 deras
190 1010 48 23 rätt,
250 1007 118 26 nemligen:
382 1007 299 26 Alexanders-Universitetet,
692 1007 100 20 Finlands
803 1007 63 26 bank,

117 1042 139 26 Systerbäcks
264 1041 153 27 gevärsfaktori
434 1041 46 20 med
496 1041 159 26 underlydande
672 1042 134 25 egendomar,
817 1041 49 26 Kej-

118 1076 77 26 serliga
210 1075 122 20 Kabinettet
348 1075 39 20 och
402 1075 123 20 Alexander
544 1075 93 26 Newsky
660 1075 78 20 kloster
755 1076 6 19 i
777 1075 30 20 S:t
829 1075 37 20 Pe-

119 1110 101 26 tersburg,
245 1113 48 23 väg-
318 1110 38 19 och
380 1109 348 26 vattenkommunikationsverket,
751 1109 68 20 finska
839 1109 28 20 ci-

119 1144 115 25 vilstateus,
250 1144 116 19 militärens
382 1146 52 17 samt
450 1143 144 30 ecklesiastik-
611 1143 38 20 och
666 1143 126 20 skolstatens
803 1143 64 20 enke-

119 1178 39 19 och
173 1178 148 26 pupillkassor,
344 1178 105 19 allmänna
472 1177 217 26 brandstodsbolagen
712 1177 32 20 för
770 1177 98 20 städerna

119 1213 39 20 och
188 1212 78 26 landet,
296 1212 286 26 sjöassuransföreningarne,
615 1211 253 26 hypotheksföreningen,

119 1246 197 25 lifränteanstalten,
332 1245 135 27 sparbanker,
483 1246 170 26 ingvarterings-,
676 1245 120 27 byggnads-
820 1245 48 20 med

120 1281 50 19 flere
186 1280 110 26 komit&er,
312 1279 86 27 kyrkor,
414 1280 127 26 gymnasier,
557 1279 77 26 skolor,
654 1280 120 26 hospitaler,
794 1280 73 26 fattig-

119 1315 70 19 värds-
206 1314 38 20 och
261 1314 246 26 pensionsinrättningar,
527 1313 153 27 hushällnings-
701 1314 38 19 och
764 1313 104 20 bibelsäll-

120 1349 83 26 skaper,
219 1348 93 20 litterära
328 1348 38 20 och
383 1347 162 27 vetenskapliga
560 1348 102 25 samfund,
678 1348 140 20 fakulteterna
834 1348 34 19 vid

120 1383 302 25 Alexanders-Universitetet,
430 1382 71 26 adliga
506 1382 285 27 jungfrustiftsinrättningen
803 1382 7 19 i
821 1382 47 19 Fin-

121 1417 48 19 land
186 1419 54 17 samt
255 1417 87 19 sockne-
360 1417 38 19 och
416 1416 250 26 understödsmagasiner,
682 1413 107 22 äfvensom
806 1416 62 19 from-
