1078 1692
812 113 31 17 515

120 180 131 26 nödvändigt
261 181 30 18 att
301 179 153 19 fastställandet
465 178 22 20 af
495 178 82 26 längsta
593 178 188 21 diskontterminen
798 179 67 20 öfver-

119 214 79 20 lemnas
215 214 20 19 ät
250 212 199 27 Bankfullmäktige,
465 214 54 18 samt
534 214 29 18 ait
578 214 30 18 eit
623 212 116 27 stadgande
755 213 111 27 angäende

118 248 75 27 högsta
215 246 239 28 ansvarighetsbelopp,"
470 248 46 18 utan
540 248 30 18 att
592 246 66 20 förmå
676 246 84 27 skydda
778 247 86 20 Banken

119 284 43 18 mot
185 282 79 24 förlust,
287 281 53 20 eller
355 280 27 27 pä
404 282 64 18 annat
490 282 41 18 sätt
553 287 50 13 vara
622 280 87 20 Banken
728 281 31 20 till
775 282 92 27 verkligt

118 323 63 20 gagn,
198 316 40 20 kan
255 315 63 20 lända
332 315 87 19 Banken
439 314 30 20 till
485 314 73 26 skada,
573 321 75 20 genom
665 317 30 17 att
710 316 72 26 tvinga
797 313 68 23 Bänk-

119 350 155 26 förvaltningen
292 351 35 23 att,
343 351 49 18 utan
412 348 27 20 all
456 349 80 25 hänsyn
553 348 30 20 till
600 349 86 20 vexelns
702 350 110 26 duglighet
827 350 38 20 och

119 384 26 20 de
161 384 70 20 derför
254 383 109 26 ansvarige
386 389 139 19 personernes
549 383 174 27 vederhäftighet,
746 387 65 23 vägra
825 384 40 20 dis-

119 418 113 26 kontering
248 417 23 20 af
284 416 78 20 inrikes
378 417 69 25 vexel,
457 416 6 20 i
475 416 100 20 afseende
591 416 12 20 &
618 417 84 20 hvilken
720 418 35 20 det
773 419 94 21 inträffar

119 454 31 18 att
164 452 64 20 bland
247 451 62 20 desse
330 457 99 19 personer
447 450 66 20 finnes
534 450 77 27 nägon,
631 452 85 20 hvilken
732 453 65 20 redan
813 454 55 20 förut

119 486 6 20 i
142 485 108 27 egenskap
272 485 24 19 af
316 485 163 26 vexelgäldenär
497 484 43 20 stär
562 485 6 19 i
585 485 85 20 Banken
691 486 31 20 för
738 493 25 13 en
780 494 86 20 summa,

119 526 52 20 som,
187 519 173 21 sammanräknad
373 520 47 19 med
436 520 40 19 den
488 519 102 26 erbjudna
605 520 88 20 vexelns
704 520 83 27 belopp,
798 522 68 20 öfver-

119 555 64 25 stiger
199 554 175 20 tvähundratusen
393 553 64 21 mark.

189 588 76 20 Likasä
281 588 39 20 och
338 588 46 20 med
404 588 45 20 stöd
465 588 24 20 af
509 588 26 20 de
558 588 106 20 allmänna
686 589 98 26 grunder,
799 596 44 14 som
860 591 5 19 i

120 623 36 20 det
178 622 128 26 föregående
329 622 131 26 framhållits,
476 625 23 17 är
514 622 204 26 Bankfullmäktiges
741 623 127 27 befogenhet

120 656 130 20 beträffande
266 656 98 20 Bankens
380 656 94 26 utläning
490 656 6 20 i
513 656 54 20 vissa
583 656 57 20 delar
656 657 106 26 utvidgad.

188 690 32 20 Då
236 693 29 17 ett
285 690 67 26 intyg,
373 690 105 20 utfärdadt
498 689 27 27 pä
545 690 64 20 heder
625 690 39 20 och
680 693 31 17 tro
727 692 23 19 af
764 691 34 20 två
813 692 6 20 i
836 698 30 14 or-

120 727 35 17 ten
172 724 82 20 bosatte
270 724 132 26 sakkunnige
418 724 38 20 och
473 724 120 26 trovärdige
609 727 54 24 män,
679 725 5 19 i
700 725 115 22 allmänhet
830 727 39 21 bör

121 758 72 20 kunna
207 764 61 14 anses
285 758 86 26 erbjuda
386 758 86 20 Banken
494 758 44 20 lika
556 758 41 26 god
613 759 104 26 säkerhet,
733 766 44 14 som
793 761 74 20 instru-

122 794 79 18 mentet
216 792 59 20 öfver
290 798 26 14 en
332 798 15 13 s.
364 792 20 20 k.
400 792 192 26 bankovärdering,
603 792 63 20 hafva
681 792 123 28 Ständerna,
821 796 46 19 med

121 826 100 20 afseende
237 826 51 20 derä
304 828 30 17 att
352 826 140 26 utredningen
513 828 23 17 är
551 827 6 18 i
574 826 56 20 förra
645 826 58 21 fallet
718 828 86 20 förenad
821 830 46 19 med

122 860 105 27 betydligt
250 859 80 21 mindre
354 859 52 20 bäde
430 859 92 27 omgäng
545 860 38 20 och
608 860 88 21 kostnad
716 863 26 18 än
758 862 6 19 i
780 863 88 20 sednare

121 895 64 25 fallet,
208 895 6 19 i
237 895 23 19 21
280 896 9 22 $
305 894 75 26 intagit
402 896 29 18 ett
454 894 123 25 stadgande,
597 894 67 27 enligt
685 895 81 20 hvilket
780 896 87 21 Banken

119 929 85 20 komme
227 930 30 18 att
272 928 6 19 i
294 928 39 20 och
352 928 31 19 för
403 928 132 19 bedömande
550 927 23 20 af
586 935 26 13 en
628 928 113 21 intecknad
758 929 108 28 fastighets

121 962 64 20 värde
200 962 81 26 ätnöjas
298 962 46 19 med
360 963 30 18 ett
405 961 59 20 bevis
479 961 23 20 af
515 961 63 20 ofvan
594 962 79 27 antydd
690 963 151 21 beskaffenhet.

189 996 59 19 Hvad
268 996 98 26 gällande
387 995 146 27 författningar
549 996 5 19 i
571 998 71 18 ämnet
656 997 107 20 innehålla
778 1004 33 14 om
828 1001 39 17 rät-

121 1030 67 27 tighet
203 1030 31 19 för
250 1030 85 20 Banken
352 1032 30 17 att
399 1029 93 21 beräkna
507 1030 39 19 och
563 1030 94 26 uppbära
672 1031 120 20 straffränta
806 1032 62 21 hafva

121 1064 117 21 Ständerna
258 1064 114 19 utelemnat
388 1064 44 19 från
449 1064 144 26 reglementet,
608 1064 27 26 pä
650 1065 53 26 skäl,
720 1065 62 20 bland
798 1069 70 23 annat,

121 1101 30 17 att
166 1098 41 19 slik
222 1098 98 26 rättighet
336 1097 104 26 svärligen
457 1097 42 20 kan
515 1098 128 19 sammanstä
658 1099 46 20 med
720 1099 107 20 allmänna
841 1100 27 20 la-

122 1138 53 20 gens
197 1131 130 27 stadganden
351 1131 110 26 angående
485 1131 114 26 borgenärs
618 1132 99 27 rättighet
735 1135 31 18 att
784 1133 86 28 betinge

123 1166 32 26 sig
171 1168 66 23 ränta,
253 1167 54 18 samt
322 1167 29 18 att
366 1165 145 26 stadgandena
527 1171 32 14 om
577 1165 124 27 straffränta,
716 1167 62 20 äfven
794 1173 33 14 om
843 1168 26 20 de

122 1199 106 20 betraktas
244 1199 74 20 endast
333 1199 67 20 såsom
418 1199 66 20 medel
501 1201 30 18 att
546 1199 67 20 förmå
627 1200 153 26 gäldenärerne
796 1201 29 20 till
837 1208 31 13 or-

121 1233 124 27 dentlighet,
268 1236 36 17 äro
325 1233 128 26 förkastliga,
474 1236 50 17 enär
540 1233 57 20 detta
612 1233 81 27 vigtiga
708 1234 97 21 ändamål
822 1235 47 20 säk-

121 1273 46 14 rare
191 1267 60 20 ernås
274 1273 33 14 om
330 1267 87 20 Banken
437 1269 49 18 utan
507 1267 37 20 allt
563 1267 100 26 dröjsmål
680 1268 102 20 indrifver
798 1269 72 26 hvarje

123 1301 92 26 fordran,
230 1307 43 14 som
289 1301 48 20 icke
353 1301 12 19 å
381 1301 152 26 förfallodagen
549 1301 105 20 inbetalts.

190 1335 9 19 I
222 1335 135 26 afdelningen
381 1341 33 13 om
437 1335 98 20 Bankens
559 1335 87 26 styrelse
670 1335 62 20 hafva
754 1335 116 22 Ständerna

121 1369 48 20 sökt
192 1370 36 24 att,
251 1369 31 19 till
301 1368 173 20 förekommande
493 1369 23 19 af
529 1369 113 20 osäkerhet
657 1369 38 20 och
712 1369 158 28 tvehågsenhet,

122 1402 130 27 fullständigt
267 1402 39 20 och
323 1409 56 20 noga
394 1402 115 20 bestämma
525 1402 203 27 Bankfullmäktiges
742 1403 128 28 befogenhet

121 1437 39 19 och
177 1436 133 26 åligganden.
342 1436 31 20 De
389 1436 60 20 flesta
464 1436 23 20 af
500 1436 47 20 dem
563 1439 36 17 äro
615 1436 101 21 härledda
731 1444 23 13 ur
770 1438 54 19 hvad
841 1439 29 19 of-
