1078 1692
815 121 22 17 75

110 192 79 14 samma
211 186 23 18 år
258 185 94 20 bokförts
374 185 74 20 endast
471 185 47 19 med
535 185 62 24 8,000
615 185 64 24 mark,
696 185 64 19 ehuru
780 187 78 17 ensamt

110 220 112 26 afgifterna
238 220 30 18 för
284 219 26 19 de
326 220 69 25 legala
411 226 140 18 annonserna,
567 219 66 25 enligt
644 218 110 20 utskottets
767 218 94 26 mening,

111 254 61 20 bordt
187 253 69 26 uppgå
273 253 30 19 till
320 254 66 25 högre
403 254 82 25 belopp.
504 265 24 3 —
545 253 10 19 I
571 252 66 20 likhet
653 253 47 19 med
723 252 136 21 Statsutskot-

111 290 29 17 tet
157 288 32 19 vid
208 288 51 18 1867
276 287 33 19 års
325 287 101 27 landtdag
442 288 63 25 hyser
522 287 100 19 utskottet
638 286 72 20 tvifvel
731 287 79 25 derom,
823 287 35 19 hu-

110 321 73 20 ruvida
199 321 175 26 gratitikationers
391 321 123 20 tilldelande
529 321 21 19 ät
570 321 137 25 embetsmän,
731 321 81 19 hvilket
830 321 29 19 äf-

113 362 37 12 ven
167 355 65 19 under
248 355 138 20 förevarande
402 356 72 26 period
491 356 141 24 förekommit,
648 355 33 20 mä
696 355 72 19 kunna
786 355 73 20 erkän-

112 396 36 12 nas
163 389 68 20 säsom
248 389 140 27 oundvikligt,
405 390 53 19 helst
474 389 73 27 dylika
565 389 123 27 belöningar
709 390 46 19 med
779 390 80 19 afseen-

111 424 26 19 de
153 424 12 19 &
180 424 45 19 värt
241 424 59 19 lands
324 424 135 26 fullständiga
482 424 192 26 pensionsväsende
703 424 64 19 borde
790 424 70 19 kunna

112 458 108 19 undvaras.

181 492 34 20 Uti
238 492 26 19 de
288 492 20 19 ät
330 492 79 19 Finska
429 492 261 26 hushällningssällskapet
709 492 100 19 anvisade
824 498 36 13 an-

113 527 44 25 slag
173 526 61 26 ingär
250 526 117 20 kostnaden
384 526 31 19 för
432 526 96 19 Mustiala
543 526 205 19 landtbruksinstitut
760 526 54 20 ända
829 526 31 20 till

113 560 39 20 och
168 560 47 20 med
230 560 23 20 är
269 560 61 26 1865,
347 560 105 20 hvarefter
468 560 65 26 sagde
549 560 80 19 institut
645 560 28 19 uti
690 560 171 26 räkenskaperna

113 594 82 20 erhållit
211 596 30 18 ett
256 594 99 20 särskildt
371 595 70 25 konto,
458 601 43 13 som
520 594 64 20 under
597 594 22 19 är
628 594 61 25 1866,
706 594 26 20 dä
741 601 41 19 nya
794 595 66 26 bygg-

114 628 63 20 nader
193 628 31 20 för
240 629 47 19 dess
304 629 64 19 behof
382 629 119 25 uppfördes,
519 628 84 26 belöpte
618 629 32 25 sig
666 629 30 19 till
712 629 76 25 74,833
802 629 57 19 mark

113 665 54 17 samt
190 663 25 19 de
239 663 34 19 två
294 662 157 26 derpäföljande
469 663 48 19 åren
535 663 77 25 utgjort
628 662 63 27 något
706 663 59 19 öfver
785 664 75 23 50,000

115 697 64 25 mark,
195 697 81 20 hvilket
292 697 110 27 betydliga
418 697 107 25 ärsanslag
541 697 68 19 blifvit
625 697 101 26 behöfligt
736 698 65 19 sedan
812 698 47 19 ifrä-

113 732 119 26 gavarande
248 732 76 19 anstalt
340 732 176 24 omorganiserats
532 732 65 26 enligt
610 732 115 26 Kejserliga
735 732 125 26 Reglemen-

115 768 28 17 tet
166 766 40 19 den
229 766 26 19 26
279 766 40 26 Maj
347 766 51 19 1864
422 766 38 19 och
482 766 85 19 erhällit
582 773 28 19 ny
626 768 47 23 stat,
688 766 125 26 uppgäende
830 766 30 19 till

118 800 72 25 43,000
207 800 65 19 mark.
303 800 107 20 Huruvida
426 800 39 19 den
482 800 109 26 ansenliga
604 800 160 26 jordegendom,
783 807 44 13 som
839 803 22 16 är

115 834 115 25 underlagd
246 834 109 25 institutet,
371 834 79 19 lemnat
466 834 67 26 någon
550 834 93 19 afkomst
658 834 66 19 såsom
743 834 72 26 bidrag
831 835 30 18 till

115 868 47 19 dess
178 868 138 25 bekostando,
332 868 37 19 uar
386 868 101 19 utskottet
502 868 47 19 icke
566 868 80 19 kunnat
658 875 22 12 ur
690 868 172 26 räkenskaperna

116 902 84 19 utfinna.
223 901 133 20 Beträffande
372 902 26 19 de
414 902 114 26 ärsanslag,
544 908 43 13 som
605 902 31 19 för
650 903 62 25 öfrigt
728 902 77 26 päförts
815 902 46 19 hus-

116 935 226 27 hällningssällskapet,
366 936 37 20 bör
418 936 153 27 ihägkommas,
592 939 30 16 att
638 943 25 12 en
681 937 93 26 betydlig
793 936 33 20 del
843 937 22 19 af

116 971 107 19 desamma
238 971 74 19 endast
328 971 54 19 varit
398 971 86 19 anvisad
501 971 27 26 pä
543 971 57 19 detta
615 970 98 27 sällskap,
731 977 45 13 men
789 971 5 18 i
806 971 55 26 sjelf-

116 1011 25 12 va
157 1004 73 20 verket
245 1004 103 19 användts
364 1005 32 18 till
411 1004 104 24 ändamäl,
531 1011 43 13 som
595 1004 46 20 icke
664 1005 130 19 omedelbart
816 1005 47 19 hört

116 1038 30 19 till
163 1038 48 19 dess
226 1045 53 19 egen
296 1038 141 25 verksamhet,
453 1039 31 18 för
500 1039 80 19 hvilket
599 1038 125 19 sistanförda
747 1038 64 20 behof
832 1039 30 19 för

116 1073 129 19 närvarande
262 1072 59 27 utgår
337 1073 74 19 endast
426 1073 84 25 vidpass
529 1073 72 24 11,000
618 1073 56 19 mark
691 1073 86 26 årligen.

183 1107 44 19 Den
252 1107 65 19 under
340 1107 99 19 rubriken
462 1107 191 19 Y”ombudsmännen
678 1107 31 19 för
728 1107 68 20 finska
812 1107 50 20 han-

115 1141 61 19 deln”
194 1143 106 24 upptagna
323 1141 68 26 utgift,
413 1140 85 26 belöper
518 1141 32 26 sig
565 1141 31 19 för
612 1141 161 26 ifrågavarande
789 1141 73 26 period

115 1175 153 26 sammanlagdt
283 1175 31 18 till
331 1175 75 25 83,983
424 1175 65 24 mark,
505 1175 39 19 och
561 1175 67 19 finner
644 1175 100 20 utskottet
760 1175 34 20 det
813 1181 50 13 vara

116 1209 71 19 tvifvel
204 1208 157 25 underkastadt,
378 1209 101 19 huruvida
494 1208 73 26 dylika
578 1209 140 19 embetsmäns
732 1209 130 20 anställande

115 1243 6 18 i
137 1243 26 18 de
179 1242 63 26 ryska
264 1243 205 25 östersjöhamnarna
492 1243 71 19 vidare
587 1243 41 19 kan
648 1249 61 14 anses
726 1250 49 13 vara
791 1243 70 20 behöf-

116 1277 44 26 ligt,
177 1277 31 19 för
222 1279 30 17 att
268 1276 82 26 skydda
367 1277 68 19 finska
450 1277 103 20 handelns
568 1277 102 20 intressen
686 1278 27 25 pä
728 1278 62 19 dessa
800 1281 61 16 orter.

115 1323 24 2 —
158 1311 76 19 Vidare
250 1311 37 19 har
303 1311 101 19 utskottet
424 1311 59 20 bland
505 1311 39 20 den
565 1311 85 20 ättonde
666 1311 149 21 hufvudtitelns
832 1315 29 16 ut-

114 1345 62 25 gifter
193 1345 55 19 velat
264 1345 110 19 framhälla
389 1345 96 26 anslaget
500 1345 31 20 för
551 1345 264 21 manufakturdirektionen
831 1353 30 12 sä-

115 1385 43 14 som
176 1379 80 19 mindre
273 1379 102 26 behöfligt
390 1379 38 20 och
445 1379 30 20 får
490 1380 7 19 i
513 1379 74 20 sådant
602 1379 99 20 afseende
720 1380 93 26 åberopa
837 1381 25 18 de

115 1413 52 25 skäl,
189 1419 44 13 som
257 1413 21 19 af
299 1413 159 20 Statsutskottet
480 1414 35 19 vid
539 1414 52 19 1867
615 1413 33 20 ärs
663 1413 101 27 landtdag
784 1414 78 20 anförts

115 1449 55 17 emot
187 1446 157 21 bibehällandet
360 1447 22 20 af
396 1448 57 19 detta
468 1447 140 20 embetsverk.
