1078 1692
229 118 36 18 574

278 181 118 21 rektionen.
428 180 42 22 Och
493 180 123 22 ankommer
635 180 35 21 det
690 181 13 20 &
718 180 147 28 Fullmäktige
879 183 39 22 att,
930 181 33 27 pä

278 215 136 21 Ständernas
429 217 90 25 vägnar,
534 215 99 21 meddela
643 214 144 22 Direktionen
800 214 39 22 den
851 214 110 28 decharge,

276 256 45 14 som
339 249 148 27 Fullmäktige
499 249 67 27 finna
585 249 82 27 skälig;
683 249 53 21 dock
750 249 48 21 med
812 249 149 27 iakttagande,

277 286 32 18 att
324 283 26 21 de
365 284 63 20 delar
443 283 30 25 af
482 283 103 21 Bankens
595 283 147 28 förvaltning,
753 290 45 14 som
814 282 148 28 tilläfventyrs

276 318 58 20 varit
345 317 98 27 föremäl
452 317 43 27 för
509 317 147 27 anmärkning
666 317 58 27 frän
748 317 150 21 Revisorernes
913 316 49 21 sida

278 351 37 21 och
330 351 69 21 hvarä
421 351 52 28 laga
495 351 48 21 ätal
559 350 64 28 följt,
643 351 52 21 eller
709 350 74 22 hvilka
798 351 66 21 mäste
880 351 81 20 lemnas

278 385 103 21 beroende
400 385 45 21 tills
465 384 118 28 utredning
599 385 9 20 i
618 384 87 28 frågan
719 384 122 28 framdeles
859 384 43 21 kan
917 385 46 20 vin-

278 426 46 18 nas,
335 419 59 27 från
409 419 120 28 dechargen
544 419 146 27 undantagas,
706 419 109 21 intilldess
830 419 67 20 åtalet
913 418 50 27 blif-

278 454 30 20 vit
322 454 104 27 slutligen
447 452 107 28 pröfvadt
577 453 38 20 och
639 452 108 28 afgjordt,
768 454 53 20 eller
839 453 39 20 den
894 453 68 27 nödig

278 487 97 21 ansedda
390 487 144 27 utredningen
549 486 106 22 erhällits.

348 520 170 28 Granskningen
541 521 31 27 af
590 520 115 22 kontorens
724 521 79 21 rörelse
819 520 38 22 och
867 521 96 27 förvalt-

278 556 54 27 ning
354 555 133 24 verkställes,
511 554 64 28 äfven
593 555 9 20 i
619 554 26 21 de
663 555 69 26 delar,
751 561 45 15 som
811 556 9 19 i
835 556 41 20 116
891 556 15 26 $
920 562 44 14 om-

279 591 92 23 nämnts,
388 590 8 20 i
410 588 158 28 sammanhang
583 589 49 20 med
646 589 120 20 revisionen
778 589 10 20 i
797 588 97 22 Banken.
920 589 44 20 För

279 623 81 21 sådant
375 623 106 21 ändamål
499 622 84 28 åligger
604 622 35 21 det
661 622 157 22 vederbörande
839 622 125 22 Bankkom-

279 658 100 25 missarie
401 659 33 19 att
456 657 58 21 inom
536 656 41 21 den
597 657 8 20 i
620 656 160 21 instruktionen
797 656 42 28 för
860 656 104 22 kontoren

276 690 143 28 Jöreskrifna
439 691 33 21 tid
491 691 34 20 till
543 690 200 22 Bankdirektionen
767 691 94 21 insända
876 691 26 20 de
918 690 46 21 böc-

280 725 43 25 ker,
338 724 148 28 räkenskaper
509 724 37 21 och
569 724 141 28 handlingar,
730 731 45 14 som
793 726 39 19 äro
852 725 8 20 i
875 724 38 21 och
922 724 42 28 för

280 759 119 21 revisionen
422 758 159 28 erforderliga;
603 758 111 27 äfvensom
736 761 33 18 att
788 758 125 28 skriftligen
928 758 36 28 af-

279 792 61 28 gifva
355 793 26 21 de
396 793 75 21 vidare
488 792 167 28 upplysningar,
676 799 44 14 som
735 792 140 21 Revisorerne
890 792 74 21 kunna

279 834 75 20 genom
377 826 143 21 Direktionen
544 826 47 21 dem
613 826 107 26 ajfordra.
751 826 60 21 Göra
825 826 139 21 Revisorerne

280 860 147 27 anmärkning
449 862 43 19 mot
509 859 169 28 förvaltningen
698 859 29 28 af
738 860 66 27 något
818 859 76 22 kontor
909 861 8 19 i
932 860 33 25 of-

280 895 136 21 vanderörda
439 894 68 25 delar,
530 893 61 22 skola
614 893 203 28 Bankfullmäktige
835 901 74 20 genom
924 894 40 21 Di-

280 929 111 20 rektionen
420 928 103 27 infordra
551 927 157 22 vederbörande
736 927 166 22 Kommissaries
927 928 38 21 och

281 963 185 20 Diskontkomites
492 961 113 28 skriftliga
628 961 131 28 förklaring
788 961 100 28 deröfver
910 965 55 18 samt

280 997 154 21 Direktionens
450 999 45 25 eget
513 996 114 21 utlätande
642 996 8 20 i
664 995 76 26 saken;
755 995 112 27 hvarefter
882 996 38 21 och
935 1003 31 14 se-

282 1031 44 21 dan
341 1031 104 27 samtliga
461 1030 160 27 handlingarne
637 1030 35 20 till
686 1029 147 28 Fullmäktige
847 1029 118 26 inkommit,

280 1065 48 21 med
342 1065 89 20 ärendet
455 1064 76 21 vidare
552 1063 109 28 förfares,
682 1064 33 27 pä
738 1065 45 19 sätt
808 1063 107 27 härofvan
940 1066 27 18 är

282 1099 69 28 sagdt.

569 1165 58 28 Kap.
643 1165 36 22 IV.
699 1180 3 4 -

505 1227 103 35 Särskilda
623 1210 122 52 stadganden.

586 1294 16 27 $
617 1295 48 19 119.

350 1340 130 27 Ansökning
499 1339 37 21 hos
555 1338 201 22 Bankdirektionen
779 1338 52 21 eller
846 1339 122 21 Bankkom-

282 1376 101 21 missarie
398 1376 8 19 i
422 1375 25 20 de
463 1374 100 25 ärenden,
583 1380 45 14 som
644 1375 92 18 nämnas
751 1373 9 20 i
776 1374 12 19 1
803 1373 50 27 kap.
868 1373 31 27 af
910 1374 58 21 detta

282 1410 142 27 Reglemente,
443 1409 49 25 kan,
511 1415 33 14 om
565 1407 109 21 sökanden
693 1407 35 20 det
747 1407 87 25 önskar,
850 1407 118 28 muntligen

279 1443 149 28 framställas.
