1078 1692
809 120 34 17 309

116 181 61 27 ingår
193 182 29 19 uti
238 182 36 19 det
289 181 78 27 förslag
383 181 29 19 till
430 184 46 24 nytt
492 182 131 26 reglemente
639 182 31 20 för
685 182 101 20 Finlands
801 182 63 26 bank,

117 222 44 13 som
177 216 12 19 å
205 216 143 19 innevarande
357 216 100 26 landtdag
465 218 23 17 är
499 216 132 20 understäldt
639 216 127 20 Ständernas
778 217 86 25 gransk-

118 250 56 26 ning,
191 250 74 19 vinner
280 250 127 19 Ständernas
422 250 157 26 godkännande
595 250 39 20 och
651 250 63 26 nädig
724 250 140 20 fastställelse.

117 284 33 20 Då
171 284 7 19 i
201 284 65 20 sådan
279 284 111 22 händelse
413 284 61 19 äfven
490 284 34 20 'de
548 291 27 13 nu
590 284 108 26 gångbara
713 284 96 20 sedlarne
826 284 12 20 &
853 285 11 19 3

119 318 69 20 marks
210 318 66 25 valör,
299 318 71 19 hvilka
387 318 69 26 uppgä
471 318 31 19 till
517 320 31 18 ett
565 318 63 20 värde
643 318 23 20 af
680 318 97 26 omkring
793 319 12 19 4
821 319 44 19 mil-

115 353 63 25 joner
202 352 66 26 mark,
284 352 68 20 skulle
368 352 85 20 komma
467 354 30 17 att
510 352 101 26 indragas
627 354 54 18 samt
696 352 70 20 sedlar
780 352 13 20 &
807 352 57 27 lägre

119 386 58 20 valör
200 389 26 17 än
250 387 12 19 5
286 386 59 20 mark
367 386 49 20 icke
438 386 85 20 komme
546 388 30 18 att
594 386 23 20 af
632 386 82 20 banken
730 386 97 26 utgifvas,
843 386 23 20 sä

120 420 65 20 måste
201 420 107 26 sjelffallet
323 420 100 20 behofvet
437 420 24 20 af
475 420 149 26 myntstyeken
641 420 31 20 för
688 423 78 17 smärre
777 420 89 26 ligvider

119 455 84 19 komma
218 457 30 17 att
264 454 105 26 betydligt
384 454 87 26 tilltaga.
487 454 74 26 Nägon
579 454 141 27 förstärkning
735 454 23 20 af
772 454 94 20 bankens

116 488 142 20 silfverförräd
280 488 31 20 för
327 488 69 20 denna
411 488 138 20 eventualitet
563 488 66 20 mäste
644 488 83 20 derföre
742 495 61 13 auses
820 488 43 20 haf-

119 530 26 12 va
165 523 53 19 varit
233 522 23 20 af
270 522 73 26 nödigt
358 522 133 20 förutseende
507 522 106 26 päkallad.
630 523 59 19 Hvad
706 522 46 20 äter
768 522 97 21 behofvet

119 558 23 19 af
163 557 46 20 ädel
227 557 70 19 metall
313 557 31 19 för
359 556 90 26 ligvider
464 557 7 19 i
486 556 96 20 utlandet
597 557 39 19 och
652 556 136 27 möjligheten
805 557 23 19 af
841 563 25 13 en

119 592 51 19 drän
186 591 27 26 pä
228 591 96 20 bankens
340 590 61 20 kassa
416 591 22 19 af
451 591 70 19 denna
537 590 115 27 anledning
668 591 104 25 beträffar,
787 590 23 20 sä
825 590 40 20 kan

119 632 26 14 en
169 626 65 19 sådan
259 625 55 19 väli
330 624 45 20 vårt
396 624 48 20 land
468 624 66 20 under
557 624 85 27 vanliga
657 624 144 20 förhållanden
818 626 48 18 utan

119 660 109 26 svärighet
242 659 128 26 förebyggas
385 659 23 19 sä
423 659 61 26 länge
502 658 83 20 banken
602 658 41 20 kan
660 658 87 26 erbjuda
760 659 106 19 remitten-

120 696 31 18 ter
173 694 56 26 goda
251 694 79 25 vexlar,
349 693 80 26 dragna
443 693 28 26 pä
485 693 94 26 Europas
595 692 115 20 förnämsta
726 693 140 26 handelsplat-

119 735 40 13 ser.
190 728 31 20 Då
244 734 27 13 nu
294 727 91 25 banken,
401 727 68 20 säsom
485 727 24 19 af
521 726 129 27 föregående
665 727 154 26 framställning
834 734 32 19 sy-

120 769 43 19 nes,
187 764 35 24 ägt
242 765 54 17 samt
311 761 127 20 fortfarande
454 761 89 20 innehar
559 768 43 12 mer
617 764 26 16 än
660 761 112 27 tillräcklig
789 761 78 20 behäll-

120 797 50 26 ning
187 796 37 20 hos
240 796 50 26 högt
306 795 92 20 ansedda
413 795 147 20 bankirfirmor
576 795 26 26 pä
617 795 62 20 dessa
694 796 84 25 platser,
794 795 31 20 för
837 798 29 17 att

120 833 57 18 möta
192 831 72 25 hvarje
281 830 65 19 under
362 830 131 19 närvarande
509 829 145 20 förhällanden
671 830 89 19 tänkbar
774 829 93 20 efterfrä-

120 872 41 20 gan
185 865 26 26 pä
234 864 74 26 dylika
331 863 78 26 vexlar,
432 863 23 19 sä
472 863 72 20 kunde
560 863 61 20 äfven
638 870 22 12 ur
676 863 70 20 denna
760 863 108 26 synpunkt

120 899 152 26 lämpligheten
295 898 23 19 af
338 898 40 19 den
395 897 119 20 metalliska
534 897 87 20 kassans
636 897 153 26 förstärkande,
804 898 7 19 i
827 897 39 20 den

121 933 47 20 män
192 933 75 19 sädant:
282 932 62 25 skett,
360 931 71 20 ställas
447 931 6 20 i
469 931 65 26 fråga.
565 931 49 20 Men
631 931 35 20 det
681 931 59 20 torde
756 931 111 26 erkännas,

121 970 31 17 att
174 967 34 19 vid
232 966 155 26 förvaltningen
411 965 22 20 af
454 972 26 13 en
504 965 56 20 bank
575 965 48 20 icke
639 965 37 20 allt
691 965 37 20 bör
744 965 81 26 byggas
841 965 27 26 pä

121 1001 153 20 fortbeständet
289 1000 23 20 af
325 1000 85 26 vanliga
424 999 154 24 förhällanden,
595 999 38 20 och
644 999 100 20 Finlands
757 999 56 20 bank
825 999 43 25 har,

120 1036 63 19 äfven
206 1035 66 20 under
294 1035 40 19 den
358 1034 61 19 korta
440 1033 30 20 tid
493 1033 194 26 Bankfullmäktige
710 1033 101 20 handhaft
833 1033 35 19 sitt

121 1069 102 26 uppdrag,
239 1068 47 20 icke
302 1068 75 19 saknat
392 1067 121 20 erfarenhet
527 1068 24 19 af
563 1067 23 20 sä
601 1067 147 20 allvarsamma
764 1067 104 26 störingar

121 1104 52 25 deri,
189 1104 7 19 i
213 1103 50 25 följd
286 1102 23 20 af
330 1103 26 18 de
375 1105 83 16 senaste
473 1101 62 20 årens
550 1101 100 26 politiska
667 1101 148 27 tilldragelser,
831 1103 36 24 att,

120 1145 34 13 om
171 1137 40 20 ock
227 1140 48 17 utan
292 1137 72 19 vidare
379 1136 78 26 påföljd
473 1136 32 19 för
521 1136 92 25 banken,
628 1136 157 26 antagligheten
801 1136 22 19 af
832 1142 35 13 an-

122 1174 35 17 nat
181 1170 189 27 betalningsmedel
392 1172 26 17 än
442 1169 69 20 metall
537 1169 68 20 blifvit
623 1170 34 19 vid
674 1176 26 13 en
717 1169 83 20 banken
817 1169 51 27 ålig-

121 1206 69 27 gande
208 1205 65 26 liqvid
290 1204 114 27 ifrågasatt,
420 1206 53 17 samt
487 1206 30 17 att
533 1203 46 20 dess
595 1204 102 25 ostridiga
712 1203 97 20 förfallna
829 1203 40 20 for-

121 1240 87 26 dringar
223 1239 38 20 hos
276 1240 30 18 ett
327 1238 23 19 af
363 1238 25 19 de
405 1240 53 17 mest
473 1238 94 19 ansedda
582 1237 115 20 bankirhus
714 1237 6 20 i
737 1237 36 20 vär
792 1237 78 20 verlds-

121 1274 36 20 del
181 1273 68 20 blifvit
264 1273 32 19 för
312 1272 68 26 nägon
397 1271 29 20 tid
442 1271 148 27 undanryckte
605 1271 47 20 dess
669 1271 130 26 förfogande.
829 1271 41 20 Det

122 1309 38 19 har
183 1307 53 20 varit
259 1307 65 19 under
340 1306 36 20 det
391 1306 65 26 lifliga
470 1305 108 27 intrycket
593 1305 23 20 af
629 1312 25 13 en
671 1305 64 20 sådan
752 1305 120 20 erfarenhet

121 1342 39 20 och
177 1349 23 12 ur
216 1340 134 27 synpunkten
364 1340 23 19 af
400 1339 95 20 bankens
511 1339 165 21 säkerställande
692 1339 32 20 för
738 1339 74 26 dylika
820 1339 50 20 hän-

121 1376 69 20 delser
205 1375 8 19 i
229 1381 25 14 en
271 1374 91 26 framtid,
377 1380 44 13 som
437 1374 140 19 omförmälda
592 1373 98 27 ätgärder
705 1373 105 26 vidtagits.
833 1373 38 20 Att

120 1410 157 26 indragningen
293 1409 31 19 till
340 1415 26 13 en
383 1408 34 20 del
433 1408 56 20 skett
505 1408 6 19 i
527 1408 57 26 guld,
595 1407 38 20 har
644 1407 114 20 föranledts
769 1407 23 19 af
800 1407 70 20 denna

121 1444 83 20 metalls
220 1445 66 18 större
301 1442 160 20 användbarhet
475 1442 68 20 säsom
559 1441 159 20 internationelt
732 1441 138 26 bytesmedel.
