1078 1692
412 406 58 20 Hans
492 405 136 27 Kejserliga
647 405 123 27 Majeståts
785 407 69 27 Nådiga
868 408 88 26 proposi-

342 439 42 21 tion
398 439 31 21 till
444 439 87 21 Finlands
551 440 87 24 Ständer,
656 440 97 26 angående
769 442 105 26 utgörande
890 443 22 20 af
924 442 34 20 be-

343 473 80 26 villning
437 473 31 21 för
482 472 46 22 1873
543 473 36 21 och
593 474 108 26 påföljande
716 474 28 21 år.

275 553 47 20 Den
340 553 123 26 bevillning,
479 559 44 13 som
539 553 82 20 landets
637 553 35 20 vid
688 554 98 20 sednaste
801 554 101 28 landtdag
917 556 41 19 för-

207 587 94 21 samlade
317 587 90 21 Ständer
422 587 66 26 åtagit
507 587 32 26 sig
554 587 33 19 för
601 587 105 20 särskilda
721 588 23 19 af
757 588 118 21 Ständerna
890 590 70 19 tillika

207 622 111 19 bestämda
328 621 105 25 ändamål,
442 621 81 26 upphör
539 621 46 20 med
601 621 23 20 år
642 622 59 19 1872.
724 622 30 19 På
769 622 36 20 det
820 623 139 26 erforderliga

208 656 69 20 medel
297 655 35 20 må
351 662 51 13 vara
421 658 30 17 att
469 655 66 27 tillgå,
554 655 3 19 i
573 655 86 20 främsta
680 658 89 18 rummet
787 656 32 20 för
834 657 124 20 folkskolor-

208 696 37 13 nas
271 689 129 20 fortfarande
423 689 184 26 upprätthållande
629 690 39 19 och
684 690 135 26 utvidgande,
835 690 67 21 såsom
918 692 40 20 ock

207 724 32 20 för
255 724 141 20 bekostandet
411 724 22 19 af
446 723 103 20 särskilda
563 724 66 19 andra
647 724 87 20 allmänt
750 725 82 27 nyttiga
847 726 110 20 inrättnin-

207 764 45 20 gar,
268 764 118 20 uppmanar
400 757 71 20 Hans
486 758 151 26 Kejserliga
652 758 123 26 Majestät
790 765 27 13 nu
833 759 126 21 församlade

207 792 90 20 Ständer
313 794 30 18 att
359 791 80 21 besluta
461 798 34 13 om
518 792 116 26 utgörande
653 792 23 20 af
690 792 116 27 bevillning
826 794 79 25 jemväl
928 794 33 20 för

210 826 54 19 1873
281 826 39 20 och
337 826 93 25 följande
446 825 29 20 år.

278 865 32 20 Då
325 866 40 19 den
382 865 141 26 redogörelse,
539 871 44 14 som
605 865 34 20 vid
664 865 52 20 1867
742 865 33 20 års
791 866 100 27 landtdag
906 867 54 20 före-

207 899 60 20 lades
290 899 120 20 Ständerna
432 899 89 20 rörande
544 899 210 27 bevillningsmedlen
775 900 32 19 för
831 901 128 26 föregående

209 933 194 28 landtdagsperiod,
420 933 128 20 omfattande
571 933 49 20 åren
644 935 59 24 1865,
721 934 52 20 1866
790 935 39 20 och
849 936 59 22 1867,
924 943 36 13 en-

209 969 47 19 dast
271 968 32 20 för
319 969 35 19 det
370 967 145 20 förstnämnda
537 967 46 20 året
597 968 108 26 grundade
721 969 32 25 sig
769 968 27 27 på
811 969 101 20 afslutade
928 973 32 16 rä-

209 1002 129 27 kenskaper,
353 1002 53 20 låter
422 1002 66 19 Hans
503 1001 153 27 Kejserliga
671 1002 126 26 Majestät
812 1009 27 14 nu
854 1003 30 20 till
901 1003 60 20 Stän-

210 1037 66 20 derna
300 1036 92 20 aflemna
416 1035 122 27 fullständig
563 1036 136 26 redovisning
714 1037 60 19 öfver
799 1037 161 27 ifrågavarande

210 1071 69 20 medel
302 1071 58 20 såväl
384 1070 33 20 för
440 1070 140 26 nyssberörde
603 1070 121 27 tidsperiod,
748 1077 43 14 som
807 1071 40 20 ock
863 1072 32 20 för
910 1072 51 20 åren

212 1105 62 26 1868,
295 1105 52 20 1869
372 1105 39 20 och
433 1105 60 25 1870,
509 1104 108 20 hvaremot
633 1105 35 20 det
681 1105 32 20 för
729 1105 22 19 år
769 1105 50 20 1871
838 1106 124 20 debiterade

211 1139 84 27 belopp,
311 1139 83 20 hvilket
407 1139 50 19 först
476 1139 66 19 under
550 1139 23 19 år
583 1139 53 20 1872
646 1139 110 26 uppbäres,
765 1141 53 18 samt
833 1140 129 21 sistnämnde

211 1173 33 20 års
263 1173 125 26 bevillning,
415 1173 67 20 såsom
506 1175 55 18 ännu
584 1173 47 20 icke
650 1173 118 26 uttaxerad,
786 1173 31 20 för
832 1175 130 20 närvarande

210 1207 74 20 kunna
300 1207 75 20 endast
390 1207 163 26 approximativt
569 1207 117 27 uppgifvas.

280 1247 31 20 Af
330 1247 66 27 sagda
414 1247 137 26 redovisning
566 1247 90 26 framgår
672 1249 30 18 att
717 1247 31 20 för
770 1247 156 21 nedanstående
942 1249 22 19 år

212 1281 219 27 bevillningsfondens
446 1281 115 20 inkomster
578 1281 86 26 uppgått
680 1281 42 20 till:

316 1349 22 20 år
367 1349 52 20 1865
450 1364 4 5 .
485 1364 4 4 .
556 1364 75 5 0.0.0.
662 1349 97 26 676,674:
776 1349 33 20 85.

324 1398 11 13 »
365 1384 52 19 1866
448 1398 4 5 .
483 1399 4 4 .
518 1398 5 4 so
589 1398 40 5 0.0.
660 1383 96 26 608,398:
774 1384 33 19 55.

323 1433 12 12 >
364 1417 53 20 1867
449 1432 39 5 so.
519 1432 40 5 so.
589 1432 41 5 00.
661 1417 97 26 545,652:
774 1417 32 20 35.

322 1466 12 13 »
365 1451 53 20 1868
448 1467 5 4 .
484 1466 4 5 .
519 1466 4 4 .
555 1465 4 6 .
589 1466 5 5 .
625 1466 4 5 .
661 1451 98 26 505634:
782 1463 22 2 —
