1078 1692
836 116 23 17 69

132 186 41 20 gon
191 180 33 19 del
240 180 62 19 äfven
320 180 64 20 måste
401 180 122 20 tillskrifvas
539 180 40 20 den
596 180 190 26 omständigheten,
803 183 27 17 att
845 187 34 12 nu-

133 214 99 26 gällande
255 214 129 26 stadganden
409 214 110 27 angående
543 214 47 26 laga
613 214 79 20 försvar
715 214 69 19 lemna
799 214 81 19 tillfälle

132 248 33 20 för
192 248 89 25 mången
305 248 22 20 af
348 248 39 20 den
411 248 114 20 arbetande
549 248 84 20 klassen
648 250 30 18 att
696 248 137 26 undandraga
849 248 31 26 sig

133 282 168 26 skattskrifning.

202 316 29 19 Af
252 316 66 25 fjerde
342 316 164 26 inkomsttitelns
528 316 106 20 indirekta
657 316 79 19 skatter
757 316 61 20 hafva
834 316 45 19 tull-

134 350 82 20 medlen
233 350 6 18 i
255 350 105 20 anseende
376 350 31 19 till
422 350 82 19 landets
520 356 76 20 genom
613 350 25 19 de
655 350 75 26 många
747 350 133 20 missväxter-

134 391 26 12 na
176 384 110 19 minskade
308 384 242 26 konsumtionsförmåga
577 384 104 26 betydligt
707 384 87 26 nedgått
815 384 66 20 under

133 418 49 19 åren
208 418 60 26 1866,
293 418 51 20 1867
368 418 38 20 och
427 418 58 26 1868,
501 418 23 20 så
539 420 29 18 att
584 418 118 19 skillnaden
719 418 89 19 emellan
829 418 51 20 1864

134 452 33 20 års
190 452 38 20 och
254 452 52 19 1868
322 452 33 20 års
370 452 106 26 tullintägt
491 454 60 24 utgör
566 452 48 20 icke
631 452 79 19 mindre
726 455 26 16 än
771 452 109 25 1,720,190

134 486 65 20 mark.
230 486 74 19 Denna
320 486 121 26 minskning
457 486 37 20 bar
509 486 63 20 likväl
589 486 54 20 varit
658 486 24 20 af
690 486 142 26 öfvergäende
845 494 35 12 na-

134 522 38 22 tur,
195 522 51 17 enär
269 520 182 20 tullinkomsterna
474 520 31 20 för
521 520 23 20 år
563 521 48 19 1871
631 521 87 25 uppnått
733 527 80 13 samma
831 520 48 26 höjd

135 554 26 19 de
177 554 105 19 innehade
299 554 60 19 1864.
378 566 21 2 -—
418 554 39 20 Till
474 555 51 25 följd
542 555 23 19 af
578 555 40 19 den
636 554 128 20 moderation
780 555 23 19 af
811 557 69 24 porto-

135 588 87 26 afgiften
239 588 31 19 för
288 588 46 20 bref
348 588 29 20 till
394 590 55 18 orter
465 589 56 19 inom
537 589 78 23 landet,
631 595 44 13 som
691 588 93 20 infördes
803 595 76 20 genom

134 622 118 26 Kejserliga
266 622 169 26 Kungörelserna
451 623 40 19 den
508 624 11 18 7
536 623 120 20 November
674 624 59 24 1865,
754 623 37 19 har
814 624 65 19 rubri-

134 656 40 20 ken
191 656 142 26 ”postmedel”
349 656 53 20 visat
418 659 29 17 ett
463 656 124 27 nedgående
604 657 64 19 under
682 657 48 19 åren
751 658 58 25 1866,
828 658 52 19 1867

134 690 39 20 och
201 691 57 25 1868,
280 697 47 13 men
352 690 91 20 derefter
459 690 44 20 åter
519 691 44 25 höjt
579 691 32 26 sig
626 692 38 19 och
681 691 58 20 torde
757 698 45 13 man
819 692 61 19 fram-

134 725 58 19 deles
215 725 71 19 kunna
307 727 79 17 emotse
410 732 24 12 en
451 724 48 20 icke
515 725 108 26 obetydlig
638 726 94 26 stegring
751 726 23 19 af
786 726 94 20 densam-

135 766 40 18 ma,
191 759 64 19 sedan
279 758 151 20 fribrefsrätten
454 759 70 19 blifvit
543 759 111 20 inskränkt
668 766 76 19 genom
760 758 120 28 Kejserliga

133 793 144 27 Kungörelsen
294 793 40 19 den
352 793 24 19 19
393 792 117 20 December
527 794 60 19 1871.

201 827 9 19 I
226 826 223 26 kapitalräkningarna
472 829 102 24 upptages
596 828 136 19 statsverkets
760 828 67 25 årliga
849 828 29 19 in-

135 861 69 20 komst
220 861 44 19 från
282 860 152 27 kartasigillata
449 861 88 26 afgiften
554 861 47 20 icke
619 861 45 20 med
681 862 35 19 det
732 862 83 26 belopp,
835 869 44 12 som

133 901 76 20 genom
239 895 123 25 försäljning
390 895 22 19 af
435 895 112 26 stämpladt
572 902 78 19 papper
678 895 80 26 årligen
788 895 92 26 inflyter,

134 932 47 17 utan
198 929 52 19 efter
267 929 39 19 den
324 929 76 26 mängd
418 928 69 26 dylikt
502 935 79 20 papper
597 936 43 13 som
657 929 65 20 under
742 930 44 19 äret
801 930 78 20 tillver-

133 963 53 25 kats,
203 963 136 25 hvarigenom
357 963 73 19 vällats
446 965 29 17 att
491 963 32 19 för
539 963 22 19 år
579 964 52 19 1865
647 963 65 20 under
728 964 70 19 denna
808 963 71 20 rubrik

134 997 92 26 uppförts
249 1003 24 13 en
297 996 92 20 inkomst
412 997 23 19 af
455 997 48 19 icke
527 997 80 20 mindre
631 1000 24 17 än
680 997 110 26 4,038,960
815 997 65 26 mark,

133 1031 65 19 ehuru
221 1031 74 18 endast
318 1031 90 25 525,748
427 1030 57 20 mark
502 1031 172 26 stämpelafoifter
690 1031 96 20 effektivt
803 1031 78 19 influtit

133 1065 64 24 sagde
214 1064 28 19 är.
272 1064 32 19 Dä
326 1066 30 17 ett
378 1064 73 20 sädant
474 1065 64 19 sedan
561 1065 58 20 äldre
639 1065 53 20 tider
708 1065 102 26 iakttaget
830 1065 49 20 bok-

134 1099 120 26 föringssätt
277 1101 22 16 är
322 1098 82 26 ganska
427 1099 116 26 oegentligt
561 1099 40 20 och
617 1099 118 20 föranleder
751 1102 29 16 att
796 1099 60 19 äfven
874 1099 6 18 i

134 1132 222 26 kapitalräkningarne
372 1132 105 19 skenbara
492 1132 112 27 tillgängar
624 1133 108 26 uppträda,
751 1133 82 19 hvilkas
849 1133 30 19 in-

134 1166 77 20 verkan
235 1166 27 26 pä
286 1166 104 19 bokslutet
414 1166 73 19 endast
507 1173 76 19 genom
600 1167 135 26 operationen
752 1167 22 19 af
788 1167 36 25 pä-
841 1166 38 20 och

133 1200 115 26 afföringar
264 1200 40 19 kan
321 1200 109 25 utjemnas,
447 1207 63 19 synes
526 1200 35 19 det
576 1200 101 20 utskottet
695 1207 43 13 som
763 1200 65 20 borde
851 1202 30 17 ett

133 1237 70 22 annat,
226 1234 26 25 pä
274 1234 101 19 effektiva
398 1234 67 19 siffror
487 1234 105 26 grundadt
614 1237 77 23 system
708 1235 31 19 för
754 1234 125 26 stämpelbe-

133 1268 127 26 villningens
277 1268 130 19 bokförande
424 1268 46 19 med
487 1268 36 19 det
538 1271 93 16 snaraste
646 1269 84 19 införas.

201 1303 55 18 Enär
272 1302 31 19 för
319 1302 63 26 öfrigt
396 1302 152 26 kartasigillata
563 1302 86 26 afgiften
663 1302 109 26 rätteligen
788 1305 28 22 är,
827 1305 52 17 samt

133 1336 57 20 såväl
214 1336 32 19 vid
271 1336 25 20 de
319 1336 35 19 två
376 1338 81 18 senaste
482 1336 151 26 landtdagarne
656 1343 43 13 som
721 1336 39 20 ock
776 1337 6 18 i
798 1331 94 31 Nådiga

133 1370 156 27 propositionen
306 1370 73 20 derom
396 1371 30 18 till
443 1370 120 19 nuvarande
575 1371 141 18 ständermöte
726 1370 85 19 erkänts
825 1375 56 19 vara,

133 1412 25 13 en
174 1404 27 26 pä
216 1404 128 19 Ständernas
361 1405 56 19 bifall
439 1405 38 19 och
498 1404 105 26 åtagande
628 1404 104 20 beroende
758 1403 122 26 bevillning,

133 1439 85 19 hvilken
236 1438 59 26 utgär
311 1439 74 19 endast
401 1439 65 19 under
482 1439 48 25 viss,
547 1439 23 19 af
583 1438 117 20 Ständerna
718 1437 102 20 fastställd
844 1437 37 25 tid,
