1078 1692
219 120 35 18 280

593 186 15 26 $
623 186 35 21 29.

369 223 34 21 De
422 224 95 20 sålunda
539 224 104 28 slutligen
660 224 134 28 fastställda
814 224 138 29 bevillnings-

301 258 129 27 längderna,
438 258 67 27 jemte
521 258 75 28 öfriga
607 258 74 22 dertill
696 258 98 22 hörande
809 258 141 28 handlingar,

300 290 52 22 böra
368 291 31 27 af
407 291 225 28 pröfningskomiténs
656 292 136 28 ordförande
807 292 52 28 före
874 294 78 26 utgån-

299 332 41 20 gen
365 325 31 27 af
416 325 115 21 December
553 326 82 21 månad
660 326 114 28 afsändas,
790 327 13 20 å
824 326 74 21 landet
914 327 36 20 till

301 358 218 28 Häradsskrifvaren
544 360 38 20 och
602 361 7 19 i
624 360 49 21 stad
692 360 36 21 till
750 360 42 21 den
814 361 136 27 tjensteman,

299 399 45 15 som
367 393 128 21 verkställer
517 394 120 28 debitering
659 394 30 27 af
705 394 141 25 kronomedel,
857 394 42 27 för
917 396 33 19 att

300 426 30 28 af
340 427 78 21 honom
432 427 37 21 vid
491 428 108 28 afgiftens
621 428 119 28 debitering
764 428 107 28 begagnas
894 431 56 18 samt

300 461 153 27 nästföljande
478 462 26 20 år
529 461 72 22 hållas
628 462 158 21 vederbörande
813 462 137 28 bevillnings-

301 495 39 21 och
351 496 201 28 pröfningskomité
566 496 35 21 till
616 496 134 28 upplysning
766 496 116 21 tillhanda.

562 564 83 26 Kapitlet
659 565 33 20 HI,

332 620 168 28 Debitering,
523 620 132 28 uppbörd,
680 620 165 28 afkortning
868 621 47 21 och

404 660 176 28 redovisning
605 660 34 27 af
660 660 181 28 bevillnings-

539 700 171 27 afgifterna.

591 756 14 27 $
619 757 34 20 30.

371 796 72 20 Sedan
471 796 250 28 bevillmingslängderna
743 796 58 27 från
820 795 129 29 pröfnings-

300 829 132 21 komitlerna
457 829 88 21 kommit
570 830 158 20 vederbörande
754 831 127 26 tjensteman
903 830 46 20 till-

302 863 80 25 handa,
404 863 51 21 böra
474 863 121 28 afgijterne
610 864 9 20 i
633 863 177 28 uppdördsboken
825 863 124 28 uppdebite-

302 904 36 14 ras
354 897 39 20 och
412 897 39 20 den
475 897 75 27 hvarje
573 897 215 28 bevillningsskyldig
799 897 101 27 päförda
915 898 33 19 in-

301 931 186 27 komstbevillning
510 933 108 26 upptagas
633 931 9 20 i
656 931 55 20 hans
721 930 41 28 för
777 937 82 15 samma
874 932 26 19 är
915 934 33 18 ut-

299 965 96 26 färdade
410 965 123 21 debetsedel.

593 1028 14 27 $
622 1029 34 19 31.

368 1067 87 27 Aflider
471 1067 215 28 bevillningsskyldig
696 1067 53 27 före
765 1067 41 20 den
819 1068 12 19 1
843 1067 49 20 Juli
914 1068 34 20 det

300 1102 33 24 är,
348 1101 42 27 för
412 1101 78 21 hvilket
513 1101 118 28 bevillming
652 1101 58 20 skall
732 1101 106 27 erläggas,
857 1100 91 28 päjöres

301 1135 76 21 honom
400 1135 44 20 icke
467 1135 207 28 bevillningsafgift,
690 1135 38 20 och
742 1135 36 20 mä
792 1135 64 27 förty
877 1135 71 21 sådan

300 1169 78 28 afgift,
401 1169 70 21 derest
493 1169 42 20 den
557 1169 36 20 det
616 1169 89 20 oaktadt
728 1169 73 27 blifvit
820 1169 74 20 honom
907 1170 41 26 pä-

296 1203 63 27 förd,
385 1204 33 19 uti
439 1203 173 27 räkenskaperne
634 1203 109 27 afkortas.
773 1202 49 21 Men
844 1203 105 27 inträfar

301 1237 121 28 dödsfallet
444 1237 56 27 efter
522 1237 41 21 den
586 1238 13 19 1
621 1237 55 24 Juli,
701 1238 87 26 utgöres
811 1236 137 29 bevillmings-

300 1271 72 28 afgift
383 1271 42 27 för
435 1271 59 27 fullt
509 1272 32 19 är.

368 1305 51 21 Har
434 1305 71 28 någon
520 1307 54 18 utan
589 1305 35 20 sin
639 1304 87 27 vetskap
742 1303 73 28 blifvit
826 1304 32 27 pä
873 1306 75 19 tvenne

300 1340 80 21 ställen
395 1339 31 27 af
437 1338 206 28 bevillningskomitö
658 1338 91 21 taxerad
764 1340 55 18 samt
823 1337 65 28 förty
902 1338 46 21 icke

300 1374 84 21 kunnat
400 1373 37 21 hos
453 1373 160 20 vederbörande
621 1372 200 27 pröfningskomitd
834 1371 52 21 söka
901 1374 47 19 vät-

301 1408 51 20 telse
372 1407 140 25 härutinnan,
529 1413 36 21 ege
581 1409 32 18 att
623 1406 41 27 för
680 1406 76 20 honom
776 1405 94 21 sälunda
890 1408 58 19 orätt

296 1441 88 28 päjörd
403 1441 116 27 bevillning
541 1440 53 21 söka
617 1440 122 20 vestitution
756 1440 7 19 i
778 1440 51 27 laga
844 1441 50 26 väg;
910 1439 38 21 och
