1078 1692
218 122 23 17 10

197 186 90 26 förorda,
311 188 29 18 att
363 186 162 26 ifrågavarande
547 186 105 20 allmänna
675 188 61 26 utgift
759 191 54 16 ännu
830 188 114 20 tillsvidare

198 220 64 20 borde
280 220 103 20 bestridas
400 227 22 12 ur
437 220 65 26 sagde
518 220 57 20 fond.
605 220 29 20 På
650 223 40 17 sätt
704 222 66 19 redan
786 222 6 18 i
809 222 35 19 det
855 222 21 19 af
885 222 59 20 Stän-

197 255 66 19 derna
279 254 33 20 vid
331 254 51 20 1867
400 254 33 19 års
450 254 100 26 landtdag
569 254 6 19 i
595 254 69 20 denna
686 255 60 26 fråga
768 256 80 26 afgifna
870 256 74 20 under-

198 288 78 26 däniga
299 295 47 13 svar
371 288 130 25 framhållits,
517 290 23 17 är
555 288 253 27 ingvarteringsbesväret
824 290 6 19 i
847 290 45 19 dess
909 297 35 12 nu-

197 322 93 20 varande
306 322 143 26 utsträckning
465 328 25 13 en
507 322 50 25 följd
578 322 23 19 af
622 322 39 20 den
685 322 68 20 finska
777 323 113 19 militärens
914 324 29 18 in-

197 357 103 25 dragning
324 356 22 19 är
366 356 58 25 1810,
448 356 96 19 hvarföre
564 356 35 19 det
613 356 48 20 icke
676 359 59 23 synts
752 363 48 13 vara
819 357 81 26 obilligt
916 359 29 17 att

197 390 162 25 militiefonden,
375 396 44 13 som
436 390 80 26 uppbär
531 390 107 20 rusthälls-
654 391 39 19 och
705 390 239 27 rotevakansafgifterne

198 427 54 17 samt
274 424 145 20 inkomsterna
442 424 44 19 frän
511 424 163 20 utarrenderade
690 425 184 26 militieboställen,
891 426 6 18 i
913 426 31 18 sin

198 458 47 20 män
262 458 120 26 öfvertager
397 458 25 19 de
439 458 68 20 ökade
522 458 304 27 ingvarteringskostnaderna.
843 459 40 19 Till
894 459 50 19 den-

198 499 26 13 na
240 492 50 20 fond
306 492 86 26 inflyter
410 498 56 14 mera
481 495 26 16 än
524 492 78 20 hälften
621 492 23 20 af
664 493 42 19 alla
721 493 5 19 i
743 493 72 19 landet
838 493 108 26 uppburna

195 527 131 26 jordskatter
342 526 58 26 eller,
412 526 65 26 enligt
494 526 49 20 1871
562 526 33 20 års
606 527 136 25 statsförslag,
754 527 110 25 2,650,320
880 526 65 26 mark,

198 563 56 18 emot
271 561 112 25 2,271,500
401 560 66 26 mark,
482 567 43 13 som
542 561 23 19 af
578 560 110 20 enahanda
706 561 79 19 skatter
807 561 50 27 ingä
879 561 6 19 i
908 561 36 19 all-

199 598 77 16 männä
292 594 137 26 statsfonden,
445 594 39 20 och
501 595 42 24 har,
561 594 63 20 sedan
641 594 40 20 den
698 597 70 17 senast
783 595 119 26 uppställda
915 595 30 19 in-

199 629 57 20 delta
279 629 77 19 militär
379 629 23 19 är
427 629 52 19 1868
503 628 106 26 upplöstes
638 629 162 19 militiefondens
824 628 122 27 behållning

199 663 65 19 under
281 663 50 19 åren
350 663 135 19 1868—1871
503 663 6 19 i
525 663 153 26 statsförslaget
694 663 105 26 upptagits
815 663 29 19 till
857 663 89 25 700,000

198 699 13 18 4
226 698 90 24 950,000
334 697 58 19 mark
408 697 88 26 årligen,
513 697 70 19 hvilka
602 697 135 26 besparingar
760 697 121 26 visserligen
906 699 39 17 tor-

199 731 25 20 de
241 731 63 19 hafva
326 731 103 19 användts
452 731 30 20 till
506 731 110 19 betalande
640 732 23 18 af
676 732 145 19 annuiteterna
837 731 30 19 för
883 730 26 20 de
924 731 22 19 är

200 766 53 20 1868
270 768 108 24 upptagna
390 765 143 27 jernvägslän,
551 772 46 13 men
614 766 123 19 hädanefter
755 765 63 20 blifva
829 764 118 27 disponibla

199 800 25 20 då
240 800 129 19 sistberörda
393 800 61 26 utgift
477 806 86 12 numera
586 800 41 18 kan
651 800 102 19 bestridas
780 800 46 19 med
852 800 25 19 de
900 799 45 20 från

200 834 184 19 bränvinsskatten
402 834 67 19 dertill
486 834 160 26 ursprungligen
662 834 101 19 anvisade
782 834 78 25 anslag.
885 834 62 19 Emot

199 867 133 20 förestående
357 867 153 26 framställning
534 867 58 20 torde
615 867 39 20 den
678 867 140 26 anmärkning
841 870 61 23 göras
918 870 30 17 att

199 903 29 18 uti
244 902 41 19 den
302 902 83 25 Nådiga
400 902 158 25 propositionen
575 901 89 26 uttalats,
681 902 35 19 det
733 901 162 20 militiefondens
907 902 39 19 till-

199 935 82 27 gångar
297 935 112 20 framdeles
425 935 64 20 måste
507 937 58 24 tagas
582 936 4 18 i
604 935 89 26 anspråk
718 936 30 19 till
771 935 175 20 försvarsverkets

200 970 6 19 i
222 969 71 20 landet
309 969 115 26 ordnande,
439 969 6 19 i
462 969 93 26 enlighet
571 969 48 20 med
634 969 56 20 Hans
706 969 118 26 Kejserliga
842 970 106 25 Majestäts

199 1004 29 19 uti
244 1003 111 20 skrifvelse
371 1003 30 20 till
418 1003 222 26 Generalguvernören
657 1003 23 20 af
692 1004 40 19 den
751 1004 25 19 12
791 1003 85 20 Januari
895 1005 47 18 1871

199 1038 73 20 derom
288 1038 125 19 meddelade
428 1037 82 27 Nådiga
525 1037 112 20 föreskrift.
671 1037 58 20 Dock
753 1044 44 13 som
821 1038 63 26 något
906 1039 40 19 för-

199 1073 45 26 slag
267 1072 90 19 rörande
381 1072 141 26 organisation
547 1072 22 19 af
590 1072 80 19 landets
690 1072 176 26 militärväsende,
882 1073 66 26 enligt

199 1107 58 19 Hans
280 1106 119 25 Kejserliga
423 1106 106 25 Majestäts
551 1105 82 27 Nådiga
649 1106 37 19 ord
703 1106 33 19 vid
754 1106 68 19 denna
838 1107 110 26 landtdags

200 1140 119 26 öppnande,
336 1139 47 20 icke
400 1140 118 26 förelägges
535 1139 153 20 nuförsamlade
705 1139 89 20 Ständer
809 1140 40 19 och
865 1141 83 19 militie-

200 1174 89 19 fondens
305 1173 116 20 inkomster
436 1173 82 20 således
535 1173 128 20 fortfarande
680 1173 66 20 måste
769 1173 68 20 lemna
860 1176 30 17 ett
912 1174 34 20 be-

200 1208 78 25 tydligt
300 1207 63 27 årligt
386 1207 122 25 öfverskott,
531 1207 23 20 så
577 1207 58 20 torde
660 1207 26 20 de
702 1207 30 20 till
752 1208 159 20 underlättande
927 1209 20 19 af

199 1241 235 27 ingvarteringstungan
467 1241 105 27 —behöfliga
598 1241 68 20 medel
695 1241 114 20 tillsvidare
833 1242 71 19 kunna
926 1243 23 19 så

201 1275 86 26 mycket
303 1275 72 20 heldre
392 1275 49 26 utgå
458 1282 22 12 ur
496 1275 92 26 änsagde
605 1275 56 26 fond,
677 1281 44 14 som
741 1282 25 13 en
791 1275 157 28 kapitalisering

200 1310 22 19 af
236 1310 48 19 dess
307 1309 93 20 intrader
423 1310 30 19 för
475 1309 127 20 kommande
625 1309 65 20 behof
703 1309 94 20 hvarken
813 1317 22 12 ur
854 1310 94 26 praktisk

200 1343 52 20 eller
268 1343 118 26 principiell
402 1343 107 26 synpunkt
525 1344 40 19 kan
583 1344 99 25 förordas,
699 1344 27 19 då
741 1343 63 20 sådan
829 1343 119 26 kapitalise-

201 1378 46 25 ring
263 1377 120 19 föranleder
399 1377 68 20 ökade
484 1377 214 26 bevillningsskatter.

269 1411 40 19 Väl
327 1411 35 19 har
379 1411 55 20 inom
452 1411 101 20 utskottet
573 1412 61 19 äfven
658 1412 69 20 blifvit
750 1412 114 25 ifrågasatt,
888 1412 60 20 huru-

201 1445 49 22 vida
265 1445 48 21 icke
329 1445 69 28 någon
415 1445 93 27 lindring
524 1445 70 20 kunde
610 1445 88 21 beredas
715 1446 25 20 de
757 1448 53 18 mest
830 1446 119 27 betungade
