1078 1692
224 129 34 17 148

237 234 69 19 deruti
329 234 92 24 utfästes,
444 233 94 20 karteras
563 233 44 19 lika
635 233 46 20 med
708 232 115 27 gåfvobref,

237 274 49 14 men
302 268 6 19 i
324 270 64 18 annat
404 268 34 19 fall
607 282 38 5 aon
677 282 4 4 W

215 300 115 28 Pantbref
340 302 94 20 karteras
450 302 43 19 lika
509 302 46 19 med
571 301 109 26 köpebref.

215 334 85 26 Revers,
316 342 22 14 se
354 336 143 26 förskrifning.

215 369 110 28 RBäkning,
349 377 43 13 som
416 370 32 20 för
471 370 89 20 domstol
583 370 51 19 eller
657 369 37 21 hos
721 369 102 21 exekutor

236 404 107 26 uppvisas,
359 404 94 20 karteras
468 403 31 20 till
514 403 44 20 lika
574 403 76 27 belopp
666 410 44 13 som
730 403 93 20 förskrif-

236 438 59 26 ning.

216 470 133 28 Skuldsedel,
366 479 22 13 se
404 472 143 26 förskrifning.

218 504 140 28 Testamente,
381 506 48 20 med
448 506 107 26 undantag
571 505 22 20 af
607 505 25 20 de
648 506 6 18 i
673 506 24 19 14
712 508 10 22 $
738 506 26 19 20
781 512 42 13 mo-

236 542 81 18 mentet
332 540 138 20 omförmälda
485 540 47 20 fall:

202 579 2 14 |
236 573 24 27 a)
276 574 12 19 &
305 574 102 26 egendom
424 574 46 19 med
487 574 37 19 full
541 573 122 27 eganderätt
679 573 39 19 och
735 573 25 20 dä
781 574 42 19 viss

202 598 2 8 |
264 614 81 14 summa
360 608 6 19 i
383 608 116 26 penningar
523 610 23 17 är
568 609 70 24 utsatt,
662 607 92 20 karteras
770 607 52 20 lika-

264 677 52 19 visst
332 676 63 20 värde
411 678 69 24 utsatt,
492 676 127 20 bestämmes
634 676 188 26 stämpelpapprets

264 710 77 26 belopp
364 710 54 20 efter
436 710 54 19 hvad
507 710 106 25 domaren,
629 710 47 19 med
695 710 99 19 afseende
810 710 12 19 å

264 744 41 19 den
322 743 175 20 testamenterade
513 743 143 25 egendomens
672 743 70 25 värde,
766 743 53 26 pröf-

263 784 38 14 var
316 778 83 26 skäligt,
414 777 54 20 ifrån
485 778 10 19 5
512 777 31 19 till
559 777 39 20 och
614 778 47 19 med
677 778 41 19 200
735 778 64 19 mark.

234 811 22 28 0)
272 812 12 20 &
300 812 104 26 egendom
419 812 66 20 under
501 812 73 19 endast
590 812 116 26 nyttjorätt,
723 812 98 26 belägges

263 846 104 20 likaledes
383 846 52 19 efter
451 845 111 20 domarens
579 845 98 26 pröfning
693 845 47 20 med
759 848 62 17 stäm-

263 881 115 26 pelpapper
394 879 44 20 frän
455 880 12 19 2
483 879 31 20 till
531 879 39 20 100
587 879 65 26 mark,
669 881 47 18 utan
740 879 80 20 afseen-

263 913 27 20 de
306 913 50 20 derä
371 919 34 13 om
421 912 51 19 visst
488 912 65 19 värde
569 912 5 19 i
591 912 118 26 penningar
722 915 23 16 är
756 914 63 18 utsatt

262 981 40 26 ligt
317 980 174 26 nästföregäende
508 980 67 25 punkt
590 986 19 14 a.

215 1013 134 28 Transport-
365 1014 51 20 eller
432 1013 181 20 öfverlätelsebref

236 1054 31 19 l:o
284 1053 12 20 &
311 1053 161 26 kronorusthäll,
487 1053 43 20 lika
546 1053 48 20 med
609 1053 109 26 köpebref.

232 1088 34 20 2:0
282 1088 13 19 &
310 1088 165 19 kronohemman
491 1088 39 19 och
546 1088 65 19 andra
630 1087 190 27 kronolägenheter

260 1122 24 19 af
297 1122 55 19 hvad
368 1128 60 13 namn
445 1121 26 20 de
487 1128 49 13 vara
552 1121 33 20 mä
601 1136 4 5 .

215 1155 65 21 Vexel
295 1156 43 19 lika
354 1155 46 20 med
417 1155 144 27 förskrifning.

209 1183 222 33 Äktenskapsförord,
447 1189 27 20 då
490 1189 40 20 viss
547 1195 80 14 summa
642 1189 6 19 i
664 1190 118 26 penningar
797 1193 22 16 är

231 1259 65 18 annat
312 1257 35 19 fall

832 633 2 8 |

265 648 45 14 som
326 642 121 27 gälvobref;
471 648 47 14 men
541 644 22 17 är
583 648 19 20 ej
619 648 41 13 viss
676 648 80 14 summa
772 642 62 19 eller
825 638 12 35 i

263 947 51 20 eller
330 946 54 20 icke.
415 946 58 19 Dock
489 945 94 20 karteras
599 945 179 21 fideikomissbref
785 944 47 22 en-
821 940 13 35 |

233 1224 102 25 bestämd,
359 1223 94 20 karteras
476 1223 44 20 lika
543 1223 45 20 med
612 1223 116 26 gäfvobref,
749 1230 46 13 men
811 1224 19 22 i!

268 1296 33 20 Då
324 1297 26 19 de
370 1296 65 19 under
455 1294 53 21 Litt.
529 1294 28 21 A.
580 1295 136 26 uppräknade
739 1297 149 27 afhandlingar
910 1299 39 20 och

948 1217 2 16 |

882 1265 11 13 K]

199 1331 86 19 skrifter
305 1330 35 19 vid
363 1329 87 20 domstol
478 1329 52 20 eller
556 1329 207 27 embetsmyndighet
788 1332 83 25 företes,
896 1332 53 20 skall

198 1365 46 18 frän
262 1365 40 19 den
326 1363 156 26 stämpelafgilt,
506 1363 86 20 hvilken
612 1363 73 26 dylika
704 1364 84 20 skrifter
811 1365 72 20 dervid
906 1369 42 22 äro,

197 1399 68 26 enligt
281 1398 185 19 bestämmelserna
482 1397 65 20 under
562 1397 53 20 Litt.
631 1397 33 26 B.,
676 1398 162 27 underkastade,
850 1400 98 21 afräknas

198 1433 36 20 det
249 1432 84 26 belopp,
350 1432 81 19 hvartill
447 1432 39 19 den
504 1432 33 19 vid
555 1432 133 19 utfärdandet
705 1432 122 27 begagnade
844 1435 102 26 stämpeln

198 1467 86 26 uppgär.
