1078 1692
216 128 34 18 612

264 190 45 21 tion
330 190 8 20 i
356 189 74 28 öfriga
453 189 133 27 tillämpliga
609 189 62 21 delar
688 188 147 28 fortfarande
856 188 94 22 kommer

264 226 33 19 att
312 224 68 21 lända
396 224 35 21 till
446 223 151 27 efterrättelse.

263 270 139 26 Helsingfors,
419 270 41 20 den
476 270 11 18 7
504 269 50 21 Juni
572 269 60 20 1872.

415 424 109 20 Finlands
549 424 114 20 Stånders
689 423 159 26 underdåniga
871 422 76 21 skrif-

329 458 63 20 velse
420 458 6 20 i
449 458 103 26 anledning
575 458 22 20 af
617 458 57 20 väckt
692 457 56 27 fråga
772 464 29 13 om
823 457 81 26 ändring
927 457 22 20 af

331 498 55 14 mom.
409 492 30 27 m)
461 492 22 20 af
503 492 70 26 Nådiga
594 492 137 26 kungörelsen,
752 491 97 26 angående
872 492 36 20 den
928 492 22 20 af

330 526 107 21 Ständerna
457 528 82 24 antagna
557 526 119 20 instruktion
694 526 31 20 för
747 526 115 20 Ständernas
884 526 61 20 Bank-

330 560 127 26 fullmäktige,
473 560 21 20 af
507 560 37 21 den
559 561 12 19 9
587 560 103 21 December
706 558 53 22 1867.

193 635 209 25 Stormäktigste,
417 634 195 27 Allernådigste
628 634 103 26 Kejsare
746 632 40 22 och
799 633 145 21 Storfurste!

261 710 42 20 Vid
312 709 159 26 behandlingen
480 708 22 20 af
509 708 35 20 det
552 708 45 20 utaf
606 708 128 20 Ständernas
746 708 198 26 Bankfullmäktige,

189 743 86 27 jemlikt
297 743 129 20 föreskrift
425 738 12 36 i
443 743 40 19 den
506 749 76 19 genom
606 742 68 27 Nädig
694 742 126 26 kungörelse
839 742 22 20 af
875 742 39 20 den
931 743 11 19 9

191 778 118 22 Decembex
322 778 51 19 1867
390 777 32 19 för
437 776 47 20 dem
501 776 110 20 utfärdade
627 776 134 26 instruktion,
772 776 116 26 uppgjorda
903 776 40 20 för-

191 812 45 26 slag
255 812 32 19 till
305 811 138 27 Reglemente
464 810 31 20 för
513 810 102 20 Finlands
634 810 67 26 Bank,
721 810 81 20 hvilket
820 810 123 25 Ständerna,

191 845 76 20 sädant
289 845 36 20 det
347 845 23 20 af
391 845 47 19 dem
462 844 99 27 antagits,
581 844 30 19 uti
634 843 133 27 underdänig
790 844 110 20 skrifvelse
922 845 24 18 af

191 880 71 20 denna
277 879 41 26 dag
334 879 140 20 öfverlemnat
489 879 31 19 till
539 878 84 20 Eders
639 878 149 26 Kejserliga
808 879 134 25 Majestäts

191 913 84 26 Nädiga
297 913 100 26 pröfning
421 913 39 20 och
484 912 139 26 stadfästelse,
647 913 37 19 har
704 912 60 27 fråga
779 912 72 20 väckts
865 913 76 25 jemväl

191 954 34 13 om
248 947 90 26 ändring
356 947 24 20 af
398 947 54 20 hvad
469 947 6 19 i
491 953 62 13 mom.
573 946 30 28 m)
619 947 24 19 af
656 946 142 27 nyssberörda
815 946 125 20 instruktion

190 981 84 26 stadgas
290 981 111 26 angäende
417 981 88 20 arvodet
519 981 32 20 för
569 981 139 26 Fullmäktigs
727 981 118 26 suppleant,
861 981 82 20 hvilket

190 1015 119 26 stadgande
324 1017 80 17 ansetts
420 1015 103 20 innebära
539 1015 58 20 säväl
613 1015 145 26 oegentlighet
768 1021 44 14 som
824 1015 118 26 obillighet,

189 1049 6 19 i
212 1049 36 20 det
263 1049 13 20 &
291 1055 40 14 ena
346 1049 61 20 sidan
427 1049 37 19 här
484 1049 27 26 pä
529 1051 59 18 orten
606 1049 68 20 bosatt
698 1049 118 26 suppleant,
839 1055 43 14 som
900 1052 39 17 trä-

190 1083 36 20 der
249 1083 7 19 i
274 1083 194 26 Bankfullmäktigs
488 1083 67 26 ställe,
579 1083 80 26 uppbär
682 1083 76 20 endast
779 1083 79 20 femton
882 1084 57 19 mark

189 1117 32 20 för
244 1117 74 26 hvarje
340 1117 153 26 tjenstgörings
517 1117 47 26 dag,
580 1117 63 20 äfven
658 1123 34 14 om
709 1117 41 20 han
766 1117 108 26 supplerar
886 1118 53 19 Full-

190 1151 81 26 mäktig
295 1151 66 20 under
383 1151 51 20 flere
458 1151 110 20 mänaders
587 1151 37 25 tid,
641 1151 31 20 till
687 1151 51 26 följd
755 1151 74 20 hvaraf
843 1152 51 19 hans
910 1159 30 13 er-

188 1185 94 26 sättning
298 1185 6 19 i
320 1185 119 26 vanligaste
458 1185 36 20 fall
513 1185 85 20 komme
614 1187 30 18 att
660 1187 74 23 utgöra
750 1185 52 20 blott
817 1192 25 13 en
860 1186 80 19 mindre

189 1219 34 20 del
242 1219 24 20 af
282 1219 36 20 det
338 1219 85 26 arvode,
442 1226 45 13 som
507 1219 41 20 den
564 1219 48 20 icke
627 1220 158 26 tjenstgörande
800 1219 140 27 Fullmäktige

189 1253 65 20 under
278 1253 57 20 tiden
358 1253 99 26 ätnjuter,
473 1253 115 26 hvaremot,
605 1253 12 20 &
632 1253 66 20 andra
720 1253 66 26 sidan,
802 1253 44 20 frän
870 1260 68 13 annan

188 1289 32 18 ort
235 1287 95 20 inkallad
354 1287 113 26 suppleant
489 1294 50 19 eger
561 1287 95 26 uppbära
676 1290 30 17 ett
721 1287 182 27 dagtraktamente
919 1289 23 19 af

188 1322 58 25 tjugu
263 1321 59 20 mark
339 1321 31 19 för
386 1321 73 26 hvarje
475 1321 41 26 dag
532 1321 40 20 han
589 1321 37 20 här
645 1322 65 19 vistas
729 1322 38 19 och
784 1322 82 20 säledes
882 1323 57 19 kom-

187 1362 45 13 mer
247 1357 37 23 att,
301 1355 6 19 i
324 1357 86 17 motsats
426 1355 31 20 till
476 1355 35 20 det
531 1355 62 20 ofvan
614 1355 112 26 påpekade
741 1355 147 26 förhållandet,
904 1357 34 19 vid

187 1395 26 13 en
233 1389 74 26 längre
327 1389 183 26 tjenstgöringstid
535 1389 109 20 härstädes
662 1390 23 19 af
702 1390 105 19 ordinarie
831 1390 107 20 Bankfull-

186 1422 81 27 mäktig
283 1422 81 27 ätnjuta
383 1425 66 18 större
473 1423 116 26 ersättning
609 1426 26 17 än
651 1424 81 19 dennes
747 1424 77 19 arvode
840 1424 31 19 för
887 1427 51 17 mot-

186 1457 104 20 svarande
306 1457 29 20 tid
351 1459 68 24 utgör,
819 1463 2 3 i
