1078 1692
810 127 33 17 179

216 186 115 32 grundade
351 189 195 28 brandstodsbolag
565 188 38 22 och
615 188 140 28 föreningar,
771 190 95 27 sjöassu-

217 224 217 28 ransföreningarne,
451 236 8 2 -
474 236 8 2 -
497 235 11 3 -
524 223 35 21 till
575 223 48 21 dem
639 223 111 27 utfärdas.

190 266 41 19 Vid
252 266 69 19 denna
338 264 68 27 punkt
425 264 49 20 ville
494 264 100 20 utskottet
612 264 106 20 dessutom
737 264 77 20 föreslå
830 265 37 19 föl-

113 300 66 26 jande
195 300 83 26 tillägg:

272 338 52 22 dock
339 339 71 27 gäller
425 338 72 21 denna
516 338 97 27 befrielse
628 338 44 20 icke
682 340 40 25 för
738 338 61 28 köpe-
816 338 52 21 eller

218 374 60 20 salu-
293 375 56 19 samt
365 373 68 27 bytes-
448 372 38 21 och
500 371 117 29 gåfvobref
629 373 13 20 å
652 371 50 28 fast
718 372 106 28 egendom.

118 414 81 20 hvilket
215 414 115 26 stadgande
346 413 103 20 utskottet
467 415 68 17 ansett
551 412 127 20 motiveradt
693 412 65 26 deraf,
774 415 30 17 att
819 412 26 20 de
861 413 6 19 i

118 448 58 20 detta
191 450 93 18 moment
299 447 136 27 uppräknade
457 447 51 20 verk
529 447 38 20 och
591 446 146 27 inrättningar,
754 446 26 20 dä
796 446 71 26 fastig-

118 483 36 19 het
168 482 27 26 pä
211 482 87 20 nämndt
313 483 40 18 sätt
368 481 31 19 till
416 481 47 20 dem
479 481 104 26 öfvergär,
599 480 48 20 icke
663 487 63 19 synas
743 480 50 21 böra
807 481 59 25 njuta

118 518 67 18 större
201 516 104 20 förmäner
320 518 26 17 än
363 515 82 20 enskild
461 522 84 19 person.

196 550 40 21 Till
253 550 50 26 följd
320 550 23 20 af
356 550 111 19 utskottets
481 549 99 27 yttrande
603 549 89 20 rörande
716 549 40 20 den
774 550 6 18 i
801 548 67 26 tredje

119 584 93 27 punkten
224 584 23 20 af
255 585 109 26 ingressen
381 584 31 20 till
428 584 40 19 den
483 583 84 27 Nädiga
580 584 157 25 propositionen
749 584 120 26 föreslagna

119 619 122 27 förändring
263 619 6 19 i
294 618 39 20 den
360 625 27 13 nu
410 618 97 26 gällande
530 617 340 27 stämpelpappersförordningen,

119 653 88 19 föreslås
229 655 30 17 att
273 653 7 19 i
295 652 71 20 stället
388 652 32 20 för
436 652 94 26 punkten
546 652 47 20 38:o
610 658 46 20 pag.
673 651 53 27 31!)
743 652 33 19 mä
791 652 78 19 införas

120 687 41 20 den
186 687 56 19 förra
270 686 163 26 författningens
462 686 117 26 stadgande
607 686 7 19 i
643 686 93 26 punkten
768 686 54 25 39:0,
849 686 22 19 sä

120 721 102 25 lydande:

257 761 54 20 38:0.
341 759 158 27 Ansökningar
514 759 37 21 och
570 758 80 26 besvär,
666 765 44 15 som
726 758 29 28 af
766 759 25 21 de
805 759 9 20 i
829 766 38 13 an-

222 794 143 28 märkningen
377 795 13 19 1
401 794 70 20 under
485 793 15 27 $
514 794 14 20 4
543 793 92 21 nämnde
644 800 105 20 personer
760 793 35 21 till
806 792 64 22 Hans

222 828 124 27 Kejserliga
372 827 103 27 Majestät
500 827 52 20 eller
575 826 93 21 Senaten
690 827 102 27 ingifvas,
815 829 56 18 samt

223 862 46 21 alla
292 861 109 21 derstädes
418 861 104 27 fallande
544 861 82 26 domar,
645 861 73 27 utslag
736 861 37 20 och
788 861 82 20 resolu-

224 897 68 20 tioner
308 896 35 21 till
358 896 58 21 desse
428 902 110 20 personer.

121 943 110 20 hvaremot
239 943 93 26 punkten
348 943 47 19 38:0
407 943 5 18 i
423 941 85 27 Nädiga
516 941 158 27 propositionen
684 941 87 20 sålunda
786 941 84 20 komme

121 979 31 18 att
167 977 65 20 under
248 977 47 19 39:0
310 977 86 19 införas.

190 1011 38 26 Då,
244 1011 67 26 enligt
326 1011 54 20 hvad
397 1011 37 19 här
453 1010 62 20 ofvan
531 1010 23 20 af
567 1010 101 20 utskottet
694 1010 124 27 föreslagits,
835 1009 35 20 ob-

121 1045 109 27 ligatorisk
247 1045 107 26 kartering
370 1045 23 20 af
406 1045 85 20 skrifter
506 1045 39 20 och
562 1044 148 27 afhandlingar
730 1044 89 20 emellan
836 1050 35 13 en-

123 1079 69 20 skilda
214 1086 100 19 personer
337 1079 48 20 icke
408 1079 84 20 komme
515 1081 30 17 att
563 1085 40 20 ega
618 1085 51 18 rum,
685 1078 60 27 följer
762 1079 65 24 deraf,
843 1080 29 17 att

122 1113 67 26 tredje
209 1114 39 19 och
268 1113 67 26 fjerde
355 1113 104 26 styckena
473 1113 6 19 i
495 1115 10 22 $
523 1113 24 20 19
565 1113 22 20 af
603 1113 82 26 Nådiga
707 1113 166 26 propositionen,

122 1148 109 19 äfvensom
248 1154 74 13 senare
338 1147 84 26 stycket
436 1147 6 19 i
459 1149 9 22 $
484 1147 27 20 22
527 1147 52 20 böra
593 1146 55 27 utgå.

191 1182 10 19 I
216 1181 64 27 öfrigt
295 1181 38 20 och
348 1182 66 25 jemte
430 1181 36 20 det
480 1181 102 20 utskottet
596 1182 69 19 ansett
680 1181 40 19 den
736 1187 43 20 nya
790 1180 80 20 förord-

123 1217 78 26 ningen
216 1217 7 18 i
239 1218 71 18 ämnet
326 1216 50 20 böra
391 1216 63 19 lända
472 1215 32 20 till
523 1215 138 20 efterrättelse
680 1215 54 20 ifrån
754 1215 39 20 den
813 1215 7 19 1
838 1214 34 20 Ja-

122 1251 60 19 nuari
200 1251 52 19 1873
268 1251 54 19 intill
338 1250 106 27 utgången
461 1250 23 20 af
497 1250 22 20 år
537 1251 60 25 1877,
614 1250 70 20 derest
702 1249 48 20 icke
766 1255 28 20 ny
811 1251 61 18 stäm-

123 1285 125 26 pelpappers
265 1285 116 26 bevillning
404 1284 135 20 derförinnan
560 1284 75 20 blifver
651 1284 22 19 af
686 1283 82 20 landets
785 1283 89 20 Ständer

124 1319 110 26 fastställd,
249 1319 32 19 får
297 1318 100 20 utskottet
412 1318 155 20 vördsammast
581 1318 118 26 hemställa,
709 1317 103 20 huruvida
825 1317 48 20 icke

123 1354 82 19 landets
228 1353 115 26 högloflige
366 1353 89 20 Ständer
478 1353 71 19 kunde
572 1352 73 20 bifalla
668 1352 30 19 till
714 1351 160 27 ifrågavarande

124 1387 138 27 proposition,
277 1387 49 20 med
342 1387 26 20 de
383 1387 114 26 ändringar
513 1387 102 20 utskottet
629 1387 35 19 här
680 1386 62 20 ofvan
759 1385 115 26 föreslagit.

195 1449 16 21 1)
224 1449 5 16 i
243 1448 62 18 denna
317 1449 36 17 bok
368 1449 33 17 sid.
415 1449 36 16 155.
