1078 1692
240 98 34 18 458

217 162 32 20 för
269 169 26 13 en
314 162 73 26 längre
406 161 99 26 tidsföljd,
524 160 84 26 fixeras,
627 164 51 16 enär
694 161 145 21 obestämdhet
855 162 51 20 eller
921 169 44 13 om-

217 196 107 26 bytlighet
342 196 6 20 i
368 196 57 20 detta
444 194 120 20 hänseende
583 197 59 17 snart
660 195 67 19 skulle
744 195 92 20 medföra
853 196 34 19 det
902 196 63 20 resul-

217 232 37 24 tat,
273 232 31 18 att
322 230 58 19 såväl
404 228 211 27 bankförvaltningen
636 228 50 26 sjelf
706 235 43 13 som
773 229 71 20 landet
860 230 70 20 kunde
946 231 22 19 af

218 264 116 20 bokslutets
356 264 68 19 siffror
439 263 119 20 vilseledas.
589 262 69 20 Också
674 263 74 25 finnas,
765 264 123 26 veterligen,
904 271 61 19 grun-

217 299 67 19 derna
303 298 31 20 för
355 298 83 19 bokslut
457 298 86 26 intagna
562 298 5 18 i
588 297 25 19 de
633 297 60 20 flesta
713 299 66 17 större
794 297 172 20 affärsinrättnin-

216 339 49 20 gars
282 332 90 25 stadgar.

216 405 42 20 Om
281 406 94 20 vården
395 405 27 19 af
437 405 119 19 Bankens
576 404 168 20 redbarheter
764 408 67 17 samt
849 406 116 19 redovis-

339 446 98 25 ningen
454 444 47 20 och
517 445 210 25 ansvarigheten
745 445 96 19 derför.

286 502 40 20 Det
349 502 101 19 nämndes
470 501 65 19 redan
556 501 100 19 härofvan
677 501 34 19 vid
732 502 24 19 97
777 504 16 22 $,
811 504 30 17 att
860 502 106 19 Utskottet

217 536 55 20 velat
291 536 54 20 ifrån
365 538 74 17 trenne
457 535 30 19 till
507 535 35 19 två
561 535 96 20 nedsätta
674 536 80 19 antalet
772 536 22 19 af
812 536 26 20 de
859 542 106 20 personer,

215 576 44 14 som
274 570 60 20 skola
347 569 180 21 omhänderhafva
542 569 115 26 nycklarne
674 569 30 19 till
720 569 98 20 Bankens
834 570 128 20 kassahvalf.

215 604 9 20 I
242 605 38 19 127
298 606 9 22 $
324 604 36 19 har
376 604 70 19 denna
461 603 54 26 åsigt
535 603 68 19 blifvit
619 603 87 20 sålunda
723 603 114 26 tillämpad,
853 605 30 18 att
898 604 65 19 sedan

215 638 40 20 den
272 638 94 26 lagfarne
378 637 242 20 Direktionsledamoten
638 637 139 26 undantagits,
792 638 25 19 de
833 644 80 13 samma
929 638 35 19 två

215 678 101 20 personer
335 678 43 13 som
401 670 138 27 Fullmäktige
559 671 69 20 dertill
648 671 31 19 för
695 671 63 27 öfrigt
775 672 113 26 föreslagit,
906 678 56 13 nem-

214 707 57 26 ligen
289 706 39 20 den
349 706 65 20 andre
432 706 119 19 ledamoten
567 706 6 18 i
589 705 138 20 Direktionen
744 706 40 19 och
800 706 70 19 Förste
887 705 74 19 Kassö-

215 747 35 13 ren
268 740 70 20 skulle
354 740 81 20 erhålla
449 740 161 26 ifrågavarande
627 740 100 26 uppdrag.
754 740 106 19 Utskottet
875 740 37 19 har
928 740 34 19 vid

215 774 136 20 förordandet
373 774 23 20 af
417 774 137 19 omförmälda
578 774 73 26 åtgärd
676 774 116 26 ingalunda
811 774 103 24 förbisett,
933 776 30 17 att

215 815 25 13 en
253 808 28 26 på
293 811 74 17 trenne
379 808 144 20 funktionärer
539 808 94 19 fördelad
649 807 49 20 vård
716 814 33 13 om
765 808 98 19 Bankens
880 808 84 20 redbar-

215 843 59 19 heter
296 842 40 19 kan
361 841 108 20 föranleda
491 848 25 13 en
539 841 100 20 inbördes
662 841 98 26 kontroll,
782 848 43 13 som
850 842 113 26 möjligtvis

214 877 68 19 skulle
304 876 144 19 åstadkomma
468 879 55 16 ännu
543 877 66 18 större
628 875 104 26 säkerhet,
753 879 26 16 än
796 875 26 20 då
837 876 61 19 dessa
913 876 48 26 dyr-

215 911 49 19 bara
280 910 113 26 tillgångar
408 913 35 16 äro
461 909 96 20 lemnade
568 910 6 19 i
586 909 73 20 endast
676 912 77 17 tvenne
770 916 109 19 personers
896 911 64 25 värjo.

213 943 48 22 Men
284 945 11 19 &
311 944 65 20 andra
391 944 58 19 sidan
467 944 65 19 måste
547 943 99 20 afseende
662 944 61 19 äfven
736 944 63 19 fästas
815 944 79 25 dervid,
910 946 30 17 att
956 945 5 18 i

213 978 101 20 händelse
325 981 31 16 tre
368 984 100 20 personer
479 978 59 19 skola
550 978 74 19 bindas
635 977 35 20 vid
682 977 167 21 öfvervakandet
859 979 22 19 af
891 978 69 20 kassa-

212 1013 101 25 hvalfvet,
325 1012 83 19 komme
422 1012 69 19 denna
505 1012 120 26 anordning
641 1011 50 20 eller
706 1011 162 21 öfvervarandet
883 1013 23 19 af
919 1013 42 19 alla

213 1046 156 26 insättningar
362 1041 12 35 i
383 1046 39 19 och
434 1045 133 27 uttagningar
583 1052 23 13 ur
622 1045 94 20 hvalfvet
731 1048 53 17 samt
796 1046 164 20 observerandet

212 1081 23 19 af
257 1081 42 19 alla
318 1081 62 19 dessa
402 1079 209 27 kassaförändringar
630 1080 6 19 i
652 1079 113 26 specialen,
782 1082 29 17 att
827 1080 95 20 medföra
937 1081 23 19 så

213 1115 77 26 många
305 1113 109 27 praktiska
429 1113 143 26 olägenheter,
587 1115 30 18 att
632 1113 61 20 dessa
708 1113 108 27 lätteligen
833 1114 69 20 kunde
918 1114 41 20 för-

212 1148 77 20 anleda
307 1148 30 19 till
355 1148 133 26 benägenhet
503 1148 39 19 och
559 1154 54 13 vana
628 1150 30 17 att
674 1147 90 27 kringgå
780 1148 128 20 densamma.
938 1148 21 20 I-

211 1183 115 26 synnerhet
343 1182 69 20 blefve
428 1182 165 26 olägenheterna
608 1181 100 27 känbara,
725 1188 33 13 om
774 1184 77 18 tvenne
867 1183 23 19 af
905 1183 53 20 Ban-

212 1217 52 19 kens
280 1218 31 18 tre
327 1216 122 19 Direktörer
469 1216 86 26 åläggas
575 1218 30 18 att
623 1222 90 13 ansvara
732 1216 32 19 för
782 1216 100 20 hvalfvet.
914 1216 45 20 Och

211 1252 29 18 att
256 1250 31 19 till
303 1250 67 25 tredje
381 1250 179 26 nyckelbevarare
573 1250 115 20 bestämma
699 1250 69 26 någon
784 1257 69 13 annan
869 1251 23 19 af
905 1251 53 20 Ban-

211 1284 52 20 kens
287 1285 132 25 tjenstemän,
439 1287 26 16 än
489 1284 40 20 den
553 1284 93 27 lagfarne
665 1284 133 26 Direktören,
819 1285 52 19 låter
890 1285 33 26 sig
939 1286 18 25 ej

211 1318 66 20 heller
292 1321 57 22 göra,
366 1318 26 19 då
407 1318 72 20 Förste
495 1318 139 20 Kamreraren
650 1318 107 20 allaredan
774 1318 80 27 åligger
869 1321 30 18 att
915 1325 43 14 om-

211 1352 145 20 händerhafva
378 1358 26 13 en
426 1352 76 26 nyckel
520 1352 31 21 till
567 1353 36 19 det
619 1352 63 26 hvalf,
698 1352 37 20 der
751 1353 206 20 säkerhetsndlin-

210 1393 66 20 garne
287 1386 99 24 förvaras,
397 1388 54 17 samt
462 1388 25 18 de
501 1393 68 20 yngre
585 1387 167 25 tjenstemännen
770 1387 44 20 deis
829 1387 47 20 icke
892 1387 66 26 lämp-

209 1421 56 26 ligen
277 1419 71 20 kunna
359 1420 80 20 erhålla
455 1422 30 18 ett
499 1420 23 20 så
537 1421 135 19 ansvarsfullt
687 1421 95 26 uppdrag
798 1427 43 13 som
858 1421 36 19 det
909 1421 48 19 ifrå-
