1078 1692
230 122 35 17 218

348 224 82 27 ningar
458 224 71 20 deruti
551 224 97 27 utfästes,
674 224 100 22 karteras
797 224 45 22 lika

348 258 48 20 med
410 257 117 28 gäfvobref,
543 264 48 14 men
605 258 9 20 i
628 260 69 19 annat
707 258 63 27 fall
762 253 13 37 .

316 290 137 25 Pantbref
463 293 97 19 karteras
576 292 45 20 lika
635 292 47 21 med
696 291 105 28 köpebref.

316 325 105 25 Revers,
437 332 22 14 se
469 324 159 29 förskrifning.

317 358 136 28 Räkning,
469 366 44 14 som
517 358 41 28 för
566 359 90 21 domstol
662 360 52 20 eller
722 359 38 21 hos
768 360 76 21 exeku-

350 395 34 19 tor
403 393 108 27 uppvisas,
530 392 99 22 karteras
648 393 35 21 till
702 393 45 21 lika
767 393 73 28 belopp

350 433 45 15 som
404 426 160 28 förskrifning.

319 460 170 26 Skuldsedel,
505 467 22 14 se
537 460 157 28 jörskrifning.

321 494 174 26 Testamente,
518 495 47 20 med
582 495 115 27 undantag
712 494 30 28 af
752 495 25 21 de
792 495 8 21 i
815 497 28 19 14

350 529 16 27 8
380 530 30 21 20
425 531 111 19 momentet
551 528 143 28 omförmälda
705 529 58 27 fall:

351 563 21 27 a)
388 563 14 20 &
416 563 100 27 egendom
538 563 47 21 med
595 562 48 28 full
664 563 127 27 eganderätt
805 563 39 21 och

394 597 29 20 dä
441 597 42 21 viss
503 603 82 15 summa
601 598 8 19 i
620 597 126 27 penningar
764 599 26 18 är
809 599 34 19 ut-

394 633 51 23 satt,
474 630 99 21 karteras
602 630 90 22 likasom
721 630 122 28 gåfvobref;

394 671 47 15 men
461 666 26 19 är
509 666 20 26 ej
550 665 42 21 viss
614 671 83 14 summa
720 665 52 20 eller
792 665 52 21 visst

394 698 65 21 värde
488 701 75 22 utsatt,
592 698 121 21 bestämmes
744 699 101 27 stämpel-

392 734 106 26 papprets
513 732 74 28 belopp
603 732 55 27 efter
668 732 56 21 hvad
736 732 107 26 domaren,

396 766 46 21 med
464 765 99 28 afseende
578 767 14 19 å
607 766 39 20 den
668 766 177 21 testamenterade

396 800 137 28 egendomens
556 800 70 26 värde,
645 800 94 27 pröfvar
757 800 86 27 skäligt,

396 834 62 27 ifrån
473 835 13 20 5
503 834 35 21 till
553 834 38 21 och
605 834 47 21 med
666 835 44 20 200
726 834 68 21 mark.

354 868 21 27 b)
391 868 14 20 &
420 868 100 27 egendom
543 868 68 21 under
634 867 75 22 endast
724 869 121 26 nyttjorätt,

397 901 96 28 belägges
520 901 101 22 likaledes
650 901 55 28 efter
734 902 113 21 domarens

392 935 109 28 pröfning
516 936 47 20 med
577 936 175 27 stämpelpapper
762 935 58 27 från
831 938 16 19 2

397 970 34 21 till
449 971 42 19 100
505 969 68 26 mark,
599 971 53 19 utan
674 969 99 27 afseende
795 969 52 21 derä

397 1010 33 14 om
448 1004 52 20 visst
517 1003 65 21 värde
602 1004 9 20 i
621 1003 127 28 penningar
766 1005 26 19 är
811 1005 36 19 ut-

396 1039 43 19 satt
461 1038 52 20 eller
534 1037 50 21 icke.
621 1037 59 21 Dock
700 1037 99 21 karteras
815 1037 33 27 fi-

397 1071 165 27 deikomissbref
579 1071 67 28 enligt
668 1071 179 27 nästföregäende

394 1105 72 28 punki
481 1112 18 14 a.

325 1139 162 28 Transport-
503 1139 52 21 eller
569 1138 192 28 öfverlätelsebref:

354 1175 34 20 1:o
404 1174 13 20 &
432 1173 169 25 kronorusthäll,
617 1173 44 20 lika
677 1173 47 20 med
738 1172 105 28 köpebref.

355 1209 35 20 2:0
406 1208 14 19 &
433 1207 166 21 kronohemman
619 1206 37 21 och
678 1207 72 20 andra
771 1206 91 34 krono-|

398 1241 122 27 lägenheter
539 1240 28 28 af
581 1240 56 21 hvad
659 1247 67 14 namn
748 1241 25 20 de
795 1247 67 21 vara;

329 1309 79 21 Vexel
422 1309 45 20 lika
482 1309 47 20 med
539 1307 159 28 förskrifning.

323 1338 279 31 Äktenskapsförord,
626 1343 28 20 dä
677 1343 41 20 viss
740 1349 83 14 summa
841 1343 21 22 i;

860 1272 2 8 i

861 1300 1 12 i

860 1324 2 16 U

356 1377 124 13 menningar
506 1379 27 18 är
559 1376 12 21 b

353 1390 120 15 penninga:

357 1411 47 21 med
418 1410 118 28 gäfvodref,
551 1417 48 14 men
613 1418 8 13 i
637 1412 69 19 annat
715 1410 64 27 fall.
