1078 1692
256 120 33 17 212

375 223 47 21 ladt
440 229 87 21 papper
545 222 58 27 fria,
620 223 68 27 enligt
710 223 7 27 $
733 224 27 19 14
776 229 90 15 momen-

375 259 29 19 tet
420 258 33 20 16.

327 396 2 17 |
374 400 45 14 nan
437 393 84 21 allmän
538 392 71 26 kassa,
622 395 42 19 när
678 393 120 27 pensionen
813 392 53 21 eller

374 428 141 20 understödet
538 427 129 28 öfverstiger
685 428 42 20 200
748 426 62 22 mark
825 426 41 28 för

374 462 54 26 året,
443 463 14 19 4
469 464 92 24 procent
576 460 29 28 af
617 462 47 20 dess
680 461 82 27 belopp.

341 495 221 28 Privilegiebref
575 495 38 21 och
629 495 236 25 tillständsresolution,

374 536 45 14 som
430 529 29 27 af
467 529 92 21 Senaten
570 530 53 20 eller
632 529 160 21 vederbörande
807 536 59 21 myn-

374 564 75 27 dighet
463 563 114 27 utfärdas:

347 598 32 20 1:o
396 598 35 20 till
446 598 139 26 anläggande
599 597 31 27 af
645 597 59 28 berg-
728 597 39 21 och
792 604 74 14 manu-

370 631 139 27 fakturverk,
525 630 80 28 fabrik
628 631 52 21 eller
703 638 75 14 annan
796 632 70 20 sådan

375 666 131 26 inrättning,
523 665 48 21 bok-
586 665 53 21 eller
652 665 149 28 stentryckeri,
817 665 49 21 bok-

375 698 86 26 handel,
485 698 86 22 böckers
594 698 38 21 och
655 699 125 27 tidningars
799 698 67 28 utgif-

374 732 77 24 vande,
467 733 47 20 med
529 732 114 28 undantag
658 732 29 28 af
698 733 53 25 dem,
766 739 44 14 som
826 732 41 21 här

374 766 122 27 nedanföre
507 768 131 25 omnämnas,
648 766 98 28 skrifves,
758 766 56 27 efter
825 773 41 14 om-

374 800 180 28 ständigheterna
569 800 39 20 och
623 800 173 28 anläggningens
815 801 51 20 eller

374 834 119 27 näringens
509 834 149 26 beskaffenhet,
670 834 14 20 ä
694 834 173 27 stämpelpapper

376 867 63 27 ifrän
454 869 28 20 30
497 867 62 21 mark
575 867 35 21 till
625 867 39 21 och
678 867 48 21 med
740 869 42 20 200
797 868 68 25 mark,

376 901 41 21 allt
432 901 102 27 eftersom
553 901 37 21 vid
607 901 75 27 hvarje
699 901 91 27 tillfälle
801 901 65 28 pröf-

375 942 44 14 vas.

346 970 34 21 2:0
396 969 35 20 till
446 969 126 20 inrättande
587 969 30 26 af
628 969 91 27 apothek
735 969 7 20 i
756 969 51 21 stad
825 985 5 4 .

375 1005 56 18 samt
444 1003 32 26 pä
491 1002 164 28 landsbyggden

346 1037 34 21 3:o
396 1037 36 20 till
447 1036 94 21 idkande
557 1036 30 27 af
597 1019 198 45 kontigenthandel

342 1070 182 21 Provisorsbref
569 1070 15 27 .

341 1104 116 27 Ritning
483 1104 35 21 till
542 1111 38 20 ny-
595 1104 53 21 eller
663 1081 143 55 tillbyggnad,
825 1086 5 5 s
821 1112 45 14 som

375 1138 31 27 af
426 1138 91 25 enskild,
534 1139 7 20 i
555 1138 102 27 afseende
682 1139 14 20 å
714 1139 151 27 fastställelse,

376 1172 36 21 till
426 1171 158 22 vederbörande
599 1172 117 21 auktoritet
732 1172 101 28 ingifves:

375 1206 36 20 till
430 1205 131 28 boningshus
579 1206 30 27 af
624 1208 46 19 sten
690 1206 30 27 af
726 1206 57 27 flere
797 1209 28 18 än
841 1214 25 13 en

417 1239 96 28 våning
505 1235 12 36 .

376 1273 36 20 till
426 1273 73 20 andra
515 1273 39 20 hus
565 1255 39 38 och
615 1255 131 46 byggnader,
754 1255 112 46 äfvensom

418 1307 35 20 till
464 1307 139 28 förändring
619 1307 29 26 af
659 1307 144 28 inredningen
815 1309 7 20 i
832 1309 34 20 så-

417 1341 36 20 väl
468 1343 56 18 sten-
539 1347 44 14 som
599 1341 92 20 trädhus

388 1377 73 12 inass,
489 1381 20 8 se
524 1381 51 8 mass.

383 1376 61 25 öpass,
486 1390 23 10 se
521 1381 60 20 pass.

401 1410 36 19 tte

444 1408 65 27 bref
521 1409 13 20 ä
549 1408 105 21 rusthäll.

416 1458 10 10 »
520 1442 13 20 å
549 1442 97 21 hemman

878 275 1 16 |

346 292 32 19 3:o
400 291 42 27 för
467 291 46 21 alla
538 290 75 28 öfriga
634 297 105 21 personer
763 290 31 28 af
809 290 57 39 hvad
877 312 2 11 |

374 331 66 14 namn
451 325 27 21 de
489 332 54 14 vara
553 325 35 21 mä
596 327 56 19 samt
667 324 69 21 ehvad
748 331 118 21 pensionen
878 341 1 12 |

374 359 65 27 utgär
454 366 28 13 ur
497 358 100 26 kronans,
609 359 71 27 nägon
692 359 62 20 stads
764 358 53 21 eller
827 365 39 14 an-
878 355 1 15 |

910 975 28 19 60

910 1008 28 20 20

910 1041 28 20 80
