1078 1692
219 119 33 18 182

198 182 123 27 behållning
336 183 7 19 i
359 182 103 26 sterbhus,
482 183 32 20 för
536 183 86 20 hvilken
642 183 109 27 kartering
770 184 108 20 erfordras.
912 184 38 20 Vid

198 224 20 2 see
224 216 72 10 hola
315 217 154 9 Ian
364 212 19 22 Son
393 212 31 22 uin
441 212 32 22 Jab
486 224 11 2 n
526 217 50 9 TEIN
595 224 16 3 un
618 224 29 3 na
718 218 25 9 A
780 218 35 9 n
822 219 27 8 Bn
864 219 30 8 Enin
912 219 36 9 Mann

198 230 100 7 rabrikon
314 230 157 14 lysningsscdo!
486 230 20 14 p.
525 230 52 15 15)
595 230 61 8 mom.
674 230 69 8 5-10
759 230 91 8 förordar
862 231 36 14 jag
910 231 41 7 don

198 251 122 27 förenkling
340 253 30 18 att
390 252 111 20 valörerne
527 253 2 18 1
552 252 35 20 mk
607 252 26 20 60
652 258 19 20 p.
692 252 40 20 och
754 253 6 19 1
784 252 35 20 mk
838 252 26 20 20
880 260 19 19 p.
916 252 36 20 be-

199 287 99 18 stämmas
320 285 31 20 till
375 287 2 18 1
397 286 34 20 mk
451 286 27 20 50
497 292 19 20 p.
536 286 112 26 hvardera,
666 286 38 20 och
724 288 30 18 att
776 286 69 27 lägsta
866 287 85 19 valören

199 320 26 19 80
242 326 19 19 p.
278 319 92 27 förhöjes
390 320 32 19 till
444 321 3 19 1
467 320 65 20 mark.
565 320 48 20 Alla
635 320 63 20 hafva
720 320 99 27 vanligen
843 321 40 26 god
906 320 45 26 räd,

199 353 26 20 dä
236 353 26 20 de
274 353 53 27 gifta
338 354 38 26 sig.
392 354 153 20 Bibehällande
556 354 23 20 af
587 354 82 26 Nädiga
679 354 171 26 propositionens
861 354 90 20 bestäm-

200 387 75 25 ningar
290 394 20 19 p.
327 386 54 30 21?)
398 388 55 20 rubr.
470 388 117 26 Certeparti
603 389 39 19 och
657 395 20 19 p.
695 388 26 20 23
733 388 18 24 3)
768 388 104 20 Kontrakt
888 394 62 14 mom.

202 423 8 18 1
229 422 123 26 tillstyrkes.
382 422 113 27 Tilläggen
511 423 7 19 i
534 422 62 20 slutet
616 423 23 19 af
655 422 59 20 2:dra
732 422 56 26 kap.,
804 429 62 13 mom.
883 423 11 19 3
912 422 38 20 och

199 456 12 20 4
226 456 22 20 af
264 458 10 22 $
291 456 33 26 19,
344 458 54 18 samt
418 463 75 13 senare
514 463 62 13 mom.
596 456 22 20 af
632 459 9 22 $
658 457 33 25 22,
708 456 72 20 hvilka
799 456 101 20 utskottet
915 463 36 13 an-

200 492 40 18 sett
259 490 51 20 böra
328 490 56 26 utgå,
405 490 122 26 bibehållas,
548 491 44 19 ifall
615 491 39 19 den
674 491 24 19 af
716 491 42 26 mig
778 491 110 20 förordade
910 491 41 19 för-

179 550 3 2 .
199 525 88 26 höjning
303 531 69 13 vunne
387 525 107 20 afseende.

267 559 63 20 Emot
346 560 36 20 det
397 560 23 20 af
433 560 102 20 utskottet
551 560 120 26 föreslagna
687 559 76 27 tillägg
779 560 31 19 till
826 561 9 23 $
849 560 24 19 14
889 566 63 13 mom.

201 594 31 25 15,
248 593 24 20 så
287 594 103 26 lydande:
407 594 68 20 ”dock
491 594 66 26 gäller
573 594 112 20 befrielsen
700 594 48 19 icke
759 594 65 26 köpe-
836 594 50 20 eller
898 594 54 20 salu-

201 627 65 27 bref”,
280 628 77 19 önskar
364 628 38 26 jag
412 628 63 20 insatt
490 628 93 26 följande
598 634 64 14 anm.:
682 628 73 20 ”Dock
764 628 67 26 gäller
841 628 111 20 befrielsen

200 662 47 20 icke
263 662 65 26 köpe-
340 662 52 20 eller
408 662 94 20 salubref
515 662 12 20 &
543 662 26 20 de
586 662 130 26 fastigheter,
730 668 43 14 som
786 662 31 20 för
829 662 60 20 dessa
900 662 51 19 verk

201 696 38 20 och
255 696 141 26 inrättningar
412 696 13 20 å
439 697 83 19 auction
542 697 103 26 inropas”.
675 696 38 20 Att
731 696 77 27 ålägga
823 696 26 20 de
864 696 7 19 i
887 696 64 26 sagde

201 737 61 13 mom.
280 731 137 25 uppräknade
439 731 140 26 inrättningar
603 730 113 26 ovilkorlig
731 730 124 26 skyldighet
870 732 30 18 att
916 730 34 19 be-

200 764 61 20 kosta
276 765 61 19 karta
352 765 31 19 till
399 765 42 19 alla
457 766 32 19 för
504 765 60 19 deras
580 764 90 27 räkning
689 764 118 26 uppgjorda
822 764 104 26 köpebref
941 764 13 19 å

200 799 106 26 fastighet,
322 799 42 19 kan
378 800 37 26 jag
430 799 48 20 icke
494 800 57 26 gilla,
568 801 48 18 utan
639 798 78 20 önskar
741 798 52 20 blott
812 798 104 20 häfvande
932 798 24 19 af

201 834 39 18 den
264 833 140 26 tvetydighet,
428 840 43 13 som
495 835 79 18 ansetts
597 833 57 26 ligga
670 833 6 18 i
692 832 58 19 detta
769 839 61 13 mom.
852 832 101 26 jemfördt

201 867 46 19 med
272 873 62 14 mom.
350 867 12 20 2
379 868 66 19 under
460 867 100 20 rubriken
581 867 62 26 köpe-
668 867 53 19 eller
742 866 97 25 salubref,
856 873 19 19 p.
891 867 33 19 24.
935 865 18 27 *)

201 901 8 19 I
226 901 52 26 följd
294 901 22 20 af
330 901 56 20 hvad
400 902 37 26 jag
452 901 109 20 ofvanföre
577 901 44 20 haft
637 904 48 17 äran
702 901 83 26 föreslä,
802 901 68 19 blefve
889 901 63 19 slutet

200 935 22 19 af
236 937 9 22 $
264 935 24 20 14
304 936 7 19 i
326 935 84 27 Nädiga
425 935 158 26 propositionen
597 935 79 26 jemväl
692 935 142 20 oförändradt.

268 969 10 20 I
294 969 70 20 denna
386 970 130 19 reservation
539 969 101 20 förenade
660 969 33 26 sig
712 969 54 19 Herr
781 969 23 19 C.
820 969 84 26 Linder,
920 968 32 20 sä-

202 1003 43 20 vidt
266 1003 39 20 den
329 1003 67 27 angär
420 1003 97 20 befrielse
541 1003 31 20 för
587 1003 26 20 de
629 1003 6 20 i
651 1005 9 22 $
678 1004 25 19 14
720 1009 62 14 mom.
798 1002 48 21 15:0
862 1003 90 26 uppräk-

202 1037 53 20 nade
271 1037 51 20 verk
339 1038 40 19 och
394 1038 140 26 inrättningar
551 1038 44 20 frän
612 1038 108 25 kartering
736 1037 23 20 af
773 1037 104 26 köpebref
888 1044 26 12 m.
926 1044 26 12 m.

304 1117 30 20 Af
347 1117 217 20 Landssekreteraren
583 1117 25 20 G.
624 1117 22 20 J.
661 1116 109 21 Masalin:

271 1169 71 20 Under
358 1169 65 20 första
437 1170 111 27 läsningen
564 1170 23 19 af
601 1169 155 20 ofvanberörda
777 1168 83 26 Nädiga
877 1174 75 20 propo-

201 1203 63 20 sition
276 1203 71 27 deltog
356 1205 51 25 jag
400 1198 13 37 i
420 1205 162 26 öfverläggning
598 1211 33 12 om
648 1203 64 20 bland
728 1205 64 17 annat
807 1202 67 26 tredje
891 1208 61 13 mom.

201 1237 22 19 af
237 1237 45 20 deri
298 1237 122 27 föreslagna
434 1239 121 26 ändringar,
571 1237 111 28 angdende
701 1235 154 28 upphäfvande
873 1235 29 27 af
913 1235 41 20 den

201 1271 99 27 lindring
316 1271 8 20 i
340 1271 37 20 och
392 1271 99 28 befrielse
506 1271 53 24 från
573 1271 186 27 stämpelpappers
775 1270 101 27 afgijten,
888 1269 65 20 hvar-

201 1311 34 14 om
250 1305 90 27 stadgas
355 1305 8 20 i
378 1306 15 26 $
408 1307 14 19 4
437 1312 57 14 anm.
510 1307 13 19 1
539 1305 38 21 och
591 1305 15 28 $
621 1307 28 19 14
664 1311 62 14 mom.
742 1305 27 20 39
784 1303 29 28 af
821 1303 134 27 nugällande

201 1339 167 27 kartasigillata
378 1339 143 28 förordning,
538 1341 39 19 och
593 1340 72 26 ansäg,
677 1339 89 20 likasom
783 1338 111 19 utskottets
909 1338 45 26 plu-

203 1374 69 19 ralitet
288 1373 35 20 vid
340 1374 97 25 tillfället,
454 1376 29 18 att
499 1375 117 26 ändringen
641 1373 64 20 borde
728 1373 68 20 såsom
820 1372 72 18 rättvis
914 1372 40 19 och

272 1430 18 21 1)
303 1430 6 16 i
322 1429 62 18 denna
395 1429 37 18 bok
446 1430 33 17 sid.
494 1430 37 18 136.
557 1430 17 22 2)
587 1431 5 16 i
606 1429 60 18 denna
679 1429 38 17 bok
730 1429 32 17 sid.
777 1428 37 18 144.
843 1428 36 23 %)i
893 1427 61 18 denna

203 1452 37 17 bok
254 1452 32 17 sid.
302 1452 37 18 146,
363 1452 20 21 7)
396 1453 6 16 i
416 1453 61 17 denna
487 1453 37 17 bok
539 1453 34 17 sid.
587 1453 38 17 147.
