1078 1692
207 111 23 19 40

183 176 144 21 oförbättrade
350 174 60 20 skick
431 175 18 25 ej
466 174 53 20 varit
535 173 149 21 verkställbart
698 173 39 19 och
754 175 29 17 att
799 173 40 20 den
856 173 77 26 jemväl

184 211 54 20 efter
256 210 54 20 1870
326 209 32 20 års
373 208 80 26 ingång
468 208 99 26 gällande
582 208 159 26 Förordningen
754 207 110 26 angående
874 207 61 19 verk-

183 244 109 26 ställighet
308 243 22 19 af
344 242 136 20 frihetsstraff
491 242 20 20 af
517 242 111 20 enahanda
636 242 61 20 orsak
707 241 47 20 icke
775 241 66 20 heller
857 241 79 19 kunnat

185 280 86 24 bringas
288 277 30 20 till
334 276 131 26 efterlefnad,
488 277 37 19 har
541 276 80 20 Eders
641 276 151 26 Kejserliga
814 276 122 26 Majestät

186 314 28 19 uti
230 312 163 26 ifrågavarande
416 311 82 26 Nådiga
521 310 129 27 proposition
675 310 31 20 till
728 310 117 20 Ständerna
868 310 67 19 öfver-

184 348 81 19 lemnat
288 348 30 18 att
341 346 31 19 för
394 345 61 20 ofvan
483 345 93 26 antydda
600 344 64 20 behof
677 344 59 20 anslå
752 344 77 26 nödiga
845 344 91 19 medel
925 340 15 35 i

186 381 70 20 stället
279 380 31 20 för
334 380 54 24 dem,
412 386 43 13 som
475 379 88 19 sålunda
585 379 23 19 af
629 379 53 19 förut
697 378 69 20 dertill
782 378 99 20 anvisade
897 378 38 20 och

185 414 124 28 påräknade
329 414 112 26 tillgångar
460 414 18 25 ej
503 413 71 19 kunna
589 412 80 26 inflyta.

255 448 73 26 Enligt
350 448 127 19 Ständernas
502 447 67 19 beslut
593 447 32 19 vid
649 446 127 26 landtdagen
799 446 137 20 1863—1864

187 483 69 19 skulle
272 482 97 26 anslaget
384 482 32 19 för
432 482 135 26 fängelserna
583 481 50 27 utgå
649 481 46 20 med
716 481 89 25 600,000
827 480 57 20 mark
906 480 22 20 år

186 517 65 26 ligen,
276 516 86 20 hvilken
386 522 81 13 summa
489 518 48 17 utan
562 518 95 17 närmare
678 515 131 26 bestämning
826 522 33 12 om
875 517 63 17 sättet

188 551 31 19 för
235 551 49 19 dess
300 550 139 20 användande
455 550 111 20 anvisades
583 550 11 19 å
610 549 189 20 bränvinsskatten.
832 549 38 19 Vid
884 549 52 19 1867

187 586 34 19 års
237 584 108 26 landtdag,
362 584 26 20 då
404 584 57 20 detta
476 587 61 17 ämne
553 584 47 19 icke
617 584 98 19 särskildt
734 584 96 26 utgjorde
849 583 87 20 föremål

187 619 32 20 för
243 618 169 26 öfverläggning,
436 618 109 20 underläto
569 618 117 20 Ständerna
709 618 103 19 likaledes
835 620 29 17 att
882 620 56 24 yttra

188 653 31 26 sig
235 652 111 27 angående
369 652 173 20 beskatfenheten
566 653 24 19 af
610 652 25 20 de
654 652 107 25 reformer,
784 658 43 13 som
849 652 47 19 med
912 652 25 19 de

189 687 106 26 beviljade
320 686 82 20 medlen
424 686 65 20 borde
512 687 102 26 vidtagas.
645 686 44 20 Och
712 688 30 18 att
765 686 84 20 dömma
872 686 22 20 af
912 686 26 19 de

189 721 154 20 meddelanden
368 721 117 19 Ständerna
510 721 33 19 vid
567 721 70 19 denna
659 720 99 26 landtdag
773 720 37 20 fått
826 722 112 24 emottaga,

189 762 63 19 synes
272 755 69 26 nägon
358 754 135 27 omfattande
509 755 48 25 plan
573 755 31 19 för
620 754 116 20 ordnandet
751 755 23 19 af
787 754 70 20 denna
873 754 65 20 makt-

189 789 129 27 päliggande
348 789 156 26 angelägenhet
526 790 18 24 ej
569 789 66 19 heller
655 795 49 13 vara
720 789 12 19 &
754 789 114 26 styrelsens
894 789 44 19 sida

190 823 110 26 uppgjord.

259 857 9 19 I
284 856 139 21 betraktande
446 857 61 19 häraf
528 857 39 20 och
591 857 26 20 då
635 857 117 20 Ständerna
771 856 48 21 icke
840 857 43 20 haft
899 857 40 20 till-

190 891 57 26 gång
264 891 32 19 till
312 891 181 26 kostnadsförslag
508 891 32 20 för
555 891 26 20 de
597 898 42 19 nya
653 891 225 26 fängelsebyggnader,
895 897 43 14 som

192 926 47 19 med
262 925 37 20 det
322 925 77 20 äskade
420 925 95 26 anslaget
531 925 22 20 af
567 927 30 18 tre
614 925 96 26 miljoner
725 925 58 20 mark
800 925 65 20 under
882 928 58 17 nästa

191 959 152 26 femårsperiod
360 959 84 20 komme
460 961 29 18 att
505 959 104 26 uppföras,
627 960 61 19 hafva
703 959 117 20 Ständerna
836 959 65 20 funnit
914 959 26 20 de

191 995 77 18 största
284 993 130 26 svårigheter
430 996 57 17 möta
510 994 56 19 såväl
591 994 83 26 frågans
698 993 130 20 bedömande
844 994 6 19 i
870 994 70 25 detalj,

192 1034 44 13 som
258 1027 41 20 ock
315 1027 6 20 i
338 1027 114 20 allmänhet
475 1030 29 17 ett
526 1028 125 26 skyndsamt
675 1028 109 19 utförande
806 1029 23 18 af
849 1028 41 19 alla
914 1028 26 19 de

192 1062 202 26 byggnadsföretag,
410 1062 73 19 hvilka
497 1062 32 19 för
545 1069 25 13 en
587 1062 120 27 fullständig
723 1062 132 26 tillämpning
874 1063 22 18 af
906 1063 35 18 det

192 1103 42 19 nya
250 1096 164 26 straffsystemet
429 1096 70 20 kunde
515 1096 111 26 erfordras,
643 1097 116 25 hvarjemte
776 1096 122 26 Ständerna,
914 1096 27 26 på

192 1129 160 20 nedananförde
367 1129 53 26 skäl,
436 1132 69 17 ansett
520 1130 104 20 reformen
640 1133 55 16 ännu
712 1130 50 20 böra
778 1130 83 27 föregås
879 1130 23 19 af
915 1137 25 12 en

193 1170 111 20 noggrann
320 1163 106 27 pröfning.

261 1198 72 19 Ehuru
352 1198 35 19 det
407 1198 48 19 icke
471 1198 40 19 kan
528 1198 99 20 förnekas
644 1200 29 18 att
689 1205 46 12 man
753 1198 34 19 vid
804 1199 139 25 uppförandet

193 1233 23 19 af
230 1238 42 20 nya
288 1232 105 26 fängelser
410 1232 36 20 bör
461 1232 52 20 söka
529 1235 30 17 att
573 1233 7 18 i
597 1233 116 26 möjligaste
728 1233 63 19 måtto
803 1233 140 26 tillgodogöra

194 1267 32 26 sig
242 1266 27 19 de
290 1265 156 28 förbättringar,
467 1267 40 19 den
528 1267 101 20 moderna
644 1267 242 26 kriminalvetenskapen
904 1267 38 20 och

193 1300 145 19 arkitekturen
356 1302 56 18 velat
426 1301 69 19 införa
510 1301 35 19 vid
561 1301 74 26 dylika
649 1301 145 26 inrättningar,
810 1301 54 19 helst
882 1301 62 20 dessa

194 1337 36 16 äro
253 1334 88 19 afsedda
363 1336 29 18 att
416 1334 107 27 begagnas
547 1335 64 20 under
637 1341 25 13 en
679 1335 72 26 längre
767 1335 90 25 framtid,
879 1335 64 20 måste

194 1368 65 19 likväl
274 1368 7 19 i
298 1367 46 20 vårt
358 1368 49 20 land
424 1370 59 25 tagas
498 1369 82 26 hänsyn
597 1369 30 19 till
640 1369 76 26 många
726 1369 154 25 förhållanden,
892 1369 51 19 hvil-

194 1402 28 20 ka
244 1402 74 19 härvid
345 1402 92 27 påbjuda
460 1405 29 18 ett
510 1405 91 18 varsamt
619 1403 120 20 förfarande
758 1403 38 20 och
813 1403 83 20 derföre
912 1409 32 14 er-

195 1436 71 20 fordra
290 1438 30 17 att
342 1443 123 20 noggranna
489 1437 181 26 undersökningar
694 1438 102 25 vidtagas,
812 1437 63 20 innan
896 1444 46 13 man
