1078 1692
221 128 35 17 222

592 189 12 20 4
619 189 45 27 Kap.

362 252 42 20 Om
420 251 125 28 befrielse
564 251 69 27 från
652 251 245 27 stämpelpappers-

566 290 130 28 afgiften.

597 359 15 27 $
627 360 34 20 14.

372 398 68 28 Ifrån
455 398 58 21 hvad
528 398 112 28 angående
660 397 243 28 stämpelpappersbruk
922 397 32 28 of

304 432 92 28 vanföre
406 432 145 28 föreskrifvet
565 433 32 24 är,
613 432 146 27 undantagas.

374 468 39 20 1:o.
443 466 48 21 Allt
507 466 57 21 hoad
581 466 95 20 rörande
691 465 85 21 kronan
792 466 38 20 och
846 466 47 20 dess
908 468 46 18 rätt

305 501 36 21 vid
356 500 126 26 domstolar,
496 499 128 21 embetsverk
640 499 38 21 och
693 500 150 27 myndigheter
859 499 95 28 afhand-

307 535 33 21 las
364 536 56 19 samt
445 534 102 26 derifrån
570 533 110 27 utfärdas.
714 528 34 26 Är
766 534 87 20 enskild
873 540 81 21 person

303 570 54 26 part
372 568 14 20 å
401 568 80 20 endera
496 568 72 24 sidan,
591 566 81 22 brukas
682 566 44 28 för
740 568 48 20 dess
804 568 35 20 del
853 568 101 26 stämpel-

303 608 86 21 papper
404 602 69 20 såsom
484 601 41 27 för
540 600 75 28 hvarje
621 600 47 28 fall
681 600 107 22 särskildt
803 602 104 27 stadgadt
922 604 33 18 är.

307 635 105 21 Kronans
427 634 38 22 och
481 635 112 21 allmänna
614 635 162 27 inrättningars
791 638 56 18 samt
862 635 94 21 kommu-

306 676 50 14 ners
372 669 109 27 exemplar
497 668 29 28 af
539 668 133 25 kontrakter,
684 668 30 27 af
725 668 57 21 hvad
797 670 48 27 slag
861 670 26 20 de
902 676 54 14 vara

307 704 42 24 må,
364 705 40 19 äro
415 703 83 27 jemväl
511 702 58 27 från
586 702 160 28 stämpelafgift
759 702 135 28 frikallade;
909 710 47 14 men

308 736 101 22 enskiltes
434 736 110 27 exemplar
569 736 30 27 af
619 736 127 21 kontrakter
774 743 32 14 om
835 737 121 21 leveranser

308 771 53 21 eller
376 773 68 18 annat
459 770 110 28 åtagande
580 770 40 27 för
635 770 95 21 kronans
752 770 53 21 eller
825 771 83 21 allmän
923 772 33 20 in-

308 805 111 27 rättnings
442 804 67 27 behof
527 806 116 25 upprättas
661 804 13 20 å
689 804 119 27 stämpladt
819 811 87 21 papper
921 805 35 21 till

309 839 34 20 det
359 838 82 27 belopp,
449 845 45 14 som
504 838 41 27 för
560 837 158 21 embetsverkets
731 838 147 27 expeditioner
892 839 9 20 i
916 839 41 20 all-

308 872 88 22 mänhet
411 873 26 20 är
447 871 126 28 faststäldt.

377 908 42 20 2:0.
449 905 143 25 Domstolars,
612 905 92 27 publika
726 905 61 21 verks
809 908 56 18 samt
884 906 72 21 andra

310 941 113 20 allmänna
451 939 169 28 inrättningars,
643 938 115 27 stiftelsers
780 939 38 21 och
841 939 116 28 samfunds

310 973 153 28 inneliggande
492 973 141 27 handlingar,
661 973 140 26 protokoller,
827 973 130 26 domböcker,

310 1008 161 27 registraturer,
498 1007 89 25 diarier,
614 1006 153 28 räkenskaper,
788 1006 170 29 förteckningar

310 1041 48 22 med
372 1048 59 14 mera
447 1041 85 21 sådant.

378 1077 40 20 3:0.
448 1075 155 28 Regvisitioner
614 1074 38 21 och
661 1075 152 27 anordningar
817 1075 41 27 för
866 1075 93 21 allmän-

310 1117 29 14 na
355 1109 76 21 kassor
445 1111 56 19 samt
516 1108 148 27 uträkningar
679 1109 14 20 å
703 1109 114 27 upplupna
831 1111 79 18 räntor
925 1110 35 20 till

307 1143 93 28 publika
415 1143 84 26 fonder
512 1143 67 27 jemte
597 1143 124 24 reversaler,
740 1143 118 27 qvittanser
873 1143 38 20 och
927 1143 32 21 be-

310 1178 32 20 vis
358 1177 59 27 öfver
431 1177 33 20 dit
478 1176 80 28 gjorda
573 1175 167 28 inbetalningar.

379 1212 41 19 4:0.
449 1210 141 21 Debetsedlar
605 1210 14 20 å
634 1209 85 26 krono-,
734 1211 71 20 stads-
828 1210 38 21 och
888 1211 72 20 andra

312 1245 113 21 allmänna
455 1244 116 27 utskylder,
603 1243 122 28 räkningar
752 1244 13 20 &
788 1244 109 21 tullmede!
922 1244 38 21 och

312 1279 165 26 auktionsinrop
495 1277 48 21 med
560 1284 66 18 mera,
646 1279 56 18 samt
718 1277 118 28 gvittanser
852 1277 37 22 och
905 1278 56 21 bevis

312 1312 60 27 öfver
386 1312 163 27 inbetalningar
563 1312 9 20 i
587 1311 119 28 anledning
721 1311 70 26 deraf.

392 1347 40 20 5:0..
477 1345 209 28 Läneobligationer,
716 1345 189 27 depositionsbevis
922 1345 38 21 och

312 1379 217 28 skulafördindelser,
550 1379 118 27 utfärdade
687 1379 29 26 af
732 1378 76 27 finska
833 1381 64 19 stats-
923 1379 39 22 och

313 1413 155 22 militieverken
486 1415 56 19 samt
560 1413 109 20 Finlands
692 1412 56 21 bank
773 1412 38 21 och
837 1413 126 28 hypotheks-

314 1448 107 30 förening.
