1078 1692
825 104 34 17 565

266 167 21 27 b)
303 167 76 27 öfriga
394 166 95 25 skulder,
504 173 45 14 som
564 166 75 21 kunna
649 166 137 28 förefinnas;

266 202 22 26 e)
310 200 157 28 grundfonden
490 201 35 20 till
543 200 48 21 dess
614 200 9 21 i
644 202 14 19 3
678 201 15 27 $
716 200 110 21 bestämda
850 200 31 20 be-

198 236 62 26 lopp;
789 232 5 3 |

266 269 25 27 d)
306 268 158 28 reservfonden,
481 268 70 21 under
566 268 91 26 hvilken,
673 271 58 18 utom
752 269 36 21 det
806 268 74 28 belopp

199 304 41 20 den
256 304 67 26 enligt
338 304 14 20 3
366 303 15 27 $
396 302 38 21 bör
449 304 85 26 utgöra,
549 302 131 28 fastighets-
700 302 36 21 och
752 303 129 21 inventarie-

197 337 161 28 räkningarnes
372 343 95 15 summor
478 336 107 28 påföras;

266 372 20 26 e)
302 372 69 20 såsom
387 371 157 27 odisponerade
554 371 125 21 vinstmedel
694 374 108 25 upptagas
817 371 65 21 såda-

198 412 29 14 na
242 406 103 27 möjligen
360 405 138 21 innestående
515 404 119 28 öfverskott
648 404 30 28 af
684 405 135 27 föregående
834 406 48 20 års-

197 440 87 24 vinster,
300 439 88 21 kvarom
403 440 9 19 i
426 440 15 19 3
454 439 15 27 $
485 438 149 27 omförmäles;
648 441 56 19 samt
718 439 104 27 slutligen

261 473 26 28 f)
302 474 58 20 årets
374 474 64 20 vinst.

266 508 34 21 De
309 508 165 27 afskrifningar
489 510 56 19 samt
559 507 163 28 öfverföringar
736 508 69 21 under
821 508 61 21 osäk-

199 550 25 13 ra
236 542 146 28 fordringars
397 541 102 28 räkning,
516 542 89 20 hvartill
618 542 203 27 Bankfullmäktige
825 543 57 27 jem-

200 576 39 21 likt
261 577 29 20 57
307 576 36 21 och
360 576 28 21 75
402 576 31 27 $$
448 576 75 21 kunna
540 576 120 27 förordna,
679 575 96 28 påföras
798 576 84 21 årsvin-

199 613 46 18 sten
262 611 104 27 antingen
381 610 82 21 direkte
478 611 9 19 i
502 610 67 21 vinst-
584 610 37 21 och
631 610 209 28 förlusträkningen
855 611 27 20 el-

200 645 32 20 ler
245 652 75 20 genom
342 647 33 18 att
392 644 86 28 främst
496 644 109 28 afdragas
616 644 58 27 från
691 644 35 21 det
741 644 140 28 vinstbelopp,

200 679 95 21 rörelsen
306 678 41 28 för
362 679 47 20 året
424 679 87 20 lemnat.

200 759 44 21 Om
261 759 99 20 vården
379 759 27 19 af
422 758 125 21 Bankens
566 758 182 21 redbarheter
763 761 68 18 samt
847 766 34 13 re-

248 805 180 26 dovisningen
444 804 48 20 och
507 804 213 26 ansvarigheten
737 804 99 20 derför.

499 860 16 27 $
529 861 47 20 108.

268 901 66 21 Hvad
356 900 108 21 Finlands
486 900 65 21 Bank
573 907 49 21 eger
640 900 8 21 i
662 900 55 27 guld
739 900 38 21 och
800 901 82 25 silfver,

200 935 100 28 myntadt
316 935 36 21 och
376 934 119 28 omyntadt,
511 934 151 28 kopparmynt,
678 934 80 26 sedlar,
773 933 110 29 statspap-

197 977 42 20 per
253 969 39 21 och
314 969 149 28 obligationer,
486 968 64 26 skall,
565 968 72 21 sävidt
652 969 34 20 det
702 968 44 21 icke
761 968 99 27 behöfves
874 970 9 19 i

201 1004 41 20 den
265 1003 89 28 dagliga
376 1003 97 20 rörelsen
496 1003 53 20 eller
563 1002 46 21 icke
619 1002 74 27 finnes
704 1003 33 26 pä
752 1009 76 14 annan
843 1005 40 23 ort,

196 1037 108 28 förvaras
328 1037 56 20 inom
406 1036 103 21 Bankens
532 1036 40 21 hus
591 1037 8 19 i
618 1035 117 28 brandfria
758 1036 131 27 kassahvalf

201 1071 39 21 och
255 1071 39 20 der
308 1070 128 27 uppställda
451 1070 54 27 skäp
522 1070 52 21 eller
589 1069 73 26 kistor,
669 1069 112 27 försedda,
793 1070 91 21 likasom

201 1105 111 27 hvalfvens
327 1105 86 24 dörrar,
424 1103 47 22 med
482 1103 58 22 olika
552 1104 39 25 läs,
607 1103 89 21 hvartill
706 1103 119 28 nycklarne
833 1104 52 27 för-

201 1139 60 21 delas
276 1139 91 20 emellan
386 1138 41 21 den
445 1138 94 21 ledamot
553 1138 10 20 i
577 1137 206 27 Bankdirektionen,
799 1138 86 21 hvilken

201 1173 79 21 sädant
298 1173 68 27 enligt
380 1173 29 20 80
422 1172 16 27 $
453 1171 136 26 tillkommer,
608 1171 38 21 och
668 1172 77 21 Förste
767 1172 117 21 Kassören.

201 1207 15 21 I
228 1207 63 21 dessa
313 1206 67 27 hvalf
397 1205 58 21 skall
478 1205 37 21 ock
537 1205 42 21 allt
601 1205 36 21 det
657 1206 61 27 gods,
732 1213 46 14 som
792 1205 93 22 Banken

200 1241 100 27 mottagit
315 1241 9 20 i
332 1239 88 28 förvar;
435 1239 112 21 nedsättas
563 1239 39 21 och
611 1239 112 28 förvaras.

270 1273 116 28 Angäende
408 1273 146 28 bevakningen
575 1273 30 26 af
623 1273 25 21 de
670 1275 56 26 yttre
748 1273 138 28 ingängarne

201 1309 35 20 till
252 1307 102 22 Bankens
369 1307 47 25 hus,
431 1314 50 21 eger
495 1307 203 21 Bankdirektionen
708 1307 91 28 vidtaga
814 1307 70 28 lämp-

201 1343 31 27 lig
248 1342 85 27 ätgärd.

505 1387 15 26 $
535 1387 48 22 109.

269 1427 46 20 För
336 1429 33 18 att
384 1426 75 21 kunna
483 1427 53 19 utan
552 1426 92 27 omgång
660 1425 84 28 besörja
761 1426 8 20 i
784 1426 102 22 Bankens
