1078 1692
207 112 35 17 550

257 176 42 19 när
314 173 77 21 honom
406 173 75 28 nödigt
496 179 70 21 synes,
581 174 84 19 utsätta
680 173 62 19 extra
757 170 183 25 sammanträden,

257 210 30 19 än
309 207 38 21 ock
369 207 111 28 uppbryta
502 207 46 20 alla
567 206 36 21 till
622 205 91 21 Banken
733 205 51 21 eller
799 204 143 21 Direktionen

256 242 84 21 ställda
356 241 53 27 bref
420 241 38 21 och
473 240 219 28 telegrafdepescher;

326 276 22 26 b)
364 276 58 20 tillse
444 278 33 18 att
498 274 153 22 Direktionens
667 274 111 27 protokoll
798 273 37 21 och
849 274 93 20 minnes-

258 310 40 21 bok
319 310 71 20 varda
409 310 33 26 på
461 309 106 27 stadgade
587 308 55 21 tider
652 308 121 28 justerade,
789 310 32 18 att
836 307 106 28 utgående

259 344 148 27 expeditioner
428 346 55 18 utan
505 343 106 27 dröjsmål
633 342 110 27 utfärdas,
762 345 57 18 samt
838 345 32 18 att
880 342 62 27 före-

259 378 92 27 skrifter
374 377 38 21 och
435 377 156 27 befallningar,
614 383 44 14 som
678 376 8 20 i
699 376 179 27 förekommande
894 376 49 27 fall

260 413 68 27 enligt
350 411 155 21 Direktionens
528 411 69 21 beslut
619 410 118 21 meddelats
757 411 127 27 tjenstemän
905 410 38 21 och

262 447 91 26 betjente
368 446 59 20 inom
441 445 75 24 verket,
533 444 113 28 behörigen
656 444 124 27 fullgöras;
923 446 17 13 e

330 480 20 26 ec)
366 479 55 21 vaka
437 478 103 28 deröfver,
556 481 33 18 att
599 478 102 21 Bankens
712 478 82 28 egande
804 478 81 21 inrikes
896 486 48 13 vex-

262 515 41 25 lar,
323 513 145 25 skuldsedlar,
480 515 81 25 panter
577 512 38 21 och
629 512 247 28 säkerhetshandlingar
890 515 54 18 utan

263 548 135 27 tidsutdrägt
413 547 111 21 nedsättas
539 547 8 19 i
563 546 101 21 Bankens
680 546 72 27 hvalf;

331 582 25 26 d)
367 581 103 27 förrätta
486 580 143 27 föreskrifna
651 581 163 27 inventeringar
833 581 30 26 af
876 580 68 21 hand-

262 616 107 20 kassorna
385 616 9 19 i
408 615 102 25 Banken;

332 650 21 26 e)
368 649 117 27 öfvervaka
501 649 166 27 tillverkningen
682 648 39 21 och
726 648 184 28 förfärdigandet
921 649 30 27 af

263 683 101 21 Bankens
380 683 84 25 sedlar;

328 717 26 27 f)
369 717 61 21 hålla
453 717 76 28 tillsyn
551 717 106 27 deröfver,
680 720 33 18 att
733 717 101 21 Bankens
853 717 40 21 hus
909 717 38 21 och

264 752 134 20 inventarier
420 751 30 27 af
468 752 47 20 alla
537 752 48 26 slag
604 752 36 20 väl
658 751 79 21 värdas
755 753 56 19 samt
825 751 123 21 ekonomien

265 786 47 20 med
327 785 99 21 omtanke
441 784 145 28 handhafves;
601 785 109 27 äfvensom

333 820 25 26 g)
378 819 107 21 särskildt
506 819 69 21 vårda
597 820 34 26 sig
650 826 33 14 om
700 819 100 21 Bankens
816 819 81 21 utrikes
913 820 35 26 af-

262 853 73 26 fJärer.

335 886 45 22 För
400 887 68 28 öfrigt
483 887 38 20 bör
537 887 153 26 Ordföranden
705 887 48 20 med
768 893 113 21 noggrann
897 894 53 20 upp-

266 921 146 21 märksamhet
430 921 60 28 följa
512 921 102 20 Bankens
635 921 128 27 tjenstemän
782 921 39 20 och
836 921 114 27 betjente
937 917 15 36 i

268 955 42 21 allt
331 955 64 21 deras
416 955 98 28 görande
534 955 38 21 och
592 955 87 21 lätande
694 955 8 20 i
717 955 101 21 Bankens
838 956 72 26 tjenst,
926 956 24 20 sä

268 992 34 18 att
316 989 25 21 de
353 990 33 26 pä
402 989 47 20 dem
465 989 156 21 ankommande
635 989 131 28 göromälen,
782 989 68 20 ehvad
860 989 25 20 de
896 989 56 28 älig-

268 1031 29 19 ga
313 1023 47 20 dem
380 1023 36 20 till
425 1023 65 27 följd
505 1023 30 27 af
541 1023 42 27 för
598 1023 46 20 dem
659 1023 120 27 utfärdade
795 1023 157 21 instruktioner

269 1058 53 19 eller
336 1057 32 27 pä
382 1057 75 27 grund
472 1057 29 27 af
511 1057 155 20 Direktionens
681 1057 111 20 särskilda
807 1057 46 20 dem
868 1057 84 21 medde-

270 1091 50 21 lade
335 1091 75 26 beslut,
425 1091 69 21 varda
507 1093 54 19 utan
572 1091 134 27 tidsutdrägt
716 1091 114 27 behörigen
841 1091 111 21 uträttade

270 1125 40 21 och
319 1125 138 28 fullgjorda.

339 1159 48 21 Den
410 1159 102 28 lagfarne
527 1159 128 20 "ledamoten
676 1159 9 20 i
704 1159 141 23 Direktionen
868 1160 85 27 åligger

272 1194 35 20 det
322 1194 48 20 åter
384 1195 44 18 att:

339 1228 25 26 a)
378 1227 52 26 föra
445 1227 111 21 memorial
570 1227 36 20 vid
616 1227 153 20 Direktionens
780 1227 174 21 sammanträden

271 1261 61 27 öfver
346 1261 25 20 de
386 1261 102 25 ärenden,
504 1265 44 16 30m
563 1261 52 20 böra
630 1261 9 20 i
650 1261 132 26 protokollet
796 1263 117 25 upptagas;

341 1295 22 26 b)
378 1295 57 26 efter
457 1295 118 20 verkställd
593 1294 141 28 granskning,
754 1294 85 27 afgifva
854 1295 102 27 yttrande

272 1329 113 27 angående
407 1329 92 20 Banken
521 1329 106 28 erbjudna
645 1328 161 27 inteckningars
826 1328 38 21 och
882 1328 73 28 öfriga

272 1363 258 27 säkerhetshandlingars
544 1362 112 28 giltighet;

342 1397 21 27 ce)
378 1391 171 32 öfvervaka'
512 1387 38 41 och
564 1397 49 20 leda
627 1397 125 27 göromälen
766 1396 8 20 i
789 1395 101 21 Bankens
903 1396 53 20 kan-

273 1432 39 25 sli;
327 1431 8 20 i
350 1430 80 22 hvilket
452 1431 101 27 afseende
572 1431 76 21 honom
667 1430 107 22 särskildt
794 1430 84 28 äligger
892 1430 64 26 tillse,
