1078 1692
820 116 33 18 165

127 180 26 26 på
169 180 97 20 anmälan
288 180 37 20 hos
341 180 137 20 Guvernören
495 180 6 19 i
517 180 64 24 länet,
597 180 100 26 antingen
714 180 45 19 från
775 180 101 20 ränteriet

126 214 44 19 utfä
184 214 96 26 lämpligt
296 214 76 26 belopp
388 214 24 19 af
426 214 133 26 erforderligt
575 214 113 26 stämpladt
704 220 79 20 papper
799 214 32 19 för
846 216 30 18 att

125 247 119 21 blanketter
259 248 120 26 påtryckas,
395 248 51 19 eller
462 247 39 20 ock
518 247 21 20 få
554 248 45 19 sine
615 247 118 20 blanketter
746 254 76 20 genom
833 247 41 21 Gu-

126 285 114 17 vernörens
259 282 82 26 försorg
360 281 29 20 till
408 281 266 26 Kartasigillata-kontoret
694 282 130 26 öfversända,
844 282 31 20 för

126 318 29 18 att
171 316 107 20 derstädes
294 316 98 26 stämplas
413 316 39 19 och
468 315 69 20 såsom
553 321 69 14 annan
647 316 227 26 kartasigillataremiss

127 350 31 20 till
173 350 168 20 Landskontoret
356 349 131 25 återsändas;
503 350 106 19 hvarefter
621 350 25 19 de
660 350 88 20 sålunda
758 350 116 26 stämplade

127 384 147 20 blanketterna
294 384 30 20 till
344 384 101 20 ränteriet
463 384 102 19 aflemnas
581 384 39 20 och
636 384 114 26 derstädes,
766 384 44 20 lika
826 385 46 19 med

126 421 64 17 annat
205 418 113 26 stämpladt
333 424 87 20 papper,
437 418 116 19 behandlas
569 418 38 20 och
624 418 112 26 redovisas,
753 420 53 18 samt
822 419 53 20 efter

127 452 66 20 behof
207 452 31 20 till
254 452 158 20 vederbörande
430 452 97 26 utgifvas.

475 516 9 22 S
501 514 34 20 39.

195 561 32 19 Då
246 560 66 26 karta,
332 560 76 20 ämnad
430 560 31 19 till
480 560 121 26 expedition
619 560 37 20 hos
674 560 133 20 embetsverk
823 561 52 20 eller

127 596 132 25 tjensteman,
282 601 75 20 genom
384 594 143 26 misskrifning
553 594 121 26 förderfvas,
698 594 33 20 må
749 595 39 19 slik
807 595 67 25 karta,

126 630 44 18 ifall
187 629 151 26 expeditionen
356 628 48 20 icke
423 628 66 20 finnes
509 634 49 14 vara
573 628 167 26 underskrifven,
756 629 38 19 hos
809 629 65 19 Läne-

127 663 110 26 styrelsen,
268 663 26 25 på
324 662 40 20 den
398 662 32 20 för
464 662 149 26 expeditionen
647 663 111 26 ansvarige
790 663 84 25 tjenste-

129 703 101 13 mannens
254 696 96 20 anmälan
374 696 39 20 och
437 696 47 20 med
510 696 52 20 hans
587 696 99 26 reversal,
711 696 83 27 utbytas
820 699 56 18 emot

127 733 47 24 nytt
189 730 113 27 stämpladt
320 736 79 20 papper
417 729 22 20 af
456 730 43 19 lika
519 730 71 19 värde.
621 730 47 20 Men
687 733 22 17 är
724 730 151 26 expeditionen

127 765 64 20 redan
211 764 168 22 underskrifven,
399 763 124 20 ankommer
539 764 35 19 det
589 764 27 26 på
631 763 101 21 Senatens
748 764 126 20 Ekonomie-

128 800 145 25 departement
292 801 36 23 att,
349 798 52 20 efter
420 798 125 20 hemställan
561 798 23 20 af
597 798 167 26 Länestyrelsen,
780 800 7 18 i
803 800 72 25 hvarje

127 833 37 19 fall
183 836 96 16 närmare
299 832 74 26 pröfva
393 832 39 19 och
451 832 106 25 förordna,
573 832 102 19 buruvida
691 833 116 20 restitution
825 833 51 20 eller

127 867 126 26 afskrifning
268 867 23 18 af
304 866 179 26 stämpelafgiften
500 866 31 19 för
547 866 26 19 de
589 866 121 20 misskrifna
724 867 99 20 kartorna
839 867 37 20 bör

127 901 95 26 beviljas,
245 901 107 19 äfvensom
378 899 90 20 Senaten
491 899 71 20 tillhör
583 902 30 17 att
636 901 106 26 medgifva
764 901 73 26 utbyte
855 901 23 20 af

127 935 71 20 kartor
216 935 31 18 till
268 934 78 20 sädana
362 934 153 26 expeditioner,
533 934 30 19 för
579 934 73 20 hvilka
666 935 112 26 afgifterne
794 935 6 20 i
816 941 59 14 anse-

127 969 54 19 ende
200 969 31 18 till
251 968 109 26 fattigdom
380 968 51 20 eller
452 974 69 13 annan
545 968 48 27 laga
616 969 68 25 orsak,
702 969 19 26 ej
740 969 80 20 kunnat
838 969 38 20 hos

127 1002 118 27 sakegaren
262 1002 59 19 utfäs.

473 1055 10 22 S
499 1053 34 20 40.

194 1100 116 19 Förefaller
332 1099 145 26 misskrifning
501 1100 35 19 vid
560 1099 71 20 kartas
650 1099 139 21 användande
804 1100 23 20 af
841 1107 35 13 en-

125 1134 56 20 skild
198 1140 75 20 person
289 1134 51 20 eller
356 1134 37 19 har
409 1134 69 26 nägon
494 1134 24 19 af
531 1134 118 26 uppenbart
669 1134 87 26 misstag
772 1134 106 26 begagnat

126 1169 65 26 högre
210 1168 60 19 karta
290 1171 26 18 än
335 1167 134 20 föreskrifvet
488 1171 31 21 är,
539 1167 33 20 mä
590 1167 93 20 tillstånd
702 1167 30 20 till
753 1167 46 20 dess
816 1168 60 26 utby-

126 1202 63 20 tande
210 1202 62 19 sökas
290 1202 38 19 hos
347 1202 137 19 Guvernören
503 1202 6 19 i
531 1202 62 25 länet,
615 1201 6 20 ä
639 1201 62 20 hvars
720 1201 157 21 bestämmande

126 1237 75 19 sådant
216 1237 6 18 i
238 1236 72 26 hvarje
326 1236 36 19 fall
378 1235 129 26 ankommer;
529 1235 54 20 dock
600 1235 33 20 mä
648 1235 6 20 i
670 1235 100 20 afseende
785 1235 12 20 &
811 1235 66 20 sådan

125 1271 68 25 karta,
215 1277 45 12 som
284 1270 107 26 begagnas
414 1269 31 20 till
468 1269 227 27 rättegängsfullmakt,
714 1269 77 26 inlaga,
818 1269 59 21 bevis

126 1304 52 20 eller
202 1311 69 12 annan
295 1304 60 19 skrift
375 1304 23 19 af
415 1304 111 19 enahanda
550 1303 152 26 beskaffenhet,
721 1303 65 26 något
804 1303 74 27 utbyte

127 1339 48 20 icke
191 1338 83 19 tillåtas.

196 1372 44 20 Den
264 1372 127 26 delegarene
409 1372 7 19 i
436 1371 101 20 Finlands
555 1371 223 26 Hypotheksförening
800 1378 78 19 genom

126 1407 84 25 Nädiga
226 1405 174 21 cirkulärbrefvet
416 1406 23 19 af
452 1406 40 19 den
511 1407 24 19 19
551 1405 50 20 Juni
615 1406 52 19 1860
683 1405 87 27 tillagda
785 1408 42 17 rätt
845 1408 30 17 att

123 1441 28 20 dä
166 1440 32 20 till
216 1439 122 27 föreningen
356 1440 61 20 ställd
440 1440 128 26 skuldsedel,
586 1439 31 20 för
639 1439 86 20 hvilken
747 1439 125 28 inteckning
