1078 1692
226 114 34 18 546

273 176 102 22 Bankens
398 179 45 19 rätt
466 177 39 21 och
528 177 62 21 talan
605 178 8 20 i
628 176 66 22 saken
718 176 78 22 bevaka
815 177 38 21 och
872 176 86 28 utföra;

274 210 75 22 tillhör
371 212 66 20 målet
459 211 99 27 Hofrätt,
579 211 110 21 meddelas
704 211 81 21 sådant
796 210 160 28 förordnande,

270 245 32 27 på
318 245 154 21 Direktionens
487 245 102 27 begäran,
605 245 31 27 af
646 244 126 28 Hofrätten.

581 308 15 27 $
610 309 34 19 70.

341 347 43 21 Det
405 348 129 21 tillkommer
549 347 149 25 Direktionen,
714 348 71 20 såsom
800 347 155 27 härförinnan,

273 383 33 19 att
323 381 118 27 fastställa
464 381 107 21 kurserna
586 380 42 28 för
646 381 65 27 inköp
728 381 37 21 och
776 381 140 27 försäljning
932 382 29 24 af

273 415 65 28 ryska
353 415 39 21 och
407 415 118 22 utländska
539 416 76 20 vexlar
630 417 56 19 samt
700 417 141 26 statspapper
855 415 36 21 och
902 414 54 21 obli-

272 449 101 27 gationer
388 449 109 27 äfvensom
512 449 114 21 utländskt
641 449 53 28 guld
709 449 38 21 och
762 449 143 28 silfvermynt.

346 483 171 21 Vexelkurserna
537 483 62 21 skola
619 483 70 21 under
704 483 41 21 den
761 483 38 25 tid,
815 483 26 21 de
856 485 38 18 äro
908 482 48 28 gäl-

274 517 71 25 lande,
362 517 73 21 hällas
450 518 109 27 anslagna
571 518 32 26 pä
619 517 107 27 lämpliga
740 517 79 21 ställen
837 517 6 20 i
853 516 102 21 Bankens

272 551 82 21 kontor.

582 591 15 27 $
612 592 35 19 71.

340 630 201 22 Bankdirektionen
557 630 58 22 skall
626 630 38 21 ock
674 631 47 20 läta
732 632 33 26 sig
774 631 112 27 angeläget
894 637 60 18 vara,

272 667 32 19 att
325 672 76 20 genom
423 664 126 28 kungörelse
565 666 8 19 i
589 664 142 28 tidningarne
750 665 97 21 meddela
862 665 92 21 allmän-

271 698 62 21 heten
356 699 157 21 underrättelse
535 705 34 15 om
591 699 26 20 de
638 700 134 20 räntesatser
794 699 37 21 och
853 698 100 28 afgifter,

272 740 44 13 som
327 732 136 27 förekomma
480 734 7 20 i
502 732 103 22 Bankens
619 733 87 20 rörelse.

580 796 16 27 $
610 797 36 20 72.

339 836 46 19 För
400 835 76 28 hvarje
490 836 81 20 mänad
585 835 58 20 skall
656 842 75 21 genom
742 835 211 21 Bankdirektionens

265 869 93 27 försorg
368 869 91 28 förslag
475 869 59 27 öfver
548 869 103 20 Bankens
666 869 108 28 ställning
783 871 121 26 uppgöras
897 865 9 36 ;
914 869 37 21 och

272 903 37 20 bör
329 903 59 20 detta
403 903 90 28 förslag
510 903 105 21 insändas
631 903 34 20 till
680 903 202 28 Bankfullmäktige
897 905 56 19 samt

270 936 110 29 kungöras
396 937 8 20 i
420 939 71 19 ortens
507 937 120 27 tidningar.

581 1000 15 27 $
610 1001 35 20 73.

344 1039 60 21 Utom
428 1040 32 25 de,
481 1040 54 27 efter
549 1040 58 20 vissa
623 1040 57 21 tider
695 1040 172 22 återkommande
882 1041 71 21 inven-

271 1074 105 27 teringar,
392 1073 73 21 hvilka
481 1073 126 21 omnäinnas
621 1074 9 20 i
645 1075 43 20 112
703 1074 21 27 $,
740 1074 37 21 bör
788 1074 165 22 Bankdirektio-

270 1114 48 18 nen,
334 1107 72 27 nägra
420 1108 83 27 gänger
518 1107 77 28 hvarje
609 1108 32 25 är,
658 1108 46 20 läta
720 1108 117 21 verkställa
847 1111 62 19 extra
919 1110 35 20 in-

270 1141 112 27 ventering
406 1141 30 26 af
454 1141 165 21 handkassorna
641 1142 6 19 i
662 1141 102 22 Bankens
787 1142 167 27 hufvudkontor,

270 1181 75 21 genom
360 1174 153 21 Direktionens
532 1175 145 27 Ordförande,
693 1178 56 19 samt
760 1175 29 28 af
794 1176 160 27 hufvudkassor

271 1208 37 21 och
331 1208 136 21 handkassor
483 1209 7 20 i
505 1209 26 20 de
551 1209 74 28 öfriga
641 1209 109 26 kontoren,
766 1217 75 20 genom
857 1211 97 20 vederbö-

270 1242 70 21 rande
351 1243 203 27 inventeringsmän.
577 1243 43 20 Och
631 1243 68 21 lända
708 1243 151 28 stadgandena
870 1245 8 20 i
888 1245 66 27 sagde

269 1276 15 27 $
300 1276 35 21 till
354 1276 147 27 efterrättelse
517 1276 63 27 äfven
596 1277 8 20 i
619 1277 102 27 afseende
736 1278 13 20 å
765 1278 61 21 dessa
842 1281 61 18 extra
918 1280 35 20 in-

271 1310 145 27 venteringar.

579 1357 16 27 8
609 1358 35 19 74.

338 1395 84 28 Hvarje
437 1396 27 20 är
477 1396 8 20 i
494 1396 99 21 Januari
607 1397 81 21 mänad
703 1397 37 21 och
755 1398 64 27 äfven
831 1400 31 26 pä
878 1407 75 13 annan

270 1429 40 26 tid,
332 1431 42 18 när
394 1430 119 27 anledning
529 1431 74 20 dertill
614 1431 152 26 förekommer,
782 1431 57 22 skall
854 1433 99 22 Bankdi-
