1078 1692
820 113 34 17 607

261 175 109 27 Derjemte
385 175 96 27 betjenas
499 174 198 22 Bankdirektionen
713 175 30 27 af
754 176 75 27 nödigt
840 182 38 14 an-

193 209 31 20 tal
240 209 150 21 vaktmästare.

492 271 15 27 $
525 272 48 20 137.

262 311 67 21 Såväl
354 310 139 28 Ordförande
507 311 38 21 och
563 311 106 21 Ledamot
684 312 9 20 i
707 311 168 22 Bankdirektio-

191 352 41 14 nen
251 338 59 28 samt
333 345 218 26 Bankkommissarie,
570 352 45 14 som
635 345 37 21 ock
691 346 128 27 tjensteman
840 347 36 20 och

192 379 78 28 betjent
285 380 9 20 i
308 379 98 26 Banken,
422 386 45 14 som
483 380 31 26 på
534 386 51 21 egen
608 379 94 27 begäran
724 380 95 20 erhåller
841 380 35 28 af-

191 413 50 21 sked
256 420 27 14 ur
298 413 102 21 Bankens
422 414 69 26 tjenst,
507 415 27 19 är
543 413 41 27 för
599 414 35 20 sin
649 414 136 20 återstående
801 414 74 27 lifstid

191 447 124 28 berättigad
337 448 35 20 till
390 448 58 26 årlig
460 448 92 26 pension
568 447 30 27 af
609 447 102 21 Bankens
733 448 74 26 medel,
823 448 53 28 ifall

191 482 44 20 han
250 482 28 20 då
294 482 93 26 uppnått
403 481 115 27 trettiofem
533 482 37 20 års
585 482 63 20 ålder
663 481 38 21 och
715 482 66 21 minst
790 482 85 27 femton

191 516 26 20 år
232 516 57 20 varit
304 516 9 20 i
328 516 82 20 allmän
430 516 75 27 tjenst;
523 522 48 14 men
590 516 78 20 varder
683 516 43 20 han
742 516 64 21 dömd
822 517 53 27 tjen-

189 552 46 18 sten
255 550 108 27 förlustig
389 550 57 24 eller,
466 552 54 18 utan
545 556 51 21 egen
621 550 127 27 ansökning,
774 550 101 28 derifrän

189 584 64 25 skild,
270 584 52 20 eller
337 584 100 20 inträder
453 583 50 25 han,
525 584 36 20 vid
583 584 35 20 sin
640 583 83 28 afgång
744 584 53 21 eller
821 584 55 28 efter

189 618 149 26 afskedandet,
355 618 8 20 i
378 620 81 19 statens
475 618 70 27 tjenst,
564 617 41 21 har
618 617 44 21 han
676 618 100 27 förlorat
796 619 78 27 rättig-

189 652 60 20 heten
266 652 34 21 till
311 652 92 27 pension
419 651 28 28 af
458 652 97 20 Banken.

271 686 104 27 Beloppet
393 686 31 27 af
435 687 119 26 pensionen
575 686 98 27 föreslås
692 686 68 28 enligt
775 688 28 19 60
818 687 15 27 $
848 687 30 25 af

188 720 202 28 Bankfullmäktige
406 720 37 20 hos
459 720 104 21 Senatens
583 720 289 27 Ekonomie-Departement,

187 754 72 21 såvidt
274 755 35 20 det
324 754 71 28 gäller
412 754 215 21 Direktionsmedlem
642 754 52 21 eller
708 754 164 21 Bankkommis-

187 789 71 25 sarie;
272 796 48 13 men
330 788 41 28 för
392 789 127 27 tjensteman
538 788 38 21 och
595 788 77 28 betjent
690 788 123 22 bestämmes
829 789 45 21 det-

188 830 88 17 samma,
292 822 67 27 enligt
374 829 62 14 mom.
452 822 24 27 h)
493 823 7 19 i
515 824 28 19 57
557 823 20 26 $,
593 822 30 27 af
634 822 217 28 Bankfullmäktige;
866 824 8 19 i

187 857 109 20 hvardera
307 856 69 27 fallet
392 857 67 26 enligt
474 856 25 21 de
514 857 101 26 grunder,
631 863 45 14 som
686 857 62 27 gälla
760 857 113 27 angående

183 891 93 26 pension
291 890 36 21 vid
342 890 77 27 afsked
433 897 28 14 ur
475 893 81 18 statens
572 891 70 26 tjenst.

371 998 51 23 Stat
436 999 37 22 för
487 998 109 23 Finlands
611 998 72 23 Bank.

199 1076 19 32 >
627 1073 42 20 För
680 1079 33 14 en.
722 1069 9 34 |
746 1073 40 20 För
802 1073 47 20 alla.
867 1065 2 41 |

199 1111 17 20 3
620 1113 240 3 |

199 1132 19 13 =
635 1134 34 17 mp
699 1135 19 16 ||
762 1134 34 18 Fre
841 1136 20 16 Nå

199 1195 13 20 1|
235 1196 145 27 Ordförande,
396 1197 36 20 lön
461 1213 4 5 .
495 1213 5 4 .
531 1213 4 4 .
565 1213 5 4 .
601 1198 118 25 .|7,000(—
867 1221 2 5 |

288 1230 132 28 hyresmedel
460 1247 4 4 .
495 1247 4 4 .
530 1247 4 4 .
565 1247 5 4 .
601 1226 117 31 .|2,000—
867 1227 2 27 |

288 1264 187 28 tafelpenningar
495 1281 4 4 .
531 1281 4 4 .
565 1280 5 5 .
601 1266 117 29 .|1,500|—
751 1262 113 39 10,500(—

197 1298 14 19 3
217 1293 12 36 |
230 1297 136 26 Direktörer,
382 1299 36 20 lön
439 1314 2 4 .
472 1314 5 4 .
507 1314 5 5 .
542 1300 63 25 7,000

287 1332 132 28 hyresmedel
434 1348 5 5 .
469 1348 5 5 .
504 1348 5 5 .
539 1333 175 31 2,00019,000]—
749 1346 113 24 27,000|—

196 1372 13 19 1|
231 1371 143 26 Sekreterare,
391 1372 36 20 lön
458 1387 3 4 .
493 1387 4 5 .
529 1387 4 5 .
563 1388 5 5 .
599 1373 119 24 .14,000.—

286 1405 132 28 hyresmedel
457 1421 4 5 =.
492 1421 5 5 .
528 1422 4 4 .
563 1422 4 5 .
598 1423 5 4 I
641 1408 66 19 800|-
764 1414 64 25 4,800]
841 1426 16 3 —
