1078 1692
814 123 22 17 99

313 188 108 20 Finlands
437 187 110 20 Ständers
563 186 161 26 underdäniga
738 193 54 13 svar
807 187 6 19 i
823 193 34 13 an-

244 222 77 26 ledning
336 222 21 20 af
371 222 59 19 Hans
447 221 138 26 Kejserliga
601 221 117 26 Majestäts
734 221 69 25 Nädiga
813 227 45 20 pro-

244 256 91 26 position,
352 256 99 26 angående
468 256 101 20 anvisande
585 256 21 20 af
619 256 61 19 medel
692 255 30 20 till
737 255 122 20 bestridande

245 290 21 20 af
280 290 210 26 landtdagskostnader,

109 358 206 26 Stormäktigste,
327 358 190 26 Allernädigste
533 358 104 26 Kejsare
654 358 38 20 och
709 358 148 20 Storfurste!

179 421 47 19 Med
250 421 115 26 anledning
390 422 59 19 deraf
463 424 29 16 att
508 422 26 18 82
550 423 9 22 $
576 422 5 18 i
597 421 84 25 Nädiga
699 421 159 27 landtdagsord-

112 456 75 25 ningen
205 456 21 19 af
240 456 40 19 den
298 456 11 19 3
326 456 46 24 (15)
388 456 59 25 April
466 456 51 18 1869
535 456 90 25 stadgar,
642 458 30 17 att
682 456 107 19 allmänna
802 456 55 19 kost-

112 490 64 19 vader
199 490 38 19 och
261 490 85 26 utgifter
362 491 5 18 i
384 490 38 20 och
439 490 30 19 för
485 490 107 26 landtdag,
609 490 46 20 med
672 490 106 26 undantag
797 490 22 20 af
833 490 24 20 de

111 530 44 13 som
179 524 134 20 omförmäles
328 525 6 18 i
351 524 25 20 23
393 524 38 20 och
447 524 27 20 28
495 526 21 22 $$
539 525 22 19 af
583 524 64 26 sagde
670 524 109 27 grundlag,
800 524 58 20 skola

113 558 102 20 bestridas
231 558 45 20 med
294 558 119 26 tillgångar,
430 564 42 13 som
489 558 75 26 inflyta
584 565 74 19 genom
686 558 121 26 bevillning,
831 558 27 20 el-

112 592 29 20 ler
165 592 65 20 andra
252 592 106 20 allmänna
382 592 73 25 medel,
479 592 58 20 öfver
561 592 72 20 hvilka
655 592 116 20 Ständerna
790 592 71 19 kunna

112 626 88 26 förfoga,
217 626 36 20 har
269 626 79 20 Eders
363 626 151 26 Kejserliga
530 627 120 25 Majestät
670 627 28 18 uti
720 626 70 26 Nädig
812 632 46 20 pro-

113 660 90 26 position
220 660 30 20 till
267 660 116 20 Ständerna
399 661 144 23 öfverlemnat,
561 663 30 17 att
606 661 31 19 för
648 660 160 26 ifrågavarande
824 663 36 16 än-

113 694 70 20 damål
205 695 73 19 anvisa
301 698 29 16 ett
345 696 81 25 anslag,
441 695 31 19 för
488 695 61 19 hvars
566 694 138 20 användande
725 694 136 26 redovisning

113 728 84 20 komme
213 731 29 17 att
258 729 30 19 till
304 729 118 19 Ständerna
437 729 106 19 aflemnas.

181 768 63 20 Detta
260 769 79 26 anslag,
356 776 43 12 som
416 770 4 18 i
438 769 39 19 den
494 769 83 26 Nådiga
593 769 156 26 propositionen
770 768 90 26 antagits

113 803 54 25 stiga
191 802 30 20 till
244 803 98 26 omkring
362 803 113 19 etthundra
490 804 57 25 tjugu
564 806 58 16 tusen
639 802 65 26 mark,
721 803 61 19 hafva
801 802 60 20 Stän-

114 836 65 19 derna
202 837 68 19 funnit
286 837 50 19 böra
357 837 31 19 till
404 837 81 19 anfördt
503 837 75 26 belopp
595 837 50 25 utgå
661 843 22 12 ur
699 837 40 19 den
755 836 107 19 allmänna

113 870 219 27 inkomstbevillning,
356 871 25 19 de
402 871 31 19 för
449 871 48 19 åren
517 871 136 19 1873—1877
671 871 65 25 åtagit
751 871 37 25 sig.
819 869 41 20 Vid

114 905 98 19 ärendets
228 905 160 26 handläggning
404 905 61 19 hafva
481 905 118 20 Ständerna
615 905 115 19 emellertid
742 906 69 17 ansett
826 906 35 23 att.

114 938 89 20 förutom
220 939 25 20 de
261 939 5 19 i
284 940 26 19 82
326 942 9 21 $
352 939 22 20 af
388 939 227 26 landtdagsordningen
633 938 125 20 omnämnde
769 938 93 26 utgifter,

112 973 78 24 jemväl
207 973 38 19 den
262 973 96 23 kostnad,
375 980 44 13 som
437 973 73 20 blifver
527 973 123 26 erforderlig
666 973 32 19 för
713 974 29 18 att
764 971 98 20 särskildt

116 1007 44 19 från
183 1007 85 26 trycket
290 1007 80 26 utgifva
392 1008 26 19 de
433 1008 6 19 i
456 1008 55 19 förra
535 1014 61 13 mom.
620 1007 22 20 af
659 1007 23 19 81
701 1009 9 22 $
726 1005 136 27 uppräknade

114 1041 246 26 landtdagshandlingar,
384 1041 64 20 borde
475 1042 47 19 med
551 1041 61 20 dessa
640 1041 67 19 medel
731 1039 130 25 bestridas,
852 1035 12 37 i

116 1075 80 19 hvilket
211 1075 100 20 afseende
328 1076 117 19 Ständerna
459 1076 20 19 åt
495 1076 35 19 det
546 1076 34 19 vid
597 1075 141 20 innevarande
762 1074 100 25 landtdag

115 1109 86 19 tillsatta
224 1109 241 26 Expeditionsutskottet
487 1111 78 18 lemnat
580 1111 6 18 i
604 1110 100 25 uppdrag,
728 1112 29 16 att
775 1110 45 18 utse
836 1115 25 12 en

116 1143 120 26 sakkunnig
258 1150 83 19 person,
365 1144 85 19 hvilken
475 1145 53 24 egde
552 1146 36 24 att,
604 1146 56 17 emot
676 1143 84 23 arvode,
776 1142 86 20 omhän-

117 1177 87 26 dertaga
227 1178 138 19 redaktionen
388 1179 39 18 och
450 1179 115 19 öfvervaka
585 1178 139 26 tryckningen
741 1177 25 26 på
782 1177 81 19 landets

117 1211 67 26 begge
207 1211 64 26 språk
294 1213 22 18 af
338 1213 39 18 den
394 1213 6 18 i
416 1213 123 19 sistanförda
555 1215 10 21 $
584 1212 137 20 omförmälda
739 1211 89 26 samling
844 1210 22 19 af

117 1245 244 26 landtdagshandlingar.
392 1247 106 25 Derjemte
523 1247 62 19 hafva
607 1245 118 21 Ständerna
746 1245 59 20 aktat
827 1247 38 16 nö-

116 1279 51 26 digt,
184 1281 30 18 att
229 1280 87 19 anställa
333 1287 25 13 en
375 1281 97 24 ekonom,
489 1281 84 19 hvilken
590 1281 54 19 intill
662 1282 57 17 nästa
734 1279 108 26 landtdag,
858 1278 6 19 i

117 1313 95 26 enlighet
228 1314 46 19 med
292 1321 25 12 en
334 1315 30 19 för
384 1315 75 20 honom
483 1316 22 19 af
527 1315 127 20 Ständernas
677 1313 135 21 Statsuiskott
835 1315 29 16 ut-

117 1347 72 20 färdad
213 1348 125 20 instruktion
363 1349 52 20 skall
439 1349 57 20 såväl
520 1350 31 19 till
575 1352 30 17 ett
627 1349 59 19 arkiv
707 1349 66 18 ordna
789 1348 25 19 de
830 1347 34 19 vid

117 1381 155 27 landtdagarna
288 1382 110 21 tillkomne
414 1383 124 26 handlingar
554 1383 38 20 och
609 1383 31 20 för
656 1383 127 20 Ständernas
803 1381 65 20 behof

118 1415 108 26 uppköpta
249 1417 42 26 lag-
314 1417 40 19 och
377 1417 276 26 författningssamlingarne
670 1424 26 12 m.
712 1423 33 18 m.,
766 1422 43 13 som
825 1415 40 19 ock

117 1452 48 24 taga
196 1450 42 19 vård
262 1457 32 13 om
321 1451 39 20 den
381 1452 144 26 lösegendom,
546 1452 85 19 hvilken
648 1452 5 19 i
670 1451 38 20 och
726 1451 30 20 för
772 1449 92 21 ständer-
