1078 1692
230 114 35 19 368

208 178 98 26 sägning.
338 173 70 24 Äfven
431 176 88 21 sålunda
541 178 105 26 uppsagdt
668 178 191 26 depositionsbevis
878 178 82 26 upphör

209 211 13 20 å
237 211 155 27 förfallodagen
416 213 29 17 att
467 211 49 26 löpa
539 212 48 20 med
610 214 70 23 ränta:
697 212 86 20 hvarom
799 212 6 20 i
821 212 138 26 kungörelsen

207 245 80 26 jemväl
304 245 38 20 bör
359 245 86 20 erinras.

557 293 10 21 s
584 291 33 20 59.

278 330 202 26 Depositionsbevis,
495 336 45 14 som
556 330 49 20 icke
620 331 55 19 inom
692 331 29 19 tio
737 330 29 26 år,
782 332 64 19 sedan
871 331 88 19 detsam-

209 371 40 19 ma,
267 364 30 20 till
314 364 51 26 följd
381 364 24 20 af
418 366 133 25 uppsägning
575 365 51 19 eller
648 371 69 13 annan
740 365 68 25 orsak,
828 365 88 27 upphört
932 368 28 16 att

209 399 49 26 löpa
274 398 47 20 med
338 400 67 24 ränta,
421 401 74 23 upptes
511 399 31 19 till
559 399 88 25 inlösen,
663 399 67 27 gäller
753 399 47 20 icke
823 399 71 20 vidare
918 402 42 16 mot

209 432 96 21 Banken.
335 432 45 20 Och
397 432 36 20 bör
447 432 88 20 Banken
548 433 43 20 låta
605 433 100 27 årligen
697 428 12 36 i
719 433 133 27 tidningarne
864 433 96 27 kungöra

209 467 42 19 alla
266 466 26 20 de
308 467 6 19 i
331 466 85 26 omlopp
433 466 92 20 varande
549 467 198 26 depositionsbevis,
763 473 44 14 som
827 467 89 26 upphört
931 471 29 15 att

193 510 3 1 -
210 507 50 13 vara
283 500 160 26 räntebärande,
465 500 66 27 tiden,
553 501 110 20 hvarinom
684 502 26 19 de
731 501 23 20 af
766 501 87 20 Banken
876 501 84 25 inlösas,

211 534 56 20 hvad
284 534 138 20 innehafvare
438 534 23 20 af
475 534 47 20 dem
539 536 6 18 i
561 535 58 20 detta
641 536 122 19 hänseende
785 535 63 20 hafva
863 537 29 18 att
908 535 52 19 iakt-

211 571 49 24 taga
276 571 53 17 samt
345 568 107 26 påföljden
469 568 22 20 af
505 568 145 21 försummelse
666 569 66 20 deraf.

555 633 10 21 $
582 632 33 18 60.

279 670 39 20 Om
335 670 190 26 depositionsbevis
540 671 32 19 för
587 671 152 19 innehafvaren
765 670 121 20 förkommit
908 670 52 20 eller

210 705 102 24 förstörts,
336 704 122 20 ankommer
481 704 35 20 det
539 704 26 26 på
589 704 77 21 honom
682 706 30 18 att
727 704 32 20 för
782 705 126 19 detsammas
924 704 35 19 dö-

210 738 70 20 dande
296 738 38 20 och
351 738 25 20 de
393 738 77 20 insatta
485 739 95 19 medlens
596 739 136 20 utbetalande
742 739 22 19 af
774 739 86 19 Banken
877 738 83 26 förfara,

209 772 27 27 på
252 775 42 17 sätt
308 773 6 19 i
330 773 26 19 25
373 774 9 22 $
399 779 33 13 om
448 772 105 21 förlorade
570 773 130 27 invisningar
716 776 67 24 säges.

314 840 42 20 Om
373 841 168 26 nedsättning
557 841 5 18 i
579 840 113 26 banken,
709 841 41 19 till
767 841 91 19 förvar.

560 905 9 22 $
586 904 33 18 61.

280 943 100 19 Finlands
403 943 58 19 Bank
485 945 103 24 mottager
604 943 31 19 till
654 943 70 20 förvar
739 943 6 19 i
762 942 97 20 Bankens
875 942 63 25 hvalf,
955 943 5 18 i

212 976 48 20 mån
276 977 24 19 af
314 976 66 26 ledigt
396 979 109 24 utrymme,
522 977 52 26 gods
591 977 22 19 af
627 977 113 19 allehanda
755 977 54 25 slag;
825 983 46 13 men
888 976 73 19 sådant

213 1011 57 26 inlag
286 1010 52 20 skall
355 1011 35 19 vid
408 1011 147 20 inlemnandet
574 1017 49 13 vara
646 1011 64 19 insatt
725 1011 6 18 i
748 1010 113 26 behörigen
878 1009 83 20 tillslut-

213 1051 25 13 na
255 1044 40 19 och
311 1044 117 27 förseglade
449 1044 64 26 skrin,
534 1044 58 20 lådor
611 1045 51 19 eller
678 1045 103 26 paketter,
798 1044 63 19 hvarå
877 1044 83 19 insätta-

212 1085 48 13 rens
276 1085 62 13 namn
355 1079 39 18 och
410 1079 53 25 yrke
479 1079 52 19 eller
546 1079 64 25 tjenst
622 1079 79 25 jemväl
722 1078 60 20 skola
805 1084 49 13 vara
876 1077 84 20 anteck-

213 1112 61 19 nade.
306 1111 38 20 Om
368 1111 75 20 sådant
465 1112 67 27 inlags
555 1112 92 20 innehåll
663 1112 40 20 och
720 1112 64 20 värde
799 1114 60 23 tager
874 1111 86 20 Banken

212 1145 48 21 ieke
276 1146 126 20 kännedom.

561 1195 10 21 s
587 1193 32 19 62.

281 1232 149 19 Inlemnandet
445 1231 48 20 sker
509 1232 47 19 med
573 1231 98 26 reversal,
688 1237 43 14 som
744 1231 38 20 bör
795 1231 105 20 innehälla
916 1231 46 20 full-

214 1266 84 27 ständig
309 1266 83 26 uppgift
407 1272 32 13 om
457 1266 25 19 de
498 1265 26 27 pä
540 1266 103 26 omslaget
660 1265 108 27 befintliga
783 1265 180 28 anteckningarne

214 1302 54 18 samt
284 1300 26 19 de
326 1299 50 20 derä
391 1299 130 28 anbringade
537 1300 94 27 sigillens
646 1299 57 20 antal
720 1299 40 20 och
776 1299 151 21 beskaffenhet.

563 1365 9 22 s
589 1363 32 19 63.

283 1403 42 20 Vid
346 1403 84 26 godsets
454 1403 135 26 mottagande
605 1402 93 20 utfärdar
714 1402 87 20 Banken
818 1402 58 20 bevis
892 1403 71 20 derom

214 1437 200 27 (Inlagsbevis).
451 1437 10 19 1
477 1437 57 20 detta
549 1437 66 26 bevis,
631 1437 81 20 hvilket
731 1436 156 20 underskrifves
903 1437 22 20 af
938 1444 25 13 en
