1078 1692
248 123 35 17 254

224 187 41 19 den
290 193 51 13 rena
363 186 119 21 inkomsten
507 187 52 20 skall
576 187 97 27 slutligen
690 188 45 19 visa
750 188 32 25 sig
799 187 60 20 hafva
876 187 54 19 varit
945 194 25 12 en

224 221 93 20 illusion.

292 255 48 19 Med
356 255 99 20 afseende
472 256 11 19 å
499 256 26 19 de
541 255 88 20 sålunda
645 256 110 19 anmärkta
767 256 159 19 förhållandena
936 256 34 20 be-

223 289 103 19 träffande
351 289 159 27 tillämpningen
534 290 23 19 af
576 290 222 26 bevillningsstadgan,
815 290 31 19 får
862 290 108 24 utskottet,

222 329 45 13 som
284 323 48 19 icke
348 323 95 20 förbisett
458 326 29 17 att
503 330 25 13 en
546 324 122 26 förändring
683 324 125 19 härutinnan
825 324 61 19 äfven
903 324 67 19 skulle

224 357 66 19 verka
313 364 25 12 en
354 358 6 18 i
378 358 123 26 medelgoda
525 357 21 19 år
569 358 81 26 ganska
673 358 95 26 betydlig
792 358 94 26 stegring
904 359 22 18 af
940 358 30 19 in-

223 391 97 21 komsten
338 391 26 26 på
380 392 68 19 denna
463 392 122 25 skattetitel,
602 392 37 20 hos
655 392 115 26 höglofliga
781 391 117 21 Ständerna
910 392 60 20 vörd-

222 428 55 17 samt
292 425 84 26 föreslå,

327 462 32 18 att
383 459 124 21 Ständerna
529 459 50 20 ville
599 458 36 21 hos
651 458 63 22 Hans
730 458 123 29 Kejserliga
868 460 104 26 Majestät

326 494 9 20 i
357 493 172 27 underdänighet
551 493 97 25 anhälla,
671 493 35 21 det
729 494 84 20 landets
836 494 136 20 Guvernörer

326 528 66 20 mätte
415 526 122 28 anbefallas
559 530 33 18 att
611 534 32 14 om
662 527 24 21 de
706 527 115 21 anmärkta
837 526 135 28 missförhäl-

328 562 95 20 landena
438 562 37 20 vid
489 561 40 21 den
545 561 78 21 hittills
640 561 113 27 iakttagna
770 562 166 27 tillämpningen
947 562 29 26 af

328 595 222 27 bevillningsstadgan
573 596 74 19 erinra
663 596 158 20 vederbörande
836 596 136 26 bevillnings-

327 629 101 21 komiteer
449 629 37 21 och
501 629 150 25 kronoombud,
668 629 109 27 äfvensom
794 632 32 18 att
842 630 35 20 till
892 629 79 21 krono-

327 664 77 20 ombud
414 663 157 27 företrädesvis
586 666 47 18 utse
647 663 153 27 sjelfständiga
812 663 37 21 och
858 663 114 21 oberoende

324 704 110 21 personer,
457 698 30 26 af
501 697 72 21 hvilka
583 698 66 26 jemte
664 697 119 21 kännedom
800 704 33 14 om
843 697 129 27 förhällan-

326 732 55 20 dena
397 732 14 20 å
426 734 59 18 orten
505 731 71 21 kunde
595 734 75 18 väntas
685 734 29 18 ett
728 734 171 25 samvetsgrannt
915 731 57 21 iakt-

327 766 93 27 tagande
435 766 30 26 af
475 766 96 20 kronans
586 765 37 21 och
639 766 39 20 den
694 766 104 20 enskildes
813 768 51 18 rätt.

295 834 135 20 Beträffande
453 834 40 19 den
517 840 42 19 nya
582 834 208 26 bevillningsstadga,
806 834 101 20 utskottet
922 838 50 22 äger

224 871 31 17 att
278 868 84 26 föreslä,
387 868 37 20 har
447 868 101 19 utskottet
572 869 70 18 anseit
657 868 121 19 densamma
794 868 49 19 böra
859 868 91 19 utfärdas
967 869 5 18 i

224 905 77 17 största
317 903 86 25 möjliga
418 902 218 20 öfverensstämmelse
652 902 46 19 med
716 902 39 19 den
773 909 26 12 nu
811 902 109 26 gällande;
932 903 38 19 och

225 937 64 19 hafva
305 936 82 19 derföre
404 937 76 19 endast
495 936 60 26 högst
573 936 20 19 fä
601 936 39 19 och
652 936 81 19 mindre
745 936 132 26 väsendtliga
887 936 83 19 ändrin-

223 977 38 20 gar
285 971 43 19 deri
351 970 124 27 föreslagits.
505 971 31 18 De
552 970 61 20 flesta
627 970 23 19 af
664 970 60 20 dessa
739 971 114 24 ändringar
869 970 102 20 innebära

224 1005 31 18 sin
273 1011 53 19 egen
344 1004 123 26 förklaring,
483 1003 24 20 sä
522 1006 29 17 att
567 1004 101 19 utskottet
680 1005 73 18 endast
770 1005 5 18 i
791 1004 100 19 afseende
908 1005 11 18 ä
935 1004 35 19 nä-

224 1045 38 19 gra
278 1039 23 19 af
314 1038 47 20 dem
378 1038 46 20 bort
439 1041 96 16 närmare
552 1038 74 19 beröra
643 1039 121 19 motiverna.

294 1072 29 19 Af
344 1073 26 19 de
394 1072 65 20 under
475 1074 9 22 $
501 1073 11 19 5
530 1079 61 13 mom.
612 1074 21 22 a)
650 1072 44 19 från
712 1072 116 27 utgörande
844 1072 23 19 af
880 1072 93 20 inkomst

225 1107 117 25 bevillning
365 1106 110 20 frikallade
500 1106 139 26 inrättningar
661 1106 38 19 och
723 1106 102 25 samfund,
849 1106 31 19 till
901 1106 71 20 hvilka

224 1141 104 19 härintills
351 1140 86 20 räknats
460 1140 123 19 ”inhemska
605 1140 193 26 försäkringsbolag
821 1140 40 19 och
879 1141 92 19 förenin-

224 1175 58 26 gar”,
306 1175 37 19 har
366 1175 107 22 utskottet,
497 1177 50 16 enär
563 1174 78 19 sädane
656 1174 72 19 kunna
743 1174 64 19 blifva
823 1175 84 19 stiftade
924 1175 46 19 med

223 1209 120 26 beräkning
368 1209 27 26 pä
420 1209 60 24 vinst,
500 1208 39 19 och
555 1208 71 19 dessas
642 1208 122 26 skyldighet
778 1210 30 17 att
823 1209 23 18 af
859 1209 30 18 sin
906 1208 65 20 ärsin-

224 1243 71 20 komst
314 1245 74 24 utgöra
404 1242 186 26 bevillningsskatt
605 1244 59 23 synts
680 1242 101 20 utskottet
797 1243 115 25 uppenbar,
928 1245 43 18 ute-

224 1277 59 19 slutit
306 1277 138 20 nästnämnde
468 1277 44 25 slag
535 1276 23 19 af
577 1276 195 26 försäkringsbolag
796 1276 38 19 och
851 1277 121 26 föreningar

224 1313 54 17 samt
294 1311 29 19 uti
338 1310 125 27 paragrafen
480 1310 64 19 infört
559 1310 74 19 endast
648 1310 46 19 dem
711 1316 43 13 som
764 1313 35 16 äro
811 1310 27 25 pä
849 1317 121 19 gemensam

224 1345 136 25 ansvarighet
375 1344 115 26 grundade.

294 1378 106 26 Tillägget
422 1378 29 19 till
474 1380 5 21 $
499 1379 20 18 17
545 1378 71 19 derom
636 1380 30 17 att
682 1378 206 25 bevillningskomitö
904 1378 68 26 äläge,

224 1414 37 23 att,
285 1412 27 19 då
335 1411 224 26 bevillningsskyldigs
582 1419 54 19 egen
656 1412 82 26 uppgift
760 1412 67 19 blifvit
841 1412 23 19 af
878 1412 93 20 komiten

225 1446 133 26 underkänd,
382 1445 31 20 till
436 1445 128 26 protokollet
587 1446 105 20 anteckna
707 1446 72 19 skälen
797 1446 75 26 dertill,
888 1446 37 19 har
942 1449 30 17 ut-
