1078 1692
805 120 34 17 463

113 183 65 25 makt,
194 182 121 20 skuldsedel
337 182 37 20 och
395 182 130 25 löftesskrift,
542 188 42 14 som
601 182 31 19 till
648 182 88 20 Banken
752 182 109 23 inlemnas,

113 217 61 19 skola
189 223 50 13 vara
254 216 112 20 ”försedda
386 216 46 20 med
452 216 98 26 behörigt
568 216 60 26 intyg
645 222 33 14 om
694 216 167 20 underskriftens

113 250 120 27 rigtighet”,
249 250 23 20 af
292 250 46 19 skäl
360 252 30 17 att
408 250 158 20 vederbörande
582 250 61 20 häraf
656 250 70 20 kunde
742 250 119 20 föranledas

114 285 71 19 fordra
200 284 75 20 notarii
291 284 79 26 publici
384 284 88 26 intygan
484 285 7 18 i
501 284 72 26 hvarje
589 284 37 20 fall
642 285 38 19 och
696 286 30 18 att
742 284 73 20 sådant
830 285 32 19 för

113 318 99 20 Bankens
228 318 99 20 säkerhet
342 321 22 17 är
380 318 88 20 alldeles
484 318 122 26 obehöfligt,
618 318 27 20 då
660 319 35 19 det
711 318 66 26 gäller
793 318 68 20 kända

114 359 101 19 personer
223 352 39 20 och
272 352 77 20 firmor.
376 352 171 20 Bortlemnandet
555 352 22 20 af
584 352 70 20 denna
665 352 107 20 föreskrift
784 352 77 20 förhin-

114 388 48 19 drar
177 386 117 20 emellertid
309 386 48 20 icke
374 386 136 20 Direktionen
527 388 36 24 att,
574 386 6 20 i
593 386 171 20 förekommande
780 387 82 19 tvifvel-

114 422 73 26 aktiga
203 421 43 25 fall,
262 421 71 19 fordra
351 421 39 19 den
412 423 52 17 mest
481 420 105 20 bindande
602 421 87 26 intygan
707 421 53 19 både
776 428 32 12 om
825 428 36 12 un-

115 455 137 21 derskriftens
268 454 102 27 riktighet
385 455 39 19 och
441 460 138 20 personernas
595 454 151 26 qvalifikation.

183 489 45 20 Den
245 495 42 20 nya
302 491 16 22 $,
335 495 43 13 som
396 489 65 19 finnes
477 488 68 20 införd
562 488 52 20 efter
633 489 37 19 144
682 491 16 23 $,
710 489 37 19 har
757 488 107 20 Utskottet

115 525 68 18 ansett
194 523 47 20 icke
253 524 51 19 böra
314 523 76 19 saknas
401 523 6 19 i
419 523 144 26 reglementet,
575 522 26 20 då
618 522 75 20 förbud
710 525 56 17 emot
781 523 81 25 egande

115 558 23 19 af
156 557 66 20 andra
240 557 130 26 fastigheter,
389 560 26 16 än
436 557 31 19 för
483 556 153 20 Bankrörelsen
653 556 111 24 erfordras,
780 556 61 27 ingår
856 557 5 19 i

115 592 26 18 de
159 591 59 19 flesta
234 591 90 20 bankers
340 593 93 23 statuter,
445 591 38 20 och
500 591 74 19 sådant
590 591 105 19 dessutom
712 591 67 19 hvilar
795 591 26 26 på
837 598 24 13 en

115 625 64 26 riktig
195 625 88 26 princip.
310 625 35 19 Att
362 625 115 20 emellertid
490 625 86 19 Banken
593 625 41 19 kan
652 625 117 26 medgifvas
785 625 78 19 undan-

116 660 77 25 tagsvis
213 659 74 26 inropa
306 666 25 12 en
351 659 98 26 fastighet
469 659 30 19 för
519 659 124 25 skyddande
664 658 22 20 af
699 658 91 26 fordran,
805 658 58 20 torde

115 700 50 13 vara
188 693 109 26 påkalladt
320 693 22 19 af
364 693 157 19 förhållandena
539 693 6 19 i
567 693 57 19 detta
643 692 55 26 land,
717 693 37 19 der
769 693 23 19 så
809 695 55 17 stora

115 727 160 27 omkastningar
291 728 6 18 i
313 727 184 27 fastighetsvärdet
512 734 50 20 eger
577 734 45 12 rum
639 727 55 19 inom
710 727 154 26 jemförelsevis

115 762 48 19 kort
181 762 36 19 tid.
521 756 4 3 |

183 795 55 20 Från
256 796 38 19 147
310 798 10 21 $
337 796 37 18 har
390 796 50 19 sista
452 796 111 26 meningen
577 796 142 25 bortlemnats,
730 796 32 19 för
772 797 30 17 att
818 795 47 19 icke

117 830 52 19 söka
184 830 21 19 åt
220 829 94 25 Banken,
331 830 85 19 hvilken
438 830 54 19 dock
512 836 76 19 genom
605 830 48 19 dess
668 829 137 20 ombudsman
821 832 23 15 är
859 829 5 18 i

117 863 82 20 tillfälle
224 865 29 18 att
277 863 65 20 bättre
366 866 26 17 än
414 863 25 20 de
461 863 60 20 flesta
541 863 98 20 enskilda
657 863 83 20 bevaka
755 863 30 19 sin
802 863 63 23 talan,

118 897 108 20 vindicera
244 904 24 13 en
292 897 205 26 undantagsförmån,
513 904 44 13 som
574 897 41 20 kan
632 897 62 20 lända
710 897 31 19 till
758 897 108 25 betänklig

117 932 66 19 skada
202 932 31 19 för
252 938 68 13 annan
342 931 233 26 inteckningshafvares
594 932 6 19 i
620 931 34 26 lag
670 931 108 26 grundade
795 931 70 26 rättig-

117 966 66 19 heter.

186 999 129 26 Stadgandet
325 1000 6 19 i
343 1000 65 20 andra
419 1000 84 26 stycket
518 1001 23 18 af
556 1001 38 19 149
611 1002 10 22 $
637 1000 37 19 har
690 999 71 26 utgått,
777 999 88 20 emedan

118 1034 47 19 dess
177 1033 92 20 innehåll
281 1034 65 19 måste
361 1040 50 13 vara
426 1034 87 19 föremål
529 1034 32 19 för
577 1034 66 20 andra
658 1034 157 25 författningars
831 1033 34 20 be-

118 1068 138 20 stämmande.

185 1103 8 18 I
211 1103 39 19 155
266 1104 10 22 $
292 1105 36 17 äro
345 1102 65 27 några
425 1102 153 26 uteslutningar
593 1102 81 26 gjorda,
695 1102 31 19 för
741 1103 30 18 att
787 1101 81 20 minska

118 1137 26 19 de
164 1136 136 27 svårigheter,
320 1143 44 13 som
388 1143 75 13 annars
483 1136 70 19 kunde
573 1136 75 26 uppstå
668 1136 31 19 för
718 1136 124 25 tjensteman
862 1135 4 19 i

117 1170 95 26 Banken,
228 1170 85 20 hvilken
332 1177 50 19 eger
398 1170 53 20 eller
467 1170 39 20 blir
522 1177 63 18 egare
602 1170 30 19 till
649 1170 106 26 fastighet,
771 1176 43 13 som
833 1169 33 20 be-

118 1204 67 20 finnes
202 1211 50 13 vara
267 1204 87 20 Banken
370 1204 32 19 till
418 1204 98 19 säkerhet
531 1204 121 19 intecknad.

187 1238 31 20 Då
235 1239 38 19 159
290 1241 10 21 $
316 1238 47 19 icke
376 1238 117 19 innehåller
514 1237 63 27 något
598 1241 45 23 nytt
662 1238 123 26 stadgande,
798 1240 47 17 utan
862 1238 5 18 i

118 1273 99 25 försiaget
233 1274 61 24 utgör
309 1279 26 13 en
352 1272 138 26 omskrifning
506 1272 23 19 af
545 1273 22 18 11
582 1273 25 23 $i
619 1272 82 25 Nädiga
719 1272 148 25 förordningen

118 1307 40 19 den
171 1307 12 18 9
195 1307 117 19 December
331 1307 59 24 1867,
407 1306 110 26 angående
533 1307 104 25 styrelsen
654 1307 39 19 och
710 1306 157 26 förvaltningen

116 1341 23 19 af
153 1340 100 20 Finlands
269 1340 66 25 Bank,
352 1340 37 19 har
404 1340 107 20 Utskottet
528 1342 69 18 ansett
613 1343 9 22 $
641 1340 51 20 böra
708 1340 80 20 erhälla
803 1340 64 19 sädan

119 1374 149 27 uppställning,
285 1376 29 17 att
331 1374 40 19 den
388 1374 73 19 endast
482 1374 128 20 äterhemtar
627 1375 52 19 eller
695 1374 104 26 äberopar
814 1374 54 19 hvad

120 1410 23 18 11
165 1411 10 22 $
195 1409 6 18 i
222 1408 92 19 nämnda
338 1408 159 20 fundamentala
517 1408 123 26 författning
659 1408 107 20 allaredan
788 1407 83 26 stadgat

117 1443 40 19 och
174 1442 117 27 medgifvit.
