1078 1692
238 130 34 16 176

216 193 172 26 stämpelpapper
411 192 22 20 af
453 192 74 21 endast
548 193 7 19 1
575 192 69 20 marks
667 193 65 25 valör,
755 193 37 20 och
816 193 66 20 skulle
906 193 61 20 alltså

216 228 58 20 detta
290 227 60 19 ställe
365 227 6 19 i
388 226 149 27 förordningen
554 229 85 17 komma
654 232 30 14 att
699 227 59 26 lyda:

322 260 110 28 Certifikat
447 261 52 20 eller
513 261 165 27 urspungsbevis
693 263 37 23 jör
744 268 64 14 varor
829 278 2 4 .
862 277 4 4 .
896 263 13 19 1
925 261 41 21 mk.

368 311 12 9 E
441 295 40 27 för
491 294 87 28 fartyg,
593 302 22 14 se
630 295 166 27 helfrihetsbref.

286 330 9 20 I
311 330 101 20 afseende
427 330 12 19 &
455 330 172 27 lysningssedlar
644 330 50 20 ville
713 330 101 20 utskottet
832 330 89 25 förorda,
937 332 28 17 att

217 365 80 19 sädana
313 364 68 20 skulle
397 364 92 20 utfärdas
504 364 32 20 för
552 364 180 26 folkskolelärare,
748 364 88 20 likasom
853 364 30 20 för
898 364 68 26 orgel-

217 400 42 18 nist
274 399 39 19 och
329 398 108 25 klockare,
453 398 13 20 å
481 399 12 19 5
510 398 76 26 marks,
602 400 53 18 samt
670 399 32 19 för
718 398 184 26 landthandlande,
914 398 52 20 lika-

217 439 43 13 som
271 432 31 20 för
312 432 71 20 bruks-
398 432 39 20 och
453 432 172 26 godsförvaltare,
641 432 11 20 ä
665 434 24 18 15
703 432 69 20 marks
787 433 179 25 stämpelpapper;

217 467 39 19 och
273 467 90 19 emedan
387 467 29 19 uti
438 466 122 20 nuvarande
583 466 123 27 författning
721 467 7 19 i
743 469 77 23 ämnet,
836 467 106 19 äfvensom
960 468 5 18 i

218 501 40 19 den
274 501 83 25 Nädiga
372 501 157 25 propositionen
553 501 76 19 saknas
653 501 68 27 nägon
738 502 5 18 i
760 501 137 19 förevarande
912 501 53 19 afse-

218 535 55 20 ende
289 535 111 26 otvetydig
415 534 134 27 bestämning
565 535 90 19 rörande
667 535 185 19 handelsbiträden
866 534 12 20 &
888 535 78 25 landet,

217 576 64 20 synes
297 569 36 20 det
348 575 50 13 vara
414 568 45 20 skäl
475 571 30 18 att
519 570 7 18 i
542 569 148 27 förordningen
713 569 69 20 införa
803 571 30 18 ett
851 569 115 26 stadgande

217 604 80 25 härom,
322 603 39 20 och
384 603 87 20 föreslär
494 603 101 20 utskottet
617 604 62 26 förty,
703 605 30 18 att
755 604 154 26 lysningssedel
935 604 32 19 för

217 644 101 20 personer
344 637 22 19 af
390 637 69 19 denna
483 637 96 26 kategori
603 638 93 19 utfärdas
719 638 13 19 &
753 638 169 26 stämpelpapper
947 638 23 19 af

218 672 13 19 2
248 671 70 19 marks
334 671 70 25 valör;
422 672 39 18 och
482 671 67 20 skulle
565 672 125 19 hithörande
706 672 129 26 stadganden
852 672 113 26 lämpligen

218 705 81 20 erhålla
314 705 94 26 följande
424 705 93 26 lydelse:

286 740 41 20 4:0.
360 738 115 28 Orgelnist,
491 738 98 22 klockare
605 739 37 21 och
652 738 184 28 folkskolelärare
863 754 4 4 .
897 740 14 20 5
928 739 39 21 mk.

287 807 82 21 Bruks-
378 807 37 21 och
426 786 174 76 godsförvaltare
610 810 55 18 samt
680 807 188 21 landthandlande
884 808 27 20 15

286 841 137 28 Apothekare
438 857 5 4 .
473 857 5 4 .
509 857 4 4 .
862 857 4 4 .
882 843 29 20 20

287 876 83 20 Annan
385 857 164 60 ständsperson
556 876 8 19 i
579 857 50 39 stad
643 857 52 39 eller
707 875 32 27 på
755 857 76 39 landet
864 891 4 3 «
898 877 15 19 &
942 891 12 10 43

287 909 228 22 Handelsbiträden
501 905 14 34 å
527 910 93 20 landet
623 905 15 34 .
651 925 5 5 .
688 925 38 5 sco
757 925 40 5 ss
827 925 5 5 .
862 925 4 5 .
897 911 15 20 2
942 925 12 10 »

289 944 171 27 Ständspersons
477 943 159 28 livrébetjening
654 960 2 4 .
687 959 5 5 .
724 959 4 5 .
758 959 5 5 .
794 959 4 4 .
829 959 4 5 .
864 959 4 4 .
899 945 20 19 1:
935 945 33 20 60.

275 979 10 19 I
301 979 69 20 stället
385 981 31 18 att
431 979 40 20 den
486 979 84 26 Nädiga
585 979 158 26 propositionen
759 978 117 20 innehäller
891 978 78 27 förslag

219 1015 31 17 att
264 1011 122 28 skattebref
398 1013 12 19 å
425 1013 87 19 rusthäll
531 1013 39 19 och
593 1013 97 19 hemman
714 1012 60 20 skola
797 1014 48 18 utan
863 1012 104 21 ätskilnad

220 1047 94 20 utfärdas
329 1047 13 19 å
357 1048 12 18 4
386 1047 69 19 marks
478 1047 176 26 stämpelpapper,
670 1053 61 13 anser
751 1047 32 26 sig
799 1047 105 26 utskottet,
921 1047 47 20 med

219 1081 101 20 afseende
344 1081 12 19 &
379 1081 125 20 rusthällens
523 1081 6 19 i
550 1081 114 20 allmänhet
690 1083 66 17 större
782 1081 110 25 förmåner,
918 1081 51 19 böra

218 1115 68 20 hellre
309 1115 85 20 förorda
417 1115 158 20 bibehällandet
594 1115 23 20 af
635 1115 25 20 de
676 1122 27 13 nu
726 1115 97 27 gällande
847 1115 122 26 stadgande,

220 1151 30 18 att
266 1149 118 20 skattebref
398 1149 30 19 för
443 1149 88 20 rusthäll
553 1149 99 26 stämplas
678 1149 47 20 med
742 1150 11 19 4
770 1149 38 20 och
825 1149 31 19 för
871 1149 97 20 hemman

220 1183 46 20 med
282 1183 14 20 2
312 1183 70 25 mark;
398 1183 82 20 hvadan
497 1183 57 20 detta
570 1183 59 20 ställe
641 1183 5 19 i
659 1183 152 26 författningen
828 1183 66 20 skulle
911 1183 57 20 kom-

220 1224 34 13 ma
269 1220 30 17 att
314 1217 60 26 lyda:

290 1250 128 28 Skattebref
429 1251 13 20 &
457 1251 94 20 rusthäll
582 1267 4 4 .
617 1267 4 4 .
652 1268 4 4 .
796 1252 118 19 4
929 1251 41 20 mk.

347 1301 11 10 jä
425 1285 13 20 å
453 1285 98 21 hemman
581 1301 4 4 .
616 1301 4 4 .
864 1300 4 5 <
898 1287 16 19 2

288 1319 49 20 Med
358 1319 115 26 anledning
492 1320 23 19 af
532 1320 35 19 det
590 1301 137 45 äfetyrkande
749 1301 98 44 yttrande
870 1319 102 20 utskottet

220 1353 84 27 afgifvit
330 1353 131 20 beträffande
486 1354 101 26 förslaget
607 1354 6 19 i
632 1354 65 19 första
722 1355 115 18 momentet
862 1353 22 20 af
907 1353 63 20 femte

220 1387 94 26 punkten
335 1387 6 19 i
357 1387 41 20 den
420 1388 83 25 Nådiga
529 1388 165 26 propositionen,
718 1387 68 20 finner
812 1387 99 20 uiskottei
939 1387 31 26 sig

222 1422 52 20 böra
296 1421 85 20 förorda
405 1421 158 21 bibehållandet
585 1422 23 19 af
627 1422 110 26 ingressen
755 1421 31 20 till
805 1423 10 21 $
834 1421 11 19 6
864 1421 7 18 i
887 1421 40 19 den
944 1427 26 13 nu

221 1455 99 26 gällande
336 1455 155 28 förordningen
503 1463 33 13 om
548 1455 278 28 stämpelpappersafgiften,
837 1454 23 19 så
870 1454 101 27 lydande:
