<?xml version="1.0" encoding="UTF-8"?>
<alto xmlns="http://www.loc.gov/standards/alto/ns-v3#" xmlns:xlink="http://www.w3.org/1999/xlink" xmlns:xsi="http://www.w3.org/2001/XMLSchema-instance" xsi:schemaLocation="http://www.loc.gov/standards/alto/ns-v3# http://www.loc.gov/alto/v3/alto-3-0.xsd">
	<Description>
		<MeasurementUnit>pixel</MeasurementUnit>
		<sourceImageInformation>
			<fileName>/tmp/tess_mvotmv92_input.PNG</fileName>
		</sourceImageInformation>
		<OCRProcessing ID="OCR_0">
			<ocrProcessingStep>
				<processingSoftware>
					<softwareName>tesseract 5.3.4</softwareName>
				</processingSoftware>
			</ocrProcessingStep>
		</OCRProcessing>
	</Description>
	<Layout>
		<Page WIDTH="1078" HEIGHT="1692" PHYSICAL_IMG_NR="0" ID="page_0">
			<PrintSpace HPOS="0" VPOS="0" WIDTH="1078" HEIGHT="1692">
				<ComposedBlock ID="cblock_0" HPOS="806" VPOS="115" WIDTH="34" HEIGHT="18">
					<TextBlock ID="block_0" HPOS="806" VPOS="115" WIDTH="34" HEIGHT="18">
						<TextLine ID="line_0" HPOS="806" VPOS="115" WIDTH="34" HEIGHT="18">
							<String ID="string_0" HPOS="806" VPOS="115" WIDTH="34" HEIGHT="18" WC="0.96" CONTENT="365"/>
						</TextLine>
					</TextBlock>
				</ComposedBlock>
				<ComposedBlock ID="cblock_1" HPOS="114" VPOS="176" WIDTH="750" HEIGHT="543">
					<TextBlock ID="block_1" HPOS="461" VPOS="176" WIDTH="60" HEIGHT="24">
						<TextLine ID="line_1" HPOS="461" VPOS="176" WIDTH="60" HEIGHT="24">
							<String ID="string_1" HPOS="461" VPOS="178" WIDTH="10" HEIGHT="22" WC="0.81" CONTENT="$"/><SP WIDTH="17" VPOS="178" HPOS="471"/>
							<String ID="string_2" HPOS="488" VPOS="176" WIDTH="33" HEIGHT="19" WC="0.92" CONTENT="47."/>
						</TextLine>
					</TextBlock>
					<TextBlock ID="block_2" HPOS="114" VPOS="216" WIDTH="749" HEIGHT="196">
						<TextLine ID="line_2" HPOS="185" VPOS="216" WIDTH="677" HEIGHT="27">
							<String ID="string_3" HPOS="185" VPOS="216" WIDTH="126" HEIGHT="27" WC="0.92" CONTENT="Räkningen"/><SP WIDTH="17" VPOS="216" HPOS="311"/>
							<String ID="string_4" HPOS="328" VPOS="216" WIDTH="86" HEIGHT="20" WC="0.91" CONTENT="afslutas"/><SP WIDTH="16" VPOS="216" HPOS="414"/>
							<String ID="string_5" HPOS="430" VPOS="216" WIDTH="47" HEIGHT="20" WC="0.93" CONTENT="med"/><SP WIDTH="17" VPOS="216" HPOS="477"/>
							<String ID="string_6" HPOS="494" VPOS="216" WIDTH="154" HEIGHT="24" WC="0.92" CONTENT="kalenderäret,"/><SP WIDTH="16" VPOS="216" HPOS="648"/>
							<String ID="string_7" HPOS="664" VPOS="216" WIDTH="40" HEIGHT="20" WC="0.95" CONTENT="och"/><SP WIDTH="16" VPOS="216" HPOS="704"/>
							<String ID="string_8" HPOS="720" VPOS="216" WIDTH="85" HEIGHT="20" WC="0.92" CONTENT="Banken"/><SP WIDTH="18" VPOS="216" HPOS="805"/>
							<String ID="string_9" HPOS="823" VPOS="216" WIDTH="39" HEIGHT="20" WC="0.91" CONTENT="till-"/>
						</TextLine>
						<TextLine ID="line_3" HPOS="114" VPOS="250" WIDTH="748" HEIGHT="26">
							<String ID="string_10" HPOS="114" VPOS="250" WIDTH="138" HEIGHT="20" WC="0.61" CONTENT="handahäller"/><SP WIDTH="24" VPOS="250" HPOS="252"/>
							<String ID="string_11" HPOS="276" VPOS="250" WIDTH="201" HEIGHT="26" WC="0.61" CONTENT="räkningshafvaren"/><SP WIDTH="16" VPOS="250" HPOS="477"/>
							<String ID="string_12" HPOS="493" VPOS="250" WIDTH="57" HEIGHT="19" WC="0.96" CONTENT="inom"/><SP WIDTH="23" VPOS="250" HPOS="550"/>
							<String ID="string_13" HPOS="573" VPOS="250" WIDTH="86" HEIGHT="19" WC="0.93" CONTENT="Januari"/><SP WIDTH="20" VPOS="250" HPOS="659"/>
							<String ID="string_14" HPOS="679" VPOS="250" WIDTH="75" HEIGHT="20" WC="0.96" CONTENT="månad"/><SP WIDTH="17" VPOS="250" HPOS="754"/>
							<String ID="string_15" HPOS="771" VPOS="250" WIDTH="91" HEIGHT="26" WC="0.96" CONTENT="följande"/>
						</TextLine>
						<TextLine ID="line_4" HPOS="115" VPOS="284" WIDTH="748" HEIGHT="27">
							<String ID="string_16" HPOS="115" VPOS="285" WIDTH="22" HEIGHT="19" WC="0.95" CONTENT="år"/><SP WIDTH="16" VPOS="285" HPOS="137"/>
							<String ID="string_17" HPOS="153" VPOS="284" WIDTH="92" HEIGHT="27" WC="0.93" CONTENT="skriftlig"/><SP WIDTH="16" VPOS="284" HPOS="245"/>
							<String ID="string_18" HPOS="261" VPOS="284" WIDTH="82" HEIGHT="26" WC="0.96" CONTENT="uppgift"/><SP WIDTH="15" VPOS="284" HPOS="343"/>
							<String ID="string_19" HPOS="358" VPOS="290" WIDTH="32" HEIGHT="14" WC="0.96" CONTENT="om"/><SP WIDTH="18" VPOS="290" HPOS="390"/>
							<String ID="string_20" HPOS="408" VPOS="284" WIDTH="98" HEIGHT="26" WC="0.96" CONTENT="beloppet"/><SP WIDTH="16" VPOS="284" HPOS="506"/>
							<String ID="string_21" HPOS="522" VPOS="284" WIDTH="23" HEIGHT="19" WC="0.96" CONTENT="af"/><SP WIDTH="13" VPOS="284" HPOS="545"/>
							<String ID="string_22" HPOS="558" VPOS="284" WIDTH="52" HEIGHT="20" WC="0.93" CONTENT="hans"/><SP WIDTH="11" VPOS="284" HPOS="610"/>
							<String ID="string_23" HPOS="621" VPOS="284" WIDTH="194" HEIGHT="26" WC="0.76" CONTENT="tillgodohafvande"/><SP WIDTH="11" VPOS="284" HPOS="815"/>
							<String ID="string_24" HPOS="826" VPOS="285" WIDTH="37" HEIGHT="19" WC="0.97" CONTENT="hos"/>
						</TextLine>
						<TextLine ID="line_5" HPOS="115" VPOS="318" WIDTH="747" HEIGHT="26">
							<String ID="string_25" HPOS="115" VPOS="319" WIDTH="88" HEIGHT="20" WC="0.96" CONTENT="Banken"/><SP WIDTH="16" VPOS="319" HPOS="203"/>
							<String ID="string_26" HPOS="219" VPOS="318" WIDTH="41" HEIGHT="20" WC="0.96" CONTENT="den"/><SP WIDTH="17" VPOS="318" HPOS="260"/>
							<String ID="string_27" HPOS="277" VPOS="318" WIDTH="23" HEIGHT="20" WC="0.93" CONTENT="31"/><SP WIDTH="19" VPOS="318" HPOS="300"/>
							<String ID="string_28" HPOS="319" VPOS="318" WIDTH="137" HEIGHT="20" WC="0.92" CONTENT="nästförlidne"/><SP WIDTH="16" VPOS="318" HPOS="456"/>
							<String ID="string_29" HPOS="472" VPOS="318" WIDTH="125" HEIGHT="26" WC="0.93" CONTENT="December,"/><SP WIDTH="12" VPOS="318" HPOS="597"/>
							<String ID="string_30" HPOS="609" VPOS="318" WIDTH="114" HEIGHT="26" WC="0.92" CONTENT="hvarjemte"/><SP WIDTH="11" VPOS="318" HPOS="723"/>
							<String ID="string_31" HPOS="734" VPOS="318" WIDTH="82" HEIGHT="20" WC="0.92" CONTENT="tillfälle"/><SP WIDTH="13" VPOS="318" HPOS="816"/>
							<String ID="string_32" HPOS="829" VPOS="318" WIDTH="33" HEIGHT="20" WC="0.80" CONTENT="he-"/>
						</TextLine>
						<TextLine ID="line_6" HPOS="115" VPOS="352" WIDTH="748" HEIGHT="26">
							<String ID="string_33" HPOS="115" VPOS="354" WIDTH="61" HEIGHT="18" WC="0.92" CONTENT="redes"/><SP WIDTH="24" VPOS="354" HPOS="176"/>
							<String ID="string_34" HPOS="200" VPOS="353" WIDTH="77" HEIGHT="19" WC="0.96" CONTENT="honom"/><SP WIDTH="23" VPOS="353" HPOS="277"/>
							<String ID="string_35" HPOS="300" VPOS="355" WIDTH="30" HEIGHT="17" WC="0.93" CONTENT="att"/><SP WIDTH="20" VPOS="355" HPOS="330"/>
							<String ID="string_36" HPOS="350" VPOS="353" WIDTH="90" HEIGHT="25" WC="0.92" CONTENT="jemföra"/><SP WIDTH="23" VPOS="353" HPOS="440"/>
							<String ID="string_37" HPOS="463" VPOS="352" WIDTH="31" HEIGHT="20" WC="0.96" CONTENT="sin"/><SP WIDTH="24" VPOS="352" HPOS="494"/>
							<String ID="string_38" HPOS="518" VPOS="358" WIDTH="54" HEIGHT="20" WC="0.93" CONTENT="egen"/><SP WIDTH="24" VPOS="358" HPOS="572"/>
							<String ID="string_39" HPOS="596" VPOS="352" WIDTH="90" HEIGHT="26" WC="0.89" CONTENT="räkning"/><SP WIDTH="16" VPOS="352" HPOS="686"/>
							<String ID="string_40" HPOS="702" VPOS="352" WIDTH="47" HEIGHT="20" WC="0.93" CONTENT="med"/><SP WIDTH="16" VPOS="352" HPOS="749"/>
							<String ID="string_41" HPOS="765" VPOS="352" WIDTH="98" HEIGHT="20" WC="0.92" CONTENT="Bankens"/>
						</TextLine>
						<TextLine ID="line_7" HPOS="114" VPOS="387" WIDTH="206" HEIGHT="25">
							<String ID="string_42" HPOS="114" VPOS="387" WIDTH="91" HEIGHT="25" WC="0.96" CONTENT="räkning"/><SP WIDTH="16" VPOS="387" HPOS="205"/>
							<String ID="string_43" HPOS="221" VPOS="387" WIDTH="6" HEIGHT="19" WC="0.93" CONTENT="i"/><SP WIDTH="17" VPOS="387" HPOS="227"/>
							<String ID="string_44" HPOS="244" VPOS="389" WIDTH="76" HEIGHT="18" WC="0.96" CONTENT="ämnet."/>
						</TextLine>
					</TextBlock>
					<TextBlock ID="block_3" HPOS="115" VPOS="420" WIDTH="749" HEIGHT="299">
						<TextLine ID="line_8" HPOS="183" VPOS="420" WIDTH="679" HEIGHT="27">
							<String ID="string_45" HPOS="183" VPOS="420" WIDTH="42" HEIGHT="20" WC="0.93" CONTENT="Vill"/><SP WIDTH="16" VPOS="420" HPOS="225"/>
							<String ID="string_46" HPOS="241" VPOS="420" WIDTH="201" HEIGHT="27" WC="0.90" CONTENT="räkningshafvaren"/><SP WIDTH="13" VPOS="420" HPOS="442"/>
							<String ID="string_47" HPOS="455" VPOS="423" WIDTH="51" HEIGHT="23" WC="0.96" CONTENT="göra"/><SP WIDTH="11" VPOS="423" HPOS="506"/>
							<String ID="string_48" HPOS="517" VPOS="420" WIDTH="165" HEIGHT="26" WC="0.95" CONTENT="anmärkningar"/><SP WIDTH="16" VPOS="420" HPOS="682"/>
							<String ID="string_49" HPOS="698" VPOS="423" WIDTH="56" HEIGHT="17" WC="0.96" CONTENT="emot"/><SP WIDTH="10" VPOS="423" HPOS="754"/>
							<String ID="string_50" HPOS="764" VPOS="420" WIDTH="98" HEIGHT="20" WC="0.96" CONTENT="Bankens"/>
						</TextLine>
						<TextLine ID="line_9" HPOS="115" VPOS="452" WIDTH="748" HEIGHT="28">
							<String ID="string_51" HPOS="115" VPOS="454" WIDTH="96" HEIGHT="26" WC="0.95" CONTENT="räkning,"/><SP WIDTH="15" VPOS="454" HPOS="211"/>
							<String ID="string_52" HPOS="226" VPOS="454" WIDTH="54" HEIGHT="20" WC="0.95" CONTENT="skall"/><SP WIDTH="24" VPOS="454" HPOS="280"/>
							<String ID="string_53" HPOS="304" VPOS="454" WIDTH="39" HEIGHT="20" WC="0.92" CONTENT="han"/><SP WIDTH="23" VPOS="454" HPOS="343"/>
							<String ID="string_54" HPOS="366" VPOS="454" WIDTH="93" HEIGHT="20" WC="0.91" CONTENT="aflemna"/><SP WIDTH="16" VPOS="454" HPOS="459"/>
							<String ID="string_55" HPOS="475" VPOS="454" WIDTH="54" HEIGHT="25" WC="0.96" CONTENT="dem,"/><SP WIDTH="16" VPOS="454" HPOS="529"/>
							<String ID="string_56" HPOS="545" VPOS="454" WIDTH="118" HEIGHT="26" WC="0.93" CONTENT="skriftligen"/><SP WIDTH="21" VPOS="454" HPOS="663"/>
							<String ID="string_57" HPOS="684" VPOS="452" WIDTH="107" HEIGHT="28" WC="0.92" CONTENT="aftattade,"/><SP WIDTH="15" VPOS="452" HPOS="791"/>
							<String ID="string_58" HPOS="806" VPOS="455" WIDTH="57" HEIGHT="19" WC="0.96" CONTENT="inom"/>
						</TextLine>
						<TextLine ID="line_10" HPOS="115" VPOS="488" WIDTH="749" HEIGHT="26">
							<String ID="string_59" HPOS="115" VPOS="489" WIDTH="40" HEIGHT="19" WC="0.95" CONTENT="den"/><SP WIDTH="26" VPOS="489" HPOS="155"/>
							<String ID="string_60" HPOS="181" VPOS="489" WIDTH="25" HEIGHT="19" WC="0.95" CONTENT="15"/><SP WIDTH="23" VPOS="489" HPOS="206"/>
							<String ID="string_61" HPOS="229" VPOS="488" WIDTH="121" HEIGHT="26" WC="0.95" CONTENT="påföljande"/><SP WIDTH="22" VPOS="488" HPOS="350"/>
							<String ID="string_62" HPOS="372" VPOS="488" WIDTH="107" HEIGHT="25" WC="0.95" CONTENT="Februari,"/><SP WIDTH="17" VPOS="488" HPOS="479"/>
							<String ID="string_63" HPOS="496" VPOS="488" WIDTH="35" HEIGHT="20" WC="0.93" CONTENT="vid"/><SP WIDTH="23" VPOS="488" HPOS="531"/>
							<String ID="string_64" HPOS="554" VPOS="488" WIDTH="97" HEIGHT="26" WC="0.92" CONTENT="äfventyr"/><SP WIDTH="22" VPOS="488" HPOS="651"/>
							<String ID="string_65" HPOS="673" VPOS="490" WIDTH="30" HEIGHT="18" WC="0.96" CONTENT="att"/><SP WIDTH="22" VPOS="490" HPOS="703"/>
							<String ID="string_66" HPOS="725" VPOS="494" WIDTH="61" HEIGHT="14" WC="0.95" CONTENT="anses"/><SP WIDTH="15" VPOS="494" HPOS="786"/>
							<String ID="string_67" HPOS="801" VPOS="488" WIDTH="63" HEIGHT="19" WC="0.95" CONTENT="hafva"/>
						</TextLine>
						<TextLine ID="line_11" HPOS="115" VPOS="522" WIDTH="748" HEIGHT="26">
							<String ID="string_68" HPOS="115" VPOS="522" WIDTH="94" HEIGHT="25" WC="0.96" CONTENT="godkänt"/><SP WIDTH="10" VPOS="522" HPOS="209"/>
							<String ID="string_69" HPOS="219" VPOS="522" WIDTH="125" HEIGHT="26" WC="0.91" CONTENT="räkningen."/><SP WIDTH="16" VPOS="522" HPOS="344"/>
							<String ID="string_70" HPOS="360" VPOS="522" WIDTH="199" HEIGHT="26" WC="0.91" CONTENT="Anmärkningarne"/><SP WIDTH="10" VPOS="522" HPOS="559"/>
							<String ID="string_71" HPOS="569" VPOS="522" WIDTH="83" HEIGHT="26" WC="0.91" CONTENT="afgöras"/><SP WIDTH="16" VPOS="522" HPOS="652"/>
							<String ID="string_72" HPOS="668" VPOS="522" WIDTH="22" HEIGHT="20" WC="0.93" CONTENT="af"/><SP WIDTH="12" VPOS="522" HPOS="690"/>
							<String ID="string_73" HPOS="702" VPOS="522" WIDTH="161" HEIGHT="20" WC="0.91" CONTENT="Bankdirektio-"/>
						</TextLine>
						<TextLine ID="line_12" HPOS="116" VPOS="556" WIDTH="747" HEIGHT="27">
							<String ID="string_74" HPOS="116" VPOS="563" WIDTH="52" HEIGHT="19" WC="0.96" CONTENT="nen;"/><SP WIDTH="16" VPOS="563" HPOS="168"/>
							<String ID="string_75" HPOS="184" VPOS="563" WIDTH="46" HEIGHT="13" WC="0.96" CONTENT="men"/><SP WIDTH="18" VPOS="563" HPOS="230"/>
							<String ID="string_76" HPOS="248" VPOS="557" WIDTH="35" HEIGHT="19" WC="0.96" CONTENT="det"/><SP WIDTH="13" VPOS="557" HPOS="283"/>
							<String ID="string_77" HPOS="296" VPOS="559" WIDTH="23" HEIGHT="17" WC="0.93" CONTENT="är"/><SP WIDTH="15" VPOS="559" HPOS="319"/>
							<String ID="string_78" HPOS="334" VPOS="556" WIDTH="211" HEIGHT="27" WC="0.90" CONTENT="räkningshafvaren,"/><SP WIDTH="15" VPOS="556" HPOS="545"/>
							<String ID="string_79" HPOS="560" VPOS="556" WIDTH="45" HEIGHT="20" WC="0.96" CONTENT="ifall"/><SP WIDTH="16" VPOS="556" HPOS="605"/>
							<String ID="string_80" HPOS="621" VPOS="556" WIDTH="41" HEIGHT="20" WC="0.96" CONTENT="han"/><SP WIDTH="16" VPOS="556" HPOS="662"/>
							<String ID="string_81" HPOS="678" VPOS="556" WIDTH="48" HEIGHT="20" WC="0.96" CONTENT="icke"/><SP WIDTH="16" VPOS="556" HPOS="726"/>
							<String ID="string_82" HPOS="742" VPOS="557" WIDTH="58" HEIGHT="25" WC="0.95" CONTENT="nöjes"/><SP WIDTH="17" VPOS="557" HPOS="800"/>
							<String ID="string_83" HPOS="817" VPOS="557" WIDTH="46" HEIGHT="19" WC="0.96" CONTENT="med"/>
						</TextLine>
						<TextLine ID="line_13" HPOS="116" VPOS="590" WIDTH="746" HEIGHT="28">
							<String ID="string_84" HPOS="116" VPOS="590" WIDTH="150" HEIGHT="20" WC="0.92" CONTENT="Direktionens"/><SP WIDTH="15" VPOS="590" HPOS="266"/>
							<String ID="string_85" HPOS="281" VPOS="591" WIDTH="81" HEIGHT="26" WC="0.93" CONTENT="åtgärd,"/><SP WIDTH="16" VPOS="591" HPOS="362"/>
							<String ID="string_86" HPOS="378" VPOS="591" WIDTH="99" HEIGHT="27" WC="0.92" CONTENT="obetaget"/><SP WIDTH="15" VPOS="591" HPOS="477"/>
							<String ID="string_87" HPOS="492" VPOS="593" WIDTH="37" HEIGHT="23" WC="0.96" CONTENT="att,"/><SP WIDTH="16" VPOS="593" HPOS="529"/>
							<String ID="string_88" HPOS="545" VPOS="592" WIDTH="38" HEIGHT="18" WC="0.96" CONTENT="sist"/><SP WIDTH="15" VPOS="592" HPOS="583"/>
							<String ID="string_89" HPOS="598" VPOS="591" WIDTH="57" HEIGHT="20" WC="0.96" CONTENT="inom"/><SP WIDTH="17" VPOS="591" HPOS="655"/>
							<String ID="string_90" HPOS="672" VPOS="594" WIDTH="30" HEIGHT="17" WC="0.96" CONTENT="tre"/><SP WIDTH="17" VPOS="594" HPOS="702"/>
							<String ID="string_91" HPOS="719" VPOS="590" WIDTH="100" HEIGHT="20" WC="0.93" CONTENT="månader"/><SP WIDTH="15" VPOS="590" HPOS="819"/>
							<String ID="string_92" HPOS="834" VPOS="591" WIDTH="28" HEIGHT="19" WC="0.93" CONTENT="ef-"/>
						</TextLine>
						<TextLine ID="line_14" HPOS="116" VPOS="624" WIDTH="747" HEIGHT="27">
							<String ID="string_93" HPOS="116" VPOS="627" WIDTH="31" HEIGHT="17" WC="0.95" CONTENT="ter"/><SP WIDTH="16" VPOS="627" HPOS="147"/>
							<String ID="string_94" HPOS="163" VPOS="625" WIDTH="36" HEIGHT="19" WC="0.92" CONTENT="det"/><SP WIDTH="15" VPOS="625" HPOS="199"/>
							<String ID="string_95" HPOS="214" VPOS="624" WIDTH="149" HEIGHT="21" WC="0.92" CONTENT="Direktionens"/><SP WIDTH="24" VPOS="624" HPOS="363"/>
							<String ID="string_96" HPOS="387" VPOS="625" WIDTH="68" HEIGHT="26" WC="0.95" CONTENT="utslag"/><SP WIDTH="18" VPOS="625" HPOS="455"/>
							<String ID="string_97" HPOS="473" VPOS="624" WIDTH="60" HEIGHT="26" WC="0.95" CONTENT="fallit,"/><SP WIDTH="17" VPOS="624" HPOS="533"/>
							<String ID="string_98" HPOS="550" VPOS="625" WIDTH="35" HEIGHT="19" WC="0.96" CONTENT="vid"/><SP WIDTH="17" VPOS="625" HPOS="585"/>
							<String ID="string_99" HPOS="602" VPOS="624" WIDTH="134" HEIGHT="27" WC="0.96" CONTENT="vederbörlig"/><SP WIDTH="16" VPOS="624" HPOS="736"/>
							<String ID="string_100" HPOS="752" VPOS="624" WIDTH="90" HEIGHT="20" WC="0.95" CONTENT="domstol"/><SP WIDTH="16" VPOS="624" HPOS="842"/>
							<String ID="string_101" HPOS="858" VPOS="625" WIDTH="5" HEIGHT="19" WC="0.95" CONTENT="i"/>
						</TextLine>
						<TextLine ID="line_15" HPOS="115" VPOS="658" WIDTH="747" HEIGHT="27">
							<String ID="string_102" HPOS="115" VPOS="659" WIDTH="48" HEIGHT="26" WC="0.96" CONTENT="laga"/><SP WIDTH="15" VPOS="659" HPOS="163"/>
							<String ID="string_103" HPOS="178" VPOS="658" WIDTH="91" HEIGHT="27" WC="0.96" CONTENT="ordning"/><SP WIDTH="17" VPOS="658" HPOS="269"/>
							<String ID="string_104" HPOS="286" VPOS="661" WIDTH="42" HEIGHT="17" WC="0.96" CONTENT="mot"/><SP WIDTH="16" VPOS="661" HPOS="328"/>
							<String ID="string_105" HPOS="344" VPOS="659" WIDTH="86" HEIGHT="20" WC="0.96" CONTENT="Banken"/><SP WIDTH="18" VPOS="659" HPOS="430"/>
							<String ID="string_106" HPOS="448" VPOS="658" WIDTH="68" HEIGHT="20" WC="0.96" CONTENT="utföra"/><SP WIDTH="12" VPOS="658" HPOS="516"/>
							<String ID="string_107" HPOS="528" VPOS="658" WIDTH="41" HEIGHT="20" WC="0.96" CONTENT="den"/><SP WIDTH="16" VPOS="658" HPOS="569"/>
							<String ID="string_108" HPOS="585" VPOS="659" WIDTH="63" HEIGHT="25" WC="0.91" CONTENT="talan,"/><SP WIDTH="17" VPOS="659" HPOS="648"/>
							<String ID="string_109" HPOS="665" VPOS="658" WIDTH="84" HEIGHT="20" WC="0.91" CONTENT="hvartill"/><SP WIDTH="16" VPOS="658" HPOS="749"/>
							<String ID="string_110" HPOS="765" VPOS="659" WIDTH="39" HEIGHT="19" WC="0.96" CONTENT="han"/><SP WIDTH="17" VPOS="659" HPOS="804"/>
							<String ID="string_111" HPOS="821" VPOS="658" WIDTH="41" HEIGHT="20" WC="0.96" CONTENT="kan"/>
						</TextLine>
						<TextLine ID="line_16" HPOS="115" VPOS="692" WIDTH="217" HEIGHT="27">
							<String ID="string_112" HPOS="115" VPOS="692" WIDTH="57" HEIGHT="20" WC="0.96" CONTENT="finna"/><SP WIDTH="15" VPOS="692" HPOS="172"/>
							<String ID="string_113" HPOS="187" VPOS="693" WIDTH="31" HEIGHT="25" WC="0.96" CONTENT="sig"/><SP WIDTH="18" VPOS="693" HPOS="218"/>
							<String ID="string_114" HPOS="236" VPOS="692" WIDTH="96" HEIGHT="27" WC="0.96" CONTENT="befogad."/>
						</TextLine>
					</TextBlock>
				</ComposedBlock>
				<ComposedBlock ID="cblock_2" HPOS="115" VPOS="750" WIDTH="748" HEIGHT="133">
					<TextBlock ID="block_4" HPOS="115" VPOS="750" WIDTH="748" HEIGHT="133">
						<TextLine ID="line_17" HPOS="463" VPOS="750" WIDTH="58" HEIGHT="23">
							<String ID="string_115" HPOS="463" VPOS="752" WIDTH="9" HEIGHT="21" WC="0.83" CONTENT="s"/><SP WIDTH="17" VPOS="752" HPOS="472"/>
							<String ID="string_116" HPOS="489" VPOS="750" WIDTH="32" HEIGHT="19" WC="0.95" CONTENT="48."/>
						</TextLine>
						<TextLine ID="line_18" HPOS="184" VPOS="788" WIDTH="678" HEIGHT="28">
							<String ID="string_117" HPOS="184" VPOS="789" WIDTH="193" HEIGHT="20" WC="0.90" CONTENT="Bankdirektionen"/><SP WIDTH="24" VPOS="789" HPOS="377"/>
							<String ID="string_118" HPOS="401" VPOS="788" WIDTH="57" HEIGHT="20" WC="0.96" CONTENT="såväl"/><SP WIDTH="20" VPOS="788" HPOS="458"/>
							<String ID="string_119" HPOS="478" VPOS="795" WIDTH="45" HEIGHT="14" WC="0.93" CONTENT="som"/><SP WIDTH="16" VPOS="795" HPOS="523"/>
							<String ID="string_120" HPOS="539" VPOS="789" WIDTH="203" HEIGHT="27" WC="0.90" CONTENT="räkningshafvaren"/><SP WIDTH="16" VPOS="789" HPOS="742"/>
							<String ID="string_121" HPOS="758" VPOS="792" WIDTH="23" HEIGHT="17" WC="0.93" CONTENT="är"/><SP WIDTH="16" VPOS="792" HPOS="781"/>
							<String ID="string_122" HPOS="797" VPOS="789" WIDTH="65" HEIGHT="20" WC="0.90" CONTENT="berät-"/>
						</TextLine>
						<TextLine ID="line_19" HPOS="115" VPOS="823" WIDTH="748" HEIGHT="26">
							<String ID="string_123" HPOS="115" VPOS="823" WIDTH="58" HEIGHT="25" WC="0.93" CONTENT="tigad"/><SP WIDTH="16" VPOS="823" HPOS="173"/>
							<String ID="string_124" HPOS="189" VPOS="825" WIDTH="37" HEIGHT="24" WC="0.96" CONTENT="att,"/><SP WIDTH="16" VPOS="825" HPOS="226"/>
							<String ID="string_125" HPOS="242" VPOS="826" WIDTH="49" HEIGHT="17" WC="0.93" CONTENT="utan"/><SP WIDTH="27" VPOS="826" HPOS="291"/>
							<String ID="string_126" HPOS="318" VPOS="823" WIDTH="113" HEIGHT="26" WC="0.91" CONTENT="uppgifven"/><SP WIDTH="24" VPOS="823" HPOS="431"/>
							<String ID="string_127" HPOS="455" VPOS="823" WIDTH="122" HEIGHT="26" WC="0.92" CONTENT="anledning,"/><SP WIDTH="19" VPOS="823" HPOS="577"/>
							<String ID="string_128" HPOS="596" VPOS="826" WIDTH="94" HEIGHT="23" WC="0.92" CONTENT="uppsäga"/><SP WIDTH="22" VPOS="826" HPOS="690"/>
							<String ID="string_129" HPOS="712" VPOS="830" WIDTH="50" HEIGHT="19" WC="0.92" CONTENT="upp-"/><SP WIDTH="17" VPOS="830" HPOS="762"/>
							<String ID="string_130" HPOS="779" VPOS="824" WIDTH="39" HEIGHT="19" WC="0.93" CONTENT="och"/><SP WIDTH="16" VPOS="824" HPOS="818"/>
							<String ID="string_131" HPOS="834" VPOS="824" WIDTH="29" HEIGHT="19" WC="0.92" CONTENT="af-"/>
						</TextLine>
						<TextLine ID="line_20" HPOS="115" VPOS="856" WIDTH="662" HEIGHT="27">
							<String ID="string_132" HPOS="115" VPOS="856" WIDTH="215" HEIGHT="27" WC="0.91" CONTENT="skrifningsräkning,"/><SP WIDTH="16" VPOS="856" HPOS="330"/>
							<String ID="string_133" HPOS="346" VPOS="857" WIDTH="31" HEIGHT="19" WC="0.96" CONTENT="till"/><SP WIDTH="17" VPOS="857" HPOS="377"/>
							<String ID="string_134" HPOS="394" VPOS="857" WIDTH="135" HEIGHT="26" WC="0.96" CONTENT="upphörande"/><SP WIDTH="17" VPOS="857" HPOS="529"/>
							<String ID="string_135" HPOS="546" VPOS="863" WIDTH="25" HEIGHT="14" WC="0.96" CONTENT="en"/><SP WIDTH="18" VPOS="863" HPOS="571"/>
							<String ID="string_136" HPOS="589" VPOS="857" WIDTH="75" HEIGHT="20" WC="0.95" CONTENT="månad"/><SP WIDTH="16" VPOS="857" HPOS="664"/>
							<String ID="string_137" HPOS="680" VPOS="857" WIDTH="97" HEIGHT="20" WC="0.53" CONTENT="derefter:"/>
						</TextLine>
					</TextBlock>
				</ComposedBlock>
				<ComposedBlock ID="cblock_3" HPOS="115" VPOS="918" WIDTH="749" HEIGHT="237">
					<TextBlock ID="block_5" HPOS="266" VPOS="918" WIDTH="256" HEIGHT="25">
						<TextLine ID="line_21" HPOS="266" VPOS="918" WIDTH="256" HEIGHT="25">
							<String ID="string_138" HPOS="266" VPOS="918" WIDTH="12" HEIGHT="10" WC="0.66" CONTENT="*"/><SP WIDTH="185" VPOS="918" HPOS="278"/>
							<String ID="string_139" HPOS="463" VPOS="921" WIDTH="10" HEIGHT="22" WC="0.89" CONTENT="$"/><SP WIDTH="16" VPOS="921" HPOS="473"/>
							<String ID="string_140" HPOS="489" VPOS="919" WIDTH="33" HEIGHT="20" WC="0.93" CONTENT="49."/>
						</TextLine>
					</TextBlock>
					<TextBlock ID="block_6" HPOS="115" VPOS="959" WIDTH="749" HEIGHT="196">
						<TextLine ID="line_22" HPOS="184" VPOS="959" WIDTH="679" HEIGHT="27">
							<String ID="string_141" HPOS="184" VPOS="959" WIDTH="42" HEIGHT="20" WC="0.88" CONTENT="Vill"/><SP WIDTH="26" VPOS="959" HPOS="226"/>
							<String ID="string_142" HPOS="252" VPOS="959" WIDTH="188" HEIGHT="27" WC="0.92" CONTENT="räkningshafvare"/><SP WIDTH="23" VPOS="959" HPOS="440"/>
							<String ID="string_143" HPOS="463" VPOS="961" WIDTH="30" HEIGHT="18" WC="0.96" CONTENT="att"/><SP WIDTH="24" VPOS="961" HPOS="493"/>
							<String ID="string_144" HPOS="517" VPOS="959" WIDTH="77" HEIGHT="20" WC="0.87" CONTENT="honom"/><SP WIDTH="25" VPOS="959" HPOS="594"/>
							<String ID="string_145" HPOS="619" VPOS="959" WIDTH="122" HEIGHT="26" WC="0.87" CONTENT="medgifven"/><SP WIDTH="18" VPOS="959" HPOS="741"/>
							<String ID="string_146" HPOS="759" VPOS="966" WIDTH="49" HEIGHT="19" WC="0.91" CONTENT="upp-"/><SP WIDTH="17" VPOS="966" HPOS="808"/>
							<String ID="string_147" HPOS="825" VPOS="959" WIDTH="38" HEIGHT="20" WC="0.96" CONTENT="och"/>
						</TextLine>
						<TextLine ID="line_23" HPOS="116" VPOS="991" WIDTH="747" HEIGHT="28">
							<String ID="string_148" HPOS="116" VPOS="993" WIDTH="230" HEIGHT="26" WC="0.90" CONTENT="afskrifningsräkning"/><SP WIDTH="16" VPOS="993" HPOS="346"/>
							<String ID="string_149" HPOS="362" VPOS="991" WIDTH="53" HEIGHT="22" WC="0.93" CONTENT="skall"/><SP WIDTH="16" VPOS="991" HPOS="415"/>
							<String ID="string_150" HPOS="431" VPOS="993" WIDTH="106" HEIGHT="20" WC="0.91" CONTENT="fortsättas"/><SP WIDTH="16" VPOS="993" HPOS="537"/>
							<String ID="string_151" HPOS="553" VPOS="993" WIDTH="35" HEIGHT="20" WC="0.96" CONTENT="det"/><SP WIDTH="15" VPOS="993" HPOS="588"/>
							<String ID="string_152" HPOS="603" VPOS="993" WIDTH="93" HEIGHT="26" WC="0.93" CONTENT="följande"/><SP WIDTH="16" VPOS="993" HPOS="696"/>
							<String ID="string_153" HPOS="712" VPOS="993" WIDTH="51" HEIGHT="26" WC="0.93" CONTENT="äret,"/><SP WIDTH="12" VPOS="993" HPOS="763"/>
							<String ID="string_154" HPOS="775" VPOS="993" WIDTH="36" HEIGHT="20" WC="0.96" CONTENT="bör"/><SP WIDTH="11" VPOS="993" HPOS="811"/>
							<String ID="string_155" HPOS="822" VPOS="993" WIDTH="41" HEIGHT="20" WC="0.96" CONTENT="han"/>
						</TextLine>
						<TextLine ID="line_24" HPOS="115" VPOS="1027" WIDTH="748" HEIGHT="27">
							<String ID="string_156" HPOS="115" VPOS="1027" WIDTH="72" HEIGHT="20" WC="0.91" CONTENT="derom"/><SP WIDTH="16" VPOS="1027" HPOS="187"/>
							<String ID="string_157" HPOS="203" VPOS="1027" WIDTH="6" HEIGHT="19" WC="0.96" CONTENT="i"/><SP WIDTH="21" VPOS="1027" HPOS="209"/>
							<String ID="string_158" HPOS="230" VPOS="1027" WIDTH="29" HEIGHT="20" WC="0.93" CONTENT="tid"/><SP WIDTH="25" VPOS="1027" HPOS="259"/>
							<String ID="string_159" HPOS="284" VPOS="1027" WIDTH="94" HEIGHT="26" WC="0.90" CONTENT="anmäla;"/><SP WIDTH="24" VPOS="1027" HPOS="378"/>
							<String ID="string_160" HPOS="402" VPOS="1027" WIDTH="105" HEIGHT="20" WC="0.90" CONTENT="hvarefter"/><SP WIDTH="26" VPOS="1027" HPOS="507"/>
							<String ID="string_161" HPOS="533" VPOS="1027" WIDTH="52" HEIGHT="20" WC="0.93" CONTENT="hans"/><SP WIDTH="26" VPOS="1027" HPOS="585"/>
							<String ID="string_162" HPOS="611" VPOS="1027" WIDTH="193" HEIGHT="27" WC="0.91" CONTENT="tillgodohafvande"/><SP WIDTH="25" VPOS="1027" HPOS="804"/>
							<String ID="string_163" HPOS="829" VPOS="1027" WIDTH="34" HEIGHT="19" WC="0.96" CONTENT="vid"/>
						</TextLine>
						<TextLine ID="line_25" HPOS="115" VPOS="1060" WIDTH="749" HEIGHT="27">
							<String ID="string_164" HPOS="115" VPOS="1061" WIDTH="56" HEIGHT="20" WC="0.96" CONTENT="årets"/><SP WIDTH="16" VPOS="1061" HPOS="171"/>
							<String ID="string_165" HPOS="187" VPOS="1061" WIDTH="79" HEIGHT="26" WC="0.96" CONTENT="utgång"/><SP WIDTH="16" VPOS="1061" HPOS="266"/>
							<String ID="string_166" HPOS="282" VPOS="1062" WIDTH="6" HEIGHT="19" WC="0.93" CONTENT="i"/><SP WIDTH="16" VPOS="1062" HPOS="288"/>
							<String ID="string_167" HPOS="304" VPOS="1061" WIDTH="118" HEIGHT="20" WC="0.82" CONTENT="hufvudstol"/><SP WIDTH="17" VPOS="1061" HPOS="422"/>
							<String ID="string_168" HPOS="439" VPOS="1061" WIDTH="34" HEIGHT="20" WC="0.96" CONTENT="mä"/><SP WIDTH="15" VPOS="1061" HPOS="473"/>
							<String ID="string_169" HPOS="488" VPOS="1061" WIDTH="31" HEIGHT="20" WC="0.96" CONTENT="till"/><SP WIDTH="16" VPOS="1061" HPOS="519"/>
							<String ID="string_170" HPOS="535" VPOS="1061" WIDTH="41" HEIGHT="20" WC="0.96" CONTENT="den"/><SP WIDTH="17" VPOS="1061" HPOS="576"/>
							<String ID="string_171" HPOS="593" VPOS="1067" WIDTH="42" HEIGHT="20" WC="0.93" CONTENT="nya"/><SP WIDTH="21" VPOS="1067" HPOS="635"/>
							<String ID="string_172" HPOS="656" VPOS="1061" WIDTH="117" HEIGHT="26" WC="0.93" CONTENT="räkningen"/><SP WIDTH="23" VPOS="1061" HPOS="773"/>
							<String ID="string_173" HPOS="796" VPOS="1060" WIDTH="68" HEIGHT="20" WC="0.92" CONTENT="öfver-"/>
						</TextLine>
						<TextLine ID="line_26" HPOS="115" VPOS="1095" WIDTH="749" HEIGHT="26">
							<String ID="string_174" HPOS="115" VPOS="1095" WIDTH="56" HEIGHT="20" WC="0.87" CONTENT="föras"/><SP WIDTH="18" VPOS="1095" HPOS="171"/>
							<String ID="string_175" HPOS="189" VPOS="1095" WIDTH="69" HEIGHT="20" WC="0.87" CONTENT="säsom"/><SP WIDTH="24" VPOS="1095" HPOS="258"/>
							<String ID="string_176" HPOS="282" VPOS="1096" WIDTH="120" HEIGHT="25" WC="0.89" CONTENT="insättning."/><SP WIDTH="31" VPOS="1096" HPOS="402"/>
							<String ID="string_177" HPOS="433" VPOS="1095" WIDTH="44" HEIGHT="20" WC="0.92" CONTENT="Gör"/><SP WIDTH="15" VPOS="1095" HPOS="477"/>
							<String ID="string_178" HPOS="492" VPOS="1095" WIDTH="41" HEIGHT="20" WC="0.93" CONTENT="han"/><SP WIDTH="16" VPOS="1095" HPOS="533"/>
							<String ID="string_179" HPOS="549" VPOS="1095" WIDTH="48" HEIGHT="20" WC="0.92" CONTENT="icke"/><SP WIDTH="16" VPOS="1095" HPOS="597"/>
							<String ID="string_180" HPOS="613" VPOS="1095" WIDTH="64" HEIGHT="20" WC="0.92" CONTENT="sädan"/><SP WIDTH="16" VPOS="1095" HPOS="677"/>
							<String ID="string_181" HPOS="693" VPOS="1095" WIDTH="105" HEIGHT="26" WC="0.92" CONTENT="anmälan,"/><SP WIDTH="17" VPOS="1095" HPOS="798"/>
							<String ID="string_182" HPOS="815" VPOS="1101" WIDTH="49" HEIGHT="20" WC="0.93" CONTENT="upp-"/>
						</TextLine>
						<TextLine ID="line_27" HPOS="115" VPOS="1129" WIDTH="366" HEIGHT="26">
							<String ID="string_183" HPOS="115" VPOS="1129" WIDTH="38" HEIGHT="20" WC="0.93" CONTENT="hör"/><SP WIDTH="15" VPOS="1129" HPOS="153"/>
							<String ID="string_184" HPOS="168" VPOS="1129" WIDTH="119" HEIGHT="26" WC="0.92" CONTENT="räkningen"/><SP WIDTH="16" VPOS="1129" HPOS="287"/>
							<String ID="string_185" HPOS="303" VPOS="1129" WIDTH="47" HEIGHT="20" WC="0.93" CONTENT="med"/><SP WIDTH="16" VPOS="1129" HPOS="350"/>
							<String ID="string_186" HPOS="366" VPOS="1129" WIDTH="54" HEIGHT="20" WC="0.90" CONTENT="ärets"/><SP WIDTH="15" VPOS="1129" HPOS="420"/>
							<String ID="string_187" HPOS="435" VPOS="1130" WIDTH="46" HEIGHT="19" WC="0.96" CONTENT="slut."/>
						</TextLine>
					</TextBlock>
				</ComposedBlock>
				<ComposedBlock ID="cblock_4" HPOS="115" VPOS="1193" WIDTH="750" HEIGHT="134">
					<TextBlock ID="block_7" HPOS="115" VPOS="1193" WIDTH="750" HEIGHT="134">
						<TextLine ID="line_28" HPOS="463" VPOS="1193" WIDTH="59" HEIGHT="23">
							<String ID="string_188" HPOS="463" VPOS="1195" WIDTH="10" HEIGHT="21" WC="0.89" CONTENT="S"/><SP WIDTH="16" VPOS="1195" HPOS="473"/>
							<String ID="string_189" HPOS="489" VPOS="1193" WIDTH="33" HEIGHT="19" WC="0.92" CONTENT="50."/>
						</TextLine>
						<TextLine ID="line_29" HPOS="184" VPOS="1231" WIDTH="681" HEIGHT="28">
							<String ID="string_190" HPOS="184" VPOS="1231" WIDTH="32" HEIGHT="20" WC="0.90" CONTENT="Dä"/><SP WIDTH="23" VPOS="1231" HPOS="216"/>
							<String ID="string_191" HPOS="239" VPOS="1239" WIDTH="50" HEIGHT="19" WC="0.90" CONTENT="upp-"/><SP WIDTH="17" VPOS="1239" HPOS="289"/>
							<String ID="string_192" HPOS="306" VPOS="1232" WIDTH="39" HEIGHT="19" WC="0.93" CONTENT="och"/><SP WIDTH="16" VPOS="1232" HPOS="345"/>
							<String ID="string_193" HPOS="361" VPOS="1232" WIDTH="230" HEIGHT="27" WC="0.92" CONTENT="afskrifningsräkning"/><SP WIDTH="15" VPOS="1232" HPOS="591"/>
							<String ID="string_194" HPOS="606" VPOS="1233" WIDTH="6" HEIGHT="18" WC="0.96" CONTENT="i"/><SP WIDTH="17" VPOS="1233" HPOS="612"/>
							<String ID="string_195" HPOS="629" VPOS="1232" WIDTH="50" HEIGHT="26" WC="0.96" CONTENT="följd"/><SP WIDTH="17" VPOS="1232" HPOS="679"/>
							<String ID="string_196" HPOS="696" VPOS="1232" WIDTH="24" HEIGHT="19" WC="0.93" CONTENT="af"/><SP WIDTH="13" VPOS="1232" HPOS="720"/>
							<String ID="string_197" HPOS="733" VPOS="1232" WIDTH="132" HEIGHT="26" WC="0.92" CONTENT="uppsägning"/>
						</TextLine>
						<TextLine ID="line_30" HPOS="115" VPOS="1265" WIDTH="749" HEIGHT="27">
							<String ID="string_198" HPOS="115" VPOS="1265" WIDTH="52" HEIGHT="20" WC="0.92" CONTENT="eller"/><SP WIDTH="25" VPOS="1265" HPOS="167"/>
							<String ID="string_199" HPOS="192" VPOS="1272" WIDTH="69" HEIGHT="15" WC="0.80" CONTENT="annan"/><SP WIDTH="23" VPOS="1272" HPOS="261"/>
							<String ID="string_200" HPOS="284" VPOS="1265" WIDTH="116" HEIGHT="27" WC="0.95" CONTENT="anledning"/><SP WIDTH="24" VPOS="1265" HPOS="400"/>
							<String ID="string_201" HPOS="424" VPOS="1266" WIDTH="86" HEIGHT="26" WC="0.95" CONTENT="upphör,"/><SP WIDTH="24" VPOS="1266" HPOS="510"/>
							<String ID="string_202" HPOS="534" VPOS="1266" WIDTH="82" HEIGHT="26" WC="0.96" CONTENT="upphör"/><SP WIDTH="15" VPOS="1266" HPOS="616"/>
							<String ID="string_203" HPOS="631" VPOS="1266" WIDTH="39" HEIGHT="20" WC="0.96" CONTENT="ock"/><SP WIDTH="16" VPOS="1266" HPOS="670"/>
							<String ID="string_204" HPOS="686" VPOS="1266" WIDTH="28" HEIGHT="19" WC="0.93" CONTENT="all"/><SP WIDTH="16" VPOS="1266" HPOS="714"/>
							<String ID="string_205" HPOS="730" VPOS="1265" WIDTH="134" HEIGHT="20" WC="0.91" CONTENT="ränteberäk-"/>
						</TextLine>
						<TextLine ID="line_31" HPOS="115" VPOS="1299" WIDTH="681" HEIGHT="28">
							<String ID="string_206" HPOS="115" VPOS="1300" WIDTH="52" HEIGHT="27" WC="0.93" CONTENT="ning"/><SP WIDTH="16" VPOS="1300" HPOS="167"/>
							<String ID="string_207" HPOS="183" VPOS="1299" WIDTH="12" HEIGHT="20" WC="0.90" CONTENT="å"/><SP WIDTH="15" VPOS="1299" HPOS="195"/>
							<String ID="string_208" HPOS="210" VPOS="1299" WIDTH="214" HEIGHT="28" WC="0.91" CONTENT="räkningshafvarens"/><SP WIDTH="15" VPOS="1299" HPOS="424"/>
							<String ID="string_209" HPOS="439" VPOS="1300" WIDTH="196" HEIGHT="27" WC="0.91" CONTENT="tillgodohafvande"/><SP WIDTH="16" VPOS="1300" HPOS="635"/>
							<String ID="string_210" HPOS="651" VPOS="1300" WIDTH="38" HEIGHT="20" WC="0.96" CONTENT="hos"/><SP WIDTH="12" VPOS="1300" HPOS="689"/>
							<String ID="string_211" HPOS="701" VPOS="1299" WIDTH="95" HEIGHT="20" WC="0.96" CONTENT="Banken."/>
						</TextLine>
					</TextBlock>
				</ComposedBlock>
				<ComposedBlock ID="cblock_5" HPOS="114" VPOS="1364" WIDTH="750" HEIGHT="99">
					<TextBlock ID="block_8" HPOS="114" VPOS="1364" WIDTH="750" HEIGHT="99">
						<TextLine ID="line_32" HPOS="463" VPOS="1364" WIDTH="58" HEIGHT="23">
							<String ID="string_212" HPOS="463" VPOS="1365" WIDTH="10" HEIGHT="22" WC="0.91" CONTENT="$"/><SP WIDTH="16" VPOS="1365" HPOS="473"/>
							<String ID="string_213" HPOS="489" VPOS="1364" WIDTH="32" HEIGHT="19" WC="0.95" CONTENT="51."/>
						</TextLine>
						<TextLine ID="line_33" HPOS="184" VPOS="1401" WIDTH="679" HEIGHT="28">
							<String ID="string_214" HPOS="184" VPOS="1401" WIDTH="202" HEIGHT="27" WC="0.90" CONTENT="Räkningshafvare,"/><SP WIDTH="24" VPOS="1401" HPOS="386"/>
							<String ID="string_215" HPOS="410" VPOS="1409" WIDTH="42" HEIGHT="13" WC="0.96" CONTENT="som"/><SP WIDTH="25" VPOS="1409" HPOS="452"/>
							<String ID="string_216" HPOS="477" VPOS="1403" WIDTH="80" HEIGHT="19" WC="0.89" CONTENT="utställt"/><SP WIDTH="23" VPOS="1403" HPOS="557"/>
							<String ID="string_217" HPOS="580" VPOS="1403" WIDTH="106" HEIGHT="26" WC="0.90" CONTENT="invisning"/><SP WIDTH="16" VPOS="1403" HPOS="686"/>
							<String ID="string_218" HPOS="702" VPOS="1402" WIDTH="30" HEIGHT="19" WC="0.96" CONTENT="till"/><SP WIDTH="17" VPOS="1402" HPOS="732"/>
							<String ID="string_219" HPOS="749" VPOS="1405" WIDTH="65" HEIGHT="17" WC="0.93" CONTENT="större"/><SP WIDTH="16" VPOS="1405" HPOS="814"/>
							<String ID="string_220" HPOS="830" VPOS="1402" WIDTH="33" HEIGHT="19" WC="0.91" CONTENT="be-"/>
						</TextLine>
						<TextLine ID="line_34" HPOS="114" VPOS="1435" WIDTH="750" HEIGHT="28">
							<String ID="string_221" HPOS="114" VPOS="1435" WIDTH="58" HEIGHT="26" WC="0.95" CONTENT="lopp,"/><SP WIDTH="16" VPOS="1435" HPOS="172"/>
							<String ID="string_222" HPOS="188" VPOS="1439" WIDTH="25" HEIGHT="16" WC="0.96" CONTENT="än"/><SP WIDTH="18" VPOS="1439" HPOS="213"/>
							<String ID="string_223" HPOS="231" VPOS="1436" WIDTH="51" HEIGHT="19" WC="0.92" CONTENT="hans"/><SP WIDTH="21" VPOS="1436" HPOS="282"/>
							<String ID="string_224" HPOS="303" VPOS="1436" WIDTH="193" HEIGHT="27" WC="0.91" CONTENT="tillgodohafvande"/><SP WIDTH="24" VPOS="1436" HPOS="496"/>
							<String ID="string_225" HPOS="520" VPOS="1437" WIDTH="35" HEIGHT="19" WC="0.93" CONTENT="vid"/><SP WIDTH="24" VPOS="1437" HPOS="555"/>
							<String ID="string_226" HPOS="579" VPOS="1437" WIDTH="131" HEIGHT="20" WC="0.90" CONTENT="densammas"/><SP WIDTH="24" VPOS="1437" HPOS="710"/>
							<String ID="string_227" HPOS="734" VPOS="1436" WIDTH="130" HEIGHT="27" WC="0.94" CONTENT="uppvisande"/>
						</TextLine>
					</TextBlock>
				</ComposedBlock>
			</PrintSpace>
		</Page>
	</Layout>
</alto>
