1078 1692
237 117 23 18 76

284 181 44 19 Den
347 180 29 20 till
394 181 83 25 vidpass
493 181 76 25 50,000
583 180 57 20 mark
652 181 125 26 uppgäende
789 181 118 26 tillökning,
919 188 43 12 som

216 214 31 20 för
263 214 23 20 är
304 215 51 19 1866
373 215 112 19 förefinnes
501 215 6 19 i
521 214 224 27 jordbruksskolornas
762 217 45 23 stat,
824 215 37 20 har
872 215 90 26 uppstått

216 248 121 26 derigenom
354 250 30 18 att
400 249 32 19 vid
449 248 90 20 Tarvala
552 248 174 26 jordbruksskola
742 249 64 26 sagde
822 249 22 19 år
861 249 102 19 kostsam-

216 288 33 13 ma
266 282 124 26 byggnader
405 282 100 26 uppförts.

285 316 44 19 Den
346 316 50 20 sista
411 316 99 20 rubriken
527 317 6 19 i
549 317 70 19 denna
642 316 123 20 hufvudtitel
789 317 116 19 Ysärskilda
927 324 35 12 un-

216 350 84 19 derstöd
317 350 39 20 och
372 351 85 25 anslag?
474 351 77 19 utvisar
567 350 31 20 för
610 350 22 20 år
644 350 52 20 1868
708 357 26 13 en
747 351 61 26 utgift
818 351 23 19 af
853 352 110 24 7,198,800

216 384 66 26 mark,
302 384 75 20 hvaraf
394 385 111 25 7,142,150
526 384 58 20 mark
601 384 98 20 utbetalts
715 384 32 20 för
762 385 30 19 S:t
810 385 152 26 Petersburg—

216 418 114 20 Riihimäki
344 418 209 27 jernvägsbyggnad.

284 452 31 20 De
331 452 31 20 till
378 453 77 19 nionde
475 452 138 20 hufvudtiteln
634 452 92 20 hörande
745 453 143 26 utgiftsposter
910 454 52 18 ”för-

215 486 97 26 läningar
328 487 38 19 och
382 488 60 18 extra
457 487 84 26 anslag”
557 489 54 17 samt
626 487 71 19 ”extra
712 487 170 25 pensionstaten”
901 488 62 19 hafva

216 520 66 20 under
305 520 50 20 åren
382 520 137 20 1864—1868
535 521 5 19 i
559 520 97 20 medeltal
672 520 55 20 kräft
742 521 40 19 den
799 521 55 20 förra
876 522 85 24 147,497

216 554 58 20 mark
291 555 39 19 och
346 555 40 19 den
403 561 73 13 senare
495 555 88 25 123,920
600 555 64 25 mark,
684 554 71 20 hvilka
774 557 69 23 poster
863 555 98 20 utskottet

215 591 69 17 ansett
300 589 31 25 sig
348 589 51 19 böra
414 588 99 20 särskildt
528 588 117 26 framhälla,
661 592 57 22 enär,
736 588 67 20 säsom
825 589 84 26 bekant,
932 590 30 18 tiil

215 623 40 19 den
274 623 55 19 förra
345 623 97 19 rubriken
461 622 61 21 bland
538 624 64 18 annat
618 622 96 20 hänföras
738 623 25 19 de
786 623 118 26 personella
927 630 35 13 an-

215 657 51 26 slag,
290 664 44 12 som
358 657 77 26 tillagts
456 656 103 20 särskilda
574 656 128 20 embetsmän
719 657 82 19 utöfver
817 658 39 19 den
872 658 34 19 lön
924 659 37 19 och

215 692 68 25 öfriga
298 691 106 20 förmåner
420 691 25 19 de
461 691 67 26 enligt
543 692 40 18 siat
599 690 97 26 uppbära,
712 693 54 17 samt
782 691 39 19 den
840 698 74 13 senare
930 699 32 12 ru-

216 725 73 20 briken
314 726 97 19 omfattar
433 728 60 16 extra
513 725 111 25 pensioner
640 724 60 20 äfven
717 725 30 19 till
763 724 78 20 sådana
859 726 103 26 sterbhus,

216 759 72 19 hvilka
305 759 84 19 befinna
404 760 31 24 sig
451 760 6 19 i
474 759 36 19 allt
526 760 64 18 annat
605 761 25 17 än
647 759 83 25 torftiga
750 760 184 25 omständigheter.

284 793 65 20 Innan
366 794 101 19 utskottet
483 793 103 26 öfvergär,
602 792 32 20 till
650 793 24 19 de
691 793 93 25 följande
799 793 99 27 frågorna
922 797 39 16 tor-

215 828 25 19 de
258 828 36 19 här
310 830 55 17 ännu
383 828 50 19 böra
449 830 122 17 omnämnas
590 827 25 19 de
632 826 61 20 bland
714 827 136 20 statsverkets
874 827 87 20 fordrin-

215 868 37 19 gar
269 861 171 20 förekommande
457 861 100 20 räntefria
571 861 70 24 länen,
662 861 77 25 hvilka,
758 861 67 19 säsom
845 861 66 20 kändt
933 865 29 22 är,

215 895 95 27 utgifvits
333 896 58 19 såväl
414 895 20 20 åt
457 895 130 26 menigheter
610 895 51 19 eller
684 895 124 19 kommuner
827 902 43 13 som
890 896 22 19 åt
927 903 34 12 en-

215 930 69 19 skilda
300 937 105 19 personer.
437 930 64 19 Dessa
517 929 44 20 läns
577 929 121 19 utestäende
714 929 133 20 totalsumma
865 930 96 25 utgjorde

215 965 22 18 är
256 965 52 19 1864
325 964 110 25 2,950,335
451 964 39 19 och
506 963 22 20 är
547 963 52 20 1868
615 963 110 25 2,457,889
746 963 66 22 mark,
835 963 81 20 hvilket
932 966 29 17 ut-

215 999 55 19 visar
293 1005 24 13 en
340 999 121 25 minskning
481 998 46 19 med
547 997 89 26 492,446
660 997 58 19 mark
735 997 61 20 deraf
809 998 73 25 31,247
904 998 57 19 mark

215 1033 83 26 tillföljd
315 1033 21 19 af
350 1033 163 26 gäldenärernes
530 1031 105 20 bristande
652 1031 213 26 betalningsförmäga
880 1031 82 20 afskrif-

215 1067 46 25 vits,
279 1073 46 14 men
342 1067 119 19 återstoden
479 1066 66 20 blifvit
562 1065 114 26 behörigen
692 1065 100 20 inbetald.
823 1066 30 19 De
877 1073 22 12 ur
915 1066 46 19 Fat-

215 1102 37 25 tig-
278 1101 38 20 och
340 1101 155 19 Arbetsfonden
519 1100 80 26 utgifna
621 1099 110 20 enahanda
754 1099 34 19 lån
812 1100 106 25 uppgingo
940 1100 23 19 år

219 1137 50 18 1863
294 1135 30 20 till
350 1135 88 25 118,600
463 1134 65 25 mark,
553 1139 46 14 men
623 1133 53 19 hade
701 1133 33 19 vid
756 1133 61 20 slutet
833 1134 22 19 af
868 1133 23 20 år
909 1134 52 19 1868

216 1170 87 26 nedgått
318 1169 30 20 till
365 1169 75 26 45,000
457 1168 65 19 mark.
541 1167 44 21 Och
599 1168 65 25 jemte
680 1167 36 20 det
731 1167 100 20 utskottet
847 1167 41 20 kan
906 1168 55 19 med-

215 1204 48 19 dela
278 1206 30 17 att
324 1203 74 26 dylika
414 1203 33 20 lån
463 1203 53 19 efter
531 1202 23 19 år
572 1202 51 19 1866
640 1201 47 20 icke
707 1201 71 20 vidare
800 1201 102 26 beviljats,
926 1203 37 18 har

215 1239 101 19 utskottet
338 1240 50 17 trott
410 1238 31 25 sig
464 1237 6 19 i
493 1237 70 19 denna
581 1235 155 26 omständighet
759 1236 71 19 kunna
849 1242 21 13 se
891 1242 24 13 en
933 1236 28 19 till

215 1272 124 20 efterlefnad
356 1274 89 24 antagen
462 1271 87 26 princip.

284 1306 101 26 Slutligen
410 1305 30 20 får
463 1305 101 19 utskottet
587 1305 37 19 här
639 1304 89 24 anmäla,
744 1305 30 18 att
790 1303 100 20 utskottet
909 1303 54 20 hade

215 1340 77 20 önskat
314 1340 71 19 kunna
408 1339 103 27 uppställa
533 1339 171 19 totalsummorna
727 1338 23 19 af
770 1337 85 20 effektiv
872 1337 90 20 inkomst

215 1375 39 20 och
272 1375 60 26 utgift
349 1374 65 19 under
429 1374 61 19 dessa
505 1373 22 20 år
543 1376 56 17 emot
616 1372 123 23 hvarandra,
755 1372 32 19 för
805 1374 30 17 att
853 1371 65 20 exakt
933 1375 28 16 ut-

216 1409 50 20 reda
290 1409 100 25 beloppet
413 1408 22 19 af
457 1408 50 19 brist
526 1407 51 20 eller
597 1407 115 19 öfverskott
728 1413 44 13 som
789 1406 105 19 derunder
909 1406 53 19 före-

217 1443 99 25 kommit;
332 1449 46 13 men
396 1443 25 19 de
437 1442 129 26 svårigheter
587 1441 99 19 hvarmed
707 1440 64 19 sådan
796 1440 111 25 utredning
928 1446 35 13 var
