1078 1692
335 395 198 20 Statsutskottets
549 394 147 21 betänkande
716 395 30 20 N:o
765 393 11 21 7
791 394 6 20 i
813 395 65 20 anled-

266 430 45 25 ning
326 429 22 20 af
361 429 224 26 Finans-Expeditionens
600 429 6 19 i
625 429 105 26 Kejserliga
748 430 81 19 Senaten
850 429 29 20 till

266 464 106 20 Ständerna
386 464 72 25 afgifna
473 464 87 20 Relation
576 470 29 14 om
621 463 123 21 statsverkets
760 464 91 20 tillstånd.

201 526 69 20 Sedan
291 526 85 26 jemlikt
399 526 24 20 27
442 528 10 22 $
468 526 6 20 i
495 526 98 26 gällande
615 526 211 26 Landtdagsordning
850 526 29 19 till

132 561 118 19 Ständerna
273 560 89 20 utdelats
388 566 25 13 en
437 560 23 20 af
480 560 244 26 Finans-Expeditionen
741 560 6 19 i
762 560 118 26 Kejserliga

131 594 90 20 Senaten
239 594 39 20 den
296 594 25 20 20
338 594 94 20 sistlidne
447 594 86 20 Januari
549 594 92 26 afgifven
658 594 95 20 Relation
770 600 33 14 om
820 596 59 17 stats-

132 628 84 20 verkets
232 628 101 25 tillstånd,
350 628 143 20 innefattande
510 628 194 26 kapitalräkningar
715 628 31 20 för
757 628 48 20 åren
821 628 59 25 1864,

135 662 59 25 1865,
213 662 59 25 1866,
292 662 50 19 1867
360 662 38 19 och
417 662 59 25 1868,
493 662 138 19 summariska
651 662 113 26 räkningar
780 662 31 20 för
829 662 49 19 åren

134 696 52 20 1869
211 696 39 20 och
275 696 59 25 1870,
351 696 156 26 statsförslagen
525 696 30 19 för
571 696 105 19 allmänna
692 698 58 18 stats-
771 696 39 20 och
827 696 51 19 mili-

132 730 133 20 tiefonderna
287 730 31 19 för
341 730 23 19 år
389 730 60 25 1871,
472 730 107 19 äfvensom
600 730 102 20 särskilda
718 730 113 20 relationer
847 737 31 13 om

134 764 220 26 bevillningsmedlen,
372 763 307 27 bränvinsbränningsskatten,
695 764 81 20 inlösen
788 764 22 19 af
821 764 59 19 brän-

132 798 262 26 vinsbränningsredskap,
425 797 384 27 lagmanstingsgästningsspanmålen
841 798 38 20 och

132 832 150 25 statsskulden,
306 832 36 19 har
366 832 69 19 denna
458 832 97 19 Relation
580 832 23 19 af
620 832 96 26 samtliga
732 832 64 20 Stånd
813 832 66 19 öfver-

133 866 88 19 lemnats
238 865 30 20 till
285 865 158 26 handläggning
459 866 5 18 i
482 865 164 25 Statsutskottet,
662 872 50 19 som,
735 866 46 19 med
798 866 45 19 stöd
860 867 23 18 af

134 900 25 19 36
177 902 9 21 $
202 900 7 19 i
224 900 64 25 sagde
313 899 218 27 Landtdagsordning,
555 900 44 19 haft
613 900 89 26 tillgång
718 900 30 19 till
765 900 25 19 de
805 900 75 19 räken-

135 933 83 26 skaper,
242 933 72 20 hvilka
338 934 56 25 legat
410 933 29 20 till
455 934 66 25 grund
538 934 31 19 för
585 934 152 19 ofvanberörde
753 934 127 25 kapitalräk-

133 967 75 26 ningar
231 967 39 20 och
294 967 189 26 redovisningarna
507 968 31 19 för
561 968 26 19 de
609 968 21 19 af
644 967 116 20 Ständerna
776 967 104 26 beviljade

133 1001 76 20 medel.

201 1035 95 19 Nämnde
318 1035 143 26 räkenskaper
483 1036 88 19 omfatta
593 1036 80 19 således
697 1036 55 19 tiden
776 1036 45 19 från
841 1036 39 19 och

134 1069 46 19 med
197 1069 23 19 år
238 1069 60 25 1864,
314 1069 53 20 intill
384 1069 80 20 hvilket
480 1069 23 20 år
519 1070 39 19 den
576 1070 22 19 af
611 1069 127 20 Ständernas
757 1070 63 19 Stats-
842 1070 38 19 och

133 1103 212 26 Bevillningsutskott
365 1103 35 20 vid
419 1104 50 19 1867
487 1103 33 20 års
536 1104 100 26 landtdag
652 1104 81 19 utförda
748 1104 131 26 granskning

133 1136 23 19 af
169 1136 136 20 statsverkets
328 1137 93 20 tillståud
445 1137 91 20 sträckte
561 1138 39 25 sig,
617 1137 31 20 till
664 1138 38 19 och
719 1138 46 19 med
782 1137 21 20 år
822 1138 60 24 1868,

133 1170 35 19 det
183 1171 50 18 sista
256 1170 22 19 år
301 1170 31 20 för
352 1170 81 20 hvilket
452 1171 172 26 räkenskaperna
640 1171 67 20 blifvit
723 1171 102 20 afslutade
842 1172 38 19 och

133 1205 6 18 i
156 1204 202 20 revisionskontoret
373 1205 175 26 genomgångna;
564 1205 31 20 för
611 1205 270 26 bränvinsbränningsskat-

133 1240 34 17 ten
185 1238 37 19 har
237 1238 136 27 redovisning
389 1239 109 19 aflemnats
511 1239 80 26 jemväl
607 1239 31 19 för
654 1239 22 20 år
695 1240 58 19 1869.

201 1272 41 19 För
265 1274 30 17 att
317 1272 70 20 lemna
409 1279 25 13 en
459 1279 58 13 mera
545 1273 169 25 sammanträngd
738 1273 101 26 öfversigt
862 1273 22 20 af

133 1305 137 20 statsverkets
293 1305 114 20 förnämsta
429 1306 117 21 inkomster
571 1307 39 19 och
633 1307 85 26 utgifter
740 1307 66 20 under
833 1307 49 20 åren

136 1339 144 26 1864—1868,
304 1342 53 17 samt
379 1340 32 19 för
433 1343 30 17 att
486 1341 69 19 tillika
571 1341 77 20 bereda
663 1341 81 20 tillfälle
761 1341 30 20 till
807 1341 74 26 jemfö-

133 1374 54 19 relse
204 1373 47 20 med
267 1373 89 26 tidigare
375 1374 104 26 perioder,
503 1375 37 19 har
564 1375 100 19 utskottet
686 1375 152 20 sammanställt
855 1375 27 19 bi-

133 1407 77 26 fogade
233 1407 87 25 tablåer,
344 1408 27 19 uti
395 1408 72 20 hvilka
490 1409 133 26 uppgifterna
646 1409 30 19 för
699 1409 50 19 åren
772 1409 53 20 1844
844 1409 38 20 och

137 1442 52 19 1854
206 1441 86 26 intagits
308 1448 23 12 ur
346 1441 40 20 den
402 1443 22 18 af
438 1442 158 20 Statsutskottet
613 1443 33 18 vid
662 1443 126 26 landtdagen
803 1443 80 19 1863—
