1078 1692
809 122 34 18 325

463 188 10 22 s
492 186 30 19 14.

185 226 81 19 Räntan
282 225 12 19 å
310 225 76 25 medel,
401 226 76 19 insatta
493 226 5 18 i
515 225 84 20 banken
616 224 27 27 på
659 231 51 20 upp-
726 225 39 19 och
781 225 82 20 afskrif-

115 260 160 26 ningsräkning,
299 260 37 19 har
358 260 22 19 af
400 259 195 27 Bankfullmäktige
618 260 40 19 den
686 259 26 20 23
731 260 55 19 Mars
804 260 60 25 1868,

115 294 27 26 på
157 294 155 26 framställning
327 294 23 19 af
362 294 201 25 Bankdirektionen,
573 294 91 19 nedsatts
680 293 45 20 från
742 296 30 17 tre
788 294 30 20 till
830 294 35 20 två

116 331 99 23 procent;
238 328 39 20 och
300 328 64 19 sedan
388 328 193 26 Bankfullmäktige
597 328 6 19 i
618 328 110 20 skrifvelse
745 328 23 19 af
781 328 39 20 den
840 329 24 19 17

116 362 54 20 Mars
197 362 47 19 1871
272 362 62 20 fästat
362 362 206 20 Bankdirektionens
599 362 185 26 uppmärksamhet
807 363 57 25 derå,

103 398 43 18 "att
161 396 95 20 bankens
271 396 89 20 intresse
379 396 111 26 påkallade
506 403 26 13 en
549 396 135 26 nedsättning
697 396 79 26 jemväl
792 397 23 19 af
828 397 35 20 de-

116 430 184 26 positionsräntan,
324 430 38 20 har
383 430 202 26 Bankdirektionen,
608 436 43 14 som
674 430 32 20 för
722 430 91 20 tillfället
828 438 36 13 an-

117 466 40 18 sett
179 464 40 20 slik
242 464 74 27 åtgärd
339 464 48 20 icke
410 471 49 13 vara
483 464 98 27 behöflig,
602 464 120 20 sedermera
739 465 6 19 i
761 471 103 14 samman-

117 498 56 26 hang
199 498 47 20 med
272 498 145 26 förändringar
436 499 6 19 i
461 499 207 26 utlåningsräntorne
692 499 109 26 föreslagit
825 500 39 20 och

116 532 196 27 Bankfullmäktige
337 533 40 19 den
403 534 12 18 4
441 533 104 20 nästlidne
570 533 118 20 December
707 533 108 20 förordnat
833 534 31 20 till

117 567 135 26 nedsättning
261 567 23 19 af
291 569 73 17 räntan
381 567 13 19 &
409 563 67 35 medel,
491 568 79 25 insatta
585 567 12 19 &
613 574 49 19 upp-
672 567 39 20 och
720 567 144 27 afskrifnings-

116 602 91 26 räkning
229 603 54 18 samt
305 601 228 27 depositionsräkning,
557 602 45 19 från
625 602 13 19 2
660 601 32 20 till
718 601 36 27 1'/,
778 605 87 23 procent

117 637 32 19 för
174 636 26 20 de
226 636 55 20 förra
306 638 54 17 samt
384 636 44 19 från
449 636 42 26 3'/,
507 636 32 19 till
561 636 6 19 2
583 638 88 24 procent
689 636 31 21 för
738 636 26 20 de
783 642 81 20 senare,

117 670 47 20 med
181 670 41 20 den
238 670 89 25 ändring
343 670 68 19 tillika
426 670 6 19 i
449 670 158 20 föreskrifterne
626 670 110 26 angäende
752 670 113 26 depositio-

117 712 44 18 ner,
177 707 30 17 att
222 707 74 17 räntan
312 704 12 20 &
340 704 108 20 desamma
468 704 53 20 skall
546 704 104 20 beräknas
673 704 44 20 frän
734 704 67 27 dagen
819 708 46 17 näst

117 739 54 20 efter
185 739 145 25 insättningen
349 740 53 18 samt
420 738 45 20 med
490 738 149 26 upphäfvande
654 738 23 20 af
690 738 129 27 stadgandet,
836 741 30 18 att

117 772 196 27 räntegodtgörelse
338 772 47 20 icke
410 778 51 20 eger
485 779 52 16 rum,
561 778 34 14 om
619 772 82 20 medlen
726 774 18 24 ej
765 773 100 20 innestätt

117 808 63 19 minst
195 810 31 16 tre
243 806 109 26 mänader;
369 806 89 20 hvarhos
473 806 203 26 Bankdirektionen,
686 807 26 25 pä
725 807 72 19 derom
810 808 53 25 jem-

118 841 32 20 väl
166 841 60 26 gjord
242 840 160 26 framställning,
418 840 148 26 bemyndigats
581 842 30 17 att
626 843 94 24 uppsäga
736 841 42 19 alla
793 841 71 20 insätt-

118 875 82 26 ningar,
215 881 45 13 som
276 874 68 19 finnas
359 873 13 20 &
386 874 223 26 depositionsräkning
623 875 144 20 innestående.

463 939 10 21 s
491 937 32 19 15.

185 977 30 20 På
237 977 152 26 framställning
412 977 22 19 af
455 976 195 20 Bankdirektionen
674 977 62 20 hafva
758 977 106 20 Bankfull-

117 1011 94 26 mäktige
226 1011 42 20 den
286 1012 22 18 11
325 1011 86 19 Januari
429 1011 52 19 1868
498 1011 76 19 bifallit
589 1011 31 19 till
636 1011 100 20 Finlands
751 1011 113 26 hypoteks-

116 1046 108 26 förenings
247 1045 74 27 gjorda
344 1045 118 26 ansökning
484 1047 30 17 att
529 1045 21 19 fä
567 1045 64 20 under
656 1045 96 25 nämnde,
776 1045 88 20 likasom

116 1080 67 20 under
203 1079 129 26 föregående
356 1079 23 19 år
402 1079 97 26 begagna
520 1079 222 26 depositionsräkning
758 1079 6 20 i
781 1079 83 20 banken

116 1115 32 19 för
164 1121 25 12 en
206 1119 81 14 summa
305 1113 23 20 af
344 1113 89 24 500,000
457 1113 66 25 mark,
547 1113 60 24 dock,
624 1113 6 19 i
646 1113 218 20 öfverensstämmelse

116 1149 47 19 med
180 1148 53 20 hvad
253 1145 195 22 Bankdirektionen
470 1147 114 26 föreslagit,
600 1149 56 18 emot
672 1147 82 20 nedsatt
769 1149 60 18 ränta
843 1147 23 20 af

116 1183 47 26 fyra
179 1184 93 25 procent.

462 1240 10 21 $
490 1238 31 19 16.

185 1280 46 19 Den
246 1279 27 20 25
288 1278 43 20 Juli
352 1278 53 19 1870
428 1278 62 19 hafva
512 1277 200 27 Bankfullmäktige,
728 1278 6 19 i
750 1277 114 28 anledning

116 1315 24 19 af
153 1314 36 20 det
209 1313 47 20 kort
278 1313 55 20 förut
358 1312 97 20 utbrutna
479 1312 70 26 kriget
575 1312 88 19 emellan
690 1311 109 27 Tyskland
825 1313 39 19 och

116 1347 118 21 Frankrike
249 1349 54 18 samt
322 1346 106 27 ingången
449 1347 152 19 underrättelse
617 1346 44 19 från
678 1346 95 20 bankens
788 1346 76 21 ombud

116 1383 7 19 i
138 1382 108 25 Hamburg
270 1387 32 13 om
326 1380 133 26 svårigheten
482 1382 31 17 att
535 1380 110 20 derstädes
665 1380 80 19 erhålla
761 1380 104 20 metallisk

117 1417 76 24 valuta,
210 1415 113 25 förordnat,
340 1415 36 19 det
391 1414 73 20 borde"
479 1414 95 20 bankens
598 1413 68 20 förråd
690 1414 23 19 af
730 1413 40 20 slik
795 1414 70 20 valuta

117 1450 115 21 förstärkas
248 1449 31 20 till
302 1449 63 19 minst
380 1449 40 19 tolf
433 1449 104 20 millioner
557 1448 66 26 mark,
639 1448 135 19 förträdesvis
789 1454 76 20 genom
