1078 1692
834 133 21 16 51

128 199 50 26 ning
193 198 71 19 kunna
280 198 69 25 hysas,
365 200 30 17 att
410 197 25 19 de
454 196 93 26 orsaker,
563 203 44 13 som
623 197 73 19 hittills
712 197 64 19 vållat
794 200 30 16 att
844 197 34 19 be-

129 232 78 26 viljade
222 232 73 26 anslag
311 231 47 20 icke
375 232 79 18 kunnat
471 230 97 27 utgifvas,
584 231 110 19 efterhand
710 231 60 19 skola
786 231 93 26 upphöra

129 269 54 17 samt
199 268 29 18 att
244 266 128 19 inrättandet
388 266 22 18 af
424 265 65 26 högre
506 264 123 25 folkskolor,
648 265 66 19 under
733 265 103 20 inverkan
860 266 22 18 af

132 300 128 20 förbättrade
284 299 140 20 ekonomiska
445 299 145 19 förhållanden
614 299 6 19 i
640 299 71 19 landet
726 300 40 19 och
781 300 47 19 med
845 300 34 19 sti-

131 335 68 25 gande
215 334 89 19 intresse
320 334 56 19 inom
393 333 152 19 kommunerna
561 333 31 19 för
608 332 180 27 folkbildningens
808 334 71 25 höjan-

131 369 32 24 de,
180 368 123 20 hädanefter
326 367 53 19 skall
402 367 69 26 fortgå
486 367 6 19 i
509 368 65 18 större
589 367 120 25 proportion
726 370 26 16 än
773 368 66 18 under
854 368 24 19 de

131 402 127 26 föregående
275 402 56 24 åren,
347 402 38 19 har
401 402 108 22 utskottet,
526 403 46 17 utan
589 401 100 19 afseende
708 401 50 19 derå
778 404 30 16 att
827 408 51 13 mer-

132 437 88 19 berörda
236 443 80 12 summa
332 436 22 19 af
371 436 87 25 130,000
475 435 59 19 mark
550 435 31 20 för
599 436 50 18 1871
672 438 22 16 är
718 435 30 19 för
771 436 50 25 högt
846 436 33 19 be-

130 471 87 22 räknad,
233 470 67 20 funnit
316 470 32 26 sig
366 470 48 19 böra
430 469 114 27 godkänna
560 469 122 19 densamma
697 469 66 19 såsom
781 470 97 26 utgångs-

131 505 67 26 punkt
213 505 31 19 för
260 504 101 26 kalkylen
378 504 23 19 af
416 503 99 20 behofvet
530 503 65 19 under
611 503 26 19 de
652 503 92 26 följande
760 503 49 20 åren
827 508 52 15 samt

130 539 102 26 enhälligt
248 539 81 19 förenat
345 538 32 26 sig
393 538 78 24 derom,
488 540 29 17 att
533 538 26 19 de
570 538 73 25 anslag
654 538 31 19 för
696 538 123 25 folkskolor,
835 544 43 14 som

134 574 31 19 för
181 572 141 20 instundande
340 572 200 26 bevillningsperiod
557 572 76 23 äskats,
649 572 51 19 eller
717 572 88 21 180,000
822 572 57 20 mark

132 608 31 19 för
186 607 23 19 år
232 607 52 19 1873
308 606 48 20 med
376 606 53 26 årlig
444 606 95 25 stegring
554 606 23 19 af
590 606 75 25 25,000
683 606 56 19 mark
757 606 31 19 för
808 607 71 25 hvarje

132 642 23 18 af
168 642 26 19 de
210 640 92 26 följande
318 640 58 25 åren,
392 640 23 20 så
430 642 30 18 att
476 640 57 19 detta
552 640 72 26 anslag
640 640 30 20 för
690 640 22 19 år
738 641 50 19 1877
812 640 67 20 skulle

132 677 74 23 utgöra
228 674 91 25 280,000
342 674 66 25 mark,
433 674 64 20 borde
520 674 115 26 tillstyrkas
660 676 29 18 att
708 674 121 20 oafkortadt
845 674 34 20 be-

134 709 66 25 viljas.

201 742 47 20 Men
272 742 64 26 nägra
359 742 67 20 andra
448 743 23 18 af
488 742 25 19 de
533 742 5 19 i
555 742 39 19 den
618 742 82 26 Nädiga
723 743 156 25 propositionen

133 779 107 23 upptagna
261 776 145 26 utgiftsposter
429 776 63 19 hafva
515 776 94 19 deremot
631 776 61 26 gifvit
714 777 115 25 anledning
851 779 29 17 att

133 810 76 20 föreslä
224 810 55 19 vissa
294 810 142 19 reduktioner.

201 844 68 20 Sedan
293 843 183 26 öfverinspektorn
501 843 31 20 för
555 843 207 21 folkskoleväsendet
781 845 98 19 inträdt
868 839 15 34 i

134 879 39 18 den
191 878 66 25 enligt
272 878 83 26 Nädiga
370 877 148 26 förordningen
535 877 39 20 den
591 878 26 19 24
633 878 119 20 November
775 879 50 19 1869
849 879 29 19 in-

134 912 81 19 rättade
231 912 163 25 öfverstyrelsen
411 912 30 19 för
457 911 149 20 skolväsendet
622 912 37 19 har
674 914 67 17 staten
758 913 31 19 för
811 913 69 19 denna

133 946 148 26 öfverstyrelse
297 946 31 19 till
346 952 40 13 ena
402 945 77 20 hälften
500 945 69 20 blifvit
588 945 44 20 förd
653 946 25 25 pä
701 946 178 20 folkskolebevill-

133 981 84 25 ningen,
241 980 87 19 oaktadt
350 981 20 18 at
394 980 26 19 de
443 980 48 25 fyra
513 979 197 26 öfverinspektorer,
733 986 44 13 som
797 980 83 20 tillhöra

133 1014 64 26 sagde
213 1013 141 26 embetsverk,
370 1013 74 20 endast
459 1020 33 18 en,
509 1013 40 20 den
565 1013 149 26 förstnämnde,
730 1014 38 19 har
784 1014 29 19 till
830 1021 50 19 upp-

134 1049 39 25 gift
188 1050 30 17 att
233 1047 120 26 inspektera
369 1047 147 20 folkskolorna
531 1047 38 20 och
586 1048 25 19 de
628 1050 29 17 tre
673 1047 66 26 öfriga
750 1048 130 20 uteslutande

134 1085 35 16 äro
186 1081 86 20 afsedda
288 1081 30 20 för
334 1081 249 20 elementarläroverken.
614 1081 40 19 Vid
671 1081 73 20 sädant
766 1082 113 19 förhällan-

134 1116 25 19 de
175 1116 37 19 har
229 1115 99 20 utskottet
345 1117 49 18 trott
409 1115 31 26 sig
457 1115 50 20 böra
523 1115 75 19 föreslä
613 1117 28 17 att
661 1115 125 20 ätminstone
811 1116 69 25 belop-

133 1152 36 23 pet
183 1149 22 19 af
219 1155 25 14 en
261 1149 178 26 öfverinspektors
456 1149 33 19 lön
507 1149 50 19 eller
573 1149 61 24 7,000
651 1149 57 19 mark
728 1149 63 20 mätte
813 1149 67 20 afdra-

134 1189 37 20 gas
187 1183 44 19 från
248 1183 40 19 den
305 1189 87 18 summa,
408 1189 44 13 som
469 1183 66 19 under
550 1183 49 19 åren
619 1183 137 19 1873—1877
768 1183 53 19 skall
835 1183 45 20 från

133 1217 252 26 folkskolebevillningen
411 1217 48 26 utgä
477 1217 68 19 säsom
563 1217 74 25 bidrag
653 1217 30 19 till
700 1217 180 26 skolöfverstyrel-

135 1257 47 13 sens
198 1253 46 17 stat.

203 1285 77 19 Vidare
298 1285 36 19 har
353 1285 100 19 utskottet
473 1285 61 19 bordt
549 1286 48 25 tapa
613 1285 6 18 i
637 1285 143 25 betraktande,
799 1287 30 17 att
844 1292 34 13 an-

134 1320 69 25 slaget
217 1319 32 19 för
266 1319 161 19 blindanstalten
443 1319 5 18 i
465 1318 82 26 Kuopio
563 1319 46 19 icke
626 1325 62 19 synes
701 1319 65 19 blifva
782 1319 99 26 beviljadt

135 1353 29 19 till
181 1353 35 19 det
231 1353 6 18 i
254 1353 40 19 den
317 1353 83 26 Nädiga
423 1353 157 25 propositionen
605 1352 118 20 beräknade
740 1353 76 25 belopp
833 1355 47 17 utan

134 1387 100 24 kommer,
258 1387 70 19 derest
350 1388 149 18 sammansatta
523 1387 63 19 Stats-
607 1387 38 19 och
664 1386 218 20 Ekonomiutskottets

132 1420 201 27 jemkningsförslag
349 1421 6 18 i
371 1420 72 27 frägan
461 1421 74 19 vinner
550 1420 162 26 godkännande,
721 1420 69 20 denna
802 1421 78 25 utgifts-
