1078 1692
811 119 35 17 315

117 182 26 20 de
160 182 96 20 förluster
271 182 45 20 från
334 188 26 14 en
376 182 127 26 föregående
527 182 36 26 tid,
584 188 44 14 som
649 182 45 19 dels
709 182 107 20 allaredan
833 184 35 17 äro

118 216 76 26 kända,
224 216 44 20 dels
293 216 157 26 approximatift
477 216 42 20 låta
545 216 32 26 sig
605 215 99 26 beräkna,
732 216 68 19 blifvit
822 216 47 19 fullt

119 250 105 20 betäckta.
256 250 31 26 Ty
304 252 55 18 utom
376 250 26 20 de
418 250 85 26 belopp,
523 250 78 25 hvilka,
618 250 66 26 enligt
706 249 54 20 hvad
780 249 88 27 tidigare

119 286 123 24 omnämnts,
259 284 69 20 blifvit
344 284 101 20 afskrifna
461 284 52 20 eller
528 284 91 26 afskiljts
636 283 44 20 från
692 283 100 29 Bankens
806 284 62 19 säkra

119 318 118 26 tillgångar,
254 321 35 17 äro
306 324 25 14 en
348 321 42 17 stor
406 318 34 20 del
455 318 23 19 af
491 318 26 20 de
534 318 68 26 öfriga
622 317 125 26 fordringar,
766 324 51 18 som,
833 324 34 13 en-

119 352 38 26 ligt
173 352 190 20 ombudsmannens
379 352 31 19 för
430 352 49 19 sista
502 352 45 20 året
571 351 80 27 afgifna
674 351 119 25 berättelse,
817 351 51 20 bero

119 386 26 26 på
168 386 113 26 utsökning
304 386 52 20 eller
379 386 167 26 konkursliqvid,
570 386 23 19 af
613 386 40 19 den
677 385 146 20 beskaffenhet
839 387 30 18 att

119 420 111 20 enahanda
253 420 98 26 åtgärder
374 420 130 20 beträffande
529 420 47 19 dem
600 419 48 20 icke
671 419 71 20 kunna
758 420 110 20 undvikas,

120 454 40 19 Vid
181 454 73 20 sådant
272 454 132 19 förhållande
430 454 59 20 torde
514 453 100 20 behållna
638 454 140 19 bankvinsten
798 454 70 20 fortfa-

119 488 65 20 rande
200 494 50 14 vara
265 488 29 19 till
310 484 162 24 reservfondens
495 487 148 20 förstärkande
667 488 31 19 väl
720 488 98 26 behöflig,
834 494 33 14 om

119 522 72 19 denna
206 522 56 20 inom
279 528 25 13 en
320 522 48 19 icke
383 522 68 19 alltför
468 521 48 27 läng
528 522 29 19 tid
569 521 53 20 skall
640 521 70 20 kunna
727 521 84 27 bringas
827 528 41 20 upp

120 556 30 19 till
171 558 28 17 ett
216 556 82 26 belopp,
314 562 44 13 som
375 555 47 20 fullt
437 557 115 18 motsvarar
571 555 95 20 bankens
683 555 185 27 maktpäliggande

121 590 87 26 uppgift.

154 692 24 20 11.
208 692 34 20 Hos
258 691 172 27 Bankfullmäktige
445 692 116 20 förevordna
576 691 146 27 hufrudsakliga
737 692 88 20 ärender.

477 755 45 23 81.

187 794 101 26 Följande
308 794 77 26 frägor,
404 793 108 27 angäende
537 794 44 20 dels
602 794 116 26 förklaring
734 794 51 20 eller
801 795 67 19 förän-

119 828 62 26 dring
203 828 23 19 af
247 828 83 19 banken
354 828 89 19 rörande
466 828 149 26 författningar
638 828 44 19 dels
706 829 124 19 utfärdande
849 829 22 20 af

121 869 41 19 nya
177 862 85 26 sädana,
279 862 63 20 hafva
357 862 23 19 af
393 861 194 27 Bankfullmäktige
607 862 129 26 behandlats,
754 863 114 26 nemligen:

192 898 29 18 1:o
237 896 110 27 angående
363 896 95 19 vilkoren
475 896 31 19 för
522 896 81 20 inlösen
620 897 22 19 af
656 897 95 20 bankens
774 897 95 20 förslitna

119 930 52 20 eller
187 930 93 20 skadade
297 930 76 25 sedlar,
393 930 86 19 hvarom
498 930 202 27 Bankfullmäktige,
716 931 27 26 pä
758 931 110 20 framställ-

121 965 50 26 ning
194 964 23 20 af
234 964 203 26 Bankdirektionen,
456 964 29 19 uti
502 964 131 27 underdänig
652 965 124 20 hemställan
792 966 23 19 af
829 966 39 19 den

120 999 27 20 20
162 999 55 19 Mars
235 999 52 19 1868
304 999 37 19 hos
364 998 56 20 Hans
444 998 120 26 Kejserliga
586 999 98 25 Majestät
699 999 108 27 föreslagit
823 1003 46 16 när-

121 1039 56 14 mare
193 1033 169 26 bestämningar;
385 1033 39 19 och
442 1032 37 19 har
494 1032 6 19 i
517 1032 95 27 enlighet
627 1032 85 20 härmed
732 1033 69 27 Nädig
817 1033 51 20 kun-

119 1067 84 27 görelse
218 1067 24 20 af
255 1067 39 20 den
315 1068 6 18 1
340 1066 131 27 derpäföljde
488 1066 59 27 April
564 1066 108 20 utfärdats.

205 1102 33 19 2:0
254 1101 109 26 angäende
383 1101 119 26 grunderna
517 1100 32 20 för
567 1101 94 19 bankens
682 1100 186 28 sedelutgifnings-

120 1137 47 23 rätt,
183 1135 6 19 i
206 1135 80 20 hvilket
310 1137 61 17 ämne
393 1134 201 26 Bankfullmäktige,
614 1134 26 26 pä
662 1134 206 21 Bankdirektionens

120 1169 160 26 framställning,
301 1169 28 19 uti
354 1168 130 27 underdänig
508 1168 111 19 skrifvelse
635 1168 23 19 af
672 1168 39 20 den
729 1170 11 18 4
756 1169 41 26 Maj
816 1170 52 19 1868

120 1203 105 20 hemställt
240 1209 33 14 om
290 1202 64 20 sädan
378 1202 117 27 förklaring
518 1202 36 20 det
578 1202 82 20 banken
682 1202 142 27 berättigades
839 1206 30 17 att

119 1238 68 19 säsom
211 1237 70 20 valuta
304 1237 31 19 för
358 1237 159 19 sedelemission
544 1236 92 20 beräkna
659 1236 62 20 äfven
738 1239 131 25 statspapper

120 1271 39 20 och
183 1271 139 26 obligationer
346 1271 12 19 å
380 1271 107 19 utländskt
510 1273 65 24 mynt,
599 1271 6 19 i
629 1277 79 13 samma
730 1271 138 27 förhållande,

119 1311 45 14 som
181 1305 32 20 för
228 1305 101 26 ostridiga
340 1305 119 26 fordringar
475 1305 38 20 hos
525 1305 48 20 dess
581 1305 113 20 utländska
709 1305 76 20 ombud
801 1306 67 20 finnes

120 1339 104 26 stadgadt,
241 1339 54 20 dock
311 1339 74 20 endast
400 1339 53 20 efter
469 1339 61 20 dessa
545 1341 143 24 statspappers
703 1339 39 20 och
756 1340 111 27 obligatio-

121 1380 47 13 ners
184 1373 126 26 inköpspris.

187 1407 10 19 I
212 1407 114 26 anledning
350 1407 60 19 häraf
430 1409 25 17 är
476 1407 118 26 Kejserliga
616 1407 141 26 kungörelsen
781 1408 40 19 den
842 1409 24 19 15

118 1441 87 20 Januari
224 1441 52 20 1869
293 1441 101 26 utfärdad,
410 1441 139 20 dessmedelst
565 1441 157 20 ofvannämnde
733 1441 133 28 bestämning
