1078 1692
820 126 20 17 17

114 188 128 26 fullkomligt
258 188 108 26 obestånd,
382 191 38 23 gör
435 188 36 20 det
487 188 100 26 derjemte
600 188 93 26 önskligt
704 191 29 17 att
745 189 115 19 oftanämn-

115 223 25 19 de
157 223 73 26 bidrag
254 222 49 26 utgå
327 222 145 26 regelbundet,
495 225 22 23 ty
536 222 62 20 redan
615 223 127 25 ovissheten,
762 224 101 19 huruvida

115 257 48 19 icke
179 264 25 12 en
221 259 66 17 större
304 256 135 26 beskattning
455 256 40 19 kan
513 256 64 19 varda
593 256 68 26 ålagd,
678 257 82 20 utöfvar
775 264 25 12 en
822 257 39 20 för-

114 291 99 19 lamande
228 290 103 20 inverkan
347 290 27 26 på
390 290 25 20 de
432 290 80 20 mindre
529 290 134 26 näringarne.

183 324 59 20 Hvad
254 326 45 18 åter
313 324 224 20 landskommunernas
558 325 145 26 inqvartering
721 325 103 26 beträffar,
841 325 22 20 så

114 359 59 20 torde
186 359 26 19 de
225 359 145 26 församlingar
383 359 35 19 vid
434 359 62 19 södra
507 359 74 19 kusten
590 359 55 19 inom
659 359 99 25 Wiborgs
770 360 37 19 och
819 360 43 26 Ny-

114 393 59 19 lands
193 393 41 25 län,
248 392 72 20 hvilka
334 393 53 19 förut
399 392 33 20 vid
444 395 65 17 större
523 395 153 24 truppmassors
688 393 113 26 genomtåg
811 395 52 18 mest

115 428 45 19 lidit
177 427 64 25 deraf,
258 434 86 12 numera
360 427 63 19 sedan
442 428 117 25 jernvägen
578 427 31 19 till
627 427 30 19 S:t
672 427 126 27 Petersburg
816 427 46 20 blif-

116 461 29 19 vit
161 461 90 25 öppnad,
268 461 30 19 till
315 463 65 17 större
396 461 61 19 delen
470 461 62 19 hafva
548 461 85 19 befriats
648 461 44 19 från
708 462 58 19 detta
782 461 80 20 besvär.

183 495 29 19 På
227 495 67 25 grund
311 496 22 18 af
347 495 35 19 det
397 495 152 19 ofvananförda
565 495 20 19 få
605 495 123 25 Ständerna,
744 496 66 25 jemte
827 502 35 12 un-

116 529 102 26 derdånig
233 529 97 20 anmälan
348 529 70 19 derom
435 530 28 18 att
480 529 124 24 Ständerna,
621 530 52 18 efter
688 530 98 19 ärendets
805 529 56 27 afgö-

116 564 63 19 rande
196 564 6 18 i
218 563 100 20 förstärkt
340 563 141 24 Statsutskott,
497 563 47 19 icke
567 565 68 17 ansett
650 564 32 26 sig
698 570 76 20 genom
794 564 67 26 någon

115 597 121 27 förhöjning
251 598 6 18 i
274 598 51 19 eller
340 597 145 26 utsträckning
501 597 20 19 af
538 597 40 19 den
595 597 133 20 härförinnan
740 598 77 26 åtagna
828 598 34 19 be-

115 632 116 26 villningen
248 632 72 19 kunna
335 631 95 20 anskaffa
445 632 42 24 det,
504 632 31 18 till
551 632 111 19 understöd
684 632 21 19 åt
723 632 55 20 vissa
796 632 23 19 af
828 632 33 19 in-

115 666 120 26 qvartering
260 666 134 26 synnerligen
420 665 118 27 betungade
561 665 70 20 städer
653 667 39 19 och
712 666 124 20 kommuner
851 666 12 20 å

115 699 78 25 landet,
209 699 78 20 äskade
303 700 67 26 årliga
384 700 72 25 anslag
479 700 23 19 af
522 700 177 20 tvåhundratusen
723 700 65 26 mark,
803 701 7 19 i
826 707 36 13 un-

115 733 139 27 derdånighet
266 734 31 19 tili
312 734 84 19 Eders
412 734 149 26 Kejserliga
577 734 132 26 Majestäts
726 734 136 26 behjartande

115 768 114 19 framställa
244 768 97 20 anhållan
358 768 80 19 derom:

285 804 33 18 att
336 801 84 21 Eders
439 800 155 29 Kejserliga
616 802 127 28 Majestät
761 802 102 21 täcktes
851 796 15 38 i

217 835 75 21 Nåder
308 836 79 24 tillåta,
404 838 31 17 att
451 836 61 19 såväl
529 836 24 20 de
568 836 71 20 stads-
655 836 37 20 och
704 836 159 21 landskommu-

218 876 44 19 ner,
286 869 72 20 hvilka
380 869 113 21 härintills
516 870 35 20 till
570 870 136 21 bestridande
725 870 29 27 af
764 871 49 20 sina
829 871 34 20 in-

218 903 251 27 qvarteringskostnader
492 904 91 27 åtnjutit
609 904 123 25 understöd,
760 911 44 14 som
827 904 37 21 ock

217 937 73 28 öfriga
308 937 29 25 af
352 937 59 28 dylik
431 937 136 28 beskattning
585 939 85 20 svårast
693 938 108 21 drabbade
818 940 46 19 stä-

218 971 37 21 der
264 972 62 27 finge
340 979 27 13 ur
386 971 157 28 militiefonden
565 973 119 20 tillsvidare
702 972 37 21 och
756 972 107 21 intilldess

217 1005 71 21 denna
308 1005 58 27 fond
389 1008 58 25 tages
463 1006 8 20 i
486 1006 97 27 anspråk
605 1007 35 20 till
658 1006 206 27 försvarsverkets
853 1001 15 37 i

218 1039 73 21 landet
307 1040 117 24 ordnande,
440 1040 87 27 åtnjuta
536 1041 72 26 årliga
619 1040 83 28 bidrag,
714 1040 72 21 hvilka
796 1039 68 22 skulle

218 1073 126 21 bestämmas
360 1074 7 19 i
382 1073 140 24 förhållande
545 1075 34 20 till
601 1075 25 20 de
646 1075 106 20 kontanta
772 1073 92 28 utgifter

217 1107 37 26 för
268 1108 173 27 ifrågavarande
455 1109 105 20 ändamål
575 1109 65 26 sagde
654 1109 131 24 kommuner,
805 1107 59 27 utöf-

218 1149 34 13 ver
267 1143 35 19 sin
317 1143 226 26 ingvarteringstolag,
554 1142 30 27 få
598 1142 120 21 vidkännas
736 1144 56 19 samt
811 1142 53 27 utgå

216 1177 25 19 så
267 1176 142 27 regelbundet,
443 1179 32 18 att
502 1176 143 28 farhägorna
666 1176 38 26 för
732 1176 26 21 de
782 1175 83 21 mindre

218 1210 120 21 bemedlade
357 1211 168 26 gärdsegarenes
541 1211 37 20 och
600 1211 126 27 borgarenes
746 1209 89 21 bestånd
856 1209 8 20 i

218 1245 62 20 dessa
294 1245 73 20 städer
381 1245 71 20 kunde
467 1245 120 26 aflägsnas.

181 1279 100 20 Finlands
297 1279 89 20 Ständer
402 1279 119 20 framhärda
537 1282 38 17 ete.

183 1313 140 26 Helsingfors,
339 1313 40 20 den
398 1314 23 19 15
437 1313 40 26 Maj
497 1314 60 19 1872.
