1078 1692
239 141 33 18 132

279 246 63 25 tjenst
365 246 49 20 med
435 246 36 20 lön
490 246 27 26 på
536 246 99 26 kronans,
650 246 70 27 någon
736 246 56 20 stads
808 246 28 20 el-

278 280 32 20 ler
326 280 78 20 allmän
419 280 127 27 inrättnings
562 282 46 18 stat.
638 280 47 20 Men
710 280 35 20 vid
770 280 66 20 befor-

278 314 52 20 dran
346 314 31 20 till
393 321 70 13 annan
478 315 63 26 tjenst
557 314 104 20 beräknas
678 314 74 20 kartan
764 315 73 19 endast

278 348 54 20 efter
348 348 118 26 skilnaden,
483 348 100 20 hvarmed
599 349 41 19 den
656 348 108 21 tillträdda
774 349 62 20 lönen

277 382 42 20 kan
336 382 129 26 öfverskjuta
481 383 39 19 den
537 383 54 19 förut
607 383 120 19 innehafda.
758 379 30 23 Är
807 383 29 20 lö-

276 422 41 14 nen
334 416 34 20 vid
386 416 40 20 den
442 423 41 20 nya
499 417 89 26 tjensten
608 416 48 20 icke
675 419 74 24 större,
774 418 62 19 utfär-

276 450 37 20 das
329 450 124 20 fullmakten
470 450 27 27 pä
511 450 64 21 sädan
591 451 67 26 karta,
674 458 45 13 som
740 451 32 20 för
794 458 41 13 em-

277 484 132 20 betsverkets
425 485 148 26 expeditioner
588 485 7 19 i
611 485 115 20 allmänhet
741 485 72 27 gäller.

247 524 34 20 2:0
298 524 12 20 &
326 524 127 27 beställning
476 524 27 27 pä
521 524 108 21 obestämd
646 525 29 20 tid
691 525 53 20 eller
759 525 27 27 pä
801 525 34 20 be-

276 558 68 20 stämd
360 558 30 20 tid
407 559 23 19 af
443 560 29 18 ett
486 558 23 20 är
524 559 51 20 eller
591 559 121 20 derutöfver
728 559 48 20 med
786 560 50 19 visst

274 592 64 27 årligt
360 593 79 20 arvode
461 593 52 20 eller
535 593 81 27 anslag,
634 594 12 19 2
665 595 88 25 procent
771 594 23 19 af
807 596 29 18 ett

275 626 34 20 ärs
324 627 86 19 arvode.

247 666 33 19 3:0
296 665 13 21 &
324 666 128 26 beställning
475 666 26 26 pä
524 667 41 19 viss
581 667 30 19 tid
631 667 66 19 under
716 669 30 18 ett
761 667 29 25 är,
805 667 29 19 äf-

275 706 87 14 vensom
382 700 12 20 &
415 700 126 27 beställning
568 702 48 18 utan
638 701 86 19 dermed
748 701 86 19 förenad

274 734 35 19 lön
326 734 52 20 eller
394 734 103 20 bestämdt
512 735 85 25 arvode,
617 734 89 21 skrifves
724 734 12 20 &
752 735 39 19 den
804 735 31 19 för

274 768 85 20 verkets
374 768 68 27 öfriga
458 768 146 26 expeditioner
619 769 103 26 stadgade
740 769 65 20 karta.

244 807 34 20 4:0
294 807 12 19 &
322 808 302 26 kontraktsprostebefattning

273 847 48 19 Men
345 847 109 20 förordnas
477 847 48 26 den,
547 853 43 14 som
614 847 55 20 förut
689 848 84 19 erhällit
788 847 45 20 full-

245 880 58 20 makt
318 881 13 19 &
346 883 133 24 prostenamn
496 881 39 20 och
545 881 119 27 värdighet,
673 882 31 19 till
714 882 119 19 kontrakts-

244 916 65 24 prost,
326 921 50 20 eger
392 915 60 20 karta
468 915 93 26 sigillata
576 915 61 27 afgift
659 916 31 19 för
714 916 57 19 detta
793 916 40 19 för-

244 949 70 20 nande
330 949 48 20 icke
394 956 51 13 rum.

244 988 32 19 5:0
293 988 13 19 &
321 989 264 26 kyrkoherdebeställning
605 989 94 20 karteras
719 989 54 20 efter
792 989 40 20 den

272 1022 6 19 i
297 1023 51 19 I:sta
362 1023 95 26 punkten
480 1023 109 20 bestämda
612 1023 66 26 grund
695 1023 32 20 för
742 1023 54 20 hvad
813 1024 23 19 af

271 1056 81 20 kronan
377 1057 68 20 bestäs
469 1057 38 20 och
523 1057 81 26 sysslän
621 1057 83 26 åtföljer
720 1057 6 19 i
744 1057 87 26 pennin-

271 1090 71 27 gelön,
358 1091 52 19 eller
426 1090 39 21 ock
481 1091 5 19 i
499 1091 100 26 spanmäl,
611 1091 97 20 hemman
720 1091 52 20 eller
786 1094 45 17 rän-

271 1125 136 25 tepersedlar,
430 1125 108 20 hvarutom
562 1125 32 19 för
620 1125 162 26 kyrkoherdens
801 1125 30 20 in-

270 1158 98 23 komster,
380 1159 23 19 af
416 1159 150 26 församlingen
583 1159 103 20 beräknas
707 1159 38 20 och
765 1159 66 26 tilläg-

271 1199 37 19 ges
332 1192 105 26 särskildt,
461 1193 67 19 ehvad
552 1194 115 25 pastoratet
682 1195 24 17 är
720 1193 111 26 imperielt,

271 1226 151 26 konsistorielt,
437 1226 105 26 patronelt
557 1227 52 19 eller
625 1226 67 21 säsom
709 1233 71 14 annex
790 1227 40 20 dis-

270 1266 100 20 poneras:

242 1299 32 20 för
290 1299 159 26 landtpastorat,
465 1299 31 20 för
512 1299 72 26 hvarje
600 1300 23 19 af
637 1300 25 19 de
678 1301 78 18 mantal
772 1301 6 18 i
795 1307 34 20 pa-

270 1335 93 23 storatet,
386 1339 44 14 som
454 1333 34 20 vid
511 1333 92 26 prestval
623 1334 39 19 och
679 1335 116 25 utgörande
810 1335 23 19 af

270 1367 177 26 pastorsaflöning
463 1367 56 26 tjena
535 1367 31 19 till
582 1368 74 25 grund,
676 1368 66 19 sedan
764 1368 65 20 likväl

269 1402 58 19 inom
350 1403 114 24 pastoratet
491 1401 106 26 befintlige
627 1401 202 54 Kleresllägonhoter

269 1435 70 21 blifvit
354 1435 119 26 afdragna
463 1431 12 35 .
576 1451 5 4 p

240 1471 39 19 och
296 1469 31 20 för
343 1469 156 26 stadspastorat,
515 1469 31 20 för
564 1451 74 44 hvarje
647 1451 56 38 fullt
718 1451 110 39 Tanärsds

892 1442 57 19 1:50
