1078 1692
805 114 34 17 483

246 176 54 26 Den,
316 183 45 14 som
376 176 30 28 af
417 176 143 21 Direktionen
576 176 73 28 blifvit
664 176 57 21 skild
734 176 58 26 från
808 178 55 26 tjen-

178 212 58 19 stens
250 210 103 28 utöfning
365 211 32 27 på
412 211 43 20 viss
471 210 38 25 tid,
525 210 48 22 med
589 210 52 21 eller
656 212 54 19 utan
725 210 137 27 löneförlust,

178 246 53 19 utan
246 246 34 19 att
293 245 35 20 till
346 245 47 20 åtal
408 244 36 21 vid
459 244 92 21 domstol
567 244 72 21 tillika
650 244 139 27 förordnats,
804 245 60 21 stån-

178 278 25 20 de
226 280 62 26 öppet
304 281 32 19 att
352 280 8 19 i
376 278 85 21 besvärs
484 280 41 26 väg
549 279 57 21 inom
630 279 72 21 trettio
722 278 71 28 dagar
808 279 55 27 efter

179 312 99 21 beslutets
288 312 194 28 förständigande,
503 312 47 21 deri
565 313 52 20 söka
633 313 95 27 ändring
744 312 37 21 hos
798 312 66 22 Sena-

179 349 45 18 tens
247 346 117 21 Ekonomie
386 346 166 28 Departement;
573 354 48 14 men
641 347 7 20 i
663 346 153 22 Direktionens
833 347 31 21 be-

179 380 44 21 slut
238 381 33 20 uti
286 380 72 28 öfriga
374 380 41 22 här
430 381 129 21 omnämnda
567 380 56 28 fall,
639 380 43 21 kan
697 381 102 27 ändring,
814 388 50 14 vare

179 415 34 27 sig
228 422 73 19 genom
318 414 75 21 besvär
408 415 52 20 eller
475 414 88 28 klagan,
579 414 46 21 icke
640 414 69 22 sökas.

248 450 30 19 De
296 449 68 27 begge
379 448 92 27 följande
488 449 103 29 styckena
606 450 146 19 oförändrade.

489 506 14 26 $
520 507 33 19 99.

250 546 139 20 Oförändrad.

481 591 15 27 $
516 591 47 21 100.

253 626 71 26 Utgår.

240 683 42 19 Om
301 684 160 25 tjenstemän
479 683 45 19 och
541 683 119 27 betjente
675 683 6 19 i
697 683 112 20 Banken.

483 728 15 27 $
517 729 48 20 101.

259 768 180 27 Tjenstemännen
463 768 8 20 i
493 767 92 21 Banken
608 772 50 16 äro:
681 774 25 14 en
725 768 143 25 Sekreterare,

184 809 25 13 en
226 801 150 25 Ombudsman,
393 808 25 14 en
433 801 78 21 Förste
527 801 151 25 Kamererare,
694 808 25 14 en
734 802 76 20 Andre
820 802 49 20 Ka-

184 842 113 19 mererare,
316 843 26 13 en
366 836 77 20 Förste
468 835 92 26 Kassör,
581 843 25 13 en
632 836 76 20 Andre
732 835 91 25 Kassör,
844 843 23 13 en

188 869 146 26 Vexelkassör,
350 877 25 13 en
391 869 136 28 Registrator
542 869 37 21 och
591 870 35 20 två
637 869 145 26 Bokhållare;
796 869 73 28 äfven-

185 910 44 14 som
241 904 32 27 på
289 906 61 18 extra
366 906 44 18 stat
425 904 34 20 två
475 903 209 28 Kontorsskrifvare
700 903 37 21 och
748 904 34 20 två
794 903 75 21 Kans-

186 938 66 20 lister.
283 937 37 27 Af
338 937 45 21 dem
407 937 88 21 tillhöra
520 937 152 22 Sekreteraren
692 950 8 3 -
716 949 7 4 -
738 950 8 3 -
767 937 102 21 Bankens

185 971 218 21 kamererarekontor.
823 988 7 7 .

254 1005 111 28 Derjemte
380 1005 96 27 betjenas
492 1005 201 21 Bankdirektionen
708 1005 38 21 och
758 1005 25 20 de
794 1007 76 19 nämn-

185 1039 29 21 da
230 1039 58 21 olika
304 1039 168 28 afdelningarne
488 1039 29 27 af
528 1039 76 28 nödigt
620 1040 62 20 antal
696 1039 152 22 vaktmästare.

485 1091 16 26 $
519 1092 49 20 102.

257 1131 74 20 Första
354 1131 82 26 styeket
457 1131 142 25 oförändradt,
617 1133 54 18 utom
688 1133 30 18 att
732 1131 63 20 slutet
809 1131 22 19 af
845 1131 25 19 si-

187 1167 32 18 sta
235 1165 112 26 meningen
363 1171 47 20 pag.
428 1164 56 26 31*)
501 1165 76 19 ändras
597 1165 42 19 till:
662 1171 45 14 som
729 1164 143 21 Direktionen

188 1199 52 20 eller
255 1198 145 27 Fullmäktige
410 1197 67 28 finna
492 1197 83 28 skäligt
585 1198 106 21 meddela.
725 1197 146 29 Tjenstemän-

187 1239 41 14 nen
241 1233 31 26 pä
288 1235 62 18 extra
365 1234 43 19 stat
424 1232 108 21 anställas
549 1231 52 22 blott
608 1232 33 27 pä
649 1232 160 27 förordnande,
826 1232 46 21 tills

187 1267 79 20 vidare.

256 1301 32 20 De
304 1301 35 20 två
354 1301 93 26 följande
462 1301 104 26 styckena
581 1301 147 20 oförändrade.

489 1352 14 27 $
522 1352 49 21 103.

258 1387 32 20 De
306 1387 46 25 fyra
367 1387 64 19 första
447 1386 104 26 styckena
566 1385 146 22 oförändrade.

258 1448 16 22 +)
288 1448 6 17 i
308 1448 60 17 denna
380 1447 38 18 bok
431 1447 34 18 sid.
479 1447 38 17 386.
