1078 1692
230 116 34 18 258

312 182 32 18 att
355 180 9 20 i
373 179 158 27 sammanhang
545 179 46 21 med
606 179 72 27 öfriga
695 178 194 28 bevillningsmedel
900 180 60 20 redo-

313 214 67 25 visas;
396 214 37 20 och
448 220 48 21 eyer
513 213 92 21 Senaten
621 214 8 19 i
644 213 101 25 afseende
760 213 55 21 härä
831 214 94 20 meddela
936 214 25 20 de

312 250 103 18 närmare
432 247 148 27 föreskrifter,
600 254 43 14 som
659 247 75 21 kunna
744 247 77 28 finnas
835 248 125 20 ändamåls-

312 282 79 27 enliga.

606 330 10 21 $
633 328 33 19 36.

382 372 71 21 Sedan
471 372 136 27 fullständig
626 384 27 2 —
674 384 22 2 —
718 384 24 2 —
764 371 103 21 Senatens
890 371 69 21 Kam-

313 406 190 27 mar-Expedition
520 406 110 20 inkommit
648 417 18 3 —
688 418 27 2 —
733 418 23 3 —
774 406 124 20 kännedom.

573 464 22 22 Ss
611 463 89 19 31—42.

390 508 135 26 likalydande
542 508 46 19 med
605 514 26 13 nu
648 507 98 26 gällande
762 509 20 22 $$
799 508 89 19 35—140.

280 610 46 20 Med
343 610 114 26 anledning
473 610 22 19 af
515 609 127 20 Ständernas
665 610 61 19 ofvan
751 610 119 26 åberopade
891 610 67 19 beslut

211 644 130 20 beträffande
364 642 229 28 sjöfartsbevillningen
617 644 31 19 för
671 644 23 19 år
719 644 59 25 1872,
801 644 31 20 får
852 644 107 25 utskottet,

210 686 44 13 som
271 679 69 19 funnit
356 678 64 26 något
435 678 116 26 stadgande
567 678 72 19 härom
655 677 47 20 icke
719 678 72 20 kunna
806 678 78 20 införas
900 678 5 19 i
918 678 40 20 den

212 721 25 12 nu
256 713 116 27 tillstyrkta
387 712 288 26 bevillningsförordningen,
692 712 105 20 vördsamt
812 712 82 25 föreslå,

314 749 32 19 att
362 746 123 21 Ständerna
501 745 49 21 ville
565 745 37 21 hos
617 745 64 21 Huns
696 745 124 29 Kejserliga
835 746 102 28 Majestät
954 746 6 20 i

313 780 172 28 underdänighet
508 779 90 21 anhålla
622 786 32 14 om
675 782 39 23 att,
730 780 66 20 sedan
811 780 147 27 ersättningen

307 815 42 27 för
374 814 151 21 Sundstullens
549 814 133 26 indragning
698 813 71 27 blifvit
784 820 73 21 genom
873 814 40 20 den
929 821 29 13 nu

312 848 107 28 utgående
440 847 187 28 sjöfartsafgiften
648 847 35 21 till
694 847 60 27 fullo
770 847 87 26 betäckt,
873 847 85 28 ifräya-

312 882 97 21 varande
428 882 84 27 pälaga
531 881 61 27 finge
611 881 35 21 till
661 881 148 21 innevarande
823 882 37 20 års
876 883 82 26 utgång

314 917 111 27 uppbäras
435 917 41 26 för
491 915 220 27 bevillmingsfondens
726 915 101 28 räkning.

279 957 139 27 Helsingfors,
435 957 40 19 den
492 957 11 18 6
519 955 48 20 Juni
586 956 59 19 1872.

415 1065 110 20 Finlands
551 1065 113 20 Ständers
692 1064 157 27 underdäniga
876 1071 51 14 svar
952 1065 6 20 i

349 1099 103 26 anledning
474 1099 21 20 af
515 1099 55 20 Hans
593 1098 137 27 Kejserliga
752 1099 116 26 Majestäts
889 1099 69 26 Nädiga

346 1133 127 27 proposition,
481 1133 98 26 angående
595 1133 105 26 utgörande
716 1133 21 20 af
749 1133 103 26 bevilluing
866 1134 30 19 för
912 1132 45 21 1873

347 1168 36 21 och
399 1167 108 27 påföljande
522 1167 28 20 år.

210 1220 209 26 Stormäktigste,
430 1219 199 26 Allernådigste
641 1219 105 26 Kejsare
758 1219 38 20 och
806 1219 150 20 Storfurste!

280 1270 32 20 Då
328 1271 40 19 den
386 1270 123 26 bevillning,
526 1270 117 19 Ständerna
658 1270 35 19 vid
710 1273 82 17 senaste
804 1271 99 26 landtdag
914 1271 42 20 åta-

211 1305 30 26 git
264 1305 32 26 sig
320 1305 30 19 för
374 1304 103 19 särskilda
497 1304 104 26 ändamål,
618 1304 80 26 upphör
715 1304 45 19 med
778 1305 141 20 innevarande
935 1305 23 20 år

214 1339 59 25 1872,
297 1339 37 18 har
357 1338 82 19 Eders
467 1338 152 27 Kejserliga
641 1337 125 26 Majestät
790 1345 74 20 genom
888 1339 67 26 Nådig

209 1373 139 26 proposition,
377 1371 110 27 angående
519 1372 116 26 ntgörande
663 1372 23 19 af
707 1369 114 30 Wevillning
844 1374 31 18 för
904 1374 52 19 1873

211 1407 39 20 och
274 1406 121 27 påföljande
412 1405 29 26 år,
458 1408 112 24 uppmanat
588 1413 26 12 nu
631 1406 126 20 församlade
773 1406 88 20 Ständer
876 1409 28 17 att
922 1407 34 20 be-

209 1441 54 19 sluta
286 1446 33 14 om
345 1440 116 26 utgörande
485 1441 22 18 af
528 1440 115 27 bevillning
662 1440 32 19 för
710 1441 158 26 ilrägavarande
885 1441 28 19 tid
931 1442 24 25 pä
