1078 1692
205 113 34 17 248

184 177 31 19 för
238 176 46 20 året
306 176 38 20 och
367 176 121 26 antagligen
506 176 18 26 ej
541 176 48 25 kan,
606 176 42 19 ifall
673 176 119 26 grunderna
816 176 31 19 för
866 176 69 20 denna

185 210 135 26 beskattning
345 210 114 20 bibehållas
483 210 145 25 oförändrade,
652 210 62 19 äfven
741 210 64 20 under
826 210 25 20 de
866 217 67 19 gynn-

185 247 113 17 sammaste
321 244 147 20 förhållanden
492 244 63 19 vinna
571 244 63 19 sådan
651 243 120 27 tillökning,
788 250 44 14 som
849 244 30 20 för
895 244 38 26 fyl-

186 279 62 19 lande
264 279 24 19 af
301 278 187 20 ofvanberäknade
508 278 101 20 årsbehof
625 284 49 14 vore
696 278 20 20 af
732 278 75 26 nöden,
825 278 110 20 öfverlem-

187 320 37 12 nar
240 313 67 19 Hans
330 312 152 26 Kejserliga
505 312 121 26 Majestät
642 312 30 20 till
688 311 119 21 Ständerna
823 315 29 17 att
868 312 66 20 öfver-

188 350 54 24 väga
268 348 38 19 och
333 347 81 19 besluta
439 346 111 20 huruledes
573 346 150 27 behållningen
743 347 12 19 &
776 346 160 28 ifrågavarande

188 381 115 20 skattetitel
321 381 33 19 må
369 381 72 19 kunna
456 381 31 19 till
504 381 133 26 erforderligt
653 381 75 26 belopp
752 382 65 25 höjas,
837 381 99 26 antingen

190 415 89 20 medelst
302 415 68 26 påbud
395 422 33 13 om
453 416 40 18 viss
516 415 152 27 skyddsafgifts
684 416 128 26 erläggande
829 415 22 19 af
865 415 71 25 hvarje

189 450 107 18 fullvuxen
308 456 76 19 person
402 451 53 18 samt
471 450 119 26 uttaxering
601 449 22 20 af
633 449 123 26 bevillning,
772 449 65 20 skildt
851 449 31 19 för
898 449 40 19 fast

189 484 105 26 egendom
318 483 52 19 efter
393 483 48 20 dess
465 483 138 26 uppskattade
627 483 70 25 värde,
718 484 39 19 och
781 483 65 20 skildt
861 483 30 19 för
907 483 31 19 in-

190 518 67 20 komst
275 518 23 19 af
312 517 78 27 kapital
414 517 51 20 eller
488 518 79 25 arbete,
591 518 50 19 eller
657 518 39 19 ock
713 518 67 26 enligt
796 518 65 19 andra
876 524 61 20 grun-

189 552 44 25 der,
250 552 86 20 hvarom
352 551 118 21 Ständerna
485 551 72 20 kunna
572 552 31 26 sig
620 552 79 20 förena.

258 586 102 26 Slutligen
378 586 35 19 vill
430 586 69 19 Hans
516 586 147 26 Kejserliga
678 586 124 26 Majestät
819 585 105 20 meddela:

258 623 30 17 att
313 620 68 20 Hans
409 620 148 26 Kejserliga
580 620 130 26 Majestät,
734 626 45 13 som
803 620 32 20 för
858 619 81 20 landets

191 657 71 18 senast
278 654 126 20 församlade
420 654 88 20 Ständer
525 654 98 19 förklarat
646 654 52 19 Dess
716 654 83 26 Nådiga
814 654 62 26 afsigt
892 660 49 13 vara

191 691 30 17 att
237 689 43 19 låta
295 688 89 20 medelst
399 695 26 13 en
442 688 61 20 kanal
519 695 76 19 genom
613 690 58 18 näset
695 688 33 19 vid
752 688 97 20 Lembois
870 691 71 23 öppna

192 723 130 19 obehindrad
347 722 252 20 vattenkommunikation
619 722 89 20 emellan
728 722 98 20 städerna
842 722 99 20 Tavaste-

193 758 37 18 hus
246 758 40 18 och
302 757 148 25 Tammerfors,
467 756 100 20 anbefallt
579 756 157 26 anläggningen
752 757 23 19 af
788 757 65 26 sagde
868 756 73 25 kanal;

194 790 81 20 hvilket
290 791 71 19 arbete
378 792 78 18 utföres
474 791 46 19 med
537 791 106 19 allmänna
654 790 121 20 statsmedel
792 791 38 19 och
848 791 93 19 kommer

193 827 30 16 att
237 825 65 19 innan
318 825 48 18 kort
381 824 116 25 fulländas;
513 827 54 16 samt

262 861 30 16 att
308 859 64 19 sedan
388 858 117 20 Ständerna
522 859 75 19 bifallit
612 860 29 17 att
656 858 96 26 anslaget
767 865 22 12 ur
807 859 134 26 bevillnings-

194 893 83 19 medlen
301 893 30 19 till
356 893 321 19 kommunikationsanstalterne
702 892 55 26 finge
780 893 108 19 användas
912 893 31 19 för

193 927 147 19 annuiteterna
356 927 12 19 å
384 927 86 19 statslån
487 927 31 19 för
535 927 112 26 byggande
663 926 23 19 af
700 933 25 12 en
740 927 89 26 jernväg
852 927 89 19 emellan

194 960 30 20 S:t
237 961 126 26 Petersburg
380 961 38 20 och
438 961 121 25 Riihimäki,
584 961 38 19 och
648 961 70 19 denna
740 961 90 26 jernväg
855 961 86 20 kommit

193 995 31 19 till
240 995 68 25 stånd,
334 995 68 19 Hans
426 995 122 26 Majestät
571 995 46 19 låtit
641 995 70 26 bygga
730 995 40 19 den
792 995 22 19 af
827 995 117 20 Ständerna

195 1029 111 20 förordade
323 1029 89 20 kanalen
430 1029 89 20 emellan
536 1029 84 26 Päijäne
637 1029 38 20 och
694 1029 110 26 Wesijärvi
816 1030 61 25 sjöar,
891 1029 53 20 hvil-

195 1063 39 19 ken
256 1063 68 20 blifvit
342 1063 30 20 till
397 1063 86 20 allmänt
508 1063 137 27 begagnande
662 1063 99 26 upplåten
778 1063 22 19 år
818 1064 62 24 1871;
905 1063 38 20 och

195 1097 63 19 ehuru
272 1098 69 19 deuna
357 1097 61 20 kanal
435 1101 23 16 är
475 1100 104 23 upptagen
593 1097 62 20 bland
672 1097 25 20 de
714 1097 93 26 arbeten,
824 1098 31 19 för
871 1097 71 20 hvilka

195 1131 119 20 Ständerna
326 1131 85 26 jemlikt
433 1132 83 25 Nådiga
537 1132 139 26 kungörelsen
694 1132 22 19 af
730 1131 39 20 den
787 1132 12 19 2
816 1132 56 19 Mars
892 1132 51 19 1865

195 1165 83 19 anvisat
294 1165 78 27 anslag,
392 1165 53 20 skall
467 1166 115 19 kostnaden
599 1166 31 19 för
646 1165 128 26 densamma,
798 1172 43 13 som
869 1166 77 25 utgjort

197 1199 90 24 348,072
310 1199 58 20 mark
396 1200 23 19 16
443 1200 63 25 penni
529 1200 38 19 och
587 1200 98 19 utbetalts
702 1200 22 19 af
738 1200 108 19 allmänna
870 1199 75 26 medel,

195 1232 83 26 påföras
294 1233 137 20 statsfonden.

374 1273 74 25 Enligt
463 1274 68 19 Hans
548 1273 148 26 Kejserliga
711 1273 138 26 Majestäts
864 1273 83 27 Nådiga

334 1307 122 27 befallning,
479 1309 71 25 gifven
569 1308 6 19 i
595 1307 30 20 S:t
642 1307 126 26 Petersburg
784 1308 39 19 den
842 1309 22 24 13
882 1307 64 20 Janu-

333 1341 30 20 ari
381 1342 60 20 1872.

473 1392 67 21 ALEX.
556 1392 116 21 ARMFELT.

653 1454 36 21 Ch.
706 1455 46 20 Em.
768 1455 122 21 Frosterus.
