1078 1692
222 110 34 18 312

199 172 84 21 banken
307 172 99 20 förskaffa
429 171 56 27 goda
508 171 73 21 vexlar
605 172 45 19 med
671 171 48 20 kort
735 171 66 27 löptid
817 173 53 17 samt
885 171 67 20 andra

199 206 172 26 fordringsbevis,
396 206 47 20 med
466 212 26 13 en
514 205 115 20 förfallotid
646 204 48 21 icke
710 204 157 28 öfverstigande
884 207 30 17 ett
928 205 24 19 år

200 240 40 20 och
256 240 101 20 försedda
372 240 48 20 med
435 239 64 20 sådan
516 239 144 19 realsäkerhet
676 241 30 18 att
722 246 33 12 om
773 239 47 20 dess
832 239 119 20 användan-

201 274 33 26 de,
250 274 46 20 ifall
312 274 23 19 af
348 273 70 25 behof,
435 273 31 19 för
482 273 159 26 länebeloppets
657 272 122 21 återfående
796 273 64 26 något
874 272 79 27 skäligt

201 308 75 20 tvifvel
299 307 48 20 icke
368 307 81 19 kunnat
464 310 40 23 äga
520 314 51 12 rum.
602 307 40 19 För
657 308 31 18 att
704 307 62 19 vinna
782 307 58 19 detta
855 306 96 27 syftemäl

202 342 64 20 hafva
280 343 155 18 räntesatserne
451 341 32 19 för
498 341 79 19 sådana
592 340 74 20 vexlar
682 341 39 19 och
738 341 128 26 lånepapper
882 340 70 20 hållits

201 375 47 20 icke
265 375 121 27 obetydligt
400 375 59 26 lägre
475 378 26 16 än
518 375 26 19 de
560 375 7 19 i
583 375 71 19 landet
670 374 61 27 eljest
746 375 99 26 gällande
857 375 27 23 +).
901 375 50 19 Der-

201 411 57 19 emot
280 409 63 19 hafva
366 409 133 26 placeringar
514 408 27 27 på
557 408 50 27 lång
623 409 29 19 tid
668 409 39 19 och
723 411 57 17 emot
796 409 122 19 säkerheter
932 409 23 19 af

200 442 136 28 tvifvelaktig
359 443 146 20 beskaffenhet
527 443 47 19 med
598 442 148 27 sorgfällighet
765 443 114 19 undvikits.
912 442 38 20 Om

200 477 208 27 utlåningsrörelsen,
418 477 23 19 af
455 477 40 19 den
511 476 63 20 orsak
589 479 31 17 att
635 476 79 20 sådana
728 477 138 26 grundsatser
883 477 69 19 blifvit

200 511 73 26 följda,
296 511 47 19 icke
364 511 52 26 tagit
431 511 47 25 fart,
494 511 60 19 torde
570 510 58 20 detta
643 510 45 20 dels
704 511 48 19 icke
768 517 50 13 vara
833 513 31 17 att
879 511 71 20 bekla-

201 551 33 20 ga,
250 545 46 19 dels
312 545 49 20 bero
376 545 28 26 på
420 544 153 26 förhållanden,
589 551 44 13 som
649 545 35 19 det
700 544 48 20 icke
764 544 51 21 stått
830 545 6 19 i
853 545 99 20 bankför-

202 579 135 27 valtningens
361 579 57 20 makt
440 581 31 18 att
492 578 104 27 förändra,
620 578 107 27 nemligen
742 579 75 26 ymnig
833 580 117 26 penninge-

201 612 90 27 tillgång
315 613 31 20 för
369 613 111 20 enahanda
500 613 131 26 placeringar
646 614 54 18 samt
716 612 40 20 den
773 614 130 19 närvarande
920 620 31 13 or-

201 647 147 26 ganisationen
364 647 23 19 af
400 647 95 19 bankens
510 646 77 20 kontor
603 647 6 19 i
626 646 128 26 landsorten,
770 647 86 20 hvilken
873 648 78 19 derstä-

201 681 36 19 des
254 680 120 20 motverkar
390 680 126 27 belåningen
532 681 23 19 af
565 681 45 25 just
625 680 79 20 sådana
719 687 80 20 papper
813 688 44 12 som
867 681 85 20 banken

202 714 151 20 eftersträfvar.

269 748 10 20 I
295 748 23 20 så
334 748 64 20 måtto
418 749 59 20 torde
493 749 54 20 dock
563 748 93 20 diskont-
672 749 40 19 och
728 749 143 20 lånerörelsen
888 749 63 20 befin-

201 789 37 14 nas
262 783 62 20 hafva
347 783 78 20 lemnat
447 785 30 18 ett
499 782 184 21 tillfredställande
701 782 94 26 resultat,
811 784 30 18 att
857 783 94 20 bankens

202 817 71 20 vexel-
290 816 40 21 och
345 817 140 26 låneportfölj,
501 817 69 20 såvidt
585 817 41 20 den
642 817 72 19 härrör
731 816 43 20 från
792 816 160 27 ifrågavarande

201 851 179 26 förvaltningstid,
396 851 6 19 i
418 851 49 20 vida
483 851 64 26 högre
562 851 51 26 grad
630 853 25 16 än
672 850 105 20 tillförene
788 850 98 26 erbjuder
899 851 50 20 ban-

202 884 41 20 ken
260 885 84 26 åsyftad
360 885 99 26 trygghet
474 887 53 18 samt
542 887 30 18 att
587 885 191 19 ombudsmannens
794 885 158 20 årsberättelser

201 918 73 29 derom
290 919 46 19 haft
350 919 50 26 föga
414 921 31 17 att
459 919 95 20 förmäla.
585 918 38 20 Om
641 918 84 20 banken
741 918 68 20 tillika
824 925 76 20 genom
912 919 39 20 den

202 955 46 24 väg,
272 958 44 14 som
339 952 125 20 härutinnan
488 953 102 26 inslagits,
615 952 123 20 medverkat
754 953 32 19 till
804 953 110 20 införande
932 954 23 19 af

201 988 108 25 strängare
332 986 136 21 kreditvanor
490 987 39 20 och
553 989 30 17 ett
607 993 140 13 varsammare
771 986 137 27 begaguande
931 988 23 19 af

201 1020 105 26 krediten,
328 1020 23 20 så
374 1021 59 20 torde
455 1021 110 20 frukterna
587 1021 80 19 deraf
660 1016 14 35 i
684 1027 25 12 en
732 1020 84 20 framtid
840 1021 65 20 blifva
920 1022 32 19 för

202 1054 81 20 landets
302 1054 199 21 affärsverksamhet
516 1054 128 27 välgörande
660 1054 40 20 och
716 1055 62 19 äfven
794 1055 83 20 direkte
893 1055 58 20 kom-

202 1095 33 12 ma
254 1088 86 20 banken
356 1088 94 27 tillgodo.
482 1089 36 19 Att
533 1088 107 20 allaredan
656 1095 26 12 en
698 1088 82 27 ganska
796 1089 98 20 märkbar
910 1090 40 19 för-

201 1121 91 27 ändring
315 1121 31 20 till
366 1122 36 19 det
419 1122 65 20 bättre
503 1123 3 19 i
522 1122 94 26 antydda
631 1121 121 20 hänseende
767 1122 85 26 inträdt,
867 1123 84 20 hvartill

201 1155 134 27 naturligtvis
358 1155 67 20 bättre
448 1156 189 20 tidsförhållanden
653 1156 5 19 i
676 1156 31 19 sin
731 1155 47 20 mån
801 1155 97 28 bidragit,
916 1157 36 20 bör

201 1189 47 20 med
264 1189 71 26 glädje
350 1189 105 20 erkännas
471 1190 38 19 och
527 1189 54 20 visar
597 1190 32 26 sig
645 1189 63 20 bland
724 1191 64 18 annat
803 1189 45 20 deri
864 1193 36 24 att,
916 1191 35 20 vid

201 1223 39 20 den
261 1225 57 18 stora
334 1224 127 27 omsättning
477 1230 44 14 som
537 1226 36 24 egt
588 1231 44 12 rum
648 1224 6 19 i
672 1223 94 20 bankens
782 1224 80 20 utrikes
879 1225 71 20 vexel-

201 1257 86 26 rörelse,
302 1257 98 27 åtgärder
415 1258 7 19 i
437 1258 51 26 följd
503 1259 23 19 af
539 1258 119 20 uraktlåtna
670 1257 140 20 förbindelser
822 1258 72 21 behöft
906 1259 44 20 vid-

201 1292 58 25 tagas
274 1291 76 20 endast
364 1291 32 20 för
411 1294 29 17 ett
453 1292 155 26 jemförelsevis
624 1291 119 26 obetydligt
760 1291 82 26 belopp.

267 1358 105 27 Beloppet
394 1359 23 20 af
440 1359 125 27 fordringar,
589 1360 107 20 beroende
720 1360 23 19 af
764 1359 113 28 utsökning
900 1361 51 20 eller

268 1431 18 20 *)
309 1431 71 18 Jemför
393 1437 65 12 senare
470 1432 121 23 afdelningen
604 1433 20 17 af
635 1433 61 17 denna
708 1433 100 17 berättelse
821 1435 9 19 $
845 1434 26 17 13.
