1078 1692
825 120 34 17 423

131 184 62 26 drägt
211 189 44 13 som
276 183 69 24 denna
365 182 91 26 omgång
472 182 150 26 oundvikligen
641 182 86 26 medför,
744 183 63 19 verka
824 190 54 13 men-

133 218 38 26 ligt
194 217 53 20 bäde
272 216 26 26 pä
318 216 92 20 rörelsen
431 216 34 20 vid
482 216 102 20 kontoren
601 216 39 20 och
656 216 28 26 pä
699 216 71 20 dessas
785 217 95 27 förmäga

133 253 29 18 att
179 251 83 26 betjena
277 250 149 20 allmänheten.
451 250 41 20 Det
507 250 96 20 enklaste
618 252 62 18 sättet
695 253 30 17 att
736 251 93 26 afhjelpa
839 251 41 20 alla

133 286 61 20 dessa
209 285 136 26 olägenheter
360 290 57 20 vore,
433 286 30 18 att
478 286 52 24 göra
545 284 155 26 förvaltningen
716 284 23 20 af
752 285 127 25 kontoren,
866 280 16 35 i

133 319 55 20 hvad
209 319 39 20 den
265 321 33 17 rör
314 318 136 20 förenämnde
467 318 99 26 ärenden,
582 318 128 27 fullkomligt
725 319 119 20 oberoeride
860 320 22 19 af

132 353 202 20 Bankdirektionen.
363 352 32 20 En
414 352 65 20 sädan
495 352 73 26 ätgärd
585 353 71 19 kunna
670 353 139 27 Fullmäktige
825 353 55 20 dock

132 388 48 20 icke
203 387 111 26 tillstyrka.
348 386 32 27 Ty
403 388 56 18 utom
480 386 35 19 det
533 388 30 18 att
578 386 41 20 den
635 387 131 26 utvidgning,
782 387 97 21 Bankens

132 422 79 20 rörelse
231 421 34 20 vid
284 421 102 19 kontoren
402 420 124 26 derigenom
543 420 86 25 erhölle,
645 420 83 20 komme
744 422 29 19 att
788 422 6 18 i
810 421 68 27 någon

133 456 47 20 mån
197 455 93 20 försvåra
305 455 39 20 och
361 454 108 20 motverka
484 454 139 26 uppkomsten
640 455 22 19 af
675 455 155 26 privatbanker,
845 462 34 20 ge-

134 497 47 14 nom
198 490 71 20 hvilka
284 491 70 18 ortens
370 488 64 21 behof
448 489 5 19 i
469 488 60 26 fråga
544 489 59 19 torde
619 489 71 20 kunna
705 490 124 26 lämpligare
840 490 38 26 fyl-

132 526 37 25 las,
192 524 67 20 skulle
284 523 87 20 berörda
393 523 73 26 åtgärd
487 522 48 20 icke
555 523 70 20 kunna
640 524 134 26 genomföras
789 527 48 17 utan
853 532 25 12 en

133 558 127 28 föregående
284 557 165 27 omgestaltning
469 557 22 19 af
509 556 114 21 kontorens
643 558 134 27 förvaltning,
793 559 85 19 hvilken

132 594 45 19 åter
189 594 67 25 jemte
267 593 6 19 i
285 592 55 26 följd
351 592 62 20 deraf
426 591 172 26 nödigblifvande
610 592 146 27 förändringar
764 594 6 18 i
779 594 100 19 afseende

133 628 12 20 å
160 627 91 20 kontroll
268 626 39 20 och
323 626 91 20 revision
430 625 85 20 komme
531 627 30 18 att
571 626 83 26 åtföljas
665 627 23 19 af
697 627 103 27 betydligt
811 627 68 20 ökade

133 661 113 20 kostnader
261 660 31 20 för
308 660 94 25 Banken,
414 662 48 18 utan
475 660 147 20 motsvarande
633 660 67 21 fördel
710 661 32 19 för
753 662 125 20 densamma.

133 692 69 24 Äfven
223 702 23 13 ur
264 694 134 27 synpunkten
414 694 23 20 af
450 694 99 20 Bankens
565 694 66 20 fördel
647 695 40 20 kan
704 702 26 13 en
746 696 134 26 omställning

133 731 23 19 af
175 729 79 27 antydd
278 729 125 26 omfattning
421 728 83 20 således
524 728 47 20 icke
587 729 23 19 af
623 729 139 27 Fullmäktige
779 730 99 20 förordas.

133 764 122 20 Emellertid
279 763 112 20 förefinnes
406 763 7 19 i
429 762 93 20 rörelsen
546 763 33 19 vid
600 763 26 20 de
646 764 76 26 många
738 764 81 26 kontor,
835 771 43 13 som

133 799 87 20 Banken
236 798 66 20 håller
317 798 56 18 inom
390 796 79 26 landet,
485 803 26 13 en
527 796 52 20 brist
594 796 52 21 eller
656 798 94 26 svaghet,
761 798 23 20 så
796 799 84 26 mycket

134 840 57 13 mera
206 831 210 26 anmärkningsvärd,
431 837 45 13 som
488 830 122 20 densamma
620 831 48 20 icke
678 832 89 20 allenast
778 833 39 19 kan
826 834 52 25 jem-

133 867 109 20 förelsevis
257 866 38 19 lätt
310 865 38 20 och
366 865 47 20 med
429 865 60 26 ringa
499 864 88 21 kostnad
599 865 110 27 afhjelpas,
721 869 48 17 utan
780 867 39 19 ock
832 867 48 26 kan,

133 902 6 19 i
156 901 85 26 månget
263 899 43 26 fall,
326 899 48 20 leda
394 899 30 19 till
441 899 153 25 äfventyrande
609 900 24 19 af
645 899 98 21 Bankens
759 900 66 21 fördel
841 901 38 20 och

132 935 105 20 säkerhet.
267 934 40 20 För
330 933 130 20 närvarande
483 933 54 19 skall
558 933 71 26 hvarje
645 933 234 28 diskonteringsanbud,

133 976 44 13 som
193 971 61 24 göres
270 968 38 20 hos
323 967 25 20 de
364 967 105 20 särskilda
479 967 110 26 kontoren,
601 968 137 20 underställas
749 968 129 20 Bankdirek-

132 1004 83 19 tionens
234 1003 109 26 pröfning;
358 1002 40 19 och
414 1001 138 20 Direktionen
569 1005 22 16 är
607 1002 85 27 skyldig
707 1004 29 17 att
752 1003 72 26 afgöra
839 1003 39 19 frå-

132 1045 48 20 gan,
196 1037 65 20 ehuru
276 1036 147 25 Direktionen,
438 1035 23 20 af
475 1035 38 20 lätt
527 1036 74 20 insedd
619 1037 67 25 orsak,
702 1037 48 20 icke
765 1037 58 20 alltid
837 1037 41 20 kan

132 1079 41 20 ega
188 1072 40 20 den
244 1074 96 17 närmare
356 1070 120 20 kännedom
492 1077 33 12 om
543 1070 26 20 de
584 1070 147 27 ifrågakomna
742 1077 137 20 personernas

131 1106 114 21 redbarhet
267 1105 38 20 och
330 1104 174 26 vederhäftighet,
524 1110 45 14 som
588 1104 76 20 sakens
680 1105 145 20 beskaffenhet
840 1105 39 20 och

132 1141 98 20 Bankens
250 1139 98 20 säkerhet
364 1139 6 19 i
386 1139 97 26 förening
503 1138 80 20 kräfva.
615 1139 39 19 Det
670 1139 107 20 utlåtande
792 1140 23 19 af
828 1139 51 20 kon-

131 1177 65 18 torets
219 1173 151 25 föreståndare,
390 1179 43 13 som
455 1172 82 26 åtföljer
553 1172 185 27 underställandet,
755 1173 36 20 bör
807 1174 72 19 härvid

131 1209 48 20 icke
202 1211 58 24 tagas
276 1208 6 19 i
298 1206 149 27 hufvudsaklig
467 1205 124 28 beräkning.
622 1207 37 20 Att
674 1207 6 19 i
697 1214 26 13 nu
743 1208 137 20 omförmälda

131 1243 35 20 dei
189 1242 119 26 öfverflytta
331 1241 150 20 Direktionens
504 1240 129 27 befogenhet
652 1241 31 19 till
703 1241 110 26 kontoren,
831 1248 48 13 vore

131 1277 82 20 således
229 1283 25 12 en
271 1275 80 27 åtgärd,
367 1281 45 14 som
428 1274 27 27 på
470 1281 80 13 samma
565 1274 57 27 gång
638 1275 68 20 skulle
723 1275 100 26 befrämja
838 1275 40 20 den

131 1309 157 29 skyndsamhet,
304 1309 80 26 hvarpå
399 1309 137 20 diskontören
553 1309 98 26 vanligen
667 1311 64 17 sätter
747 1309 51 26 högt
808 1309 70 25 värde,

131 1345 40 20 och
190 1343 63 21 lända
272 1343 86 20 Banken
380 1343 30 20 till
426 1345 42 18 stor
484 1342 74 25 fördel,
574 1343 66 19 under
655 1343 148 26 förutsättning
818 1343 60 25 dock,

131 1382 30 17 att
183 1377 123 21 utöfvandet
328 1377 22 20 af
367 1377 109 20 kontorets
496 1376 166 21 beslutanderätt
676 1377 70 19 kunde
762 1377 76 20 ordnas
854 1377 26 26 på

131 1415 30 18 ett
183 1414 47 23 sätt,
252 1418 44 13 som
316 1411 77 20 uteslöt
412 1411 86 26 möjliga
518 1410 111 20 missbruk.
659 1410 140 26 Fullmäktige
818 1411 62 19 hafva

131 1447 83 20 derföre
236 1445 39 20 och
299 1445 27 20 då
347 1445 65 26 sagda
435 1445 165 20 beslutanderätt
619 1445 47 20 icke
683 1445 41 19 kan
740 1445 140 20 öfverlemnas
