1078 1692
823 134 33 18 339

129 198 119 20 Janakkala
271 198 85 25 socken,
373 198 29 19 till
421 198 34 20 det
479 198 78 26 belopp
573 200 29 18 att
619 198 94 20 bankens
728 198 7 19 i
752 198 125 26 lägenheten

129 232 128 20 intecknade
280 232 92 26 fordran,
397 235 41 17 stor
465 232 76 26 29,600
567 232 65 26 mark,
662 232 76 20 varder
768 232 30 20 till
829 232 51 20 fullo

131 266 95 26 betäckt;

200 307 46 19 28:0
263 306 40 20 den
322 306 23 19 13
361 306 119 20 November
506 307 49 19 1871
583 306 113 26 förordnat,
712 308 30 18 att
757 306 12 20 å
785 306 94 20 bankens

131 344 80 22 vägnar
236 340 68 20 skulle
330 340 30 20 för
385 340 192 20 skattehemmanet
601 341 38 19 N:o
656 342 12 18 4
684 341 6 19 i
706 340 120 20 Melaniemi
853 341 26 25 by

132 375 39 19 och
188 374 120 20 Tuusniemi
325 374 77 20 socken
420 374 32 20 vid
469 374 94 20 skeende
579 374 85 20 auktion
681 374 98 26 erbjudas
794 374 36 20 det
846 374 33 20 be-

133 410 56 25 lopp,
205 411 29 17 att
250 409 94 19 bankens
367 409 93 20 fordran
477 410 61 23 2,797
564 409 59 20 mark
639 410 25 19 75
681 410 63 25 penni
760 408 75 20 varder
851 408 29 20 till

132 443 52 20 fullo
200 443 87 27 gulden;

201 484 47 19 29:0
264 484 40 19 den
321 484 26 19 20
362 483 119 20 November
499 484 52 19 1871
569 483 86 20 beslutit
666 483 30 20 till
707 483 69 20 anbud
788 483 22 19 af
819 483 61 25 2,000

133 517 66 26 mark,
215 518 82 19 utöfver
313 518 47 19 med
376 518 134 19 förmonsrätt
525 524 24 13 ur
564 518 193 19 auktionssumman
776 517 105 27 utgäende

133 552 109 26 utskylder
258 551 38 20 och
312 551 119 25 kostnader,
449 552 32 19 för
497 552 72 19 halfva
591 552 190 20 skattehemmanet
799 552 39 19 N:o
856 552 24 18 13

132 586 6 19 i
155 585 119 20 Ohtaniemi
291 585 27 27 by
334 586 22 19 af
370 585 120 20 Tuusniemi
506 586 89 25 socken;
611 588 53 18 samt

203 632 47 19 30:0
274 632 39 19 den
338 632 25 19 27
386 631 120 20 November
533 631 52 20 1871
609 631 136 25 föreskrifvit,
762 632 35 19 det
812 632 68 19 anbud

133 666 68 20 skulle
216 666 31 19 för
264 665 94 20 bankens
374 665 90 26 räkning
480 668 62 24 göras
559 665 11 19 ä
586 665 120 20 hemmanet
720 665 40 20 N:o
778 666 41 19 17i
831 666 49 19 Ker-

134 700 89 20 metlaks
240 700 26 26 by
283 700 23 19 af
320 700 111 26 Maaninga
453 699 79 26 kapeli,
548 699 31 20 till
600 700 35 19 det
650 699 77 27 belopp
743 701 30 18 att
787 699 95 20 bankens

133 734 45 20 deri
201 733 126 20 intecknade
350 733 90 26 fordran,
463 733 116 27 utgörande
602 734 59 25 1,984
678 734 57 19 mark
753 734 45 20 med
815 735 67 24 ränta,

133 768 76 20 varder
225 767 45 20 fullt
285 767 91 20 betäckt.

481 838 10 21 S
507 836 33 19 29.

205 881 45 20 Med
267 881 100 20 afseende
383 881 12 20 &
410 881 25 20 de
451 881 139 26 svärigheter,
606 887 42 14 som
666 883 51 18 mött
732 881 35 20 vid
783 881 100 20 exekutiv

134 915 125 27 försäljning
277 915 23 20 af
318 915 129 26 lägenheter,
470 915 128 20 intecknade
622 915 83 20 banken
729 915 31 20 till
784 915 99 20 säkerhet

134 951 32 19 för
182 950 33 20 län
232 950 44 19 med
301 949 73 27 längre
396 949 177 26 amorteringstid,
589 949 36 20 har
641 949 195 20 Bankdirektionen
853 949 31 20 till

134 983 196 27 Bankfullmäktige
346 983 107 20 hemställt
467 990 33 13 om
517 983 173 27 bemyndigande
701 983 31 20 för
743 983 139 20 Direktionen

134 1019 37 25 att,
187 1020 49 17 utan
252 1017 90 21 särskild
358 1017 153 27 framställning
530 1017 33 20 för
578 1017 72 26 hvarje
666 1017 43 26 fall,
725 1017 53 20 efter
793 1019 89 18 omstän-

135 1052 124 26 digheterna
283 1051 77 26 bevilja
383 1051 80 26 köpare
478 1051 23 20 af
514 1051 55 20 slika
591 1051 123 27 lägenheter
734 1051 41 20 den
794 1051 89 26 förmon,

135 1088 30 18 att
181 1086 26 20 de
224 1086 97 19 förfallna
340 1092 47 13 men
411 1085 93 27 oguldna
525 1085 247 27 amorteringsbeloppen
792 1085 12 20 &
819 1085 63 20 länen

134 1120 57 27 finge
207 1120 73 27 läggas
296 1120 30 19 till
343 1119 101 26 kapitalet
459 1120 39 19 och
515 1120 62 19 länen
592 1120 46 19 med
648 1120 122 26 derigenom
787 1119 96 27 förlängd

135 1154 151 27 betalningstid
302 1153 68 20 utestä
385 1153 27 26 pä
428 1153 25 20 de
469 1153 149 27 ursprungliga
633 1154 139 26 amorterings
782 1153 102 26 vilkoren,

135 1191 54 17 samt
205 1189 106 25 upplupna
333 1187 98 20 obetalda
453 1189 70 18 räntor
547 1187 113 26 ligvideras
682 1194 76 20 genom
782 1187 103 20 särskilda

135 1222 132 20 skuldsedlar
281 1222 27 26 pä
323 1224 30 17 ett
368 1222 51 19 eller
435 1222 62 26 högst
517 1222 36 19 tvä
572 1222 33 19 ärs
621 1222 36 26 tid,
674 1222 97 19 försedda
787 1221 46 20 med
850 1228 34 13 ve-

135 1256 107 27 derhäftig
258 1256 90 26 borgen;
363 1263 46 13 men
431 1256 26 20 dä
479 1256 196 27 Bankfullmäktige
691 1256 40 20 den
750 1256 24 19 13
791 1255 92 27 Septem-

135 1290 37 20 ber
204 1291 52 19 1869
287 1290 90 20 förehaft
407 1289 88 21 berörde
529 1290 86 25 ärende,
649 1290 63 20 hafva
744 1289 140 27 Fullmäktige

135 1325 68 20 funnit
228 1325 32 26 sig
286 1324 47 20 icke
359 1331 49 12 vara
434 1324 132 26 berättigade
586 1326 36 23 att,
641 1323 26 27 på
686 1325 40 18 sätt
749 1323 136 20 omförmälde

135 1359 154 26 framställning
319 1358 94 25 innebär,
440 1358 30 19 till
500 1357 196 20 Bankdirektionen
722 1357 103 20 öfverlåta
851 1357 34 20 be-

134 1393 141 20 stämmandet
300 1393 22 19 af
349 1393 65 19 andra
444 1392 68 20 vilkor
543 1392 32 19 för
605 1392 124 26 försäljning
758 1391 24 20 af
809 1391 75 26 ifråga-

136 1428 92 19 varande
253 1427 123 26 lägenheter
402 1429 25 17 än
453 1426 46 20 dem
526 1426 99 26 gällande
655 1425 148 27 författningar
832 1425 53 20 före-

135 1461 86 20 skrifva.
