1078 1692
227 118 35 18 452

207 182 68 20 denär
296 182 98 26 möjligen
410 182 41 19 kan
468 181 75 27 uppstå
558 183 49 18 utan
625 182 39 19 den
681 187 85 14 senares
782 182 132 20 förvållande
929 182 29 20 el-

206 216 30 20 ler
253 215 127 21 åtminstone
396 216 65 20 under
477 215 78 20 sådana
571 215 187 27 omständigheter,
774 222 44 14 som
834 216 46 20 icke
892 216 65 20 borde

206 251 112 25 utestänga
333 250 76 20 honom
426 250 44 20 från
486 249 27 20 all
529 249 70 20 kredit
615 250 6 19 i
637 249 93 20 Banken.
762 250 43 20 Och
822 250 37 20 der
869 250 45 20 åter
925 251 31 19 så-

206 283 41 20 dan
269 284 120 26 rättegångs
409 283 145 21 beskaffenhet
571 284 50 19 eller
637 290 68 13 annan
722 284 60 26 giltig
797 284 115 26 anledning
928 287 28 17 ta-

205 318 32 19 lar
260 318 32 19 för
312 324 26 14 en
354 324 86 20 persons
455 318 110 20 afvisande
581 318 44 20 från
642 317 94 26 Banken,
752 324 51 20 eger
818 318 138 20 Direktionen

205 352 7 19 i
228 352 43 20 alla
294 352 36 19 fail
350 352 26 26 pä
395 352 66 26 grund
478 352 23 20 af
513 352 66 20 andra
595 352 129 26 stadganden
741 352 7 19 i
764 352 139 26 reglementet
919 352 35 20 full

205 386 103 26 rättighet
324 386 75 20 dertill.

276 420 26 19 85
318 422 10 22 $
344 422 22 17 är
382 420 31 20 till
429 426 25 14 en
471 420 33 20 del
521 420 145 26 omredigerad
678 420 6 19 i
696 420 51 26 följd
763 420 61 20 deraf
837 422 29 18 att
882 421 24 19 15
918 420 39 20 och

206 453 26 20 18
248 454 22 23 SS
288 453 68 20 blifvit
371 454 110 20 uteslutna.

275 487 9 19 I
300 488 26 19 88
342 490 9 22 $
367 488 45 20 åter
431 491 22 16 är
474 488 117 26 ändringen
612 494 26 14 en
654 488 51 25 följd
722 488 22 19 af
758 488 26 19 de
800 488 157 26 bestämningar

205 521 110 21 Utskottet
337 522 65 20 under
427 522 36 20 131
485 524 10 22 $
515 522 99 25 förordat,
630 522 7 19 i
652 522 100 20 afseende
768 521 12 20 &
795 522 160 25 inventeringen

205 556 23 20 af
244 555 106 21 kontoren
363 556 9 20 i
388 556 127 20 landsorten.
545 556 55 20 Sista
615 556 93 26 styckets
725 556 6 19 i
748 555 68 20 denna
833 558 9 22 $
859 556 97 19 bortlem-

205 589 71 20 nande
292 590 195 20 öfverensstämmer
504 590 46 20 med
567 590 117 20 Utskottets
700 589 55 20 förut
769 590 109 26 iakttagna
893 590 62 19 förfa-

204 622 74 27 rande,
294 625 30 18 att
339 624 32 19 för
386 624 105 19 vinnande
507 624 22 19 af
544 630 57 13 mera
617 624 84 19 korthet
712 625 116 18 utmönstra
839 623 117 27 umbärliga

205 656 158 28 hänvisningar.

274 690 38 20 Att
326 691 107 20 Utskottet
448 691 93 20 uteslutit
557 692 26 19 89
600 694 9 22 $
626 692 36 19 har
678 692 31 18 sin
725 691 67 27 grund
809 692 51 25 deri,
876 693 30 18 att
920 692 34 19 Di-

204 724 112 21 rektionen
333 725 64 19 redan
413 732 76 20 genom
501 726 26 19 30
539 727 9 22 $
560 728 22 17 är
594 725 118 26 berättigad
723 727 30 17 att
767 726 3 18 i
782 725 172 20 förekommande

204 759 36 20 fall
264 758 43 20 läta
329 759 110 20 inventera
458 759 31 19 till
505 759 87 20 Banken
609 759 164 26 pantförskrifna
788 766 67 19 varor,
872 760 38 19 och
926 761 31 17 att

205 795 29 18 ett
250 792 71 27 dylikt
336 795 47 22 sätt,
399 795 30 17 att
444 793 129 20 kontrollera
589 794 212 25 magistratspersons,
813 793 144 25 kronofogdes

204 826 53 20 eller
278 826 118 27 läntagares
416 827 117 26 redbarhet,
550 827 47 20 icke
613 829 78 18 ansetts
707 827 51 20 böra
773 827 135 20 föreskrifvas
923 834 31 12 sä-

204 867 44 13 som
266 867 26 12 en
308 860 139 26 regelbundet
461 861 174 20 äterkommande
651 861 131 26 förrättning.

274 894 45 20 Den
335 901 42 19 nya
392 894 138 21 redaktionen
547 895 22 20 af
581 895 26 20 91
625 897 17 24 $,
657 895 6 19 i
680 895 85 19 hvilken
782 895 60 20 äfven
860 895 26 20 92
902 897 7 22 $
924 895 30 19 in-

204 928 52 27 gått,
276 931 22 16 är
313 928 98 27 påkallad
427 928 22 20 af
463 929 25 19 de
504 928 147 27 förändringar
666 929 108 20 Utskottet
788 931 68 18 ansett
872 929 26 20 70
914 929 39 20 och

204 962 24 19 71
246 963 23 23 $$
285 961 51 21 böra
352 962 98 27 undergå.

274 996 41 19 Till
338 996 134 20 undvikande
495 997 22 19 af
539 997 82 26 möjligt
643 997 151 25 missförstånd,
814 997 89 20 rörande
920 997 35 20 det

204 1029 122 20 förfarande
348 1036 43 13 som
416 1030 36 20 bör
472 1031 67 26 följas,
555 1031 27 19 då
597 1031 214 20 Direktionsledamot
827 1031 63 27 begär
906 1032 48 25 kor-

204 1065 44 18 tare
268 1063 160 27 tjenstledighet
442 1067 25 17 än
484 1065 31 20 för
531 1065 36 20 två
582 1065 106 26 månader,
705 1065 37 20 har
758 1065 64 20 första
837 1066 83 25 stycket
935 1066 23 19 af

204 1097 26 20 95
246 1099 10 22 $
274 1097 68 20 blifvit
357 1098 160 27 omredigeradt.

273 1131 47 20 Med
341 1131 39 20 den
397 1132 125 21 förändrade
538 1133 171 27 uppställningen
726 1133 23 20 af
762 1134 26 19 96
805 1136 9 22 S
831 1134 36 19 har
883 1134 72 20 afsetts

203 1167 30 18 att
249 1165 105 27 tydligare
370 1166 110 20 framhälla
495 1167 36 20 det
546 1173 51 20 rum,
614 1173 43 14 som
674 1167 127 26 protokollet
813 1169 39 18 och
864 1169 91 19 minnes-

204 1199 70 20 boken
291 1205 63 20 synas
369 1199 51 20 böra
434 1201 72 25 intaga
521 1201 56 20 inom
594 1201 149 20 Direktionens
758 1201 168 27 arbetsordning.

272 1233 10 19 I
298 1233 40 20 den
361 1233 33 20 del
414 1233 22 20 af
453 1234 25 20 97
495 1237 9 21 $
521 1241 44 13 som
581 1235 67 26 gäller
663 1235 205 20 Bankdirektionens
884 1236 69 20 ordfö-

202 1267 74 25 rande,
299 1267 37 20 har
358 1267 107 20 Utskottet
484 1275 76 19 genom
581 1269 141 20 uteslutandet
737 1269 23 20 af
773 1269 65 26 några
854 1270 36 19 ord
908 1270 44 19 från

203 1307 61 13 mom.
284 1302 22 23 a)
325 1301 55 20 velat
402 1301 116 26 framhälla,
538 1302 97 20 hurusom
652 1303 42 19 alla
710 1303 30 19 till
756 1303 87 20 Banken
859 1304 94 19 adresse-

202 1334 51 20 rade
270 1334 48 20 bref
330 1335 39 19 och
386 1335 121 27 depescher,
524 1336 93 20 närhelst
633 1337 25 19 de
674 1337 96 26 anlända,
783 1337 50 20 böra
843 1338 21 19 fä
876 1339 22 18 af
906 1338 47 19 ord-

203 1368 100 20 föranden
325 1369 126 26 uppbrytas;
472 1369 89 20 hvarhos
577 1370 107 20 Utskottet
699 1371 68 26 tillagt
783 1373 30 18 ett
828 1373 47 24 nytt
891 1377 61 14 mom.

201 1403 31 25 £),
248 1401 118 27 äläggande
382 1403 140 20 ordföranden
539 1406 30 18 att
584 1404 97 20 särskildt
694 1404 63 21 vårda
768 1405 31 26 sig
811 1411 31 14 om
854 1405 99 20 Bankens

202 1436 80 20 utrikes
297 1436 81 23 affärer,
394 1437 81 20 hvilket
490 1440 23 17 är
529 1438 104 20 föranledt
644 1439 61 19 deraf
713 1441 29 18 att
752 1439 113 20 initiativet
876 1439 6 19 i
893 1439 61 20 dessa
