1078 1692
832 122 34 18 533

515 186 16 26 $
545 186 34 19 34.

272 225 79 20 Derest
366 224 185 27 kreditivhafvare
567 225 85 21 utställt
667 226 111 27 invisning
789 226 35 20 till
833 228 55 18 stör-

204 266 22 14 re
243 258 81 28 belopp,
340 260 29 19 än
386 258 55 21 hvad
456 258 30 27 af
496 258 115 21 kreditivet
632 259 34 20 vid
685 259 135 21 densammas
837 267 52 20 upp-

203 293 90 21 visande
309 293 97 20 innestår
420 292 38 21 hos
473 292 98 25 Banken,
593 293 52 21 eller
663 294 69 20 under
744 295 69 20 större
829 294 60 21 delen

204 327 30 27 af
245 326 153 21 kreditivtiden
414 326 106 28 begagnat
535 328 93 26 uttagna
643 327 73 26 medel,
733 330 54 18 utan
805 330 33 18 att
853 330 35 25 gö-

205 368 25 14 ra
245 361 155 27 insättningar,
416 361 53 21 eller
491 361 74 25 vållat,
581 363 33 18 att
632 361 30 27 af
680 361 76 21 honom
777 361 46 21 sökt
847 369 40 13 om-

203 396 98 26 sättning
325 394 44 21 icke
387 394 43 21 kan
441 394 106 28 försiggå
562 396 40 20 sist
617 396 14 19 å
646 395 124 21 kreditivets
780 395 108 28 förfallo-

204 429 50 27 dag,
271 428 61 22 beror
348 429 35 21 det
400 429 31 27 på
454 428 214 22 Bankdirektionens
691 429 111 21 särskilda
822 430 66 27 pröf-

205 463 59 27 ning,
281 462 107 22 huruvida
404 463 159 27 omsättningen
578 463 35 20 må
629 462 97 28 beviljas.

515 520 16 27 $
545 520 34 20 35.

282 560 86 28 Aflider
397 560 192 28 kreditivhafvare,
618 561 25 20 så
672 560 85 28 upphör
786 561 102 21 Bankens

198 594 138 28 förbindelse
356 597 38 22 att,
420 601 51 14 vare
492 595 34 27 sig
545 596 54 19 emot
614 594 55 21 hans
684 595 52 21 eller
752 595 54 21 hans
821 597 67 19 rätts-

203 628 153 28 innehafvares
378 629 115 27 invisning,
515 628 86 28 utgifva
623 629 40 20 den
678 629 35 21 del
728 629 30 26 af
767 629 119 27 kreditivet,

203 670 45 14 som
262 663 36 21 vid
313 663 55 20 hans
391 663 43 20 död
449 663 103 27 möjligen
569 663 98 21 innestår
682 663 37 21 hos
734 663 99 25 Banken,
849 664 37 20 och

202 697 92 21 Banken
316 691 49 33 eger
386 699 76 25 genast
487 696 83 28 afsluta
595 696 121 28 räkningen
735 700 56 18 samt
811 697 76 21 utsöka

201 732 39 20 sitt
264 731 209 28 tillgodohafvande,
495 730 55 28 efter
569 731 34 21 det
619 731 90 21 Banken
725 732 50 20 låtit
790 732 96 20 meddela

203 766 41 20 den
260 765 94 27 aflidnes
372 764 201 28 rättsinnehafvare
588 766 21 26 ej
623 766 84 20 mindre
730 766 158 21 underrättelse

203 807 32 13 om
252 799 96 27 beloppet
362 799 30 27 af
404 799 101 21 Bankens
523 799 99 27 fordran
642 801 29 19 än
694 800 138 27 uppsägning
853 800 34 20 till

203 834 135 20 densammas
353 833 138 21 inbetalande
501 834 68 26 jemte
583 835 65 19 ränta
665 834 56 20 inom
731 834 35 20 två
774 834 111 20 månader.

208 867 58 28 Vilja
282 867 55 21 hans
357 867 201 27 rättsinnehafvare
577 867 98 28 begagna
690 867 112 22 kreditivet
819 868 67 21 under

202 902 40 21 den
266 901 136 21 återstående
427 901 157 26 kreditivtiden,
601 901 38 21 bör
656 901 106 22 särskildt
784 902 102 21 kontrakt

202 936 71 20 derom
290 937 127 26 upprättas;
440 942 47 13 men
506 935 71 28 någon
593 935 167 28 inträdesafgift
774 943 49 20 eger
839 936 47 21 der-

201 970 37 20 vid
253 969 45 21 icke
313 977 55 13 rum.

277 1033 40 20 Om
337 1033 162 26 penningars
518 1033 147 27 insättning
680 1034 7 19 i
703 1033 112 20 Banken.

511 1095 16 27 $
542 1096 34 20 36.

270 1135 14 20 I
297 1135 73 21 landet
392 1135 114 28 gångbara
523 1135 126 28 penningar
664 1135 74 20 kunna
754 1135 6 20 i
779 1135 105 21 Finlands

200 1169 65 21 Bank
288 1170 99 24 insättas,
410 1169 103 27 antingen
532 1169 33 26 pä
587 1175 53 21 upp-
663 1169 38 20 och
723 1168 162 28 afskrifnings-

200 1203 95 28 räkning
310 1203 52 21 eller
382 1205 43 18 mot
444 1202 106 21 särskildt
576 1203 191 27 insättningsbevis
790 1203 94 27 (deposi-

202 1237 135 27 tionsbevis);
352 1237 54 21 dock
420 1239 53 18 utan
488 1237 204 27 räntegodtgörelse.

511 1305 15 28 $
541 1306 34 20 37.

274 1345 41 21 Vid
331 1345 121 28 ansökning
469 1352 32 13 om
518 1351 54 21 upp-
586 1344 38 21 och
639 1344 245 29 afskrifningsräkning

199 1380 38 20 bör
252 1379 110 21 sökanden
386 1379 94 21 inlemna
504 1379 40 21 den
563 1379 167 27 namnteckning
746 1379 52 21 eller
807 1379 76 27 firma,

199 1421 45 14 som
259 1413 58 21 skall
332 1413 30 27 af
373 1413 76 21 honom
472 1413 35 20 vid
530 1413 139 28 invisningar
684 1413 14 20 å
714 1412 122 28 räkningen
852 1413 32 20 be-

199 1454 91 21 gagnas.
324 1447 43 21 Och
382 1447 57 21 skall
454 1447 108 25 kontrakt,
575 1447 105 27 affattadt
690 1447 67 27 enligt
764 1446 119 27 faststäldt
