1078 1692
217 121 35 17 520

196 184 99 20 förrättas
310 184 6 19 i
332 185 30 19 ett
377 184 158 26 sammanhang.
561 183 125 20 Tillståndet
702 184 7 19 i
725 183 98 21 Bankens
835 184 60 20 kassa
906 184 40 20 den

197 218 23 19 31
238 218 119 20 December
373 218 41 20 kan
430 218 124 26 visserligen
570 218 48 20 icke
634 218 85 20 dåmera
730 218 131 20 emedelbart
871 218 74 20 under-

197 252 70 20 sökas.
297 252 47 20 Men
367 252 120 20 ändamålet
509 252 95 26 dermed,
624 252 51 20 eller
696 252 182 20 kassabeståndets
894 252 51 20 kon-

197 286 127 26 staterande,
341 286 37 20 bör
393 286 78 26 kunna,
487 286 46 20 med
549 286 88 26 ledning
652 286 23 19 af
688 286 70 20 dertill
770 286 91 20 hörande
872 286 75 20 räken-

197 320 79 24 skaper
295 320 39 20 och
350 326 76 20 genom
442 320 159 26 undersökning
617 320 23 20 af
652 320 88 20 kassans
756 320 93 20 tillstånd
866 320 33 20 vid
915 326 31 13 re-

198 354 108 19 visionens
321 354 81 26 början,
418 354 165 26 medelbarligen
599 354 40 20 och
655 354 43 20 lika
713 354 71 20 säkert
800 354 79 20 vinnas.

267 387 33 20 Då
314 388 6 19 i
339 388 38 20 118
393 390 10 22 $
419 388 39 20 den
479 388 48 20 icke
543 388 147 26 oväsendtliga
705 388 122 26 förändring
842 388 106 26 vidtagits,

199 424 30 17 att
251 421 184 27 afgöranderätten
451 423 6 19 i
473 422 100 20 afseende
589 422 12 20 å
617 422 26 20 de
662 422 104 26 åtgärder,
787 422 82 20 hvartill
885 422 61 20 Revi-

199 462 97 13 sorernes
312 456 164 27 anmärkningar
491 456 72 20 kunna
577 456 115 25 föranleda,
708 456 44 20 helt
767 456 39 20 och
822 456 63 20 hållet
901 456 45 20 blif-

199 490 29 19 vit
244 489 146 21 öfverlemnad
406 490 21 20 åt
442 490 199 26 Bankfullmäktige,
657 490 37 19 har
710 490 57 20 detta
782 490 31 20 sin
829 490 65 26 grund
903 489 45 21 för-

199 523 115 27 nämligast
328 524 7 19 i
350 524 128 20 Ständernas
498 524 81 20 önskan
599 526 31 18 att
645 524 43 20 frän
705 526 10 22 $
731 524 94 25 aflägsna
839 524 35 20 det
889 524 60 26 eljest

200 557 139 27 oundvikliga
354 558 126 26 stadgandet
495 560 36 24 att,
547 558 6 20 i
570 558 35 20 fall
622 558 102 20 Senatens
740 558 117 20 Ekonomie
871 558 77 26 Depar-

200 586 80 25 tement
295 592 7 19 i
318 591 64 27 nägot
401 592 230 26 anmärkningsärende
656 594 74 18 stanna
744 592 8 20 i
767 598 69 14 annan
852 592 53 25 äsigt
920 594 25 17 än

200 625 150 27 Fullmäktige,
372 626 78 20 Eders
473 626 146 26 Kejserliga
641 626 116 26 Majestät
779 626 27 20 dä
825 626 54 26 Sjelf
895 626 53 20 skall

201 660 47 19 med
265 660 99 26 pröfning
380 660 40 20 och
435 660 114 26 afgörande
565 660 23 20 af
601 660 71 26 sädan,
686 660 42 20 ofta
739 666 42 20 nog
792 660 87 26 ovigtig,
891 660 59 26 fräga

202 694 104 19 besväras.
329 706 14 2 —
352 694 37 20 Att
405 694 69 26 nägon
491 696 66 18 större
574 694 54 20 väda
643 694 31 20 för
689 694 195 20 Bankdirektionen
900 700 50 13 vore

201 727 47 20 med
272 728 40 19 den
335 728 119 26 föreslagna
474 728 145 26 anordningen
639 728 93 26 förenad,
748 728 59 20 torde
823 728 64 20 redan
904 728 45 20 der-

201 761 45 20 före
268 761 49 20 icke
338 768 49 14 vara
406 764 29 18 att
451 762 78 26 befara,
544 764 30 18 att
589 762 35 20 det
639 762 7 20 i
662 762 42 20 alla
719 762 36 20 fall
771 762 47 20 icke
833 762 66 26 gäller
916 762 33 20 be-

201 795 41 19 slut
264 796 52 20 eller
336 796 115 26 afgörande
472 796 22 20 af
507 796 141 26 Fullmäktige
664 803 33 13 om
714 800 70 22 annat,
800 799 25 17 än
843 796 107 26 huruvida,

202 830 47 19 med
266 830 116 26 anledning
393 830 22 20 af
422 831 251 25 revisionsanmärkning,
686 830 202 26 ansvarspästäende
900 830 52 20 eller

201 863 42 20 åtal
266 863 53 20 skall
343 864 77 19 väckas
443 864 50 20 eller
516 864 39 20 ock
579 864 28 20 all
627 864 73 27 åtgärd
716 864 6 19 i
738 864 65 20 saken
824 864 88 20 förfalla.
942 865 9 19 1

202 897 58 20 förra
282 897 115 21 händelsen
420 898 51 20 eller
490 905 33 13 om
545 898 41 20 åtal
607 899 53 29 sker,
676 901 23 16 är
715 897 35 21 det
770 898 122 26 domstolen,
908 905 44 13 som

202 931 97 20 kommer
314 934 30 17 att
358 932 75 26 pröfva
447 932 181 27 anmärkningens
644 932 134 27 befogenhet,
794 932 39 20 och
847 932 104 20 Direktio-

203 971 40 14 nen
260 965 38 20 har
313 966 118 27 säkerligen
448 966 47 20 icke
512 966 63 27 nägot
591 968 30 18 att
637 966 71 20 befara
722 966 23 19 af
758 966 64 20 sädan
835 966 117 27 rättegäng,

203 999 70 20 derest
295 1000 166 27 anmärkningen
481 1001 38 19 och
539 1001 64 20 åtalet
624 1000 52 20 varit
699 1000 124 27 obefogade.
854 1001 47 19 Men
918 1001 36 19 det

202 1034 60 20 torde
278 1034 106 20 dessutom
400 1034 57 27 ligga
472 1035 7 19 i
495 1034 76 20 sakens
588 1036 66 24 natur,
669 1036 30 17 att
714 1034 200 27 Bankfullmäktige,
927 1034 26 20 dä

203 1067 26 20 de
252 1070 74 24 utgöra
345 1069 50 19 sista
416 1069 80 19 instans
512 1069 6 19 i
534 1068 61 27 fråga
610 1075 33 13 om
659 1068 27 20 de
701 1068 104 27 åtgärder,
821 1075 44 13 som
881 1069 22 19 af
916 1075 36 13 an-

203 1102 165 27 märkningarna
390 1103 71 20 kunna
480 1103 102 26 päkallas,
602 1103 73 19 endast
695 1102 53 20 efter
763 1103 40 19 den
819 1103 133 26 omsorgsful-

203 1136 53 19 laste
279 1137 99 26 pröfning
398 1137 39 19 och
458 1137 45 19 med
520 1138 76 19 största
613 1136 125 27 urskillning
753 1136 60 20 skola
829 1136 79 21 besluta
924 1137 29 19 till

203 1169 42 20 åtal
263 1172 43 18 mot
320 1170 146 20 Direktionen.

272 1204 9 19 I
304 1204 152 27 sammanhang
482 1204 85 20 härmed
594 1204 38 20 och
656 1204 26 20 då
705 1211 23 12 ur
751 1204 202 27 Bankfullmäktiges

203 1238 141 26 nyssberörde
361 1238 126 27 befogenhet
500 1239 79 25 jemväl
597 1238 126 26 följdriktigt
738 1244 63 20 synes
818 1238 96 27 härflyta,
925 1241 30 18 att

205 1271 147 20 meddelandet
367 1272 24 19 af
403 1272 106 27 decharge
524 1273 21 19 åt
560 1272 195 20 Bankdirektionen
771 1272 54 20 skall
841 1272 27 27 på
885 1273 68 20 Bank-

203 1305 133 27 fullmäktige
358 1306 121 26 ankomma,
501 1306 62 20 hafva
583 1306 130 27 stadganden
729 1306 7 19 i
752 1305 57 21 detta
828 1306 54 27 syfte
899 1307 28 20 uti
944 1309 10 22 $

207 1340 37 19 118
261 1340 92 26 intagits.

272 1373 33 20 Då
319 1374 36 19 det
370 1381 27 12 nu
412 1374 98 27 gällande
526 1374 126 27 stadgandet
667 1374 71 20 derom
754 1376 30 18 att
799 1374 124 27 försäljning
934 1375 23 19 af

204 1408 7 19 i
225 1408 89 20 Banken
333 1410 93 24 pantsatt
443 1408 112 27 egendom,
571 1408 51 20 eller
636 1408 87 20 införsel
739 1408 51 25 deri,
806 1409 19 25 ej
842 1408 30 20 får
889 1409 65 20 bevil-

201 1443 33 25 jag
253 1443 65 19 innan
340 1441 86 21 Banken
446 1442 67 20 dertill
532 1442 57 20 bifall
604 1442 85 26 lemnat,
704 1442 113 20 innefattar
832 1449 25 12 en
875 1443 79 19 undan-
