1078 1692
123 188 71 25 börda,
211 188 37 20 har
264 188 31 20 till
311 196 26 12 nu
354 188 127 20 församlade
497 188 89 20 Ständer
601 188 155 25 öfverlemnats,
768 188 102 20 huruvida

121 222 48 20 icke
185 228 26 14 en
228 229 80 13 summa
324 223 22 19 af
360 222 127 20 åtminstone
503 223 90 25 200,000
610 223 58 19 mark
688 223 31 19 för
737 222 45 20 året
800 222 70 20 kunde

122 256 91 25 anvisas,
228 256 87 20 hvilken
331 262 76 20 genom
425 256 68 26 någon
510 256 119 26 förhöjning
650 257 28 19 uti
698 256 52 20 eller
769 256 101 20 utsträck-

123 290 50 26 ning
189 290 24 19 af
226 290 38 19 den
283 290 133 20 härförinnan
433 290 78 26 åtagna
527 290 143 26 bevillningen
686 290 68 20 skulle
771 290 49 26 utgå
835 298 35 12 en-

122 324 39 26 ligt
177 324 26 19 de
219 324 91 25 grunder
326 324 118 20 Ständerna
459 324 70 19 kunde
553 324 55 19 finna
631 324 95 26 lämpligt
750 324 121 26 bestämma,

122 359 32 19 för
169 360 30 17 att
218 358 3 19 i
237 358 45 19 mån
300 358 22 19 af
337 358 98 19 behofvet
451 357 39 20 och
507 358 52 19 efter
582 358 98 26 pröfning
703 358 30 19 till
758 358 113 20 understöd

123 392 21 20 åt
168 392 54 19 vissa
244 392 23 19 af
288 392 143 26 inqvartering
454 392 136 26 synnerligen
613 392 117 26 betungade
746 392 71 20 städer
833 392 37 20 och

123 426 125 20 kommuner
264 426 12 19 å
291 426 71 20 landet
378 426 24 20 af
415 426 107 26 Styrelsen
538 426 114 25 användas,
668 428 56 18 emot
736 426 89 20 särskild
841 426 30 20 till

124 460 118 20 Ständerna
256 460 122 26 afgifvande
393 460 142 26 redovisning.

193 494 44 19 Den
254 494 92 20 särdeles
364 494 108 26 betydliga
487 494 95 26 stegring
597 495 23 18 af
637 494 235 26 inqvarteringsumgäl-

125 529 65 19 derna
206 528 6 19 i
229 528 65 26 några
309 528 70 20 städer
395 528 37 19 har
447 528 32 19 sin
495 528 61 20 orsak
573 528 73 19 främst
661 528 51 26 deri,
728 530 30 18 att
773 528 38 20 allt
821 530 51 18 stör-

126 568 21 14 re
171 569 91 13 summor
286 562 49 26 åtgå
358 562 30 20 till
412 562 137 26 upphyrande
572 562 23 19 af
615 564 83 24 qvarter
719 562 21 20 åt
755 562 26 20 de
798 562 76 20 talrika

125 596 133 19 embetsverk
283 596 38 20 och
345 596 65 26 högre
433 596 146 20 funktionärer
595 596 62 20 bland
674 596 111 25 militären,
801 596 73 20 hvilka

127 630 68 20 blifvit
217 630 111 26 placerade
351 630 13 20 å
386 630 25 20 de
434 630 68 20 såsom
523 630 99 26 lämpliga
637 630 182 26 försvarspunkter
837 636 35 14 an-

126 664 65 20 sedda
207 666 63 24 orter,
286 665 36 19 der
338 667 66 17 större
421 664 146 27 truppstyrkor
584 664 156 20 koncentreras.
766 664 108 26 Derjemte

127 699 62 19 hafva
213 699 60 19 dessa
295 698 114 20 kostnader
431 699 60 19 vuxit
513 705 76 20 genom
607 698 101 26 hyrornas
724 698 95 27 stigande
835 698 38 21 och

127 733 26 19 de
170 733 64 27 högre
250 733 90 26 anspråk
357 740 46 13 man
421 733 117 19 nuförtiden
552 733 71 19 ställer
639 732 26 27 på
680 740 26 12 en
730 733 87 26 beqväm
840 733 34 19 bo-

128 767 51 19 stad.
211 767 45 19 Och
273 770 35 16 när
324 768 6 18 i
347 768 138 19 betraktande
502 770 59 24 tages
576 769 31 17 att
623 767 88 19 berörda
732 767 107 26 placering
855 766 23 20 af

129 801 103 20 militären
256 804 57 17 varat
328 802 7 19 i
351 808 26 13 en
401 801 48 27 lång
472 802 51 25 följd
540 802 23 18 af
583 801 22 19 år
625 803 54 17 samt
697 801 107 19 sannolikt
819 804 55 16 ännu

129 836 62 25 länge
215 836 92 19 kommer
328 838 30 17 att
381 842 40 19 ega
444 842 51 18 rum,
520 836 23 19 så
566 835 37 19 har
619 835 256 26 inqvarteringstungan
862 831 16 35 i

129 869 74 26 sjelfva
219 869 74 20 verket
308 869 95 20 alltmera
418 869 87 20 förlorat
521 869 30 19 sin
569 869 147 26 ursprungliga
732 872 60 17 natur
810 869 23 20 af
847 871 29 18 ett

129 903 75 20 endast
219 904 66 19 under
301 903 88 26 krigstid
409 903 177 26 återkommande,
610 906 57 17 snart
689 903 142 26 öfvergäende
855 909 20 13 o-

130 943 37 12 nus
183 939 53 17 samt
251 937 80 26 antagit
346 938 79 19 formen
442 938 23 19 af
478 940 30 17 ett
524 944 43 13 mer
583 938 51 19 eller
654 938 81 19 mindre
754 937 70 20 direkt
847 937 29 20 bi-

129 970 52 26 drag
205 971 30 19 till
259 971 114 20 militärens
396 972 118 19 atlönande.
544 972 31 19 Eu
599 972 64 19 sådan
681 971 133 26 beskattning
835 971 41 19 kan

130 1005 111 20 samhället
264 1005 64 20 under
350 1006 50 26 inga
423 1005 74 26 vilkor,
517 1006 26 26 på
558 1006 67 25 grund
642 1006 23 19 af
679 1006 65 25 några
759 1005 118 20 föräldrade

130 1039 137 26 stadganden,
283 1039 97 20 åhvälfva
396 1040 73 19 endast
485 1040 55 19 vissa
555 1040 131 25 kommuner,
703 1042 47 17 utan
775 1039 36 20 bör
827 1039 50 19 den-

131 1079 80 14 samma
226 1074 26 25 på
268 1076 30 17 ett
312 1074 52 19 eller
379 1077 64 16 annat
457 1076 41 17 sätt
515 1074 89 19 fördelas
623 1073 27 26 på
672 1073 47 20 hela
742 1073 78 20 landet.
850 1073 30 19 Af

131 1107 58 20 detta
205 1108 44 19 skäl
266 1108 36 19 har
319 1108 98 20 utskottet
432 1108 47 19 icke
496 1107 72 20 tvekat
583 1110 30 17 att
628 1107 114 26 godkänna
757 1107 41 20 den
813 1107 7 19 i
837 1107 40 19 den

132 1142 83 25 Nådiga
228 1142 157 26 propositionen
403 1142 91 19 uttalade
515 1142 120 25 grundsats,
650 1143 30 18 att
695 1141 26 20 de
736 1141 24 20 af
773 1141 105 26 inqvarte-

131 1176 48 26 ring
203 1178 52 17 mest
278 1176 118 26 betungade
420 1176 124 19 kommuner
564 1175 64 20 borde
644 1175 80 26 åtnjuta
738 1175 89 19 allmänt
842 1181 36 13 un-

132 1209 92 26 derstöd,
240 1210 81 19 förutan
339 1210 80 20 hvilket
434 1210 61 19 deras
512 1210 87 19 bestånd
615 1210 7 19 i
638 1210 61 26 högst
711 1209 108 26 betänklig
830 1209 48 19 mån

131 1244 128 27 äfventyras.

201 1278 32 19 Då
249 1278 101 20 utskottet
365 1279 84 19 dernäst
465 1281 36 24 egt
515 1280 30 17 att
561 1278 64 19 uttala
641 1278 31 25 sig
688 1277 111 26 angående
822 1279 57 17 utvä-

132 1319 65 20 garne
221 1313 30 19 till
274 1313 138 20 anskaffande
435 1314 22 18 af
479 1313 88 19 berörde
584 1311 118 26 understöd,
719 1311 37 20 har
772 1311 108 24 utskottet,

132 1346 100 20 ehuruväl
248 1347 35 19 det
298 1347 6 18 i
320 1347 40 19 den
377 1347 82 26 Nådiga
474 1346 157 26 propositionen
647 1345 79 20 anförts
737 1345 68 20 såsom
817 1344 62 20 önsk-

133 1381 44 26 ligt,
194 1383 29 17 att
239 1380 65 26 några
320 1380 73 27 bidrag
409 1381 32 19 till
457 1380 110 20 lindrande
581 1380 23 19 af
618 1380 162 19 kommunernas
796 1379 83 25 inqvar-

133 1415 144 26 teringstunga
299 1414 112 21 framdeles
433 1414 48 20 icke
506 1414 67 20 skulle
600 1413 48 27 utgå
671 1421 23 12 ur
720 1413 159 26 militiefonden,

133 1449 54 20 dock
203 1450 50 18 trott
268 1449 32 26 sig
316 1449 46 19 med
380 1449 80 26 hänsyn
477 1448 30 20 till
525 1448 102 21 särskilda
639 1447 178 28 omständigheter
830 1446 50 21 böra
