1078 1692
221 114 34 18 274

596 176 16 27 $
627 176 33 20 18.

373 215 70 21 Dessa
465 214 113 29 uppgifter
601 215 86 27 införas
710 215 33 21 uti
765 215 75 27 derför
859 214 94 22 bestämd

304 250 88 20 kolumn
410 250 8 20 i
439 249 229 28 bevillningslängden.
705 250 72 20 Anser
799 249 93 21 komitén
914 250 40 20 nä-

304 290 43 21 gon
362 283 223 28 bevillningsskyldigs
607 283 92 21 inkomst
716 290 54 14 vara
781 283 40 27 för
837 283 46 27 lågt
898 290 56 20 upp-

304 318 79 27 gifoen,
403 318 51 20 eller
473 317 42 21 har
535 318 73 26 någon
621 316 133 28 försummat
770 320 32 18 att
816 316 88 28 uppgift
919 317 35 27 af-

306 352 76 25 lemna,
407 351 57 21 skall
494 351 225 28 bevillningskomiten,
748 352 104 27 antingen
878 353 77 25 genast

306 386 52 21 eller
377 384 54 29 efter
449 385 137 21 inhemtande
604 384 29 28 af
644 385 136 27 tillgänglige
795 385 160 27 upplysningar

305 420 9 20 i
328 419 72 25 saken,
423 418 75 28 införa
520 420 8 20 i
549 419 97 21 särskild
668 419 88 21 kolumn
775 418 30 28 af
818 419 136 27 bevillnings-

306 454 93 27 längden
418 453 34 21 det
470 452 175 28 inkomstbelopp,
659 452 41 28 för
719 453 79 21 hvilket
812 452 93 22 komitén
920 460 35 13 en-

306 488 40 27 ligt
365 488 35 20 sin
422 487 139 28 öfvertygelse
581 487 94 27 pröfvar
698 487 77 21 honom
797 487 52 21 böra
870 486 86 27 skatta;

306 522 116 27 åliggande
450 521 99 26 komitén,
574 522 29 20 då
628 521 223 28 bevillningsskyldigs
866 520 89 28 uppgift

307 555 71 28 blifvit
394 555 94 21 sålunda
503 555 134 24 underkänd,
654 555 34 21 till
703 555 131 27 protokollet
849 555 105 21 anteckna

307 590 19 28 ej
348 590 84 20 mindre
455 590 25 20 de
502 589 187 27 omständigheter,
710 589 8 20 i
736 589 72 21 hvilka
830 589 124 21 densamma

308 623 109 27 befunnits
432 623 225 27 otillfredsställande,
674 624 29 19 än
712 623 25 21 de
746 623 67 21 skäl
805 619 9 36 i
825 623 74 28 öfrigt,
910 630 45 14 som

301 656 116 28 föranledt
443 657 190 28 uppskattningen.
674 656 68 28 Synes
766 657 117 27 uppgiften
908 658 47 20 der-

307 694 54 18 emot
380 691 92 21 komitön
487 691 41 27 för
544 690 47 28 hög,
607 698 36 20 ege
657 691 71 27 någon
739 690 137 28 förändring
892 692 69 26 deraf

306 725 45 21 icke
366 732 56 20 rum,
440 728 55 18 utan
511 724 37 22 bör
563 725 124 21 densamma
703 728 55 18 utan
772 726 74 20 vidare
860 725 96 21 kontroll

306 759 135 27 godkännas.
471 759 84 20 Finner
575 758 228 28 bevillningskomiten,
817 758 42 28 för
871 759 85 28 fullgö-

307 793 69 21 rande
392 792 29 28 af
431 793 39 20 sitt
485 793 124 27 äliggande,
625 792 75 28 nödigt
714 794 32 19 att
756 792 58 27 från
829 792 127 22 embetsverk

308 827 52 20 eller
384 827 128 26 tjenstemän
535 826 94 21 inhemta
653 828 103 19 närmare
780 826 113 28 uppgifter
918 827 38 20 och

309 861 167 27 upplysningar,
497 859 52 22 böra
575 860 62 20 dessa
652 859 163 28 ofördröjligen
829 867 76 20 genom
920 861 36 20 ko-

308 894 77 21 mitöns
409 893 134 28 ordförande
567 893 114 28 infordras
701 893 39 21 och
758 893 30 28 af
797 894 160 21 vederbörande

308 928 95 21 komiten
432 927 190 21 tillhandahållas.
670 927 129 21 Underläter
829 928 128 21 embetsverk

310 962 52 20 eller
378 962 129 27 tjensteman
521 964 33 18 att
569 961 99 21 meddela
684 961 76 28 dylika
766 961 42 27 för
819 961 138 29 bevillnings-

309 995 79 21 komite
416 995 147 28 erforderliga
591 995 113 28 uppgifter
729 995 38 20 och
790 995 166 29 upplysningar,

309 1030 53 20 eller
372 1029 119 28 fördröjer
509 1029 87 21 dermed
615 1029 152 27 otillbörligen,
784 1029 53 20 eller
851 1030 107 26 aflemnar

310 1063 46 21 dem
380 1063 139 28 bristfällige,
542 1070 51 13 vare
616 1063 160 20 vederbörande
799 1063 88 27 derföre
904 1064 53 27 för-

310 1097 71 25 fallne
401 1097 35 20 till
455 1103 80 14 ansvar
553 1097 71 20 säsom
634 1096 41 27 för
694 1103 74 14 annan
786 1096 148 26 försummelse
949 1099 9 20 i

310 1131 93 28 tjensten

600 1187 15 27 $
630 1188 34 20 19.

392 1226 91 28 Uppgift
509 1226 35 21 till
569 1225 117 28 bevillning
710 1225 56 28 efter
794 1227 91 21 inkomst
910 1228 48 21 sker

310 1261 59 20 inom
394 1261 36 20 det
455 1259 96 26 distrikt,
577 1259 85 21 hvarest
687 1260 41 20 den
752 1260 158 29 skattskyldige
932 1265 27 18 är

310 1293 200 27 mantalsskrifven,
528 1293 39 21 och
587 1293 38 21 bör
639 1293 65 28 förty
721 1293 47 25 den,
784 1301 44 14 som
843 1301 49 21 eger
907 1296 52 21 eller

311 1327 93 22 innehar
410 1327 109 27 fastighet
534 1327 52 20 eller
597 1334 82 13 annars
694 1327 86 27 uppbär
794 1327 92 22 inkomst
901 1330 58 20 inom

312 1364 68 19 annat
406 1361 88 21 distrikt
519 1363 28 18 än
573 1361 41 25 det,
638 1361 85 20 hvarest
748 1361 44 21 han
811 1363 27 19 är
855 1363 104 20 mantals-

311 1395 104 27 skrifven,
431 1394 106 28 uppgifva
553 1395 32 20 all
599 1395 36 20 sin
650 1401 53 14 rena
725 1395 94 20 inkomst
836 1396 42 26 för
900 1403 60 14 man-

312 1429 239 27 talsskrifningsortens
563 1428 212 28 bevillningskomité,
791 1431 53 19 utan
860 1429 100 28 afseende
