1078 1692
232 120 35 16 522

279 182 29 20 På
330 182 66 27 grund
419 182 22 20 af
455 182 54 20 hvad
525 182 89 20 sålunda
631 182 69 20 blifvit
714 183 5 19 i
737 183 170 26 underdånighet
922 190 35 12 an-

210 217 56 19 fördt
282 216 20 20 få
316 216 124 26 Ständerna,
457 216 47 20 med
520 216 46 20 stöd
583 217 22 19 af
619 216 33 26 40,
671 218 33 24 41,
721 218 26 19 42
763 217 38 19 och
818 218 25 18 43
860 218 21 22 $$
897 216 6 20 i
920 217 38 19 Re-

209 250 171 28 geringsformen
396 251 22 19 af
432 251 40 19 den
488 251 25 19 21
532 250 90 27 Augusti
643 251 58 25 1772,
716 251 107 19 äfvensom
844 252 18 18 11
878 251 26 23 $i
922 250 38 20 Nä-

209 286 50 25 diga
275 284 150 27 förordningen
442 284 39 20 den
499 285 11 19 9
527 285 118 20 December
664 286 51 18 1867
730 285 111 26 angående
856 284 102 27 styrelsen

210 320 39 19 och
266 319 155 26 förvaltningen
437 319 23 19 af
474 318 98 20 Finlands
589 319 67 25 Bank,
671 320 6 18 i
694 319 166 27 underdånighet
876 318 84 20 anhålla

210 354 36 19 det
262 353 80 20 täcktes
358 353 80 19 Eders
454 353 153 27 Kejserliga
622 354 122 25 Majestät
759 354 4 18 i
780 353 69 20 Nåder
860 353 102 19 stadfästa

210 388 39 20 och
266 387 42 20 låta
324 387 30 19 till
370 387 124 20 efterlefnad
512 387 81 20 utfärda
609 387 92 26 följande

374 462 188 28 Reglemente
580 463 42 22 för
637 462 132 23 Finlands
786 462 80 23 Bank.

575 530 58 30 Kap.
650 531 15 22 L.

409 598 100 21 Bankens
525 599 105 20 ändamä!
645 598 38 22 och
699 598 138 22 verksamhet.

494 667 97 21 Allmänna
606 668 147 25 bestämningar.

598 736 50 26 $1

348 775 111 21 Finlands
482 774 70 27 Bank,
567 782 44 14 som
629 774 123 28 förblifver
772 775 68 20 under
855 775 107 21 Finlands

282 809 105 21 Ständers
402 810 90 26 garanti
514 808 39 21 och
575 809 60 26 värd,
652 809 41 21 har
708 809 36 21 till
759 808 87 28 uppgift
862 811 32 18 att
910 816 52 20 upp-

280 843 108 21 rätthälla
410 843 79 28 stadga
510 843 37 20 och
567 843 100 20 säkerhet
687 844 7 19 i
714 843 85 20 landets
818 843 144 27 penningevä-

280 877 63 21 sende
365 880 56 18 samt
437 879 32 19 att
485 877 102 28 befordra
605 877 38 21 och
666 877 125 21 underlätta
811 877 152 27 penningeom-

282 912 124 27 sättningen
421 912 8 19 i
445 911 80 21 landet.

598 963 15 27 $
627 965 21 19 2

349 1009 109 20 Finlands
481 1008 65 21 Bank
568 1008 97 28 utgifver
687 1008 81 25 sedlar,
786 1008 66 27 köper
866 1008 38 21 och
914 1009 50 26 för-

282 1043 70 28 säljer
374 1043 54 28 guld
449 1042 39 21 och
503 1042 83 27 silfver,
607 1042 144 28 obligationer
766 1042 38 21 och
819 1045 145 25 statspapper,

281 1077 66 28 ryska
368 1077 40 21 och
430 1076 119 21 utländska
573 1077 75 20 vexlar
670 1079 56 18 samt
741 1076 82 21 inrikes
837 1077 74 20 vexlar
926 1077 37 20 och

283 1111 143 28 invisningar,
449 1111 94 26 beviljar
562 1111 149 27 penningelän
736 1111 37 20 och
799 1110 165 25 kassakreditiv,

282 1147 55 19 samt
353 1147 116 25 emottager
481 1145 268 27 penningeinsättningar.

350 1179 114 20 Dessutom
487 1181 106 25 mottager
615 1179 91 20 Banken
730 1179 140 27 handlingar,
890 1179 76 20 värde-

279 1220 85 21 papper
380 1212 37 22 och
431 1213 73 20 andra
520 1213 85 20 lösören
621 1213 34 20 till
665 1212 87 28 förvar.

599 1264 15 27 $
629 1265 20 20 3.

351 1304 110 21 Finlands
476 1303 76 22 Banks
567 1303 129 28 grundfond
711 1303 58 22 skall
784 1305 77 26 utgöra
871 1311 37 14 sex
918 1305 48 20 mil-

278 1339 68 28 joner
360 1338 64 21 mark
439 1338 39 21 och
493 1338 36 21 vid
545 1338 59 21 detta
621 1338 73 27 belopp
711 1337 126 22 bibehällas.

351 1372 108 27 Derjemte
475 1372 71 21 bildas
561 1372 31 27 af
603 1372 101 21 Bankens
720 1371 75 28 öfriga
807 1371 125 29 behällning
940 1379 24 14 en

282 1407 59 20 skild
364 1406 133 27 vreservfond,
518 1406 85 21 hvilken
625 1407 87 26 årligen
729 1405 58 26 ökas,
807 1406 69 21 under
894 1407 26 20 de
935 1409 31 18 tre

282 1441 72 28 första
378 1441 53 20 åren
453 1440 48 23 med
523 1439 49 22 hela
595 1443 55 18 samt
670 1439 96 28 derefter
781 1440 47 20 med
843 1439 82 28 hälften
941 1440 31 27 af
