1078 1692
829 123 33 17 245

125 219 50 37 6:0.
205 226 40 19 Till
269 232 25 13 en
319 226 115 20 kuranstalt
458 226 31 19 för
512 226 132 26 sinnessjuke
660 228 22 18 är

125 259 2 22 |
194 260 117 19 kostnaden
327 260 31 19 för
374 260 65 20 första
454 260 158 26 anläggningen
629 263 53 17 samt

125 290 1 25 i
194 294 153 26 inrättningens
371 294 128 19 försättande
522 294 6 19 i
549 294 133 26 fullständigt

125 320 2 36 |
193 328 60 19 skick
275 328 121 25 förslagsvis
418 327 106 20 beräknad
544 328 30 19 till
590 328 91 25 900,000

195 362 69 24 mark;
285 361 31 20 för
336 361 132 20 underhållet
487 361 44 19 åter
550 362 23 19 af
587 362 84 19 densam-
685 353 8 23 |

194 402 32 13 ma
249 396 37 19 har
310 402 24 13 en
352 402 79 13 summa
447 395 22 19 af
483 396 76 24 37,000
576 396 57 19 mark
650 396 32 19 för

194 430 43 19 året
254 431 78 18 ansetts
348 429 123 26 erforderlig
487 429 44 19 från
549 429 38 20 den
605 430 28 19 tid
646 436 46 13 an-|
874 444 2 9 j

193 464 75 19 stalten
292 464 71 19 kunde
386 463 32 19 för
440 463 69 26 sjukes
533 459 159 31 emottagande
683 455 13 39 |

193 498 101 26 upplätas,
309 497 97 20 hvarföre
423 498 38 18 och
478 497 26 19 dä
520 497 69 19 härtill
606 497 86 25 förmo-
684 493 10 35 |

192 532 45 20 dats
247 531 49 27 åtgå
304 532 46 25 fyra
362 531 28 25 år,
402 531 130 20 sistnämnda
547 528 145 30 anslagspost
681 524 14 38 !

192 566 64 19 under
269 565 140 20 instundande
418 564 187 27 landtdagsperiod
623 566 57 19 kom-

193 606 31 13 me
240 602 30 17 att
286 599 49 27 utgå
351 599 74 20 endast
441 600 30 18 för
487 601 30 17 ett
531 599 29 20 år.
591 600 85 20 Således
832 602 2 15 |

191 633 67 20 skulle
275 633 69 20 härtill
360 633 104 19 erfordras
480 633 75 20 inalles
605 649 3 3 +
641 650 3 3 <
676 650 15 6 20
729 636 90 24 937,000
835 632 6 32 |
844 646 23 4 —

135 669 39 18 7:o.
207 668 37 19 För
267 667 166 20 verkställandet
455 667 22 19 af
495 667 133 21 återstående
645 668 46 25 ka-i

194 702 124 26 naliserings
341 702 39 19 och
403 701 65 19 andra
490 702 28 18 till
537 702 137 20 förbättrande
689 695 2 40 |

191 736 23 19 af
228 736 93 19 farleden
339 735 88 19 emellan
444 735 29 19 S:t
485 736 86 19 Michels
583 736 45 20 stad
641 736 50 24 och
682 731 11 33 |
833 746 1 6 i

192 772 69 24 öppna
287 770 85 19 Saimen
400 770 77 26 nödiga
501 770 87 20 arbeten
614 770 66 26 åtgår,
689 761 2 37 |
874 769 1 16 i

192 804 65 26 enligt
273 803 113 26 uppgjordt
401 803 179 27 kostnadsförslag
605 820 3 4 .
639 820 5 4 .
675 799 16 32 .j
733 806 142 25 400,122|—.

124 835 50 22 '8:0.
205 838 40 19 Till
262 837 134 20 bestridande
415 837 22 19 af
454 829 222 57 landtdagskostnader
685 833 6 49 |
873 836 2 12 |

123 865 2 24 I
192 872 36 19 har
244 873 78 18 ansetts
339 871 103 20 erfordras
459 871 97 27 omkring
570 887 3 4 .
605 887 4 4 .
676 889 4 3 «+
733 873 88 25 120,000
845 868 30 34 =

690 883 2 22 |

591 918 84 21 Summa
691 912 3 56 |
711 919 110 25 4,203,810
827 909 12 43 |
845 917 30 31 25!

194 1042 68 20 Sedan
280 1042 100 20 Finlands
396 1042 88 20 Ständer
502 1043 32 19 vid
553 1043 126 26 landtdagen
696 1043 49 20 åren
765 1044 51 19 1863
833 1043 39 20 och

126 1077 59 25 1864,
201 1077 23 19 af
244 1077 40 19 den
308 1076 31 20 för
362 1076 266 27 bränvinstillverkningen
645 1078 5 19 i
667 1077 71 20 landet
757 1077 114 26 inflytaane

123 1111 91 25 skatten,
238 1111 30 19 till
296 1111 207 25 fängelseväsendets
529 1111 108 20 ordnande
663 1112 86 25 beviljat
774 1114 29 17 ett
832 1111 41 20 ärs-

123 1145 73 26 anslag
211 1145 23 19 af
248 1145 90 24 600,000
362 1145 65 24 mark,
450 1147 30 17 att
500 1145 49 26 utgå
564 1146 6 19 i
587 1146 40 19 den
650 1146 94 25 ordning,
770 1152 43 13 som
839 1151 34 20 ge-

124 1186 48 13 nom
196 1179 68 20 Hans
284 1179 155 26 Kejserliga
462 1179 175 27 Majestäts,
631 1175 14 35 i
658 1179 216 20 öfverensstämmelse

125 1214 48 19 med
197 1213 127 20 Ständernas
350 1213 72 25 beslut,
443 1213 40 20 den
500 1214 12 19 2
529 1214 54 19 Mars
601 1214 51 19 1865
669 1213 109 20 utfärdade
794 1213 82 26 Nädiga

124 1247 123 26 förordning
274 1250 96 17 närmare
396 1247 90 26 stadgas,
512 1247 111 26 hvarefter,
645 1247 83 26 jemlikt
749 1247 127 20 Ständernas

125 1281 33 20 vid
178 1281 51 20 1867
246 1281 32 19 års
295 1281 100 26 landtdag
417 1281 78 20 fattade
517 1281 73 26 beslut,
607 1288 74 20 genom
699 1282 83 25 Nädiga
796 1282 78 19 förord-

125 1316 78 25 ningen
230 1315 38 20 den
300 1316 23 19 18
349 1315 120 20 November
497 1316 51 19 1867
574 1316 39 19 och
633 1315 140 27 kungörelsen
790 1315 41 20 den
849 1316 24 19 23

126 1351 52 18 Mars
198 1350 58 24 1868,
272 1349 125 20 förändrade
414 1349 157 20 bestämmelser
593 1350 115 19 meddelats
728 1349 90 20 rörande
835 1350 38 19 den

123 1383 161 26 ordningsföljd,
300 1390 44 13 som
360 1383 66 20 skulle
443 1383 65 20 blifva
531 1384 100 25 gällande
656 1384 33 19 vid
717 1383 155 20 bränvinsskat-

124 1421 45 17 tens
190 1418 139 19 användande
351 1418 29 19 till
400 1417 26 20 de
441 1417 70 20 skilda
526 1417 104 26 ändamål,
648 1418 30 19 för
696 1417 72 20 hvilka
779 1417 95 20 densam-

123 1459 33 12 ma
171 1452 98 25 anvisats,
286 1451 37 20 har
339 1451 68 20 Hans
425 1451 152 27 Kejserliga
593 1452 134 25 Majestät,
743 1454 51 17 enär
810 1451 64 20 ovisst
